3974 6202
419 403 487 456 47
1802 392 2070 448 SEDULII
2113 392 2310 448 SCOTI
3591 397 3664 454 68

415 511 694 567 dialectica
738 512 951 566 disserit
992 528 1003 562 :
1056 525 1180 564 nam
1211 510 1254 564 si
1297 511 1340 562 is
1367 510 1458 578 qui
1496 525 1558 563 ex
1586 509 1838 579 operibus
1879 523 1984 562 nou
2015 511 2061 567 Α
2090 509 2461 572 introdueeus,
2508 524 2667 580 quam
2717 509 2864 577 prius
2909 508 3086 564 fuerat
3127 510 3424 576 malorum,
3479 519 3666 584 tegere

414 602 577 656 habet
601 601 826 671 gloriam
857 601 996 670 apud
1027 601 1194 652 Deum
1221 616 1233 651 :
1260 599 1533 653 Abraham
1563 608 1742 652 autem
1780 604 1993 653 constat

411 689 613 746 habere
651 689 878 761 gloriam
920 688 1060 759 apud
1088 687 1284 752 Deum,
1330 703 1435 742 non
1470 704 1601 760 ergo
1625 688 1897 742 Abraham
1927 702 1993 741 ex

412 783 663 850 operibus
706 780 840 851 legis
883 778 1207 847 iustificatus
1249 788 1350 833 est.
1405 779 1508 833 Per
1550 794 1764 833 omnem
1813 778 1993 846 itaque

411 873 556 926 hunc
613 878 818 925 textum
867 867 1159 939 Apostolus
1211 867 1313 922 hoc
1359 867 1571 922 videtur
1618 869 1799 923 dicere
1851 867 1993 937 quod

409 961 528 1016 dua:
555 961 799 1029 quaedam
835 960 944 1013 sint
979 957 1418 1028 justiﬁcationes,
1454 972 1682 1027 quarum
1721 972 1882 1011 unam
1924 971 1989 1010 ex

407 1049 662 1120 operibus
687 1050 950 1115 nominat,
982 1051 1144 1105 aliam
1172 1067 1300 1106 vero
1323 1067 1386 1106 ex
1415 1052 1516 1106 fide
1542 1070 1556 1117 ;
1591 1063 1645 1105 et
1678 1052 1836 1105 aliam
1868 1053 1988 1120 qui-

407 1137 528 1192 dem
556 1154 677 1209 quae
703 1153 772 1193 ex
799 1141 1056 1208 operibus
1091 1149 1195 1205 est,
1230 1141 1360 1194 dicit
1399 1141 1598 1195 habere
1627 1141 1843 1210 quidem
1873 1141 1987 1210 glo-

409 1230 567 1295 riam,
601 1231 694 1285 sed
733 1231 786 1285 in
833 1232 1141 1302 semetipsa,
1190 1249 1294 1286 non
1341 1233 1482 1304 apud
1524 1233 1693 1287 Deum
1725 1250 1738 1287 :
1771 1244 1832 1286 ut
1867 1243 1990 1302 pote

405 1322 546 1390 apud
581 1323 958 1392 inspicientem
993 1323 1157 1378 corda
1190 1325 1486 1387 hominum,
1521 1332 1575 1378 et
1603 1323 1864 1378 scientem
1895 1324 1987 1392 qui

406 1413 579 1470 credit
619 1416 675 1470 in
703 1417 938 1482 occulto,
965 1427 1018 1472 et
1059 1419 1150 1486 qui
1187 1434 1291 1471 non
1329 1418 1516 1472 credit.
1550 1417 1616 1470 Et
1645 1417 1764 1471 ideo
1792 1419 1987 1473 merito

407 1505 546 1574 apud
583 1506 754 1561 solum
785 1506 949 1559 Deum
981 1507 1144 1560 habet
1171 1506 1415 1576 gloriam,
1459 1505 1548 1574 qui
1578 1504 1828 1559 allectum
1861 1506 1983 1559 fidei

407 1593 523 1662 ejus
547 1596 789 1666 pervidet
818 1597 870 1649 in
899 1596 1146 1650 occultis.

475 1687 614 1754 Quid
661 1689 796 1741 enim
826 1686 1099 1758 Scriptura
1138 1687 1306 1740 dicit?
1340 1688 1418 1741 Ac
1463 1688 1509 1742 si
1553 1684 1775 1752 diceret,
1812 1688 1982 1742 Inter—

405 1792 654 1849 rogemus
703 1775 1060 1846 Scripturam.
1116 1775 1349 1831 Credidit
1394 1777 1659 1831 Abraham
1701 1777 1831 1830 Deo.
1885 1777 1983 1831 [lic

402 1887 580 1926 sermo
623 1886 689 1925 ex
733 1869 929 1925 Genesi
965 1870 1215 1934 sumitur,
1265 1872 1355 1925 ubi
1404 1886 1512 1925 non
1556 1871 1852 1937 Abraham,
1886 1874 1978 1927 sed
2011 1845 2058 1906 Β

401 1961 602 2014 Abram
645 1959 777 2034 dicit
824 1959 890 2012 ad
916 1959 1085 2013 Deum
1119 1977 1134 2016 :
1183 1959 1442 2025 Quoniam
1483 1977 1586 2014 non
1623 1962 1815 2016 dedisti
1853 1964 1980 2016 mihi

400 2066 594 2112 semen,
618 2049 701 2103 ltic
738 2048 1048 2104 vernaculus
1076 2067 1220 2105 meus
1246 2051 1575 2106 hmrcditabit
1603 2069 1703 2106 me.
1753 2053 1821 2107 Et
1847 2055 1979 2108 dixit

402 2139 657 2192 Dominus
707 2137 777 2191 ad
823 2154 940 2191 eum
973 2155 990 2191 :
1023 2137 1240 2208 Respice
1289 2139 1359 2194 ad
1406 2138 1623 2203 caelum,
1673 2151 1720 2194 et
1765 2159 1980 2195 numera

399 2227 614 2294 st:llas,
655 2228 703 2281 si
739 2228 973 2298 potueris
1013 2226 1346 2282 dinumerare
1385 2245 1491 2291 eas,
1523 2238 1571 2281 et
1610 2229 1683 2282 ait
1723 2230 1794 2282 ad
1831 2245 1979 2283 eum:

403 2317 489 2372 Sic
534 2311 630 2372 erit
671 2335 843 2372 semen
889 2328 1059 2372 tuum.
1104 2317 1172 2372 Et
1203 2319 1424 2372 credidit
1465 2319 1731 2373 Abraham
1773 2321 1899 2384 Deo,
1933 2331 1979 2374 et

402 2416 699 2479 reputatum
738 2416 815 2462 est
852 2408 901 2461 ei
943 2407 1012 2460 ad
1045 2407 1314 2477 justitiam
1359 2406 1514 2478 (Cen.
1543 2408 1654 2480 xv).
1702 2408 1771 2462 Ei
1809 2420 1981 2464 autem

397 2499 490 2569 qui
533 2507 782 2570 operatur
820 2515 1015 2554 merces
1058 2499 1343 2554 secundant
1386 2500 1631 2570 gratiam.
1691 2501 1828 2568 Quia
1873 2519 1979 2557 non

398 2591 474 2646 illi
504 2592 672 2663 gratis
707 2592 936 2646 donatur
975 2589 1316 2660 justilicatio,
1364 2590 1458 2646 sed
1499 2607 1708 2648 merces
1740 2594 1982 2649 redditur

397 2697 621 2753 operum
673 2681 1048 2752 pristinorum.
1109 2681 1178 2736 Et
1245 2698 1362 2736 vero
1411 2683 1501 2754 qui
1557 2700 1661 2736 non
1712 2695 1976 2753 operatur.

397 2769 813 2826 Convertentem
867 2770 1093 2841 impium
1144 2786 1242 2842 per
1291 2771 1462 2826 solam
1509 2771 1670 2826 fidem
1715 2771 1980 2842 justilicat

398 2861 560 2924 Deus,
600 2875 704 2914 non
742 2877 838 2931 per
879 2877 1043 2932 Opera
1082 2861 1243 2930 bona,
1274 2880 1393 2934 qua:
1433 2880 1540 2919 non
1583 2864 1772 2919 habuit
1804 2869 1976 2935 prius,

401 2952 640 3024 alioquin
694 2967 792 3022 per
845 2953 1141 3024 impietatis
1201 2969 1366 3024 Opera
1413 2953 1589 3009 fuerat
1651 2956 1974 3026 puniendus.

397 3040 511 3096 Hoc
535 3042 664 3096 dicit
688 3043 814 3112 quia
852 3044 968 3099 sine
997 3045 1255 3112 operibus
1288 3044 1419 3115 legis
1445 3047 1684 3100 credenti
1730 3046 1894 3117 impio
1924 3047 1976 3101 in

397 3132 695 3198 Christum,
748 3142 1028 3202 reputatur
1072 3132 1208 3190 lldcs
1235 3132 1351 3202 ejus
1396 3135 1464 3189 ad
1501 3135 1791 3205 justitiam,
1837 3137 1979 3192 sicut

2096 608 2309 667 peccata
2336 601 2564 655 dicatur.
2595 599 2692 655 Ubi
2717 615 2845 654 vero
2865 599 2977 667 jam
3009 600 3075 653 ad
3105 599 3401 668 perfectum
3430 604 3660 666 venerit,

2096 688 2169 739 ita
2221 696 2278 742 ut
2311 690 2486 744 omnis
2528 689 2680 744 radix
2709 689 2775 744 de
2808 705 2869 744 ea
2904 689 3122 744 malitiae
3171 690 3385 759 penitus
3419 701 3667 760 ampute-

2095 784 2201 841 tur,
2237 777 2307 832 ibi
2331 779 2443 848 jam
2474 795 2682 833 summa
2711 778 2964 847 perfectae
2999 779 3346 836 beatitudinis
3376 782 3660 851 promitta-

2097 874 2200 930 tur,
2247 882 2369 922 eum
2417 869 2620 922 nullum
2659 869 2828 938 possit
2866 868 3127 924 Dominus
3163 869 3433 939 imputare
3474 887 3666 940 pecca-

2093 967 2227 1014 tum.
2288 960 2550 1030 lniquitas
2583 976 2716 1016 sane
2751 978 2780 1014 a
2807 973 3029 1029 peccato
3061 962 3199 1017 hanc
3226 962 3389 1016 habet
3415 962 3665 1017 dill'eren-

2093 1051 2241 1114 tiam,
2284 1052 2426 1120 quod
2469 1052 2724 1120 iniquitas
2761 1053 2815 1104 in
2845 1052 2930 1106 his
2962 1052 3164 1106 dicitur
3191 1067 3312 1120 qua:
3346 1062 3534 1107 contra
3584 1055 3660 1107 le-

2091 1157 2210 1211 gem
2245 1143 2660 1197 committuutur
2690 1160 2702 1195 :
2739 1144 2882 1197 unde
2913 1151 2966 1196 et
2991 1142 3210 1198 Graecus
3248 1158 3426 1198 sermo
3456 1148 3664 1214 ἀνομία-,ο

2088 1231 2318 1302 appellat
2369 1233 2740 1302 iniquitatem,
2793 1234 2896 1288 hoc
2949 1243 3064 1298 est,
3112 1235 3256 1304 quod
3308 1236 3663 1290 committitur

2089 1331 2276 1375 contra
2314 1321 2484 1392 legem
2511 1341 2523 1373 :
2553 1332 2831 1392 peceatum
2861 1339 2991 1378 vero
3021 1324 3186 1377 etiam
3222 1323 3370 1388 illud,
3388 1325 3445 1378 'si
3474 1335 3663 1380 contra

2086 1412 2229 1479 quod
2270 1421 2459 1465 natura
2487 1413 2662 1475 docet,
2699 1421 2752 1467 et
2780 1414 3109 1468 conscientia
3141 1415 3339 1484 arguit,
3376 1415 3661 1485 delinqua-

2087 1510 2191 1554 tur.
2218 1500 2496 1555 Beatitudo
2525 1520 2645 1572 ergo
2668 1503 2799 1556 lucc.
2830 1502 2887 1556 Id
2912 1512 3014 1567 est,
3043 1505 3289 1558 remissio
3314 1514 3663 1573 peccatorum

2085 1603 2183 1658 per
2209 1588 2388 1643 fidem.
2430 1589 2494 1643 In
2522 1592 2918 1645 circumcisione
2944 1601 3116 1645 manet
3151 1603 3376 1657 tantum,
3404 1611 3473 1647 an
3502 1596 3661 1650 etiam

2084 1681 2138 1732 in
2164 1681 2456 1749 pra'putio?
2483 1679 2558 1734 Ac
2590 1681 2636 1734 si
2674 1689 2860 1750 aperte
2888 1681 3093 1736 diceret
3122 1699 3134 1733 :
3176 1681 3233 1735 In
3261 1684 3506 1752 utrisque
3541 1699 3661 1737 ma-

2084 1778 2195 1833 net,
2236 1771 2361 1837 quia
2401 1770 2572 1824 tribus
2613 1770 2822 1840 legibus
2869 1770 2982 1825 ha'c
3025 1771 3304 1826 beatitudo
3345 1773 3658 1836 ascribitur,

2085 1860 2198 1914 vult
2258 1861 2418 1914 istam
2465 1861 2854 1916 beatitudinem
2917 1861 3090 1915 tribus
3141 1862 3474 1931 temporibus
3518 1863 3661 1917 desi-

2086 1967 2272 2021 gnare,
2305 1961 2528 2014 natura},
2559 1953 3006 2018 circumcisionis,
3033 1953 3476 2009 Christianitatis.
3509 1954 3658 2008 Dici-

2085 2057 2200 2094 mus
2231 2040 2387 2093 enim.
2431 2039 2543 2094 lloc
2572 2050 2679 2106 est,
2708 2057 2866 2096 sensu
2905 2042 3035 2112 legis
3076 2043 3366 2114 loquimur.
3401 2043 3663 2114 Reputata

2083 2140 2157 2184 est
2182 2132 2313 2198 ﬁdes
2340 2131 2564 2185 Abralue
2597 2132 2666 2185 ad
2697 2133 2984 2202 justitiam.
3019 2133 3218 2188 Omnes
3255 2134 3398 2189 enim
3434 2133 3659 2189 conﬁte-

2084 2239 2206 2277 mur
2233 2231 2288 2278 et
2323 2226 2715 2290 consentimus,
2754 2235 2812 2280 ut
2838 2227 2981 2296 quod
3018 2227 3156 2280 ratio
3181 2228 3247 2281 de
3273 2227 3547 2282 Abraham
3580 2229 3664 2282 in-

2084 2314 2314 2379 venerit,
2347 2319 2450 2371 hoc
2474 2315 2540 2370 de
2567 2318 2777 2372 caeteris
2819 2319 3189 2374 observemus.
3230 2319 3312 2373 Ab
3339 2321 3547 2391 origine
3581 2321 3665 2376 in-

2083 2403 2232 2473 cipit,
2257 2412 2316 2457 ut
2338 2420 2550 2459 omnem
2577 2407 3078 2477 tergiversationem
3096 2409 3455 2474 cavillationis
3477 2409 3662 2464 exelu-

2083 2495 2195 2560 dat,
2220 2511 2340 2565 quze
2359 2497 2483 2566 quia
2504 2513 2535 2551 a
2556 2499 2730 2568 capite
2753 2498 3079 2564 excluditur,
3105 2515 3213 2554 non
3235 2499 3396 2554 habet
3419 2501 3561 2555 unde
3584 2499 3663 2554 in-

2082 2585 2245 2656 cipiat
2268 2584 2448 2642 faeerc
2463 2589 2833 2658 quzestionem.
2855 2589 3132 2655 Quomodo
3153 2607 3274 2661 ergo
3295 2591 3540 2661 deputata
3561 2602 3658 2653 est,

2081 2676 2137 2729 in
2159 2677 2570 2744 circumcisione,
2595 2697 2664 2733 an
2688 2681 2741 2734 in
2770 2681 3070 2750 prreputio?
3095 2680 3210 2736 Hoc
3235 2691 3338 2748 est,
3381 2683 3664 2737 videamus

2081 2775 2262 2820 utrum
2310 2768 2654 2824 circumcisio
2702 2785 2768 2823 ex
2812 2769 3050 2838 justitia,
3097 2786 3166 2826 an
3209 2773 3423 2843 justitia
3451 2788 3515 2826 ex
3554 2775 3664 2827 eir-

2081 2855 2410 2911 cumcisione
2445 2858 2516 2911 sit
2545 2869 2690 2912 nata.
2728 2857 2795 2911 Et
2825 2861 3033 2930 signum
3071 2863 3270 2931 accepit
3301 2863 3663 2917 circumcisio-

2079 2947 2179 3000 nis.
2226 2946 2305 3002 Ne
2349 2947 2593 3002 dicerent
2637 2964 2788 3020 ergo,
2833 2950 3113 3020 Supernae
3167 2953 3519 3007 circumcisus
3553 2965 3657 3016 est,

2079 3036 2289 3106 signum
2319 3039 2396 3092 ait
2425 3053 2546 3093 esse
2567 3038 2815 3107 justitize,
2840 3056 2945 3095 non
2975 3052 3344 3111 augmentum.

2151 3130 2494 3200 Signaculum
2532 3134 2728 3202 accepit
2755 3133 3001 3201 justitia’.
3037 3133 3184 3188 Illius
3221 3150 3380 3204 quam
3412 3135 3660 3206 prteputii

396 3223 627 3278 Abrahae
653 3241 667 3276 :
695 3233 749 3278 et
776 3224 878 3278 hoc
919 3225 1127 3294 justum
1173 3234 1276 3280 est.
1325 3223 1558 3281 Credere
1599 3233 1780 3280 autem
1822 3241 1930 3280 non
1956 3239 1979 3267 ιι
2009 3222 2056 3286 C
2091 3221 2221 3276 fides
2261 3223 2504 3277 meruit:
2543 3233 2652 3278 tam
2695 3225 2838 3280 enim
2889 3225 3126 3294 perfecta
3165 3225 3264 3280 fuit
3302 3235 3356 3282 et
3393 3228 3656 3297 pretiosa,

395 3313 690 3369 voluntatis
717 3323 800 3368 est
839 3331 851 3367 :
891 3329 1065 3384 neque
1111 3316 1255 3370 enim
1283 3323 1462 3386 potest
1497 3316 1614 3386 cogi
1645 3315 1712 3370 ad
1752 3315 1805 3371 id
1833 3317 1976 3386 quod

399 3403 744 3460 manifestum
795 3421 902 3460 non
949 3413 1062 3470 est,
1113 3406 1208 3460 sel
1257 3406 1534 3461 invitatur.
1605 3406 1975 3473 Quamobrem

397 3495 824 3550 assentientibus
883 3496 1122 3564 prmmiis
1189 3494 1505 3551 afficiendus
1559 3505 1672 3560 est,
1731 3497 1872 3553 sicut
1922 3507 1976 3552 ct

399 3590 693 3655 Abraham,
721 3591 812 3660 qui
841 3589 984 3659 quod
1022 3605 1128 3644 non
1158 3590 1311 3655 vidit,
1339 3590 1585 3645 credidit.

470 3681 772 3738 Secundum
802 3682 1124 3753 propositum
1153 3683 1337 3753 gratia:
1360 3683 1474 3736 Dei.
1506 3683 1562 3737 Id
1589 3692 1692 3746 est,
1725 3699 1832 3754 quo
1858 3700 1979 3756 gra-

398 3772 470 3827 tis
517 3771 799 3843 proposuit
847 3786 946 3841 per
990 3771 1159 3825 solam
1206 3771 1367 3826 ﬁdem
1416 3773 1688 3828 dimittere
1732 3782 1974 3843 peccata.

398 3867 544 3923 Sicut
579 3866 749 3922 David
790 3865 950 3933 dicit,
993 3867 1274 3922 Beatitudo
1313 3866 1560 3931 hominis,
1592 3874 1698 3921 etc.
1739 3865 1980 3922 Beatitu-

399 3957 580 4010 dinem
610 3956 868 4023 hominis,
899 3957 1272 4011 remissionem
1313 3965 1655 4025 peccatorum
1694 3971 1789 4026 per
1815 3955 1974 4012 fidem

399 4043 666 4115 appellat:
694 4059 887 4114 magna
911 4045 1190 4099 beatitudo
1237 4053 1342 4107 est,
1389 4045 1508 4098 sine
1531 4044 1716 4098 labore
1760 4043 1892 4114 legis
1926 4054 1980 4098 et

397 4133 748 4203 paenitentia,
794 4132 890 4186 Dei
932 4133 1160 4200 gratiam
1203 4132 1314 4186 sola
1364 4131 1464 4186 fide
1511 4133 1831 4201 promereri.
1874 4133 1978 4188 lni-

403 4223 534 4280 tium
557 4220 845 4290 iustiﬁcari
865 4236 894 4275 a
918 4221 1047 4286 Deo,
1081 4220 1211 4275 fides
1223 4229 1304 4275 est
1325 4221 1416 4291 qui
1437 4219 1604 4292 [quaa]
1632 4221 1870 4276 ereditin
1891 4220 1980 4290 ju-

401 4312 746 4376 stilicantem,
780 4319 835 4366 et
871 4312 986 4366 hme
1011 4312 1142 4366 fides
1178 4326 1298 4366 cum
1323 4310 1615 4380 justilicata
1646 4310 1826 4374 fuerit,
1856 4321 1978 4367 tan-

399 4417 561 4472 quam
608 4401 761 4456 radix
808 4401 980 4456 imbre
1026 4410 1277 4472 suscepto
1317 4401 1484 4456 liceret
1524 4401 1577 4454 in
1614 4402 1807 4456 animae
1839 4401 1974 4467 solo,

399 4498 460 4543 ut
494 4506 617 4546 cum
659 4504 757 4560 per
798 4489 972 4560 legem
1000 4489 1094 4544 Dei
1146 4488 1316 4544 excoli
1363 4490 1606 4559 cmperit,
1663 4506 1875 4545 rursum
1920 4491 1974 4545 in

2082 3315 2141 3361 ut
2176 3309 2511 3379 signaculum
2562 3320 2860 3366 mereretur
2897 3331 2910 3365 :
2951 3329 3163 3383 semper
3203 3316 3349 3370 enim
3393 3331 3479 3370 res
3502 3315 3660 3386 plena

2081 3401 2344 3471 signatur.
2393 3401 2520 3458 Sive
2558 3414 2616 3458 ut
2659 3406 2966 3460 ostenderet
3005 3408 3127 3476 quia
3162 3407 3342 3476 justus
3392 3417 3445 3466 et
3485 3408 3662 3465 fidelis

2079 3502 2243 3558 esset,
2288 3495 2379 3563 qui
2425 3495 2662 3551 dolorem
2705 3497 2805 3551 sibi
2841 3501 3092 3554 mandato
3123 3499 3216 3554 Dei
3248 3515 3353 3554 non
3387 3500 3659 3555 dubitavit

2083 3583 2300 3647 inferre,
2345 3599 2448 3640 non
2484 3594 2681 3654 putans
2720 3602 2839 3642 esse
2874 3587 3224 3658 superﬂuum,
3249 3590 3392 3658 quod
3419 3605 3448 3644 a
3477 3589 3656 3646 scient-

2081 3673 2276 3727 tiarum
2319 3673 2547 3729 Domino
2585 3675 2880 3746 jubebatur
2921 3695 2934 3729 :
2983 3679 3124 3734 sicut
3171 3681 3280 3734 nec"
3303 3680 3661 3749 parricidium

2081 3763 2310 3818 credidit
2359 3764 2618 3834 impium,
2671 3768 2814 3836 quod
2863 3766 2984 3823 fons
3035 3777 3368 3840 praeceperat
3415 3771 3656 3840 pietatis.

2079 3855 2407 3910 Profundam
2450 3857 2504 3910 in
2539 3855 2624 3911 his
2651 3855 2801 3911 Pauli
2843 3857 3164 3926 sapientiam
3193 3859 3658 3928 contemplamur:

2082 3945 2325 4001 fortassis
2361 3947 2507 4001 enim
2549 3947 2821 4017 aliquibus
2860 3949 3111 4002 eumdem
3140 3965 3444 4004 sermonem
3473 3949 3660 4005 dicere

2081 4035 2371 4100 videretur,
2399 4036 2448 4090 id
2471 4044 2574 4103 est,
2620 4038 2833 4108 signum
2881 4047 2936 4093 et
2971 4038 3305 4110 signaculum
3339 4058 3354 4094 :
3388 4039 3480 4094 sed
3522 4039 3658 4093 mihi

2082 4137 2309 4196 uterque
2363 4143 2545 4183 sermo
2598 4131 2823 4184 multam
2877 4132 3021 4187 inter
3075 4149 3132 4188 se
3189 4134 3399 4189 videtur
3455 4133 3658 4190 habere

2081 4216 2458 4271 differentiam.
2501 4217 2724 4289 Signum
2756 4234 2989 4290 namque
3025 4222 3242 4287 dicitur,
3279 4237 3398 4278 cum
3428 4236 3527 4292 per
3551 4222 3657 4277 hoc

2081 4307 2222 4375 quod
2249 4307 2483 4373 videtur,
2512 4307 2654 4362 aliud
2692 4309 2895 4379 aliquid
2927 4310 3197 4365 indicatur
3242 4331 3254 4365 :
3299 4313 3476 4377 sicuti,
3505 4312 3656 4366 verbi

2081 4395 2277 4465 gratia,
2307 4396 2372 4450 de
2400 4396 2517 4465 ipso
2544 4397 2770 4452 Domino
2813 4399 2867 4452 in
2896 4399 3190 4471 Evangelio
3237 4401 3474 4456 dicitur:
3518 4399 3658 4454 Ecce

2078 4485 2162 4538 hic
2184 4485 2382 4554 positus
2403 4497 2479 4540 est
2516 4487 2570 4540 in
2602 4489 2830 4554 ruinam,
2857 4499 2906 4543 et
2931 4490 2986 4544 in
3010 4493 3434 4546 resurrectionem
3463 4490 3657 4545 multo-

397 4594 519 4634 eam
576 4559 806 4649 surgunt
864 4559 1020 4640 rami,
1077 4579 1168 4648 qui
1227 4577 1440 4633 fructus
1493 4595 1715 4649 operum
1775 4578 1972 4633 ferant.
2003 4559 2056 4618 ἶ)
2084 4591 2217 4639 rum,
2259 4585 2306 4628 et
2340 4576 2394 4628 in
2431 4575 2636 4645 signum
2675 4577 2761 4630 cui
2795 4579 3184 4632 contradicetur
3213 4578 3362 4649 (Luc.
3393 4578 3454 4645 ιι)
3485 4596 3497 4630 :
3527 4593 3658 4633 con-

398 4677 511 4734 Non
540 4694 668 4750 ergo
703 4693 768 4733 ex
797 4678 1054 4748 operibus
1093 4677 1243 4731 radix
1275 4675 1522 4745 justiti-.e,
1562 4675 1655 4730 sed
1691 4691 1757 4729 ex
1798 4675 1978 4730 radice

389 4769 614 4840 iustitia:
648 4767 856 4823 fruetus
897 4782 1122 4838 operum
1164 4767 1394 4820 crescit:
1423 4765 1511 4819 illa
1549 4765 1754 4820 scilicet
1798 4763 1979 4819 radice

388 4859 633 4927 justitizc,
663 4858 749 4913 cui
780 4858 920 4912 Deus
949 4865 1232 4925 acceptam
1266 4853 1370 4908 fert
1393 4851 1661 4922 justitiam
1699 4854 1817 4908 sine
1850 4869 1978 4923 ope-

398 4953 566 5007 ribus.
601 4951 748 5005 Beati
775 4965 998 5022 quorum
1037 4949 1272 5003 remissa:
1300 4956 1420 5001 sunt
1459 4945 1782 5016 iniquitates.
1825 4943 1976 5010 Quod

399 5041 712 5106 remittitur,
747 5057 854 5096 non
891 5048 1127 5104 tenetur,
1168 5049 1223 5093 et
1247 5038 1390 5107 quod
1420 5035 1637 5106 tegitur,
1667 5049 1772 5088 non
1805 5047 1973 5102 appa-

397 5138 503 5194 ret,
530 5138 584 5184 et
611 5130 810 5185 idcirco
837 5131 1057 5184 minime
1089 5129 1404 5199 imputatur.
1434 5127 1568 5182 Vide
1595 5125 1639 5180 si
1666 5132 1844 5195 potest
1873 5124 1974 5178 iste

397 5219 529 5272 ordo
559 5218 612 5271 in
651 5219 832 5272 anima
867 5235 971 5273 una
1001 5221 1300 5287 eademque
1343 5215 1589 5285 intelligi,
1616 5221 1675 5267 ut
1709 5214 1832 5282 quia
1873 5214 1976 5267 ini-

398 5309 534 5361 tium
581 5317 664 5362 est
714 5310 1080 5363 conversionis
1111 5309 1341 5370 .animze,
1400 5305 1538 5358 mala
1579 5303 1969 5370 derelinquere,

397 5409 618 5470 propter
645 5400 748 5455 hoc
783 5398 1127 5466 iniquitatum
1164 5397 1539 5453 remissionem
1578 5399 1852 5446 mereatur
1884 5405 1975 5444 ac-

397 5490 598 5559 cipere.
646 5490 782 5545 Cum
809 5498 991 5543 autem
1018 5489 1245 5558 coeperit
1274 5488 1411 5542 bona
1443 5485 1642 5548 facere,
1671 5482 1817 5538 velut
1861 5483 1943 5536 sin
1973 5515 1976 5519 ι

399 5580 522 5652 gula
547 5596 772 5650 quaeque
810 5597 929 5651 qure
957 5587 1349 5652 prmeesserant
1381 5577 1523 5632 mala
1560 5575 1715 5631 bonis
1745 5573 1978 5628 recenti-

399 5675 500 5729 bus
523 5675 804 5746 obtegens,
833 5685 887 5729 et
913 5675 1365 5730 abundantiorem
1396 5671 1660 5727 bonorum
1690 5683 1976 5724 numerum

478 5796 503 5823 τι
543 5782 667 5839 Νοη
701 5785 914 5841 videtur
944 5784 1264 5840 redundare.

2085 4668 2448 4723 tradicebatur
2494 4668 2663 4734 enim,
2713 4669 2767 4722 in
2808 4684 2915 4738 quo
2952 4668 3200 4724 Christus
3238 4678 3481 4734 venerat,
3529 4670 3658 4738 quia

2084 4759 2227 4813 aliud
2259 4761 2314 4813 in
2356 4776 2418 4815 eo
2450 4761 2754 4826 videbatur,
2787 4770 2842 4815 et
2875 4760 3020 4814 aliud
3061 4759 3479 4828 intelligebatur.
3512 4757 3658 4814 Caro

2084 4849 2424 4912 cernebatur,
2473 4859 2527 4904 et
2569 4849 2710 4903 Deus
2753 4849 3092 4904 credebatur.
3146 4847 3238 4902 Sic
3278 4862 3407 4918 ergo
3446 4849 3659 4918 accepit

2081 4936 2354 4991 Abraham
2395 4938 2630 5009 signum,
2671 4947 2726 4992 et
2753 4940 2895 5007 quod
2940 4947 3084 4992 esset
3120 4939 3330 5010 signum
3369 4940 3422 4993 in
3457 4953 3652 4994 conse-

2083 5027 2372 5096 quentibus
2405 5028 2534 5081 dicit
2573 5045 2584 5079 :
2619 5027 3066 5091 circumcisionis,
3099 5029 3293 5098 inquit,
3337 5039 3391 5082 et
3416 5029 3656 5085 ostendit

2081 5117 2206 5188 quia
2256 5117 2489 5172 carnalis
2539 5126 2666 5173 tunc
2707 5118 2796 5173 illa
2842 5118 3212 5184 circumcisio,
3268 5119 3480 5187 signum
3531 5131 3656 5175 erat

2080 5208 2373 5276 spiritualis
2410 5209 2856 5273 circumcisionis,
2897 5224 3017 5278 quae
3056 5225 3163 5264 non
3198 5209 3251 5260 in
3281 5222 3444 5262 carne
3481 5211 3656 5266 susci-

2079 5301 2247 5370 pitur,
2279 5303 2371 5354 sed
2417 5301 2472 5354 in
2523 5299 2703 5354 corde.
2738 5301 2892 5368 Quod
2933 5315 3063 5354 vero
3107 5300 3259 5367 dixit,
3299 5299 3647 5370 signaculum,

2080 5393 2152 5446 ita
2206 5393 2608 5463 intelligendum
2658 5403 2788 5463 puto
2833 5411 2846 5448 :
2885 5392 3218 5464 signaculum
3266 5393 3464 5449 dicitur
3509 5395 3655 5465 quod

2079 5482 2238 5535 alicui
2279 5483 2355 5535 rei
2391 5483 2666 5537 servandae
2704 5499 2802 5552 pro
2841 5493 3083 5552 tempore
3115 5484 3373 5539 custodiae
3401 5485 3654 5554 ponitur:

2079 5575 2347 5644 quomodo
2381 5575 2550 5639 alius,
2583 5575 2686 5629 nisi
2728 5575 2841 5645 ipse
2871 5576 2960 5645 qui
2997 5577 3298 5646 impressit,
3340 5578 3532 5632 debeat
3567 5591 3655 5631 re—

2080 5668 2314 5737 signare.
2372 5666 2477 5720 Per
2527 5664 2667 5720 istud
2712 5668 2855 5721 enim
2907 5667 3276 5738 signaculum,
3325 5674 3386 5752 ut
3433 5667 3654 5735 exponit
