3974 6202
285 363 359 418 49

1393 349 1728 408 COLLECT.
1771 349 1837 404 lN
1873 347 2092 403 EPIST.
2131 348 2223 402 AD
2263 346 2425 402 llOil.

3468 344 3540 400 50

289 469 596 543 Apostolus,
631 465 845 536 iustitia
882 465 1024 530 ﬁdei,
1058 479 1220 534 quam
1264 465 1317 518 in
1353 465 1619 533 praeputio
1661 463 1868 532 positus
1897 467 1943 527 Α
1970 460 2114 515 enim
2155 459 2236 512 lex
2276 458 2560 522 factorum,
2604 458 2658 512 id
2687 467 2795 522 est,
2827 459 3132 514 observatio
3170 461 3537 528 sabbatorum,

287 561 561 618 Abraham
603 558 856 627 accipere
897 557 1115 620 meruit,
1152 554 1430 625 iudicatur
1466 563 1522 608 et
1559 563 1714 622 pater
1745 567 1869 607 esse

287 651 581 707 multarum
618 647 880 719 gentium.
915 647 981 701 Et
1019 654 1077 699 ut
1105 646 1283 699 adhuc
1328 644 1567 713 apertius
1609 644 1676 698 de
1715 644 1870 712 signo

289 757 347 804 et
383 745 662 819 signaculo
703 745 1054 806 disseramus,
1096 757 1221 797 cum
1260 743 1475 812 signum
1505 740 1596 804 sit,
1634 747 1694 792 ut
1723 737 1866 791 dixi-

291 855 434 904 mus,
477 839 570 893 ubi
617 837 891 890 indicatur
933 831 1132 904 aliquid
1169 848 1267 903 per
1303 834 1407 888 hoc
1445 832 1587 902 quod
1621 829 1865 892 videtur;

290 931 632 1004 signaculum
660 943 812 994 vero,
839 927 929 982 ubi
957 926 1224 981 clauditur
1250 927 1454 996 aliquid
1482 933 1538 981 et
1561 940 1665 980 non
1689 930 1869 992 patet:

293 1028 471 1091 potest
519 1018 686 1072 etiam
745 1017 818 1069 ita
875 1015 1096 1084 intelligi
1150 1015 1291 1083 quod
1339 1013 1595 1085 mysteria
1645 1012 1698 1064 in
1755 1010 1870 1079 lege

292 1120 349 1163 et
393 1107 722 1179 patriarchis
767 1105 1186 1168 adnmbrantur,
1234 1103 1648 1174 hujusmodique
1691 1108 1866 1164 erant,

294 1216 412 1270 qua:
452 1208 509 1254 et
545 1199 713 1269 signis
758 1196 1043 1251 indicanda
1086 1204 1301 1258 essent,
1342 1194 1740 1265 'consignaculis
1776 1193 1871 1248 ob-

297 1291 579 1346 servanda.
614 1287 768 1355 Quod
797 1301 929 1357 ergo
972 1274 1139 1356 signis
1175 1285 1464 1340 indicanda
1494 1292 1670 1348 erant,
1701 1284 1752 1336 in
1785 1282 1871 1336 his

297 1384 385 1451 qui
415 1380 709 1436 credebant
738 1391 804 1431 ex
832 1375 1102 1447 gentibus,
1134 1375 1350 1446 signum
1376 1373 1648 1441 accepisse
1675 1371 1872 1426 dicitur

299 1473 587 1526 Abraham.
655 1468 807 1535 Quod
853 1481 985 1520 vero
1043 1466 1127 1520 his
1172 1480 1239 1520 cx
1302 1463 1714 1519 circumcisione
1762 1475 1868 1514 non

296 1571 448 1616 erant
497 1558 793 1622 credituri,
846 1555 1182 1611 observanda
1232 1563 1387 1610 erant
1440 1557 1495 1608 et
1548 1552 1869 1622 obtegenda,

297 1653 626 1726 signaculum
665 1649 942 1720 accepisse
976 1649 1194 1714 dicitur,
1228 1650 1370 1719 quod
1399 1648 1738 1718 signaculum
1767 1645 1872 1700 uti-

296 1761 402 1814 que
435 1745 526 1798 illo
555 1744 606 1796 in
637 1751 880 1811 tempore
907 1739 1292 1810 designabitur,
1326 1755 1448 1793 eum
1474 1739 1527 1793 in
1561 1736 1870 1792 novissimis

1972 553 2407 616 ncomeniarum,
2457 551 2918 618 circumcisionis,
2966 568 3211 608 escarum
3261 553 3539 620 discretio,

1973 647 2222 702 animalis
2261 647 2460 702 mortui
2501 646 2738 716 sanguis,
2769 646 3010 700 mustela:
3048 646 3374 701 observatio.
3423 645 3542 701 Non

1971 754 2183 793 omnem
2244 736 2740 807 praevaricationem
2803 737 3126 808 generaliter
3175 737 3229 791 in
3278 738 3382 792 hoc
3423 737 3542 792 loco

1972 829 2256 882 annuntiat
2303 827 2644 897 appellatam,
2700 827 2795 882 sed
2829 827 2945 898 ejus
2973 828 3064 896 qui
3106 829 3159 880 in
3197 828 3311 898 lege
3339 829 3543 897 positus

1971 919 2277 988 deliquerit,
2325 926 2384 972 ut
2425 919 2645 988 gravius
2691 917 2944 973 delictum
2977 920 3240 974 *videatur
3286 919 3402 987 ejus
3448 921 3539 989 qni

1970 1025 2067 1079 per
2105 1010 2275 1079 legem
2317 1010 2621 1078 prohibitus
2654 1018 2861 1079 peccat,
2913 1026 3072 1080 quam
3117 1010 3234 1079 ejus
3267 1012 3359 1082 qui
3400 1012 3541 1066 nulla

1971 1101 2086 1172 lege
2113 1099 2275 1155 fuerit
2301 1102 2680 1157 commonitus.
2715 1101 2844 1157 Ideo
2873 1113 3048 1156 autem
3076 1120 3141 1157 ea:
3163 1104 3287 1172 ﬁde.
3330 1104 3541 1159 Suban-

1973 1194 2140 1258 ditur,
2168 1195 2410 1248 haeredes
2439 1203 2581 1249 sunt.
2630 1192 2698 1248 Ut
2733 1195 3018 1248 secundum
3041 1197 3268 1265 gratiam
3297 1197 3452 1265 firma
3477 1199 3543 1250 sit

1970 1284 2266 1351 promissio.
2315 1282 2497 1337 Firma
2541 1299 2664 1338 esse
2707 1299 2812 1338 non
2851 1293 3030 1353 potest
3062 1286 3208 1339 omni
3244 1285 3446 1340 homini
3479 1302 3546 1341 ex

1972 1372 2116 1425 omni
2144 1381 2304 1442 gente
2333 1373 2640 1442 promissio,
2667 1375 2769 1429 nisi
2800 1373 2965 1429 fuerit
2987 1390 3051 1429 ex
3083 1375 3208 1440 fide,
3237 1375 3362 1444 quia
3395 1377 3547 1446 origo

1972 1461 2344 1529 promissionis
2375 1478 2441 1517 ex
2480 1464 2584 1519 ﬁde
2612 1473 2720 1530 est,
2755 1481 2859 1519 non
2898 1481 2966 1521 ex
2997 1465 3135 1537 lege,
3165 1469 3289 1537 quia
3321 1471 3412 1538 qui
3449 1471 3549 1526 sub

1975 1551 2090 1621 lege
2127 1562 2273 1618 sunt,
2307 1554 2382 1608 rei
2418 1565 2546 1609 sunt
2569 1557 2894 1626 :promissio
2933 1567 3114 1612 autem
3152 1559 3260 1614 reis
3289 1561 3404 1614 dari
3440 1577 3548 1617 non

1973 1649 2170 1711 potest.
2236 1643 2374 1708 Quia
2419 1655 2621 1714 patrem
2673 1645 2958 1701 multarum
3001 1650 3231 1718 gentium
3277 1654 3428 1720 posui
3473 1663 3543 1707 te.

1975 1727 2089 1784 Hoc
2135 1738 2238 1795 est,
2288 1747 2396 1786 non
2440 1740 2645 1787 tantum
2687 1735 2844 1788 unius
2880 1736 3093 1804 generis
3139 1736 3372 1793 lsraelis.
3415 1739 3550 1793 Ante

297 1809 486 1887 diebus
505 1809 789 1902 postqum'n
814 1809 1091 1899 plenitudo
1115 1827 1354 1897 genuum
1383 1826 1670 1890 ίηιτοίρτίι,
1694 1824 1870 1879 omnis
1902 1809 1947 1867 Β
1973 1817 2164 1873 Deum.
2213 1821 2377 1876 Recte
2412 1823 2639 1877 attendit
2677 1840 2745 1880 ex
2788 1841 2884 1880 sua
2930 1827 3371 1897 interpretatione
3407 1830 3550 1901 Apo-

297 1923 460 1979 lsrael
495 1923 676 1976 salvus
705 1921 796 1974 ﬁet
843 1937 857 1973 :
900 1918 1104 1974 idcirco
1144 1926 1269 1972 ante
1299 1917 1574 1971 Abraham
1602 1913 1873 1986 justifica-

302 2026 386 2067 tur
421 2015 474 2068 in
510 2012 635 2077 ﬁde,
663 2011 791 2066 dum
821 2011 998 2064 adhuc
1030 2009 1386 2064 circumcisus
1423 2016 1584 2071 esset,
1611 2013 1664 2061 ct
1690 2013 1877 2074 postea

299 2102 722 2167 circumciditur,
759 2109 818 2154 ut
856 2101 1233 2154 ostenderetur
1266 2098 1444 2168 primo
1482 2106 1637 2167 pater
1668 2095 1878 2150 futurus

301 2193 586 2246 multarum
624 2191 888 2261 gentium,
919 2197 974 2244 et
997 2199 1184 2259 postea
1214 2204 1401 2244 eorum
1429 2188 1519 2258 qui
1547 2203 1614 2241 ex
1641 2187 1870 2242 circum-

301 2285 499 2337 cisione
524 2281 787 2336 credituri
815 2288 944 2334 sunt
968 2298 980 2332 :
1005 2295 1180 2350 neque
1205 2279 1348 2333 enim
1379 2279 1432 2333 hi
1463 2277 1555 2348 qui
1582 2274 1877 2331 secundum

299 2391 514 2429 carnem
560 2381 861 2427 nascuntur
899 2387 968 2427 ex
995 2370 1290 2430 Abraham,
1345 2369 1441 2424 ﬁlii
1471 2368 1747 2422 Abraham
1797 2366 1886 2420 di-

301 2467 448 2521 cendi
493 2472 644 2529 sunt,
683 2463 786 2517 nisi
826 2462 986 2518 ﬁdem
1027 2470 1083 2517 et
1109 2476 1278 2530 opera
1294 2459 1567 2514 Abraham
1606 2458 1875 2512 habeant:

303 2557 530 2612 efﬁcitur
584 2570 717 2627 ergo
749 2554 1036 2622 utriusque
1086 2551 1301 2623 generis
1345 2558 1530 2621 pater.
1572 2548 1698 2602 Non
1740 2549 1879 2601 enim

305 2668 388 2721 per
420 2651 586 2720 legem
624 2648 922 2718 promissio.
963 2645 1096 2712 Quia
1133 2644 1422 2714 promissio
1451 2658 1572 2712 qum
1611 2640 1753 2696 facta
1797 2648 1882 2695 est

306 2743 596 2805 Abraham,
618 2755 727 2793 non
757 2754 825 2794 ex
855 2737 1022 2807 Moysi
1047 2736 1168 2806 lege
1191 2736 1510 2790 constiterat
1547 2750 1559 2786 :
1587 2740 1710 2787 ante
1736 2731 1881 2786 enim

308 2850 457 2904 quam
483 2833 698 2903 Moyses
744 2830 1020 2902 legislator
1063 2830 1340 2891 existeret,
1365 2827 1624 2881 Dominus
1650 2823 1882 2878 Abrahze

309 2926 469 2979 dixit:
496 2923 882 2978 Benedicentur
909 2922 965 2975 in
991 2932 1040 2975 te
1063 2937 1239 2975 omnes
1257 2919 1420 2972 tribus
1445 2928 1615 2982 terrm,
1644 2917 1746 2971 hoc
1775 2923 1879 2982 est,

311 3011 567 3066 heredem
611 3011 813 3065 metum
840 3024 963 3064 esse
1009 3010 1176 3063 totius
1200 3007 1404 3062 mundi.
1431 3004 1519 3059 Ut
1551 3006 1716 3060 turres
1751 3013 1882 3060 esset

309 3103 502 3154 standi.
546 3101 674 3155 Sive
710 3109 770 3154 ut
808 3100 862 3154 in
903 3099 1110 3155 semine
1142 3097 1279 3167 ejus,
1317 3097 1458 3166 quod
1496 3103 1579 3150 est
1611 3094 1878 3162 Christus,

1975 1908 2144 1964 stolus
2173 1921 2292 1964 ante
2312 1911 2500 1966 Deum.
2544 1912 2641 1967 Cui
2674 1914 2964 1970 credidisti.
2999 1918 3112 1973 lloc
3139 1927 3242 1984 est,
3269 1929 3423 1991 pater
3454 1936 3552 1992 po-

1977 2000 2112 2056 situs
2135 2010 2218 2056 est
2245 2002 2536 2058 multarum
2560 2006 2819 2075 gentium,
2848 2016 2972 2064 ante
2993 2008 3159 2064 Deum
3185 2013 3272 2066 cui
3299 2013 3548 2068 credidit.

1975 2091 2168 2157 Aliter,
2210 2103 2269 2148 ut
2302 2111 2465 2148 unum
2490 2095 2656 2150 Deum
2697 2099 2888 2152 doceat
2929 2101 3190 2168 omnium,
3221 2101 3459 2172 loquitur
3484 2108 3551 2160 ad

1978 2187 2224 2258 gentiles,
2250 2189 2526 2245 Abraham
2559 2191 2916 2260 justiﬁcatum
2956 2210 3077 2252 esse
3111 2208 3237 2252 ante
3274 2200 3463 2267 Deum,
3497 2201 3551 2255 in

1977 2293 2136 2348 quem
2165 2289 2351 2351 gentes
2383 2284 2630 2349 credunt,
2663 2295 2723 2340 ut
2752 2287 2825 2340 sit
2859 2288 2982 2343 talis
3011 2304 3222 2354 sensus,
3253 2292 3337 2346 cui
3374 2293 3554 2348 credi-

1979 2368 2127 2434 disti,
2163 2385 2196 2424 ο
2223 2371 2437 2442 gentilis
2478 2375 2712 2444 popule:
2745 2379 2835 2446 qui
2881 2379 3117 2434 viviﬁcat
3162 2391 3420 2449 mortuos,
3468 2385 3557 2438 hic

1979 2470 2224 2516 mortuos
2258 2465 2326 2518 ad
2360 2467 2725 2534 generandum
2769 2469 2948 2536 ducit,
2988 2480 3048 2525 ut
3087 2475 3338 2542 praesenti
3379 2491 3556 2530 causa:

1981 2554 2287 2608 conveniat.
2334 2554 2447 2612 Hoc
2483 2559 2628 2613 dicto
2665 2560 2731 2613 ad
2773 2561 2932 2616 ﬁdem
2968 2563 3198 2619 Abrahae
3243 2574 3431 2637 gentes
3476 2568 3559 2621 in-

1979 2642 2139 2709 vitat,
2171 2645 2262 2713 qui
2298 2660 2420 2700 cum
2455 2657 2600 2703 esset
2630 2650 2682 2704 in
2728 2655 3012 2722 prteputio,
3059 2657 3288 2711 credens
3323 2658 3434 2713 Deo
3472 2659 3560 2730 ju-

1981 2735 2249 2791 stiﬁcatus
2285 2746 2370 2792 est
2403 2752 2527 2792 cum
2569 2755 2668 2794 sua
2706 2742 2934 2814 conjuge
2977 2762 2989 2797 :
3027 2759 3150 2800 cum
3190 2746 3335 2800 enim
3379 2759 3562 2802 essent

1981 2841 2140 2882 senes
2164 2829 2342 2894 ambo,
2371 2829 2686 2886 revixerunt
2714 2832 2807 2898 ita,
2838 2842 2895 2888 ut
2925 2850 3030 2890 non
3057 2835 3323 2893 difﬁderet
3349 2840 3563 2896 habitu-

1984 2934 2103 2972 rum
2141 2935 2200 2974 se
2233 2936 2298 2975 ex
2335 2919 2470 2976 Sara
2511 2921 2702 2990 ﬁlium,
2739 2940 2902 2995 quam
2960 2927 3198 2983 sterilem
3233 2931 3468 2997 sciebat,
3506 2933 3562 2988 in

1983 3023 2088 3077 qua
2121 3007 2233 3077 jam
2273 3009 2448 3066 ﬂuxus
2488 3013 2830 3070 muliebrium
2882 3027 3090 3073 naturai
3134 3019 3424 3076 defecerat.
3489 3023 3561 3077 Et

1984 3101 2181 3154 vocavit
2209 3118 2291 3156 ea.
2332 3102 2389 3157 ld
2412 3111 2515 3169 est,
2553 3106 2762 3161 viscera
2790 3108 3106 3174 muliebria,
3138 3126 3260 3180 quae
3300 3128 3407 3167 non
3435 3127 3566 3170 sunt

309 3194 753 3249 benedicerentur
778 3207 968 3247 omnes
1002 3165 1208 3263 gentes,
1237 3165 1358 3260 qua:
1383 3197 1508 3244 sunt
1545 3188 1682 3243 datae
1721 3187 1798 3268 illi
1825 3187 1877 3241 in
1907 3165 1953 3228 C
1983 3187 2212 3244 fecunda
2258 3165 2511 3248 scilicet;
2543 3194 2826 3268 Tanquam.
2859 3215 2941 3253 ea.
2999 3165 3111 3255 Hoc
3156 3165 3278 3268 est,
3323 3205 3556 3260 viscera.

310 3284 675 3339 hereditatem
722 3300 750 3337 a
788 3283 949 3336 Patre
987 3299 1002 3334 :
1039 3282 1152 3335 sive
1199 3288 1256 3334 ut
1300 3293 1426 3334 cum
1472 3293 1536 3333 eo
1569 3263 1883 3331 recumbam

313 3383 498 3444 gentes
528 3375 581 3428 in
611 3389 782 3443 regno
805 3371 1084 3427 caelorum.
1119 3369 1179 3426 Si
1203 3371 1338 3424 enim
1370 3371 1459 3441 qui
1484 3384 1548 3422 ea:
1582 3367 1691 3437 lege
1717 3366 1884 3420 hwre-

312 3465 397 3516 des
433 3473 576 3518 sunt.
613 3463 670 3518 Si
711 3445 786 3517 illi
819 3462 918 3517 soli
941 3502 956 3525 ,
994 3469 1054 3515 ut
1092 3477 1187 3516 vos
1225 3459 1406 3526 vultis,
1437 3457 1742 3514 circumcisi
1768 3457 1880 3512 bte-

315 3552 467 3607 redcs
499 3561 645 3618 sunt,
684 3566 792 3606 non
827 3550 1068 3620 implevit
1097 3550 1240 3604 Deus
1273 3548 1596 3619 promissum
1627 3546 1877 3606 Abrahae,

313 3652 370 3694 ut
401 3652 557 3711 pater
581 3650 728 3697 esset
757 3641 1046 3694 multarum
1078 3640 1316 3711 gentium
1345 3656 1356 3692 :
1388 3646 1442 3693 et
1470 3639 1516 3693 si
1546 3638 1617 3691 ita
1645 3645 1748 3702 cst,
1771 3635 1881 3703 jam

313 3738 584 3791 videbitur
626 3736 739 3790 Deo
790 3737 906 3790 sine
954 3751 1115 3789 causa
1171 3735 1482 3789 credidisse.
1536 3732 1667 3786 lllud
1719 3733 1882 3785 etiam

314 3828 589 3882 sciendum
627 3827 770 3896 quod
808 3829 950 3881 sicut
988 3841 1092 3880 non
1127 3840 1194 3880 ex
1233 3826 1350 3898 lege
1389 3825 1556 3894 Moysi
1599 3825 1885 3893 promissio

315 3913 455 3968 facta
497 3925 584 3967 est
614 3915 681 3968 ad
701 3914 991 3981 Abraham,
1045 3915 1116 3967 ita
1170 3929 1269 3969 nec
1314 3929 1412 3984 per
1441 3914 1612 3982 legem
1660 3922 1884 3976 naturae,

316 4008 406 4058 sed
448 4019 552 4073 per
590 4003 755 4075 legem
795 4003 920 4058 ﬁdei
957 4003 1242 4071 iustiﬁcari
1272 4005 1606 4073 promeruit..
1631 4002 1888 4070 Quamvis

313 4096 458 4149 enim
489 4095 575 4147 lex
611 4104 818 4150 natura:
847 4096 913 4149 de
945 4095 1084 4149 bono
1113 4101 1167 4149 et
1191 4093 1332 4148 malo
1361 4092 1727 4148 testimonium
1769 4090 1890 4147 red-

313 4186 440 4249 dat,
492 4186 789 4240 secundum
833 4185 1091 4254 judicium
1140 4185 1533 4250 conscientiae,
1564 4194 1741 4239 tamen
1786 4183 1890 4254 legi

313 4275 440 4331 ﬁdei
476 4291 582 4330 non
617 4285 798 4345 potest
833 4275 1136 4345 exaequari,
1174 4290 1281 4345 qua
1316 4276 1425 4330 Deo
1457 4275 1689 4329 credidit
1712 4273 1888 4328 Abra-

313 4366 467 4430 ham,
496 4375 548 4421 et
577 4365 864 4434 iustiﬁcari
903 4367 1115 4430 meruit,
1143 4375 1304 4436 atque
1342 4366 1551 4420 amicus
1579 4365 1675 4420 Dei
1705 4364 1888 4434 appel-

319 4456 441 4510 lari.
482 4455 594 4508 Lex
629 4455 767 4508 enim
808 4455 942 4508 iram
975 4464 1238 4525 aperatur.
1288 4455 1360 4509 Ut
1381 4454 1596 4524 penitus
1641 4454 1890 4508 ostendat

318 4559 425 4599 non
455 4553 642 4615 posset
666 4543 954 4613 iustiﬁcari
983 4546 1253 4600 hominem
1280 4561 1378 4617 per
1398 4545 1592 4614 legem,
1616 4546 1729 4610 sed,
1755 4546 1895 4600 sicut

319 4647 446 4687 ante
470 4635 644 4702 pooit,
669 4649 766 4703 per
790 4635 970 4689 fidem.
1001 4634 1116 4690 Non
1141 4637 1217 4690 ira
1249 4651 1377 4706 ergo
1395 4635 1480 4689 lex
1505 4643 1608 4701 est,
1637 4636 1731 4690 sed
1757 4637 1892 4690 iram

319 4734 577 4795 operatur
612 4726 878 4794 peccanti,
912 4727 964 4780 id
1003 4734 1085 4780 est
1117 4741 1332 4795 pmnam
1369 4740 1472 4779 non
1512 4725 1772 4796 agnoscit,
1803 4726 1897 4780 sed

320 4817 561 4870 vindicat
585 4832 598 4868 :
622 4832 779 4886 poma
812 4832 942 4871 vero
971 4834 1067 4887 per
1103 4819 1236 4871 iram
1263 4825 1586 4888 generatur,
1609 4819 1688 4872 ira
1715 4828 1896 4872 autem

325 4908 570 4961 nascitur
594 4923 661 4962 ex
687 4916 934 4977 peccato.
982 4909 1078 4963 Vel
1103 4927 1116 4962 :
1143 4909 1252 4963 Lex
1282 4909 1424 4964 enim
1457 4909 1592 4962 iram
1619 4918 1895 4977 operatur,

325 5002 451 5066 quia
495 5000 581 5055 lex
625 5017 734 5056 non
775 5003 941 5056 donat
979 5012 1222 5072 peccata,
1262 5003 1352 5058 sed
1393 5004 1643 5068 damnat;
1687 5011 1739 5058 et
1779 5004 1900 5058 ideo

328 5105 433 5143 non
489 5099 645 5159 potes
705 5106 895 5147 omnes
943 5101 1129 5163 gentes
1182 5093 1322 5148 ﬁlios
1369 5093 1643 5148 Abraham
1699 5093 1898 5159 facere,

329 5179 419 5246 qui
454 5179 748 5234 secundum
775 5181 916 5250 quod
937 5197 1126 5236 omnes
1151 5181 1250 5236 sub
1268 5193 1490 5253 peccato
1517 5183 1721 5238 inventi
1754 5191 1900 5247 sunt,

327 5284 515 5326 omnes
542 5280 702 5326 erant
729 5274 916 5343 utique
949 5273 1203 5343 puniendi
1234 5293 1247 5327 :
1278 5274 1411 5329 ﬁdes
1438 5283 1639 5338 autem,
1667 5273 1904 5329 dimissis

328 5373 431 5429 per
461 5362 689 5430 gratiam
728 5365 986 5432 peccatis,
1024 5379 1214 5419 omnes
1252 5366 1533 5420 credentes
1565 5365 1704 5418 ﬁlios
1739 5363 1903 5418 cﬁicit

328 5449 581 5506 Abrahae.
640 5451 740 5506 Ubi
787 5455 924 5508 enim
974 5471 1079 5509 non
1123 5465 1200 5508 est
1245 5455 1347 5518 (ex,
1388 5473 1478 5510 nec
1517 5457 1898 5526 pra'raricatio.

333 5536 448 5592 Hoc
473 5549 579 5605 est,
607 5542 832 5597 sublatis
873 5544 982 5598 rcis
1006 5545 1073 5599 de
1096 5547 1363 5614 potestate
1392 5545 1545 5615 legis,
1575 5546 1698 5600 data
1724 5545 1898 5608 venia,

334 5631 711 5698 prteraricatio
740 5634 886 5688 nulla
912 5644 996 5690 est
1020 5653 1032 5687 :
1052 5633 1328 5702 justilicati
1357 5636 1499 5691 enim
1529 5644 1654 5690 sunt
1681 5636 1771 5705 qui
1808 5650 1906 5705 per

337 5721 833 5787 pmaricationem
893 5725 1024 5794 legis
1077 5726 1287 5782 fuerant
1336 5738 1675 5799 peccatores;
1729 5737 1908 5782 cessat

1985 3279 2116 3345 Quw
2143 3291 2284 3336 sunt.
2338 3282 2505 3338 Partu
2534 3286 2784 3342 videlicet
2811 3288 3055 3356 fecunda,
3082 3299 3142 3344 ut
3164 3289 3398 3346 Cethura
3429 3292 3568 3350 fuit:

1981 3373 2226 3440 quamvis
2279 3373 2333 3428 in
2381 3376 2647 3447 principio
2690 3382 2911 3435 creandi
2960 3393 3249 3439 vocaverat
3288 3401 3409 3455 qua:
3451 3401 3557 3440 non

1981 3471 2156 3529 erant,
2189 3472 2246 3519 et
2276 3467 2473 3520 statim
2495 3483 2614 3522 esse
2646 3482 2947 3539 coeperunt,
2977 3481 3155 3528 tamen
3190 3476 3276 3530 hic
3297 3477 3424 3546 quia
3449 3476 3562 3545 jam

1982 3568 2088 3606 non
2113 3563 2286 3620 erant,
2315 3556 2664 3627 eistempora
2691 3563 2982 3629 generandi
3012 3565 3245 3618 vocavit.

2056 3644 2160 3710 Qui
2200 3657 2382 3702 contra
2421 3666 2582 3720 spem?
2609 3653 2665 3704 in
2701 3669 2844 3722 spem
2880 3656 3120 3709 credidit.
3173 3655 3371 3710 Contra
3412 3672 3573 3726 spem

1985 3743 2192 3789 naturze
2231 3747 2348 3791 erat
2384 3747 2442 3792 υἱ
2478 3747 2694 3792 centum
2733 3756 2995 3794 annorum
3032 3743 3192 3795 homo
3232 3758 3296 3796 ex
3340 3745 3564 3801 muliere

1984 3839 2138 3891 teque
2174 3824 2286 3892 jam
2327 3824 2500 3891 fessa,
2550 3843 2670 3895 quae
2722 3829 2886 3883 etiam
2933 3831 2988 3884 in
3029 3831 3313 3898 juventute
3359 3837 3565 3890 sterilis

1985 3912 2204 3978 fuisset,
2245 3930 2428 3970 semen
2469 3932 2624 3970 suum
2666 3919 2805 3972 sicut
2854 3920 3038 3977 stellas
3076 3922 3199 3977 coeli
3247 3931 3302 3978 ει
3345 3941 3565 3982 arenam
3639 3945 3646 3952 ‘

1988 4005 2156 4060 maris
2184 4007 2429 4062 crederet
2463 4023 2584 4063 esse
2622 4009 2880 4066 futurum.
2918 4014 3050 4069 Cum
3091 4032 3196 4071 non
3227 4033 3374 4087 spem
3404 4020 3566 4076 habet

1955 4087 2281 4166 'gcnerandi
2320 4097 2626 4167 Abraham,
2679 4104 2852 4158 credit
2896 4105 3039 4172 Deo,
3099 4123 3324 4178 sperans
3377 4122 3565 4167 contra

1991 4204 2138 4258 spem
2177 4206 2434 4260 generare
2463 4209 2543 4259 se,
2579 4197 2757 4253 sciens
2788 4201 2972 4255 omnia
3012 4218 3169 4272 posse
3195 4205 3385 4261 Deum.
3433 4209 3565 4264 Item

1991 4284 2285 4336 secundum
2315 4285 2468 4340 alios.
2498 4287 2602 4352 Qui
2627 4289 2849 4358 viviﬁcat
2871 4303 3121 4348 mortuos.
3147 4296 3295 4352 ldest
3320 4310 3571 4369 peccato-

1993 4386 2101 4436 res,
2126 4373 2537 4441 qui‘secundum
2567 4378 2878 4434 interiorem
2905 4381 3176 4438 hominem
3202 4391 3397 4443 mortui
3423 4401 3564 4444 sunt.

1918 4499 1970 4558 Β
2002 4551 2025 4558 Δ
2051 4462 2134 4558 -Ει
2153 4467 2356 4558 pacavit
2378 4483 2458 4520 ea.
2494 4467 2606 4522 Hoc
2636 4477 2739 4535 est,
2767 4486 2966 4541 genera
2994 4475 3254 4543 gentium,
3287 4487 3344 4531 ut
3376 4481 3486 4534 sint
3513 4483 3569 4535 in

1996 4551 2120 4607 ﬁde.
2152 4553 2420 4625 Tanquam
2443 4573 2503 4609 ea
2529 4575 2645 4627 quae
2668 4570 2810 4612 sunt.
2842 4560 2898 4615 ld
2926 4570 3029 4626 est,
3060 4570 3314 4634 tanquam
3340 4570 3570 4638 patriar-

1996 4643 2146 4707 chas,
2192 4653 2248 4697 et
2294 4648 2604 4724 prophetas,
2652 4657 2706 4703 et
2748 4652 3040 4720 apostolos,
3081 4656 3172 4725 qui
3210 4668 3355 4712 sunt-
3375 4662 3428 4714 in
3465 4661 3570 4717 ﬁde

1998 4732 2258 4802 perfecta,
2283 4737 2583 4790 constituit.

2073 4825 2196 4879 Non
2242 4827 2589 4882 consideravit
2639 4847 3022 4901 corpus-suum
3059 4845 3370 4890 emortuum.
3426 4837 3569 4894 Nihil

1999 4918 2551 4974 naturtecensiderat
2594 4921 2749 4986 ﬁdes,
2783 4923 2926 4992 quia»
2955 4925 3376 4994 omnipotentem
3423 4932 3573 4988 novit

1999 5019 2122 5058 eum
2151 5005 2241 5073 qui
2272 5005 2425 5060 dixit.
2467 5007 2740 5075 Quieritur
2783 5012 3352 5080 quomodo-Abraham
3393 5033 3573 5076 emor-

2003 5101 2098 5148 tuo
2132 5109 2359 5165 corpore
2387 5097 2454 5152 de
2478 5098 2713 5153 Cethura
2752 5101 2890 5156 ﬁlios
2927 5106 3194 5173 genuerit,
3227 5110 3318 5178 qui
3348 5111 3414 5167 de
3437 5111 3571 5169 Sara

2003 5192 2126 5239 ante
2160 5188 2493 5255 nonpotuit.
2549 5189 2754 5244 idcirco
2790 5206 2920 5260 ergo
2957 5194 3025 5248 de
3049 5194 3183 5251 Sara
3223 5215 3329 5255 non
3365 5205 3571 5273 genuit,

1956 5357 1960 5360 ~
2003 5277 2128 5345 quia
2165 5287 2372 5333 vetusta
2410 5289 2528 5334 erat
2565 5288 2620 5334 et
2651 5281 2852 5337 sterilis
2885 5300 2899 5338 :
2945 5285 2996 5339 in
3046 5285 3134 5342 illa
3167 5305 3294 5346 vero
3329 5294 3482 5361 quasi
3520 5295 3576 5350 in

2001 5365 2200 5434 juvene
2249 5383 2410 5423 cursu
2461 5378 2668 5424 natura:
2717 5369 2875 5428 facile
2924 5377 3099 5444 potuit
3145 5394 3424 5450 generare.
3481 5383 3577 5440 Sic

2009 5457 2143 5512 solvi
2178 5458 2314 5513 solet
2342 5469 2396 5513 et
2431 5461 2532 5514 ista
2558 5464 2786 5530 quzestio
2812 5484 2823 5518 :
2852 5466 3003 5533 Quod
3029 5469 3094 5523 de
3121 5469 3358 5526 Cethura
3388 5486 3576 5544 postea

2010 5551 2488 5619 genuitAbrabam
2531 5553 2689 5620 ﬁlios,
2723 5558 2847 5626 quia
2893 5560 3088 5614 donum
3132 5562 3383 5634 gignendi
3431 5572 3574 5638 quod

2011 5655 2039 5692 a
2078 5640 2301 5695 Domino
2343 5645 2570 5714 accepit,
2607 5647 2770 5701 ctiam
2811 5657 2932 5719 post
2967 5651 3174 5707 obitum
3207 5654 3352 5712 Sara:
3393 5661 3574 5716 uxoris

2011 5731 2227 5785 mansit.
2275 5732 2403 5789 ltcm
2441 5735 2755 5804 Ambrosius
2790 5755 2802 5794 :
2839 5742 2960 5799 Non
3001 5749 3343 5806 considerari:
3389 5770 3594 5812 coruus.
