3974 6202
351 362 412 417 5|
1140 380 1153 391 ο
1741 356 2008 414 SEDULII
2047 354 2241 412 SCOTI
2982 370 2987 375 ‘
3537 356 3607 415 5%
3652 362 3657 371 '

350 485 503 525 suum
530 476 824 524 emortuum
857 482 875 519 :
906 467 1158 522 hortatur
1188 474 1376 537 gentes
1412 466 1480 521 ad
1503 467 1644 521 hanc
1671 466 1795 522 ﬁdei
1826 464 1922 522 ﬁr-
1949 468 2001 527 Α
2023 479 2210 535 pacem
2238 464 2333 521 Dei
2363 463 2626 529 venimus,
2651 464 2866 534 quando
2895 464 3156 520 adversus
3184 464 3457 522 diabolum
3480 483 3609 539 per.

352 562 621 625 unitatem,
650 569 713 614 ut
737 559 833 613 Dei
870 557 1282 628 promissionem
1312 564 1365 612 et
1400 558 1628 628 gratiam
1664 556 1782 612 sine
1823 556 1924 611 ali-

351 671 457 725 qua
486 653 839 725 ambiguitate
862 652 1184 721 suscipiant,
1208 652 1385 708 securi
1407 652 1654 722 exemplo
1674 652 1923 708 Abrahae.

352 744 632 812 Quomodo
669 744 715 798 is
746 743 1016 797 videbitur
1050 743 1283 797 emortui
1322 744 1585 814 corporis,
1627 744 1718 814 qui
1757 743 1927 800 multo

352 838 535 891 senior
560 834 780 889 effectus
810 849 972 904 quam
998 843 1127 889 tune
1158 844 1296 899 erat,
1325 842 1379 889 et
1407 847 1629 889 uxorem
1661 834 1924 904 accipere,

352 934 408 981 ct
454 940 547 981 sex
594 924 795 979 liberos
839 938 1132 995 procreare
1172 920 1403 994 possit?’
1447 924 1635 993 Itaque
1684 923 1928 978 dicamus

350 1016 625 1071 Abraham
654 1028 761 1069 non
797 1012 1129 1068 infirmitatis
1158 1019 1481 1077 emortuum,
1511 1012 1608 1067 sed
1633 1012 1925 1067 secundum

354 1105 501 1159 illam
545 1105 795 1159 virtutem
834 1110 1179 1168 sanctorum,
1220 1102 1321 1157 fuit
1358 1103 1413 1156 in
1456 1102 1547 1156 illo
1584 1101 1928 1157 mortiﬁcatio

349 1195 514 1251 etiam
556 1194 958 1259 membrorum,
995 1207 1122 1248 nam
1166 1208 1274 1248 non
1325 1191 1652 1246 incitabatur
1691 1192 1927 1257 luxuria,

352 1301 459 1340 non
508 1287 768 1341 urebatur
819 1285 1039 1341 libidine
1067 1303 1081 1339 :
1109 1285 1213 1339 hoc
1251 1284 1391 1339 idem
1423 1290 1543 1338 erat
1576 1290 1631 1338 ct
1673 1282 1730 1337 in
1769 1282 1925 1346 Sara,

351 1378 478 1446 quia
507 1375 820 1430 defecerant
857 1374 1161 1429 muliebria.
1203 1372 1321 1428 Non
1350 1380 1470 1427 erat
1502 1372 1556 1426 in
1589 1371 1677 1426 illa
1708 1370 1927 1425 lascivia

352 1466 614 1530 mulieris,
646 1473 741 1519 aut
773 1463 1178 1518 incontinentiae
1209 1462 1437 1525 solutio,
1472 1475 1648 1529 neque
1686 1460 1741 1514 in
1769 1474 1927 1514 usum

352 1557 591 1612 libidinis
625 1554 1099 1625 praecipitabantur
1129 1553 1302 1606 inviti.
1343 1549 1454 1605 Sed
1479 1558 1535 1605 et
1580 1558 1635 1603 tu
1665 1549 1711 1604 si
1743 1549 1931 1604 morti-

351 1646 484 1700 ﬁcas
512 1643 754 1699 membra
784 1651 899 1707 tua,
923 1656 1045 1711 quas
1079 1649 1207 1696 sunt
1232 1654 1396 1711 super
1426 1646 1627 1693 terram
1656 1655 1668 1690 :
1696 1638 1742 1692 si
1783 1638 1931 1707 abjc-

349 1742 437 1788 cto
463 1732 610 1787 omni
638 1730 852 1785 fervore
876 1729 1133 1795 libidinis,
1158 1736 1466 1784 emortuum
1496 1742 1692 1797 corpus
1720 1741 1926 1787 serves,

2028 553 2290 618 sistimus,
2319 561 2375 609 et
2418 554 2634 624 quando
2660 554 2946 610 adversum
2995 555 3178 609 carnis
3211 556 3340 611 vitia
3382 558 3611 615 dimica-

2026 657 2169 697 mus.
2200 644 2268 698 Et
2294 645 2420 714 quia
2446 644 2707 701 Dominus
2738 645 2897 701 Jesus
2938 643 3096 713 hujus
3135 648 3322 717 gratia:
3365 650 3611 708 minister

2028 741 2132 798 est,
2158 747 2256 803 per
2283 734 2458 804 ipsum
2480 734 2751 803 pacificati
2781 751 2968 790 sumus
2996 736 3127 789 Deo.

2100 819 2207 875 Per
2230 838 2382 893 quem
2410 839 2676 877 accessum
2717 823 2966 877 habemus
3005 840 3100 893 per
3124 818 3283 892 ﬁdem
3303 824 3357 879 in
3384 828 3610 896 gratiam

2028 914 2207 967 istam.
2233 913 2348 968 Hoc
2375 922 2493 979 est,
2540 928 2637 984 per
2673 928 2833 983 quem
2873 915 3267 970 accesserimus
3301 932 3487 987 prepe,
3516 919 3609 988 qui

2028 1018 2245 1057 eramus
2294 1002 2470 1074 longe.
2523 1003 2803 1071 Quomodo
2846 1018 3125 1059 accessum
3176 1006 3471 1063 habeamus
3513 1018 3611 1078 per

2029 1095 2314 1151 Dominum
2345 1106 2590 1152 nostrum
2638 1096 2822 1152 Jesum
2859 1097 3168 1164 Christum,
3216 1100 3332 1170 ipse
3364 1100 3612 1156 Salvator

2030 1189 2103 1242 ait
2126 1206 2139 1241 :
2167 1188 2280 1258 Ego
2308 1206 2423 1243 sum
2447 1191 2661 1253 ostium,
2686 1206 2835 1244 nemo
2860 1192 2996 1243 venit
3026 1190 3095 1243 ad
3130 1187 3366 1255 Patrem,
3390 1193 3492 1246 nisi
3519 1210 3613 1263 per

2029 1293 2113 1331 me
2163 1276 2356 1349 (loan.
2389 1277 2476 1350 ι).
2509 1276 2615 1333 Sed
2654 1279 2935 1333 videamus
2981 1279 3140 1347 quale
3168 1287 3255 1334 est
3289 1280 3516 1342 ostium,
3552 1293 3610 1336 ut

2033 1370 2273 1424 sciamus
2301 1369 2491 1438 quales
2517 1382 2639 1424 esse
2676 1369 2911 1424 debeant
2929 1368 3019 1438 qui
3049 1369 3254 1423 intrant
3280 1385 3377 1438 per
3411 1370 3611 1439 ipsum,

2029 1469 2085 1516 et
2112 1475 2388 1515 accessum
2419 1461 2619 1515 habent
2650 1462 2716 1515 ad
2739 1460 2991 1532 gratiam.
3024 1459 3171 1515 Istud
3193 1461 3390 1515 ostium
3410 1462 3613 1517 veritas

2029 1561 2143 1607 est:
2173 1559 2229 1606 et
2255 1552 2301 1606 si
2330 1552 2529 1606 ostium
2553 1552 2776 1616 veritas,
2807 1567 2914 1606 non
2950 1559 3173 1622 possunt
3206 1552 3430 1608 introire
3455 1568 3612 1607 men-

2030 1643 2213 1697 daces.
2244 1642 2313 1695 Et
2341 1657 2595 1696 rursum:
2636 1642 2781 1696 istud
2818 1642 3017 1696 ostium
3037 1641 3247 1711 justitia
3286 1650 3387 1706 est,
3427 1650 3483 1697 et
3516 1658 3616 1712 per

2029 1735 2226 1789 ostium
2243 1732 2466 1801 iustitia:
2493 1748 2598 1788 non
2626 1732 2999 1802 ingrediuntur
3019 1731 3222 1801 injusti.
3250 1732 3393 1787 [stud
3411 1733 3613 1787 ostium

348 1831 404 1877 et
449 1822 611 1878 nullis
655 1822 949 1877 obnoxium
992 1821 1174 1885 vitiis,
1223 1826 1377 1891 potes
1421 1834 1682 1891 generare
1737 1819 1921 1883 Isaac,
1957 1806 2002 1864 Β
2029 1827 2201 1882 dicit:
2242 1825 2441 1880 Discite
2468 1843 2500 1879 a
2530 1842 2633 1891 me,
2667 1826 2793 1897 quia
2822 1826 2962 1880 mitis
2987 1843 3122 1890 nim,
3148 1836 3197 1880 et
3231 1827 3442 1881 humilis
3458 1829 3619 1881 corde

349 1914 492 1985 quod
520 1920 605 1969 est
630 1912 906 1983 gaudium.
940 1912 1011 1967 Et
1039 1911 1130 1967 hic
1163 1921 1247 1967 est
1278 1910 1488 1981 primus
1521 1909 1728 1964 fructus
1770 1909 1929 1980 spiri—

350 2014 462 2070 tus,
492 2012 670 2073 potest
708 2017 893 2058 semen
924 2009 1073 2055 tuum
1108 2009 1163 2057 et
1203 2017 1366 2073 opera
1401 2004 1694 2058 ascendere
1726 2003 1778 2057 in
1811 2018 1924 2058 ca:-

349 2095 483 2159 lum,
532 2102 587 2148 et
633 2091 847 2149 efﬁcere
880 2107 1046 2161 opera
1096 2092 1252 2157 lucis,
1296 2102 1352 2148 et
1404 2093 1682 2148 stellarum
1735 2093 1928 2163 fulgori

349 2184 729 2256 splendorique
774 2182 1036 2247 conferri,
1082 2180 1142 2237 u't
1184 2197 1308 2237 cum
1357 2183 1473 2238 dies
1518 2181 1932 2238 resurrectionis

351 2273 603 2335 adfuerit,
638 2282 895 2341 tanquam
936 2271 1088 2326 stella
1129 2271 1350 2327 dill‘eras
1386 2272 1440 2325 in
1480 2271 1754 2326 claritate.
1802 2270 1932 2325 Am-

349 2366 491 2437 plius
527 2366 706 2421 adhuc
741 2364 887 2430 dico,
924 2371 1100 2434 potes,
1134 2363 1181 2419 si
1219 2371 1328 2418 tam
1369 2378 1541 2432 purus
1580 2372 1776 2426 mente,
1821 2370 1931 2417 tam

350 2465 572 2511 sanctus
612 2467 871 2523 corpore,
910 2461 1020 2508 tam
1065 2453 1445 2507 immaculatus
1490 2453 1702 2506 actibus
1740 2449 1928 2517 fueris,

353 2546 518 2600 etiam
569 2543 745 2613 ipsum
788 2557 1047 2612 generare
1088 2541 1394 2608 Christum,
1439 2542 1735 2597 secundum
1781 2541 1933 2595 illum

353 2636 448 2707 qui
471 2634 688 2690 diccbat
715 2651 729 2688 :
757 2632 944 2687 Filioli
973 2633 1077 2687 mei
1105 2649 1238 2704 quos
1269 2633 1459 2686 iterum
1481 2632 1742 2703 parturio,
1769 2631 1932 2685 donec

351 2727 608 2798 formetur
645 2722 887 2781 Christus
935 2726 990 2780 in
1029 2725 1171 2780 vobis
1219 2722 1364 2796 (Gal.
1391 2723 1504 2796 IV);
1550 2730 1606 2779 et
1650 2723 1791 2778 sicut
1819 2721 1933 2791 ipse

350 2817 615 2874 Dominus
646 2817 777 2873 dicit
810 2833 824 2869 :
862 2814 967 2882 Qui
1000 2816 1179 2885 fecerit
1222 2814 1543 2870 voluntatem
1587 2812 1767 2868 Patris
1806 2813 1929 2877 mei,

350 2910 440 2981 qui
468 2910 524 2964 in
550 2907 692 2964 caelis
721 2917 818 2972 est,
843 2907 929 2961 hic
950 2916 1196 2962 estmeus
1225 2906 1408 2975 frater,
1431 2920 1582 2958 soror
1608 2913 1654 2958 et
1685 2912 1871 2956 mater.

431 2998 559 3056 Non
586 3000 738 3054 htvsit
769 2996 1078 3067 difﬁdentia.
1123 2994 1234 3051 Nec
1260 2994 1327 3049 de
1357 2999 1636 3049 senectute
1660 2989 1933 3063 possibili-

351 3091 484 3148 tatis
518 3106 620 3146 nec
665 3088 736 3144 de
782 3087 1150 3156 magnitudine
1194 3083 1575 3155 promissionis
1625 3082 1926 3138 dubitavit:

352 3198 455 3239 nec
497 3181 643 3238 enim
675 3179 809 3234 ﬁdes
839 3178 1004 3234 habet
1035 3177 1288 3232 meritum
1307 3216 1323 3241 ,
1368 3190 1491 3230 cum
1522 3174 1759 3229 humana
1788 3171 1928 3226 ratio

349 3274 544 3345 probet
565 3272 1016 3342 experimentum.

427 3364 569 3418 Datus
616 3361 841 3433 gloriam
889 3359 1020 3414 Deo.
1069 3358 1348 3428 Tanquam
1387 3356 1453 3412 de
1489 3363 1743 3427 percepto
1786 3355 1929 3409 dono

351 3457 556 3529 gratias
584 3469 768 3526 agens.
802 3451 926 3506 Non
954 3460 1027 3506 est
1052 3459 1227 3505 autem
1250 3449 1497 3520 scriptum
1528 3456 1738 3519 propter
1759 3447 1928 3516 ipsum

351 3555 578 3601 tantum.
612 3543 729 3598 Hoc
754 3550 861 3608 est,
884 3555 993 3595 non
1021 3546 1082 3594 ut
1107 3539 1225 3610 ejus
1255 3537 1414 3593 fidem
1445 3536 1614 3593 solam
1645 3537 1926 3597 sciremus,

352 3639 450 3696 sed
477 3644 537 3693 ut
561 3634 680 3706 ejus
705 3633 861 3705 quasi
892 3632 1063 3703 patris
1087 3631 1361 3687 imitemur
1383 3627 1708 3697 exemplum,
1739 3626 1863 3695 quia
1884 3624 1929 3679 si

351 3743 454 3785 nos
493 3727 571 3783 ita
600 3724 887 3782 credamus
924 3723 1035 3777 Deo
1065 3729 1124 3776 ut
1150 3720 1239 3774 ille
1278 3718 1540 3784 credidit,
1568 3717 1731 3772 etiam
1775 3715 1932 3770 nobis

352 3819 695 3891 reputabitur
723 3815 858 3872 fides
883 3814 953 3871 ad
971 3813 1261 3883 justitiam.
1302 3811 1415 3867 Hoc
1440 3810 1598 3865 modo
1624 3815 1933 3878 competen-

352 3918 438 3966 ter
466 3908 737 3964 videbitur
771 3906 952 3963 habita
996 3903 1331 3973 comparatio
1373 3902 1495 3957 ﬁdei
1539 3901 1809 3956 Abraham
1832 3940 1846 3964 ,
1877 3907 1933 3955 et

351 4014 539 4056 eorum
561 3998 654 4068 qui
675 3997 904 4053 credunt
927 3996 980 4050 in
1005 4010 1150 4049 eum.
1169 3992 1273 4058 Qui
1293 3992 1561 4045 suscitavit
1580 3990 1759 4044 Iesum
1782 3986 1932 4045 Chri—
1968 4060 1971 4071 .

350 4099 508 4147 stunt.
540 4088 677 4157 Quia
704 4086 850 4157 quod
880 4085 969 4140 ille
1011 4082 1252 4138 futurum
1295 4080 1558 4146 credidit,
1600 4080 1741 4135 sicut
1774 4080 1841 4135 de
1867 4095 1932 4135 co

351 4182 614 4239 Dominus
635 4180 795 4235 dicit:
823 4176 963 4243 Quia
987 4174 1254 4229 Abraham
1278 4182 1428 4243 pater
1448 4180 1615 4226 vester
1633 4170 1930 4235 exsultavit,

355 4283 409 4329 ut
441 4271 635 4327 videret
658 4268 794 4323 diem
818 4282 1014 4332 meum,
1038 4274 1086 4319 et
1125 4264 1289 4330 vidit,
1325 4272 1373 4317 et
1410 4263 1617 4334 gavisus
1648 4270 1725 4317 est
1749 4259 1927 4333 (Joan.

351 4364 495 4438 vui),
527 4378 560 4419 ιι
585 4361 740 4419 nobis
760 4360 998 4415 creditur
1017 4356 1237 4412 factum.
1257 4354 1361 4421 Qui
1382 4355 1607 4410 traditus
1631 4363 1707 4409 est
1726 4363 1934 4424 propter

349 4454 543 4511 delicta
572 4462 772 4509 nostra.
811 4449 882 4507 Ut
905 4449 1157 4505 ostendat
1178 4446 1319 4516 quod
1345 4460 1407 4500 et
1428 4460 1526 4515 pro
1549 4442 1745 4513 quibus
1771 4441 1929 4497 Chri-

352 4558 470 4603 stus
512 4545 746 4601 traditus
776 4549 859 4596 est
878 4581 893 4605 ,
942 4540 1105 4595 etiam
1145 4552 1245 4591 nos
1272 4535 1565 4590 abhorrere
1592 4534 1851 4589 debemus
1877 4540 1933 4585 et

351 4637 618 4709 abjicere:
651 4631 922 4703 quomodo
944 4629 1087 4687 enim
1120 4626 1351 4682 alienum
1381 4624 1537 4680 nobis
1572 4633 1627 4679 et
1653 4623 1931 4677 inimicum

356 4727 572 4784 ducitur
594 4738 755 4780 omne
784 4728 1061 4793 peccatum
1081 4759 1094 4783 ,
1126 4733 1223 4789 pro
1261 4732 1370 4787 quo
1397 4715 1726 4785 Redemptor
1750 4723 1934 4770 noster

353 4819 584 4876 traditus
612 4820 944 4871 memoratur
982 4812 1034 4866 iu
1071 4808 1344 4864 mortem?
1384 4806 1686 4861 Resurrexit
1724 4813 1933 4876 propter

346 4907 782 4979 justiﬁeationem
808 4913 1060 4958 nostram.
1092 4897 1360 4955 Justillcat
1395 4896 1643 4952 Christus
1677 4910 1772 4950 eos
1812 4903 1931 4948 tan-

356 5000 655 5064 tummodo,
684 4998 776 5068 qui
806 5011 999 5053 novam
1043 4994 1210 5048 vitam
1251 4989 1497 5059 exemplo
1522 4987 1931 5044 resurrectionis

355 5089 528 5160 ipsius
549 5094 923 5155 susceperunt,
940 5092 993 5140 et
1016 5090 1224 5138 vetusta
1256 5078 1532 5150 iniustitia:
1558 5086 1717 5146 atque
1737 5075 1931 5145 iniqui-

356 5179 485 5237 tatis
517 5178 852 5241 indumenta,
879 5176 1026 5231 velut
1050 5187 1270 5230 causam
1302 5168 1512 5232 mortis,
1547 5166 1822 5237 abjiciunt.

979 5284 1205 5340 CAPUT
1244 5282 1308 5337 γ.

422 5380 712 5451 Justiﬁcati
742 5378 900 5448 igitur
925 5393 989 5430 ea:
1008 5376 1110 5444 ﬁde
1133 5391 1311 5437 pacem
1350 5374 1598 5427 habemus
1635 5371 1703 5423 ad
1734 5369 1897 5423 Deum
1918 5409 1932 5432 ,

352 5490 447 5548 per
464 5472 748 5528 Dominum
778 5478 1013 5523 nostrum
1049 5466 1234 5521 Jesum
1270 5465 1553 5520 Christum.
1602 5461 1935 5516 Pertraetata

353 5577 538 5628 causa,
563 5560 690 5631 quia
721 5574 881 5614 nemo
901 5572 1087 5614 eorum
1118 5571 1187 5611 ex
1216 5556 1470 5625 operibus
1490 5552 1820 5621 justifieatus
1838 5552 1931 5617 sit,

356 5656 453 5712 sed
474 5666 662 5709 omnes
696 5665 760 5707 ex
792 5650 916 5716 fide,
951 5649 1097 5720 quod
1143 5647 1389 5716 exemplo
1419 5645 1690 5700 Abraham
1721 5645 1931 5715 prohat,

357 5758 546 5817 pacem
570 5742 770 5798 habere
793 5754 886 5796 cos
914 5738 1164 5794 hortatur
1188 5736 1252 5791 ad
1282 5735 1470 5789 Deum.
1500 5733 1649 5789 Tunc
1681 5735 1849 5803 magis
1878 5734 1930 5789 in

2030 1916 2243 1989 (Matth.
2266 1916 2366 1985 ιι).
2391 1916 2497 1971 Per
2513 1915 2712 1970 ostium
2728 1930 2858 1986 ergo
2879 1916 3201 1971 humilitatis
3224 1925 3280 1969 et
3303 1926 3617 1972 mansuetu-

2029 2007 2190 2072 dinis,
2220 2023 2322 2063 nec
2353 2007 2644 2062 iracundus
2672 2007 2995 2077 ingreditur,
3024 2023 3126 2062 nec
3154 2008 3434 2077 superbus.

2103 2096 2171 2152 In
2200 2115 2304 2169 qua
2338 2108 2562 2153 stamus.
2590 2097 2716 2153 Ideo
2746 2098 2885 2152 dixit
2908 2106 3143 2171 stantes,
3192 2099 3319 2169 quia
3339 2097 3614 2167 iacuimus

2030 2188 2199 2257 prius.
2263 2187 2333 2241 Et
2389 2186 2681 2258 gloriamur
2727 2188 2783 2240 iu
2835 2202 2924 2257 spe
2978 2185 3160 2256 gloria:
3208 2186 3445 2255 ﬁliorum
3495 2186 3611 2241 Dei.

2031 2276 2340 2332 Gloriamur
2377 2292 2478 2332 nos
2519 2291 2741 2345 sperare
2786 2276 3009 2347 gloriam
3054 2274 3287 2330 filiorum
3334 2276 3463 2340 Dei,
3507 2292 3614 2346 qua

2022 2368 2157 2437 justi
2180 2366 2451 2437 fulgebunt
2471 2366 2607 2419 sicut
2630 2366 2709 2420 sol
2726 2367 2781 2420 in
2814 2382 2970 2436 regno
2999 2364 3178 2420 Patris
3204 2366 3614 2437 eorum(Matth.

2030 2459 2177 2529 xm),
2203 2470 2260 2513 et
2285 2468 2444 2513 erunt
2472 2458 2614 2541 sicut
2640 2457 2813 2529 angeli
2839 2456 2932 2512 Dei
2954 2456 3009 2510 in
3024 2455 3180 2512 calo.
3202 2456 3378 2512 Movet
3406 2470 3491 2511 me
3514 2472 3613 2512 cur

2032 2569 2140 2609 non
2169 2554 2364 2607 dixerit
2391 2567 2449 2607 se
2479 2552 2696 2620 gloriari
2731 2553 2785 2605 in
2813 2550 2985 2621 gloria
3020 2550 3143 2614 Dei,
3173 2548 3264 2602 sed
3290 2550 3343 2603 in
3388 2565 3477 2618 spe
3499 2548 3617 2618 glo-

2033 2643 2127 2697 ria.-
2168 2641 2286 2706 Dei,
2334 2642 2387 2695 in
2436 2656 2544 2710 quo
2584 2641 2773 2695 deesse
2808 2640 3026 2709 quidem
3055 2638 3257 2707 aliquid
3289 2636 3618 2703 elocutionis

2031 2731 2267 2795 videtur,
2296 2731 2370 2784 ita
2399 2739 2458 2784 ut
2487 2728 2767 2785 subaudiri
2799 2728 3011 2792 debeat,
3036 2727 3091 2781 in
3118 2742 3213 2797 spe
3236 2726 3479 2781 videnda:
3499 2724 3613 2795 glo-

2031 2820 2127 2875 ria:
2155 2820 2271 2874 Dei.
2303 2818 2426 2873 Non
2453 2817 2622 2873 solum
2649 2826 2824 2872 autem
2860 2817 2990 2882 hoc,
3031 2816 3122 2870 sed
3152 2826 3201 2869 et
3241 2814 3532 2886 gloriamur
3555 2815 3613 2867 in

2032 2908 2475 2965 tribulationibus.
2508 2907 2624 2962 Non
2653 2907 2825 2962 solum
2854 2908 2907 2961 in
2937 2906 3121 2978 gloria:
3163 2920 3290 2975 spe,
3327 2904 3422 2959 sed
3446 2903 3611 2957 etiam

2033 3005 2088 3058 in
2122 3001 2497 3057 saluberrimis
2522 3000 2962 3055 tribulationibus
2988 2998 3298 3069 gloriamur,
3324 2997 3377 3050 in
3401 2994 3615 3065 magni-

2035 3095 2276 3149 tudinem
2321 3092 2667 3161 praemiorum
2706 3098 3022 3161 sperantes,
3054 3089 3195 3143 sicut
3224 3084 3457 3141 Iacobus
3493 3085 3609 3140 ait:

2034 3181 2201 3237 Omne
2229 3182 2482 3253 gaudium
2506 3181 2799 3237 existimate
2817 3220 2832 3244 ,
2869 3195 2986 3233 cum
3024 3179 3079 3231 in
3107 3179 3411 3231 tentationes
3438 3176 3614 3232 varias

2030 3275 2320 3330 incideritis
2344 3274 2401 3347 (1
2405 3275 2553 3329 acob.
2591 3275 2652 3344 ι).
2684 3272 2837 3329 Unde
2857 3279 2912 3327 et
2927 3279 3115 3340 optare
3136 3268 3394 3324 debemus
3409 3267 3612 3337 aliquid

2029 3368 2142 3438 pati
2184 3382 2284 3437 pro
2314 3367 2532 3422 nomine
2564 3364 2805 3427 Domini,
2833 3371 2896 3417 ut
2919 3360 3262 3430 acquiramus
3287 3358 3353 3413 de
3391 3355 3613 3412 tribula-

2030 3458 2178 3513 tione
2206 3457 2442 3513 ﬁnienda
2468 3455 2752 3526 prtemium
2778 3453 3076 3507 inﬁnitum:
3105 3449 3443 3504 considerato
3467 3446 3612 3502 enim

2030 3547 2287 3615 pmmio,
2317 3545 2525 3599 nullum
2563 3558 2848 3613 possumus
2871 3541 3191 3611 condignum
3221 3539 3488 3594 aestimare
3531 3537 3611 3591 la-

2030 3638 2239 3691 borem.
2271 3634 2544 3690 Habemus
2569 3647 2699 3703 ergo
2724 3632 2862 3686 unde
2884 3629 3205 3701 gloriemur:
3246 3642 3440 3695 magna
3464 3626 3610 3681 enim

2032 3726 2202 3796 gloria
2229 3735 2314 3780 est
2345 3726 2411 3781 de
2441 3724 2564 3779 imis
2591 3723 2659 3777 ad
2699 3737 2908 3777 summa
2937 3734 3210 3783 crescere,
3251 3726 3306 3771 et
3337 3717 3407 3772 de
3444 3717 3613 3772 nihilo

2033 3818 2100 3873 ad
2131 3817 2367 3873 maxima
2394 3817 2697 3887 pervenire,
2729 3815 2795 3868 de
2822 3813 2948 3868 limo
2981 3811 3048 3867 ad
3069 3811 3287 3875 cmlum,
3317 3820 3372 3866 et
3403 3810 3469 3866 de
3499 3822 3611 3863 scr—

2034 3910 2203 3964 vitate
2241 3908 2309 3963 ad
2354 3922 2608 3977 regnum:
2642 3906 2686 3961 si
2733 3894 3086 3959 tamen'omni
3130 3901 3310 3957 saeculi
3346 3900 3516 3971 gloria
3557 3907 3613 3952 et

2028 4000 2371 4069 jucunditate
2401 4006 2729 4067 contempta,
2766 3997 2818 4051 in
2849 3996 2939 4050 illo
2964 3994 3100 4059 solo,
3132 3991 3275 4062 quod
3309 3991 3465 4046 nobis
3491 4004 3613 4059 pro-

2034 4090 2286 4153 mittitur,
2319 4089 2645 4159 gloriemur:
2668 4096 2724 4141 et
2749 4087 2796 4141 si
2822 4087 2923 4141 hoc
2956 4084 3169 4147 feceris,
3198 4082 3301 4138 tale
3324 4089 3428 4147 est,
3453 4079 3613 4149 quale

2033 4180 2079 4235 si
2101 4179 2248 4249 quis,
2264 4193 2483 4234 nummo
2495 4177 2747 4248 plumbeo
2765 4184 3098 4245 contempto,
3119 4187 3386 4243 gemmam
3406 4169 3611 4242 regiam

2032 4275 2413 4338 consequatur.
2451 4264 2771 4334 Quanquam
2805 4279 2905 4319 nec
2929 4264 3009 4319 sic
3032 4264 3109 4321 sit
3145 4262 3305 4332 digna
3333 4274 3607 4329 compara-

2036 4360 2134 4424 tio,
2156 4359 2283 4429 quia
2310 4358 2395 4412 his
2424 4356 2673 4427 quamvis
2694 4356 2929 4426 pretium
2955 4353 3139 4416 distet,
3158 4360 3340 4406 manet
3365 4350 3610 4417 utrisque

2033 4448 2368 4519 comparatio
2393 4461 2408 4501 :
2443 4448 2513 4502 ibi
2542 4456 2670 4501 vero
2688 4442 3195 4514 incorruptibilibus
3218 4439 3607 4509 corruptibilis,

2037 4546 2092 4593 et
2120 4538 2339 4593 aeternis
2363 4536 2567 4592 caduca
2613 4540 3036 4602 comparantur:
3083 4529 3315 4584 Scientes
3351 4528 3489 4598 quod
3515 4527 3612 4579 tri-

2039 4629 2237 4683 bulatio
2257 4630 2562 4699 patientiam
2583 4636 2853 4697 operatur.
2896 4623 3010 4678 Hoc
3054 4630 3169 4686 est,
3210 4620 3611 4675 tribulationem

2036 4721 2352 4790 patientiam
2388 4719 2635 4790 operari,
2686 4717 2731 4771 si
2779 4713 3057 4769 tribulatio
3100 4713 3216 4781 ipsa
3259 4719 3462 4765 motum
3503 4724 3610 4763 non

2038 4809 2275 4878 pariatur
2304 4806 2657 4871 infirmitatis,
2686 4812 2780 4859 aut
2809 4800 3179 4872 dubitationis.

2112 4899 2377 4953 Patientia
2405 4900 2542 4953 enim
2578 4895 2953 4966 probationem.
2984 4892 3119 4958 Quia
3144 4891 3399 4960 patientia
3422 4890 3465 4944 si
3491 4889 3614 4946 talis

2038 4988 2221 5055 fuerit,
2254 4988 2467 5058 qualem
2497 4988 2654 5051 dixit,
2679 4985 2834 5039 ﬁrma
2869 4983 3138 5037 videbitur
3167 4981 3438 5051 probatio,
3470 4980 3614 5033 unde

2039 5080 2292 5135 Salomon
2324 5078 2435 5133 ait:
2492 5076 2627 5129 Vasa
2653 5074 2805 5146 ﬁguli
2834 5072 3017 5145 probat
3048 5072 3257 5141 [οι-ηπ,
3298 5080 3346 5122 et
3377 5069 3610 5121 homines

2031 5172 2204 5240 justas
2227 5169 2443 5222 tentatio
2474 5165 2667 5237 (Eccli.
2700 5164 2893 5235 xxv").

2112 5278 2363 5333 Probatio
2389 5287 2560 5331 autem
2596 5290 2756 5346 spem.
2798 5274 2934 5344 Spes
2971 5285 3103 5326 vero
3143 5270 3270 5339 quia
3312 5269 3608 5339 probatur,

2040 5371 2254 5425 videtur
2284 5382 2383 5424 nec
2408 5368 2679 5422 immerito
2702 5367 2806 5421 dici
2832 5383 2846 5419 :
2888 5365 3083 5433 dignus
3107 5360 3250 5415 enim
3275 5360 3446 5416 scitur
3462 5373 3613 5413 accc-

2038 5470 2228 5531 pturus
2281 5459 2771 5514 remunerationem
2822 5457 2877 5510 in
2925 5468 3094 5523 regno
3144 5452 3254 5505 Dei.
3315 5450 3613 5505 Tribulatio

2039 5559 2347 5608 sanctorum
2372 5551 2589 5620 proprie
2611 5558 2712 5611 est,
2738 5547 3026 5617 impiorum
3055 5559 3186 5598 vero
3211 5551 3264 5599 et
3290 5543 3611 5613 iujustorum

2038 5643 2246 5714 ﬂagella
2273 5641 2645 5713 appellantur:
2690 5640 2929 5708 Denique
2968 5637 3024 5690 in
3067 5635 3277 5706 psalmo
3320 5634 3399 5688 sic
3441 5632 3605 5685 dicit:

2042 5733 2224 5790 Multa:
2255 5733 2613 5788 tribulationcs
2643 5732 2898 5786 iustorum
2923 5726 3094 5801 (Psal.
3135 5723 3350 5796 χχχιιι).
3391 5723 3464 5777 De
3497 5722 3613 5776 istis
