3974 6202
296 260 356 318 5

1383 266 1715 323 COLLECT.
1751 266 1820 322 IN
1861 267 2078 325 EPIST.
2119 270 2210 325 AD
2245 254 2425 328 non.

3470 278 3539 334 SI

295 386 465 430 autem
493 374 606 429 ait:
650 372 822 430 Multa
848 374 1059 445 ﬂagella
1096 386 1424 446 peccatorum
1467 376 1639 449 (Psal.
1686 379 1858 451 xxxi).
1889 382 1936 442 A
1966 381 2143 437 salvos
2163 381 2323 439 faciet
2342 384 2396 439 in
2412 386 2522 440 vita
2550 384 2875 455 ipsius,cum
2904 386 3203 444 resurrexit
3222 402 3252 442 a
3280 391 3535 447 mortuis!

299 468 420 538 Spes
456 476 630 521 autem
671 483 778 523 non
818 467 1112 537 confundit.
1145 467 1281 538 Spes
1307 467 1613 525 futurorum
1640 485 1858 525 omnem
1960 470 2086 539 quia
2111 471 2252 527 sicut
2290 488 2438 529 mors
2474 474 2591 543 ejus
2617 491 2648 529 a
2685 475 2900 531 diabolo
2929 492 3029 532 nos
3066 478 3285 548 eripuit,
3313 480 3390 535 ita
3429 482 3540 536 vita

297 558 655 615 confusionem
703 559 957 628 expellit,
1008 560 1148 615 unde
1197 563 1458 631 probatur
1503 579 1610 618 non
1661 563 1860 619 habere
1959 560 2026 615 de
2052 561 2138 616 die
2154 560 2342 629 judicii
2370 573 2571 618 aeterna
2613 572 2787 619 morte
2823 580 2923 620 nos
2959 565 3244 622 liberabit:
3284 568 3410 622 item
3440 586 3540 641 pro

295 648 468 711 ﬁdem,
496 646 588 715 qui
618 647 674 700 in
711 649 998 718 praeceptis
1020 648 1385 705 confunditur.
1423 650 1553 722 Spes
1595 669 1697 706 non
1737 670 1861 706 cou-

299 739 492 809 fundit,
527 739 658 793 dum
698 739 851 795 stulti
890 755 990 796 nos
1024 749 1082 797 et
1120 742 1341 798 hebetes
1377 758 1410 797 a
1456 743 1675 814 perﬁdis
1710 744 1850 815 judi—

298 847 494 885 camnr.

1959 653 2393 721 persecutoribus
2414 654 2609 709 Filium
2641 657 2775 710 mori
2798 657 3069 726 permisit,
3098 659 3227 728 quid
3258 660 3421 715 faciet
3441 677 3543 731 pro

1953 741 2281 811 justiﬁcatis,
2314 745 2417 798 nisi
2456 752 2634 799 seert
2671 761 2770 800 eos
2796 747 2863 799 ab
2892 746 2970 800 ira
2995 749 3267 803 ventura?
3308 749 3428 803 Non
3456 768 3542 805 so-

1961 834 2069 886 lum
2097 842 2268 888 autem
2292 836 2409 888 hoc.
2432 834 2490 889 Id
2518 843 2623 900 est,
2640 850 2744 890 non
2768 836 2939 891 solum
2963 838 3117 893 nobis
3144 855 3241 909 per
3267 841 3539 895 Christum

355 919 492 985 Quia
520 920 756 975 Charitas
790 920 891 975 Dei
918 921 1115 991 lii/fusa
1156 932 1231 976 est
1274 923 1330 978 in
1379 924 1623 978 cordibus
1671 926 1861 980 nostris
1960 922 2157 979 divinae
2184 923 2400 994 gloriae,
2446 925 2588 983 sicut
2615 926 2747 982 dicit
2779 925 3017 983 Joannes
3047 930 3349 999 apostolus:
3388 929 3541 986 Non-

293 1027 375 1080 per
401 1009 661 1080 Spiritum
686 1022 947 1078 sanctum,
968 1015 1058 1083 qui
1083 1014 1239 1068 datus
1264 1024 1341 1068 est
1360 1015 1529 1069 nobis.
1557 1014 1865 1086 Magnitudo
1960 1014 2086 1068 dum
2112 1016 2353 1086 apparuit
2372 1017 2500 1088 quid
2525 1018 2741 1084 erimus,
2760 1020 2952 1074 scimus
2971 1021 3218 1091 quoniam
3239 1040 3356 1077 cum
3380 1041 3544 1095 appao

292 1099 667 1156 beneﬁciorum
690 1104 895 1157 excitat
923 1105 978 1159 in
1008 1117 1067 1159 se
1093 1104 1517 1175 magnitudinem
1554 1106 1859 1172 charitatis,

293 1207 398 1260 «παῖε
423 1192 685 1247 confundi
717 1202 773 1247 et
798 1194 993 1249 timere
1016 1209 1121 1249 non
1151 1196 1320 1249 novit.
1349 1195 1481 1250 Illud
1510 1197 1861 1252 consideran-

293 1283 404 1337 dum
432 1283 567 1337 mihi
592 1283 825 1348 videtur,
854 1293 1106 1340 utrumne
1143 1285 1233 1340 hic
1256 1285 1581 1340 charitatem
1608 1285 1753 1341 illam
1776 1287 1859 1341 di—

293 1382 386 1436 eat,
410 1388 514 1442 qua
544 1389 646 1428 nos
665 1374 952 1444 diligamus
970 1375 1244 1441 Deum,an
1269 1376 1412 1429 illam
1436 1391 1541 1446 qua
1562 1377 1853 1447 diligimur,

294 1462 528 1518 didusam
554 1480 680 1519 esse
705 1479 805 1534 per
835 1465 1099 1535 Spiritum
1128 1475 1372 1521 sanctum
1400 1467 1454 1521 in
1484 1467 1737 1524 cordibus
1766 1483 1865 1523 no-

290 1559 439 1612 stris:
469 1567 527 1613 et
552 1559 822 1628 siquidem
846 1560 937 1613 illa
969 1561 1229 1625 Charitas,
1254 1575 1359 1629 qua
1387 1560 1553 1616 Deum
1578 1562 1865 1633 diligamus

292 1649 631 1718 intelligitur,
680 1664 862 1705 sermo
910 1652 1013 1707 iste
1058 1655 1357 1709 assertione
1384 1669 1490 1709 non
1530 1656 1775 1727 indiget:
1816 1657 1865 1712 si

291 1754 407 1794 vero
432 1738 630 1794 din‘usa
654 1740 751 1796 Dei
779 1741 1021 1797 charitas
1046 1742 1099 1797 in
1129 1745 1384 1800 cordibus
1408 1747 1607 1801 nostris
1632 1719 1732 1801 ista
1761 1762 1851 1817 po-
1890 1719 1936 1777 Β

293 1833 389 1887 tius
423 1830 773 1903 intelligenda
804 1833 911 1897 sit,
951 1848 1059 1903 qua
1101 1834 1379 1906 diligimur
1413 1852 1444 1891 a
1483 1838 1621 1897 Deo.
1655 1846 1862 1893 certum

288 1932 365 1978 est
394 1923 539 1993 quod
567 1924 716 1979 velut
743 1940 1013 1981 summum
1038 1934 1095 1980 et
1122 1928 1416 1984 maximum
1454 1931 1654 1985 donum
1691 1931 1862 1985 sancti

290 2012 518 2083 Spiritus
542 2014 867 2069 cbaritatem
896 2023 1074 2079 sonat,
1109 2031 1217 2086 quo
1256 2017 1400 2073 velut
1446 2034 1671 2074 munere
1714 2021 1865 2090 prius

288 2113 565 2173 suscepto,
609 2119 712 2174 per
744 2106 847 2161 hoc
886 2106 1060 2176 ipsum
1098 2108 1324 2179 diligere
1350 2111 1631 2179 possimus
1670 2110 1861 2176 Deum,

290 2195 420 2264 quod
465 2196 745 2266 diligimur
786 2211 818 2251 a
863 2197 1136 2269 Deo,pcr
1170 2198 1433 2269 Spiritum
1479 2210 1725 2256 sanctum
1770 2203 1864 2272 qui

288 2285 434 2340 datus
458 2295 545 2341 est
573 2286 750 2341 nobis.
779 2286 1060 2353 Quomodo
1086 2304 1187 2346 nos
1214 2290 1402 2361 diligat
1441 2291 1585 2347 Deus
1603 2332 1618 2353 ,
1663 2308 1730 2347 ex
1761 2294 1864 2348 hoc

286 2377 677 2447 cognoscimus,
722 2377 851 2447 quia
893 2394 998 2433 non
1049 2379 1222 2434 solum
1268 2381 1427 2436 nobis
1472 2396 1571 2450 per
1618 2380 1735 2436 Filii
1778 2382 1860 2438 sui

286 2477 505 2522 mortem
533 2476 756 2537 peccata
793 2470 1034 2535 dimisit,
1080 2473 1173 2527 sed
1212 2482 1270 2528 et
1311 2471 1570 2542 Spiritum
1615 2484 1861 2529 sanctum

287 2559 429 2613 nobis
455 2558 641 2624 dedit,
690 2560 782 2629 qui
807 2560 922 2630 jam
968 2561 1216 2617 ostendat
1257 2562 1483 2634 gloriam
1534 2563 1855 2620 futurorum.

286 2645 470 2717 thuid
493 2650 633 2703 enim
655 2646 918 2716 Christus,
938 2652 1110 2707 adhuc
1136 2670 1254 2707 cum
1279 2655 1476 2724 inﬁrmi
1502 2672 1751 2721 essemus,
1777 2674 1859 2712 se-

287 2743 502 2795 cundum
524 2752 729 2810 tempus
752 2760 847 2815 pro
865 2745 1041 2815 impiis
1068 2746 1307 2801 mortuus
1331 2757 1406 2802 est
1424 2749 1449 2801 ?
1476 2747 1676 2817 thuid
1710 2749 1860 2804 inde»

288 2832 383 2886 hite
408 2847 511 2902 pro
529 2833 689 2888 nobis
711 2842 959 2890 mortuus
983 2843 1083 2898 est,
1108 2836 1211 2891 nisi
1234 2846 1293 2892 ut
1315 2838 1685 2894 manifestaret
1705 2856 1856 2895 suam

287 2922 393 2976 cha:
407 2924 637 2978 itatem?
659 2939 785 2978 cum
815 2925 992 2980 adhuc
1011 2934 1356 2996 peccatorum
1376 2938 1431 2983 et
1457 2929 1722 2984 scelerum
1744 2930 1860 2985 Lan-

1963 1106 2158 1171 ruerit,
2198 1105 2398 1161 similes
2435 1109 2483 1161 ei
2516 1108 2711 1163 erimus
2736 1108 2917 1182 (Joan.
2949 1111 3053 1181 ιιι).
3085 1109 3191 1165 Per
3212 1130 3364 1183 quem
3406 1129 3540 1168 nunc

1964 1195 2440 1251 reconciliationem
2466 1199 2778 1269 accepimus.
2811 1197 2882 1252 Ut
2900 1200 2991 1269 qui
3022 1210 3310 1270 sequentes
3333 1200 3505 1255 Adam
3529 1244 3542 1265 ,

1963 1284 2387 1342 diseesseramus
2433 1303 2466 1342 a
2505 1287 2655 1353 Deo,
2685 1303 2786 1358 per
2825 1288 3098 1345 Christum
3132 1290 3546 1346 reconciliemur

1964 1374 2094 1430 Deo.
2126 1376 2515 1433 Reconciliatio
2544 1386 2723 1432 autem
2752 1376 2852 1432 Dei
2879 1388 2989 1444 est,
3029 1395 3149 1434 cum
3176 1379 3293 1450 ejus
3318 1380 3396 1435 ira
3424 1380 3546 1435 liui—

1965 1472 2074 1530 tur,
2099 1465 2240 1519 Nam
2264 1466 2704 1536 quemadmodum
2733 1485 2827 1539 per
2848 1486 3011 1523 unum
3038 1469 3299 1526 hominem
3329 1472 3384 1525 in
3407 1472 3544 1524 hunc

1964 1554 2220 1609 mundum
2246 1556 2459 1610 intravit
2484 1566 2773 1627 peccatum,
2805 1567 2911 1613 etc.
2956 1556 3089 1614 Cum
3119 1573 3280 1629 supra
3306 1561 3547 1630 aperuis-

1966 1651 2049 1698 set
2068 1658 2268 1698 arcana
2296 1651 2503 1699 secreta
2534 1647 2800 1715 mysterii,
2838 1645 2978 1715 quod
3012 1662 3135 1701 cum
3167 1647 3370 1702 inimici
3399 1663 3545 1704 essc-

1965 1750 2085 1789 mus
2111 1736 2223 1790 Deo
2265 1750 2362 1806 per
2386 1744 2620 1791 mortem
2658 1735 2782 1790 Filii
2809 1736 2927 1807 ejus
2954 1736 3287 1791 reconciliati
3315 1753 3501 1792 sumus
3528 1756 3540 1792 :

1963 1842 2107 1883 nunc
2136 1835 2193 1882 et
2210 1842 2405 1883 causas
2430 1844 2528 1883 cur
2550 1827 2751 1883 inimici
2792 1827 3053 1884 fuerimus
3073 1869 3088 1894 ,
3131 1829 3213 1883 vel
3251 1846 3350 1885 cur
3374 1839 3546 1884 morte

1963 1919 2086 1974 Filii
2112 1920 2210 1975 Dei
2239 1919 2533 1991 indiguerit
2568 1920 2670 1975 ista
2705 1921 3107 1986 reconciliatio,
3151 1931 3548 1991 consequenter

1962 2012 2209 2080 exponit,
2237 2020 2298 2066 ut
2322 2012 2595 2069 intuentes
2622 2020 2825 2083 quanta
2853 2013 3008 2068 nobis
3037 2014 3354 2084 praestiterit
3381 2014 3545 2079 Deus,

1962 2110 2019 2159 et
2044 2103 2304 2159 Dominus
2328 2102 2506 2170 Iesus,
2551 2104 2660 2159 imo
2684 2110 2739 2160 et
2762 2111 2966 2174 quanta
2996 2120 3093 2174 pro
3131 2105 3288 2159 nobis
3314 2104 3542 2174 pertule-

1965 2193 2052 2255 rit,
2085 2193 2322 2249 radieata
2350 2208 2478 2265 erga
2509 2207 2632 2250 eum
2664 2194 2799 2258 lide,
2830 2203 2887 2250 et
2912 2194 3253 2264 inseparabili
3284 2193 3548 2251 eharitale.

1964 2294 2263 2341 teneamur.
2288 2286 2388 2342 Hic
2411 2302 2535 2342 cum
2559 2286 2777 2353 dixerit,
2801 2284 2954 2342 Sicut
2972 2302 3070 2356 per
3091 2302 3254 2342 unum
3276 2286 3545 2351 hominem

1961 2386 2242 2449 peccatum
2266 2379 2321 2433 in
2350 2379 2494 2435 hunc
2517 2379 2777 2435 mundum
2797 2379 3040 2445 intravit,
3070 2389 3124 2434 et
3145 2392 3242 2448 per
3263 2385 3544 2450 peccatum

1962 2485 2131 2535 mors,
2157 2481 2213 2525 et
2242 2471 2317 2525 ita
2348 2472 2401 2526 in
2426 2485 2616 2526 omnes
2641 2470 2888 2527 homines
2916 2469 3282 2542 pertransivit,
3320 2485 3419 2524 cur
3438 2484 3545 2523 non

1961 2560 2147 2615 retulit
2169 2569 2229 2614 ut
2252 2561 2479 2625 diceret,
2505 2561 2656 2616 verbi
2681 2561 2885 2632 gratia,
2916 2560 2992 2615 Ita
3019 2570 3074 2615 et
3108 2574 3208 2630 per
3244 2574 3410 2614 unum
3456 2559 3549 2613 ho-

1960 2652 2161 2707 minem
2177 2650 2389 2722 justitia
2419 2651 2642 2707 intravit
2678 2652 2733 2706 in
2774 2652 2919 2708 hune
2949 2652 3232 2718 mundum,
3255 2660 3311 2706 et
3340 2660 3438 2720 per
3456 2647 3548 2720 ju-

1959 2742 2161 2797 stitiam
2186 2742 2388 2808 vita,et
2412 2741 2492 2798 sie
2514 2741 2569 2796 in
2588 2756 2778 2798 omnes
2800 2741 3049 2797 homines
3066 2741 3179 2796 vita
3204 2740 3543 2812 pertransiit,

1960 2832 2015 2887 in
2062 2848 2170 2903 quo
2213 2846 2404 2888 omnes
2444 2831 2703 2888 viviticati
2731 2833 2903 2887 sunt?
2938 2830 3051 2887 Hoc
3083 2832 3229 2887 enim
3261 2830 3546 2886 videbatur

1957 2924 2218 2993 propositi
2262 2922 2462 2993 eloquii
2513 2937 2705 2978 sensus
2750 2929 3020 2992 expetere.
3070 2921 3275 2977 Tamen
3323 2928 3546 2991 propter

285 3014 534 3083 gnat-ibus
557 3029 954 3083 premeremur.
987 3014 1288 3072 Secundum
1324 3027 1544 3089 tempus.
1578 3017 1705 3075 Sive
1729 3020 1857 3090 quia
1892 3078 1931 3090 Α
1960 3013 2378 3085 negligentiores
2401 3027 2663 3084 quosque,
2705 3027 2775 3067 ne
2803 3011 2943 3067 forte
2969 3011 3165 3067 resolvi
3205 3019 3457 3082 possent,
3498 3011 3540 3067 si

284 3078 335 3158 in
354 3105 543 3159 ultimo
560 3078 761 3159 .mundi
795 3113 1038 3175 tempore
1071 3122 1266 3177 passus
1292 3116 1395 3173 est,
1427 3078 1553 3163 sive
1594 3110 1663 3166 ad
1696 3078 1858 3165 tridui
1887 3078 1931 3139 Ο
1965 3078 2216 3177 audirent
2247 3105 2393 3175 quod
2414 3078 2724 3160 sicut-mors
2745 3104 2797 3159 in
2817 3119 3007 3160 omnes
3034 3078 3283 3159 homines
3307 3119 3405 3175 per
3424 3120 3539 3175 pec-

285 3203 515 3266 ternpus,
536 3204 599 3250 ut
620 3198 971 3266 przedicatur,
1001 3208 1245 3253 mortuus
1261 3209 1363 3254 est.
1383 3199 1464 3254 Ad
1488 3209 1698 3271 tempus
1717 3203 1862 3257 enim

282 3294 524 3339 mortuus
562 3293 699 3351 est,
720 3286 815 3356 qui
863 3287 1026 3341 tertia
1070 3287 1159 3342 die
1192 3290 1493 3343 resurrexit
1534 3306 1564 3344 a
1612 3292 1857 3346 mortuis.

280 3374 428 3444 Apud
474 3376 722 3431 homines
767 3377 904 3432 mori
949 3378 1255 3442 visus'est,
1303 3393 1426 3432 cum
1470 3381 1614 3447 apud
1660 3379 1862 3436 inferos

282 3466 431 3521 vivus
454 3466 652 3521 inferni
679 3465 913 3523 claustra
939 3466 1305 3540 confringeret
1339 3479 1611 3540 potestate
1642 3451 1861 3527 virtutis

280 3572 411 3611 8112.

356 3644 461 3700 l'ia:
501 3647 638 3701 enim
682 3664 777 3717 pro
797 3649 948 3718 justo
987 3650 1104 3720 quis
1146 3652 1393 3705 moritur.
1443 3650 1647 3706 Idcirco
1685 3650 1858 3707 admi-

279 3742 451 3792 randa
480 3747 564 3793 est
590 3741 768 3808 passio
794 3739 1092 3797 Salvatoris
1116 3757 1217 3812 pro
1252 3743 1434 3814 impiis
1452 3786 1467 3807 .
1496 3760 1619 3800 cum
1647 3749 1735 3799 vix
1763 3761 1860 3815 pro

269 3828 418 3897 justo
449 3828 575 3897 quis
604 3832 851 3885 moritur.
879 3829 1039 3885 Forte
1065 3832 1258 3887 audeat
1278 3850 1395 3906 quis
1418 3835 1553 3888 mori
1578 3852 1671 3905 pro
1686 3836 1855 3905 justo.

273 3919 383 3973 Aut
429 3919 578 3973 forte
608 3935 706 3976 non
738 3922 954 3988 audeat,
993 3924 1120 3992 quia
1161 3925 1413 3994 ambigue
1440 3925 1723 3980 dicendum
1752 3936 1854 3982 est.

275 4007 382 4063 Sed
407 4017 478 4063 ut
499 4010 601 4066 hoc
620 4012 832 4069 facilius
853 4014 1202 4087 intelligatur,
1218 4016 1519 4088 cogitemus
1539 4018 1656 4073 ﬁeri
1678 4034 1855 4088 posse,

270 4101 427 4155 verbi
461 4103 662 4171 gratia,
708 4112 770 4158 ut
810 4104 1005 4175 aliquis
1047 4108 1323 4176 piissimus
1363 4107 1503 4164 ﬁlius
1526 4124 1625 4179 pro
1651 4110 1856 4166 charis-

272 4195 417 4249 simo
450 4209 654 4264 proque
679 4197 823 4253 bono
866 4198 1128 4267 genitore,
1170 4214 1265 4255 seu
1310 4199 1510 4265 fratre,
1559 4201 1641 4255 vel
1684 4202 1857 4258 amico

270 4285 522 4355 quolibet
542 4287 707 4341 vitam
729 4303 882 4343 suam
902 4288 1099 4344 all‘ectu
1123 4290 1405 4345 charitatis
1426 4291 1584 4346 morti
1604 4292 1852 4362 obiiciat:

268 4390 367 4444 pro
388 4376 565 4446 impio
582 4392 729 4440 vero,
756 4394 962 4449 proque
984 4380 1223 4445 inimico,
1248 4381 1428 4437 nullus
1445 4382 1679 4437 animam
1701 4398 1851 4438 suam

271 4466 466 4527 tradit,
496 4467 602 4521 nisi
636 4467 726 4523 ille
752 4468 898 4525 solus
920 4471 1009 4539 qui
1043 4479 1128 4526 est
1148 4469 1277 4527 fons
1304 4487 1528 4527 summae
1550 4473 1850 4537 charitatis.

268 4557 457 4611 bonus
480 4566 661 4613 autem
706 4559 824 4629 ipse
861 4569 980 4626 est,
1026 4562 1154 4631 quia
1200 4571 1256 4616 et
1296 4562 1507 4632 justus,
1536 4562 1666 4617 dicit
1705 4564 1852 4618 enim

267 4651 441 4706 alibi:
494 4651 805 4708 Mandatum
847 4655 1092 4725 justum,
1134 4667 1182 4709 et
1228 4665 1497 4720 sanctum,
1542 4664 1590 4710 et
1637 4656 1849 4711 bonum.

267 4740 617 4797 Commendat
654 4755 828 4798 autem
861 4761 1011 4799 suam
1058 4745 1361 4799 charitatem
1409 4744 1548 4799 Deus
1588 4746 1643 4799 in
1682 4746 1848 4801 nobis.

268 4830 385 4889 Hoc
414 4843 525 4899 est,
552 4835 944 4891 dum‘inimieis
972 4836 1261 4891 benevolus
1290 4844 1393 4900 est,
1438 4846 1494 4891 et
1512 4838 1702 4894 ‘mittit
1727 4854 1867 4917 eum.

266 4929 359 4996 qui
388 4928 572 4983 salvos
602 4928 761 4983 faciet
790 4944 904 4993 eos,
942 4941 1065 4984 cum
1096 4930 1281 4998 utique
1306 4943 1411 4983 non
1442 4939 1746 4984 merentur.
1786 4928 1855 4983 In

266 5020 528 5088 sanguine
554 5019 738 5089 ipsius.
770 5018 828 5073 Id
857 5028 968 5083 est,
994 5034 1101 5073 non
1131 5019 1185 5072 in
1223 5019 1505 5072 brutorum
1541 5018 1854 5072 animalium

266 5110 536 5178 sanguine
562 5108 858 5164 secundum
888 5117 1123 5162 veterem
1147 5108 1338 5178 legent.
1362 5106 1420 5162 Si
1446 5108 1581 5161 enim
1604 5123 1724 5162 cum
1752 5108 1855 5162 lni-

266 5199 396 5252 ιηὲὲ
427 5215 653 5254 essemus
678 5198 1003 5253 reconciliati
1030 5216 1210 5252 sumus
1238 5198 1347 5253 Deo
1366 5215 1457 5268 per
1483 5208 1705 5252 mortem
1724 5196 1853 5252 Filii

264 5289 424 5351 eius,
467 5289 632 5343 multo
679 5290 849 5359 magis
899 5288 1217 5343 reconciliati
1261 5288 1393 5341 salvi
1421 5289 1616 5343 erimus
1655 5289 1711 5341 in
1750 5289 1852 5343 vita

265 5378 460 5447 ipsius.
504 5380 560 5435 Si
601 5396 705 5450 per
746 5386 976 5434 mortem
1018 5378 1219 5434 Christi
1258 5379 1452 5433 salvati
1491 5395 1680 5434 sumus
1709 5380 1851 5445 Deo,

264 5478 477 5538 quanto
508 5472 681 5541 magis
707 5471 761 5524 in
790 5467 912 5538 ejus
930 5469 1042 5523 vita
1066 5467 1507 5540 glorificabimur,
1532 5469 1576 5523 si
1601 5484 1722 5524 eam
1745 5468 1853 5525 fue-

263 5562 446 5616 rimus
473 5563 688 5623 imitati,
717 5563 812 5632 qui
852 5562 900 5617 si
928 5569 986 5616 ut
1027 5559 1403 5625 reconciliaret
1428 5575 1526 5616 nos
1554 5560 1654 5616 sibi
1687 5561 1848 5625 Deus,

264 5652 471 5709 Filium
512 5656 673 5712 morti
719 5654 972 5718 tradidit,
1018 5662 1217 5725 quanto
1265 5652 1436 5721 magis
1480 5654 1851 5709 reconciliatos

1962 3203 2170 3259 catum,
2194 3194 2268 3248 ita
2284 3202 2340 3249 et
2361 3193 2416 3248 in
2435 3208 2626 3249 omnes
2639 3193 2988 3263 pertransivit
3003 3193 3113 3248 vita
3134 3208 3231 3263 per
3243 3192 3541 3260 Christum,

1962 3284 2326 3340 consideravit
2351 3283 2527 3355 palam
2556 3285 2673 3340 haec
2697 3291 2751 3339 et
2781 3283 2992 3355 publice
3029 3299 3137 3338 non
3161 3284 3363 3339 debere
3392 3285 3498 3340 diei
3524 3302 3542 3338 :

1962 3371 2127 3428 simul
2167 3380 2224 3427 et
2265 3372 2556 3428 ostendens
2595 3372 2725 3426 illud
2763 3372 2908 3442 quod
2940 3371 3105 3427 etiam
3134 3387 3233 3442 per
3267 3372 3540 3428 hominem

1962 3463 2275 3529 Christum,
2302 3462 2513 3533 iustitia
2552 3463 2798 3518 introivit
2826 3463 2880 3518 in
2923 3462 3067 3518 hunc
3106 3462 3398 3547 mundum,
3439 3464 3542 3520 hoc

1959 3564 2066 3621 est,
2099 3556 2154 3611 in
2184 3564 2429 3611 terrenos
2461 3556 2742 3620 homines,
2783 3564 2838 3612 et
2878 3571 2977 3627 per
3006 3555 3273 3625 justitiam
3300 3557 3443 3623 vita,
3487 3564 3542 3612 et

1958 3649 2310 3718 pertransivit
2348 3648 2403 3703 in
2432 3662 2621 3703 omnes
2648 3648 2920 3713 homines,
2950 3657 3130 3703 tamen
3154 3662 3263 3701 non
3307 3645 3362 3701 in
3401 3662 3541 3717 pm:-

1960 3740 2099 3795 senti
2130 3740 2313 3795 statim
2342 3738 2674 3809 contingere,
2707 3744 2809 3794 nec
2827 3732 3017 3793 otiosis
3043 3735 3307 3802 accidere,
3338 3736 3433 3791 sed
3454 3736 3541 3792 his

1959 3831 2051 3901 qui
2079 3829 2249 3884 multo
2272 3836 2515 3897 tempore
2543 3827 2760 3896 pulsant
2784 3841 2904 3895 qua:
2936 3825 3120 3882 clausa
3148 3832 3303 3891 sunt,
3331 3833 3387 3880 et
3411 3840 3540 3881 con-

1959 3920 2203 3976 siderant
2241 3934 2362 3989 quae
2408 3918 2722 3974 abscondita
2762 3924 2909 3974 sunt.
2968 3915 3076 3973 Sed
3122 3916 3248 3972 huic
3288 3916 3538 3989 Origenis

1956 4012 2282 4083 expositioni
2306 4010 2547 4066 occurrit
2576 4009 2706 4065 illud
2735 4011 2878 4081 quod
2922 4010 3048 4066 alibi
3089 4009 3378 4081 Apostolus
3417 4011 3533 4066 ait:

1959 4103 2108 4160 Sicut
2130 4105 2185 4159 in
2214 4104 2382 4158 Adam
2413 4119 2591 4158 omnes
2612 4104 2929 4171 moriuntur,
2954 4105 3029 4159 ita
3051 4112 3097 4159 et
3121 4104 3176 4158 in
3195 4102 3402 4160 Christo
3423 4121 3535 4160 om-

1958 4211 2048 4249 ues
2077 4194 2405 4264 viviﬁcantur
2429 4192 2483 4265 (I
2512 4190 2637 4249 Cor.
2666 4193 2789 4265 xv);
2820 4209 2946 4250 nam
2977 4193 3051 4250 ibi
3078 4202 3135 4249 et
3156 4194 3366 4266 publice
3392 4195 3535 4251 hanc

1958 4286 2255 4342 Salvatoris
2274 4285 2528 4358 gratiam,
2553 4287 2666 4342 sive
2691 4301 2869 4358 praeco
2887 4287 3077 4357 gratia:
3096 4284 3543 4343 manifestissime

1955 4378 2233 4448 praedicat.
2264 4364 2383 4434 Nec
2427 4385 2647 4449 propter
2688 4378 3105 4450 negligentiores
3152 4395 3393 4450 quosque
3434 4380 3533 4435 im—

1959 4469 2300 4524 mensitatem
2323 4469 2512 4540 gratia:
2530 4484 2663 4525 voce
2684 4467 2947 4524 defectiva
2969 4469 3175 4525 reticet.
3202 4467 3329 4524 Mihi
3352 4469 3533 4540 itaque

1956 4560 2171 4614 videtur
2196 4560 2338 4631 quod
2360 4560 2413 4614 in
2436 4561 2540 4616 hoc
2554 4560 2847 4631 apostolico
2866 4559 3080 4637 eloquio
3095 4558 3273 4616 nullus
3292 4558 3543 4616 defectus.

1958 4650 2128 4715 inest,
2168 4650 2262 4705 sed
2311 4649 2589 4721 analogica
2631 4651 2876 4722 quaidam
2920 4650 3214 4707 similitudo
3252 4650 3526 4707 elucescit.

1957 4739 2093 4797 Cum
2116 4742 2299 4811 itaque
2321 4743 2570 4812 superius
2588 4758 2689 4799 nos
2712 4743 2962 4798 inimicos
2977 4744 3086 4798 Deo
3108 4742 3274 4799 misse
3296 4744 3525 4809 dixerat,

1958 4846 2106 4886 nunc
2147 4833 2362 4887 modum
2393 4839 2447 4886 et
2482 4847 2702 4889 causam
2746 4834 2914 4904 ipsius
2954 4833 3246 4887 inimicitiae
3272 4833 3526 4897 ostendit,

1956 4924 2174 4979 dicens:
2207 4939 2334 4978 nam
2374 4926 2822 4995 quemadmodum
2852 4940 2951 4996 per
2977 4940 3140 4978 unum
3170 4924 3442 4981 hominem
3474 4927 3527 4982 in

1955 5019 2100 5074 hunc
2138 5018 2398 5074 mundum
2430 5026 2710 5089 peccaturi:
2743 5018 3013 5082 introivit,
3053 5032 3255 5086 paucos
3281 5018 3531 5076 videlicet

1954 5107 2205 5177 primitus
2228 5108 2478 5163 homines
2498 5109 2784 5173 mordens,
2823 5116 2877 5163 et
2902 5122 3002 5177 per
3034 5117 3315 5177 peccatum
3340 5124 3526 5166 mors:

1954 5198 2199 5267 sequitur
2225 5197 2500 5267 analogica
2527 5197 2843 5263 similitudo,
2868 5205 2923 5252 et
2957 5197 3033 5252 ita
3060 5198 3112 5252 in
3139 5212 3328 5253 omnes
3357 5199 3529 5254 homi-

1955 5304 2051 5345 nes
2083 5289 2480 5358 pertransiisse.
2530 5288 2589 5343 In
2638 5304 2745 5357 quo
2792 5288 3121 5356 notandum,
3163 5290 3305 5359 quod
3353 5292 3425 5346 ibi
3473 5302 3528 5347 et

1953 5378 2262 5447 conjunctio
2282 5387 2460 5442 vacat,
2492 5380 2629 5434 sicut
2650 5379 2704 5433 in
2728 5379 2911 5435 multis
2947 5378 3107 5440 locis.
3133 5389 3187 5435 et
3214 5382 3266 5434 in
3306 5391 3528 5450 aposto-

1952 5468 2071 5524 licis
2100 5469 2259 5525 dictis
2287 5468 2391 5524 hoc
2436 5484 2576 5539 saepe
2609 5468 2931 5540 comperies.
2971 5468 3011 5540 -ζ-
3053 5468 3398 5538 Disputamus
3432 5486 3533 5540 per

1952 5574 2112 5629 quem
2135 5558 2190 5613 in
2216 5559 2471 5614 mundum
2499 5560 2741 5614 introivit
2766 5568 3068 5630 peccatum,
3096 5559 3187 5615 ubi
3215 5560 3258 5616 si
3288 5561 3529 5632 requira-

1954 5661 2042 5708 tur
2083 5650 2385 5723 esemplum
2434 5652 2782 5713 imitationis.
2825 5651 3068 5709 diabolus
3116 5655 3419 5710 invenitur.
3472 5654 3527 5709 si

3580 5070 3598 5097 J
