3974 6202
416 322 484 379 55
1795 313 2061 370 SEDULll
2101 312 2297 371 SCOTI
3589 321 3660 377 56

414 431 722 503 contagium
747 425 1127 502 generationis,
1156 423 1349 479 Adam.
1382 423 1614 479 Proinde
1636 422 1821 479 dicens
1844 422 1986 493 Apo-
2010 426 2064 486 Α
2088 423 2419 494 linquebant.
2448 423 2567 493 Quo
2587 424 2729 481 facto
2753 426 3020 496 gaudebat
3050 425 3300 493 Satanas,
3328 427 3469 498 quod
3499 418 3662 486 causa

415 522 619 580 stolas:
641 520 746 575 Per
764 535 925 573 unum
951 516 1209 570 hominem
1234 522 1503 584 peccatum
1524 512 1737 567 intrarit
1759 513 1813 566 in
1834 528 1987 567 mun-
2086 518 2216 574 Adze
2244 517 2493 573 relictum
2523 534 2555 572 a
2579 518 2690 574 Deo
2727 518 3002 574 hominem
3033 520 3087 574 in
3116 520 3457 590 possessione
3491 521 3662 578 habe-

414 617 562 681 dum,
588 630 693 669 non
720 609 1094 671 imitationem,
1118 603 1211 659 sed
1239 602 1640 675 generationem
1666 601 1880 658 volebat
1907 601 1989 655 in-
2086 617 2189 664 rei,
2231 606 2403 680 Usque
2444 609 2515 664 ad
2562 609 2799 681 Μονεεη,
2848 609 2983 664 Nam
3021 610 3139 680 lege
3184 610 3308 665 dam
3349 612 3516 681 cum“
3549 628 3658 667 non

415 706 578 776 telligi
603 724 616 758 :
656 704 796 759 sicut
818 698 963 755 enim
986 711 1017 750 a
1048 694 1271 750 muliere
1299 693 1509 748 initium
1531 691 1737 763 peccati
1764 690 1887 756 fuit,
1906 690 1987 745 sic

414 808 471 856 ει
498 798 708 854 initium
752 788 1115 863 generationis
1153 802 1184 841 a
1227 786 1343 863 viro
1383 794 1504 840 est:
1543 784 1693 855 prior
1733 782 1877 839 enim
1901 783 1989 837 vir

413 887 666 950 seminat,
689 891 750 938 ut
780 880 978 935 femina
1014 877 1207 948 pariat.
1248 875 1372 931 Ideo
1396 889 1490 945 per
1526 880 1688 927 unum
1724 872 1985 926 hominem

411 989 677 1055 peccatum
714 976 771 1030 in
803 976 940 1028 hunc
969 972 1221 1026 mundum
1254 967 1490 1031 intrarit,
1530 976 1579 1020 et
1599 981 1692 1037 per
1716 973 1982 1035 peccatum

410 1089 572 1138 mors,
602 1078 648 1124 et
676 1068 750 1122 ita
774 1067 829 1120 in
849 1079 1026 1120 omnes
1048 1060 1280 1116 homines
1307 1057 1627 1129 pertransiit.
1650 1055 1839 1112 Utrum
1859 1069 1984 1124 pee-

410 1170 616 1226 catum,
647 1175 718 1214 an
754 1172 924 1221 mors,
955 1169 1024 1209 an
1052 1160 1344 1220 utrumque
1379 1163 1480 1220 per
1509 1163 1700 1204 omnes
1735 1146 1985 1202 homines

411 1248 789 1324 pertransiisse
814 1247 1013 1302 dictum
1038 1243 1109 1298 sit
1126 1241 1340 1296 videtur
1358 1239 1687 1309 ambiguum.
1712 1235 1820 1292 Sed
1838 1237 1981 1306 quod

409 1345 601 1399 horum
631 1338 722 1404 sit,
751 1352 839 1391 res
866 1335 981 1406 ipsa
1008 1341 1118 1388 tam
1146 1338 1333 1401 aperta
1372 1330 1744 1385 demonstrat:
1782 1343 1908 1381 nam
1934 1326 1980 1381 si

407 1449 513 1490 non
556 1428 944 1502 pertransisset
969 1432 1271 1496 peccatum,
1312 1437 1418 1477 non
1455 1420 1632 1475 omnis
1659 1419 1821 1473 homo
1856 1433 1981 1473 cum

406 1526 523 1597 lege
549 1522 777 1595 peccati,
809 1534 930 1590 quae
976 1518 1030 1572 in
1057 1514 1339 1579 membris,
1370 1519 1686 1567 nasceretur
1717 1527 1731 1564 :
1756 1509 1801 1564 si
1836 1524 1982 1565 mors

406 1631 514 1670 non
536 1609 937 1684 pertransisset,
964 1620 1073 1660 non
1116 1616 1307 1658 omnes
1349 1600 1597 1656 homines
1620 1605 1878 1669 quantum
1914 1598 1981 1653 ad

406 1707 565 1761 istam
595 1698 959 1757 conditionem
1000 1692 1307 1750 mortalium
1352 1690 1590 1762 pertinet
1619 1696 1976 1743 morerentur.

2085 713 2315 769 regnare
2347 717 2361 753 :
2402 709 2684 769 coeperunt
2728 700 2872 754 enim
2903 699 3046 755 scire
3084 700 3329 756 homines
3356 710 3657 757 creatorem

2086 786 2253 842 Deum
2272 785 2638 857 iudicaturum
2677 803 2847 859 genus
2881 789 3200 855 humanum,
3224 798 3280 845 et
3302 789 3559 862 paulatim
3586 792 3658 847 ab

2083 877 2200 947 ejus
2216 878 2454 934 dominio
2474 879 2747 935 recedere.
2764 878 2952 946 Aliter,
2970 880 3219 953 regnavit
3240 895 3384 935 mors
3404 881 3471 936 ab
3485 881 3654 938 Adam

2082 981 2255 1037 usque
2277 968 2345 1023 ad
2372 968 2607 1041 Moysen,
2638 985 2835 1025 novum
2866 969 3083 1041 Moysen
3103 1010 3120 1037 ,
3153 980 3317 1041 atque
3343 972 3616 1030 ctelestem
3635 1015 3652 1042 ,

2082 1071 2190 1111 non
2230 1067 2600 1128 susceptorem
2648 1059 2977 1114 Testamenti
3024 1062 3210 1126 unius,
3251 1063 3347 1118 sed
3378 1072 3655 1121 auctorem

2084 1144 2556 1203 Testamentorum
2582 1148 2812 1204 duorum
2838 1166 2852 1203 :
2895 1165 3001 1205 non
3032 1148 3380 1207 famulantem
3407 1154 3500 1208 uni
3525 1152 3653 1226 legi,

2082 1235 2176 1291 sed
2201 1237 2417 1306 utrique
2456 1239 2820 1296 dominantem
2848 1258 2862 1294 :
2890 1256 2996 1296 non
3024 1242 3116 1312 qui
3153 1252 3365 1313 veteres
3381 1245 3513 1315 jugo
3538 1260 3655 1300 ser-

2080 1341 2178 1382 vos
2201 1330 2412 1396 genuit,
2449 1330 2544 1385 sed
2591 1332 2682 1402 qui
2727 1334 2899 1402 gratia
2942 1349 3042 1389 nos
3089 1334 3286 1391 liberos
3331 1339 3652 1406 procreavit.

2081 1414 2329 1486 Regnavit
2351 1420 2416 1472 ab
2440 1418 2611 1474 Adam
2639 1439 2801 1492 usque
2820 1422 2890 1476 ad
2914 1422 3150 1494 Moysen.
3178 1424 3311 1491 Quia
3335 1441 3436 1480 nec
3455 1425 3539 1481 lex
3560 1442 3659 1497 per

2082 1504 2299 1576 Moysen
2321 1509 2494 1577 potuit
2516 1525 2742 1580 regnum
2763 1513 2954 1567 mortis
2975 1512 3186 1568 auferre
3207 1516 3274 1569 ab
3294 1515 3464 1570 Adam
3487 1532 3659 1586 usque

2081 1598 2150 1652 ad
2176 1597 2415 1668 Moysen,
2451 1615 2557 1655 non
2587 1617 2749 1671 super
2772 1617 2985 1670 omnes,
3031 1605 3119 1658 sed
3148 1607 3202 1660 in
3238 1623 3326 1661 eos
3358 1609 3447 1678 qui
3474 1625 3660 1679 pecca-

2080 1698 2261 1744 uerunt
2290 1690 2346 1743 in
2385 1690 2779 1751 similitudinem
2822 1696 3268 1764 praevaricationis
3314 1698 3464 1752 Adw.
3523 1696 3657 1751 Nam

405 1795 474 1849 1n
510 1809 633 1865 quo.
661 1789 776 1845 lloc
801 1795 903 1855 est,
933 1786 988 1841 in
1014 1783 1210 1839 Adam.
1239 1780 1431 1837 Omnes
1453 1789 1809 1850 peccaverunt.
1842 1778 1979 1846 Quia
2009 1770 2054 1829 B
2082 1780 2325 1835 introivit
2361 1783 2577 1851 quidem
2603 1799 2751 1841 mors
2776 1785 2830 1840 iu
2856 1786 3137 1857 mundum,
3165 1796 3222 1843 et
3248 1789 3301 1843 in
3333 1802 3522 1843 omnes
3540 1804 3661 1858 per-

402 1900 592 1944 omnes
619 1880 863 1955 originali
890 1885 1112 1951 peccato
1141 1873 1395 1938 infantes,
1432 1872 1699 1955 immunes
1730 1884 1850 1925 esse
1873 1885 1979 1924 non

403 1933 797 2047 ιζὸξξιῖἶιίξῖιεί
839 1933 915 2023 abr
940 1968 1058 2037 ejus
1098 1972 1251 2022 reatu
1289 1977 1387 2033 per
1422 1960 1624 2017 Christi
1652 1933 1981 2030 baptismum

403 2064 764 2121 resolvantur.
811 2057 1153 2115 Manifestum
1190 2062 1275 2112 est
1312 2054 1366 2109 in
1404 2051 1577 2106 Adam
1616 2065 1807 2105 omnes
1849 2064 1979 2119 pec-

402 2170 585 2219 casse,
634 2154 746 2223 ipse
783 2151 926 2205 enim
968 2163 1064 2220 per
1090 2153 1373 2217 peccatum
1421 2149 1744 2211 corruptus,
1793 2154 1982 2197 omnes

400 2261 541 2316 quos
569 2241 846 2316 generavit
865 2240 976 2295 nati
1006 2245 1132 2294 sunt
1160 2237 1261 2292 sub
1284 2241 1529 2305 peccato.
1561 2229 1734 2302 Usque
1752 2231 1892 2283 enim
1912 2228 1981 2282 ad

403 2339 567 2408 legem
597 2343 862 2407 peccatum
895 2332 950 2386 in
978 2331 1076 2385 hoc
1102 2328 1298 2383 mundo
1325 2326 1446 2397 fuit.
1480 2325 1594 2381 Hoc
1622 2325 1826 2380 dictum
1866 2331 1978 2388 est,

405 2446 511 2487 non
548 2428 674 2498 quia
701 2425 955 2492 deinceps
978 2422 1031 2477 in
1061 2420 1277 2476 nemine
1304 2417 1441 2483 fuit,
1480 2417 1573 2473 sed
1600 2416 1726 2486 quia
1755 2429 1859 2469 non
1887 2428 1982 2483 po-

403 2527 541 2575 terat
562 2533 661 2588 per
686 2514 923 2569 litteram
952 2511 1088 2581 legis
1102 2508 1303 2565 auferri
1328 2507 1471 2578 quod
1496 2506 1611 2562 solo
1637 2512 1851 2577 poterat
1877 2504 1984 2575 spi-

404 2613 513 2668 ritu
539 2609 746 2682 gratim.
793 2606 1074 2661 Peccatum
1113 2611 1287 2657 autem
1324 2619 1429 2657 non
1477 2600 1827 2672 deputabatur
1863 2615 1981 2653 cum

401 2702 487 2757 lex
515 2717 619 2756 non
642 2709 792 2754 esset.
822 2695 984 2761 Quasi
1010 2702 1137 2749 ante
1164 2694 1336 2765 legem
1360 2699 1640 2763 peccatum
1664 2704 1771 2744 non
1797 2687 1978 2755 fuerit,

402 2807 502 2847 nec
529 2796 836 2860 reputatum
872 2784 1053 2849 fuerit,
1100 2791 1388 2854 antequam
1425 2781 1511 2836 lex
1541 2780 1761 2835 daretur
1790 2777 1977 2849 Moy:i,

401 2897 526 2939 cum
555 2881 796 2953 legamus
816 2886 872 2934 et
900 2876 1031 2933 Cain
1056 2884 1111 2932 et
1131 2874 1363 2929 Lamer
1385 2879 1693 2942 reputatum
1717 2884 1839 2925 esse
1862 2883 1985 2940 peo-

400 2979 601 3027 catum.
646 2968 714 3024 Et
745 2982 812 3022 ne
839 2981 937 3039 per
977 2964 1215 3036 singulos
1253 2964 1638 3026 immoremur,
1683 2960 1738 3015 in
1770 2967 1980 3014 tantum

400 3076 500 3134 pro
527 3059 763 3131 peccatis
789 3058 1066 3112 hominum
1112 3056 1494 3112 exacerbatum
1529 3067 1651 3109 esse
1695 3051 1884 3116 Deum,
1918 3059 1977 3106 ut

400 3116 656 3208 diluvium
679 3149 881 3204 mundo
907 3149 1292 3204 introduceret.
1323 3146 1391 3200 Et
1423 3160 1638 3200 rursum
1668 3143 1974 3200 Sodomitas
2000 3116 2045 3180 C

402 3245 591 3314 igneus
623 3241 797 3296 imber
820 3249 875 3296 ct
917 3241 1203 3311 sulphurea
1233 3238 1449 3294 ﬂamma
1469 3247 1797 3294 vastaverat.
1824 3236 1973 3305 Quo-

401 3334 560 3389 modo
592 3333 646 3388 in
671 3332 924 3388 vindictis
953 3331 1148 3386 talibus
1173 3331 1455 3401 negabitur
1478 3337 1783 3401 reputatum
1810 3329 1975 3385 fuisse

400 3424 719 3495 peccatum?
754 3423 1025 3478 Putabant
1047 3437 1106 3478 se
1129 3422 1376 3478 homines
1398 3422 1537 3492 apud
1564 3422 1731 3478 Deum
1758 3422 1976 3493 impune

403 3529 650 3586 peccare,
680 3513 775 3570 sed
804 3529 912 3569 non
944 3511 1084 3583 apud
1107 3512 1374 3568 homines.
1407 3511 1519 3568 Nec
1545 3513 1689 3568 enim
1714 3513 1977 3568 naturalis

402 3607 488 3661 lex
515 3606 732 3677 penitus
760 3604 1146 3676 obtorpuerat:
1180 3602 1304 3673 quia
1346 3620 1453 3659 non
1494 3604 1813 3675 ignorabant
1847 3605 1974 3675 quia

400 3697 543 3767 quod
568 3697 669 3752 sibi
696 3697 950 3752 nolebant
977 3694 1092 3750 ﬁeri
1114 3735 1129 3761 ,
1172 3693 1293 3749 aliis
1326 3692 1508 3750 facere
1549 3710 1657 3749 non
1686 3694 1971 3750 debebant.

400 3789 519 3845 Non
547 3805 676 3862 ergo
697 3789 784 3845 lex
811 3788 1074 3844 naturalis
1110 3787 1252 3857 apud
1275 3786 1446 3841 Deum
1472 3801 1594 3842 reos
1617 3784 1795 3842 facere
1821 3794 1975 3856 puta-

2080 1872 2363 1939 transivit,
2409 1889 2514 1930 non
2556 1883 2737 1931 tamen
2768 1875 2823 1931 in
2855 1892 3045 1934 omnes
3078 1880 3342 1950 regnavit.
3378 1879 3534 1935 Aliud
3573 1891 3661 1937 est

2079 1962 2222 2016 enim
2244 1967 2600 2033 pertransire,
2619 1975 2674 2022 et
2694 1967 2839 2023 aliud
2864 1983 3119 2040 regnare:
3157 1980 3435 2039 peccatum
3458 1973 3660 2028 etenim

2078 2052 2376 2118 pertransit
2403 2055 2565 2109 etiam
2605 2056 2660 2110 in
2682 2055 2891 2125 justus,
2926 2067 2983 2115 et
3021 2059 3124 2114 levi
3158 2060 3389 2129 quadam
3414 2076 3507 2116 eos
3530 2076 3661 2117 con-

2081 2141 2298 2210 tagione
2339 2147 2690 2218 perstringit,
2739 2149 2792 2203 in
2838 2151 3374 2219 praevaricationibus
3413 2167 3565 2216 vero,
3605 2152 3660 2207 id

2080 2243 2185 2299 est,
2222 2237 2347 2305 quia
2384 2251 2443 2292 se
2480 2246 2589 2293 tota
2630 2247 2810 2295 mente
2849 2254 2913 2296 ac
2944 2241 3231 2298 devotione
3258 2242 3535 2309 deficiunt,
3568 2259 3657 2298 rc-

2080 2340 2244 2395 guum
2280 2335 2447 2392 tenet,
2480 2336 2534 2383 et
2558 2330 2711 2384 omni
2754 2338 3020 2400 potestate
3052 2331 3381 2388 dominatur.
3422 2332 3477 2387 Si
3505 2349 3660 2398 vero,

2080 2425 2142 2470 ut
2168 2416 2220 2470 in
2253 2419 2524 2474 nonnullis
2548 2420 2947 2491 exemplaribus
2968 2423 3240 2479 invenitur
3259 2464 3277 2491 ,
3305 2426 3461 2478 etiam
3487 2425 3543 2477 in
3571 2440 3659 2479 eos

2078 2508 2168 2579 qui
2192 2525 2297 2562 non
2320 2521 2659 2580 peccaverunt
2680 2512 2734 2566 in
2755 2512 3155 2569 similitudinem
3182 2515 3333 2581 Δάαι,
3357 2530 3504 2571 mors
3531 2515 3657 2581 ista,

2080 2617 2201 2671 quae
2231 2602 2286 2656 in
2311 2603 2523 2660 inferno
2548 2607 2761 2663 animas
2784 2608 3097 2676 detinebat,
3142 2625 3398 2682 regnasse
3424 2612 3657 2677 dicatur,

2080 2690 2430 2765 intelligimus
2473 2703 2529 2750 et
2577 2708 2794 2753 sanctos
2832 2714 3047 2770 quoque
3084 2701 3184 2755 sub
3215 2702 3374 2757 istam
3403 2710 3657 2767 mortem,

2078 2784 2292 2838 etiamsi
2317 2801 2428 2840 non
2458 2787 2740 2856 peccandi,
2771 2789 2865 2844 sed
2890 2798 3040 2845 certe
3079 2791 3346 2846 moriendi
3369 2791 3483 2862 lege
3506 2792 3658 2848 deci—

2079 2872 2244 2929 disse.
2268 2873 2543 2931 Christum
2569 2892 2697 2933 vero
2721 2878 2922 2935 idcirco
2947 2880 3001 2934 in
3028 2880 3300 2937 infernum
3321 2882 3662 2939 descendisse

2080 2980 2188 3020 non
2214 2967 2387 3022 solum
2414 2977 2475 3023 ut
2516 2970 2633 3039 ipse
2659 2987 2765 3027 non
2809 2981 3083 3028 teneretur
3119 2989 3150 3027 a
3188 2982 3397 3039 morte,
3428 2975 3525 3031 sed
3563 2990 3662 3031 eos

2081 3058 2174 3127 qui
2200 3057 2273 3113 ibi
2301 3075 2406 3114 non
2429 3068 2537 3115 tam
2558 3063 3037 3130 praevaricationis,
3067 3072 3125 3118 ut
3151 3064 3406 3129 diximus,
3432 3065 3662 3121 crimine

2076 3161 2237 3216 quam
2250 3148 2513 3203 moriendi
2528 3149 2730 3205 ditione
2741 3150 3074 3206 habebantur
3087 3152 3404 3208 absolveret.
3420 3152 3663 3209 Infantes

2077 3242 2203 3291 sunt
2228 3236 2319 3306 qui
2346 3252 2450 3292 non
2492 3250 2853 3308 peccaverunt
2879 3240 2933 3294 in
2961 3240 3366 3297 similitudinem
3393 3243 3660 3313 prtevari-

2076 3329 2305 3385 cationis
2322 3331 2470 3396 Adae,
2501 3332 2625 3401 quia
2655 3347 2762 3387 non
2794 3332 2989 3388 habent
3014 3333 3348 3399 actuale,sed
3373 3334 3655 3405 originale.

2148 3419 2252 3485 Qui
2278 3431 2351 3475 est
2380 3421 2550 3490 forma
2576 3422 2764 3492 futuri.
2799 3422 2924 3477 Sive
2954 3424 3075 3478 ideo
3098 3423 3271 3479 forma
3301 3422 3401 3479 fuit
3428 3424 3654 3487 Christi,

2076 3513 2202 3583 quia
2233 3513 2374 3567 sicut
2406 3514 2575 3568 Adam
2599 3515 2715 3569 sine
2742 3514 2886 3570 coitu
2919 3531 2950 3570 a
2981 3516 3089 3570 Deo
3118 3515 3295 3571 factus
3327 3524 3432 3581 est,
3466 3517 3537 3571 ita
3565 3517 3657 3572 ille

2075 3618 2142 3656 ex
2171 3601 2381 3673 virgine
2407 3610 2462 3657 et
2500 3602 2705 3672 Spiritu
2750 3613 2936 3659 sancto
2972 3606 3279 3674 processit:
3317 3615 3373 3660 ct
3412 3608 3554 3663 sicut
3581 3624 3651 3663 ex

2076 3689 2244 3745 latere
2266 3691 2436 3745 Adam
2479 3692 2586 3746 Eva
2632 3691 2771 3747 facta
2800 3701 2910 3755 est,
2957 3693 3029 3747 ita
3070 3708 3265 3763 sponsa
3308 3694 3548 3751 Ecclesia
3581 3712 3651 3752 ex

2075 3779 2242 3837 latere
2273 3780 2569 3839 Salvatoris
2597 3782 2824 3838 formata
2862 3793 2963 3839 est.
3015 3783 3142 3839 Sive
3162 3826 3175 3849 ,
3226 3795 3285 3840 ut
3317 3787 3535 3855 quidam
3563 3788 3652 3842 di-

401 3878 592 3933 batur:
620 3879 969 3950 ignorabatur
985 3876 1130 3932 enim
1155 3877 1319 3942 Deus,
1334 3876 1427 3947 qui
1447 3874 1788 3945 judicaturus
1808 3890 1975 3946 genus
2075 3880 2207 3927 cunt
2230 3912 2245 3938 ,
2280 3875 2371 3943 qui
2408 3883 2483 3928 est
2523 3874 2694 3945 [0mm
2733 3874 2931 3944 futuri,
2964 3876 3151 3932 videns
3190 3877 3392 3946 requiri
3436 3892 3598 3946 posse
3622 3894 3657 3933 e

403 3970 716 4033 humanum,
764 3984 829 4025 ac
852 3985 949 4040 per
987 3970 1091 4024 hoc
1120 3985 1228 4023 non
1272 3970 1638 4040 imputabatur
1672 3977 1971 4040 peccatum,
2075 3963 2372 4027 contrario,
2410 3964 2514 4020 hoc
2534 3972 2641 4031 est,
2663 3965 2803 4020 sicut
2825 3966 2913 4021 ille
2933 3966 3142 4036 peccati
3165 3975 3347 4038 caput,
3376 3968 3450 4023 ita
3476 3977 3531 4024 et
3553 3969 3661 4025 iste

400 4063 554 4133 quasi
576 4071 856 4133 peccatum
882 4069 1027 4117 esset
1056 4060 1199 4131 apud
1225 4061 1417 4126 Deum,
1456 4061 1782 4116 incuriosum
1807 4060 1976 4115 Deum
2068 4052 2312 4122 iustitiae.
2344 4054 2450 4110 Sed
2481 4073 2585 4110 non
2614 4057 2747 4111 sicut
2787 4058 3056 4125 delictum,
3086 4060 3161 4113 ita
3195 4048 3241 4113 et
3271 4060 3481 4114 donum.
3516 4059 3653 4115 Cum

402 4160 731 4209 asserentes.
761 4151 833 4207 At
859 4150 950 4205 ubi
978 4150 1064 4205 lex
1087 4150 1211 4206 data
1239 4158 1323 4206 est
1348 4166 1444 4222 per
1476 4151 1713 4223 Moysen,
1749 4150 1978 4207 manife—
2077 4150 2325 4219 superius
2348 4149 2573 4205 dixisset
2597 4149 2888 4220 Apostolus
2915 4153 2981 4208 de
3017 4153 3209 4218 Adam,
3241 4154 3331 4224 qui
3364 4163 3438 4208 est
3479 4154 3653 4224 {arma

402 4254 547 4300 stum
573 4251 657 4298 est
680 4256 873 4298 curare
902 4241 1070 4297 Deum
1096 4256 1185 4297 res
1212 4242 1499 4309 humanas,
1533 4250 1588 4297 et
1612 4256 1718 4297 non
1761 4242 1978 4314 impune
2077 4237 2264 4307 [αιιιΐίυ
2292 4237 2478 4295 Videtis
2505 4240 2707 4308 ι’θΨιίτί
2741 4256 2936 4310 Ροδεθν
2975 4242 3117 4311 (ιιιοά
3164 4242 3209 4296 εί
3255 4242 3426 4296 Adam
3467 4241 3643 4298 Γοτωίι

401 4336 643 4388 futurum
667 4332 774 4398 his,
796 4332 889 4402 qui
911 4329 1051 4386 male
1072 4330 1331 4387 facientes
1366 4332 1419 4387 in
1450 4331 1701 4402 praesenti
1724 4334 1974 4389 evadunt.
2077 4328 2301 4395 Christi,
2327 4344 2455 4401 ergo
2481 4339 2537 4385 et
2577 4332 2631 4386 in
2676 4347 2742 4388 eo
2778 4348 2886 4403 quo
2929 4335 3191 4405 peccavit,
3230 4350 3451 4393 necesse
3478 4343 3561 4391 est
3589 4344 3654 4391 ut

402 4427 610 4498 Quippe
635 4441 758 4481 cum
800 4423 1032 4481 Sodoma
1072 4433 1128 4480 et
1164 4424 1464 4481 Gomorrha
1504 4440 1601 4496 per
1629 4427 1806 4499 ignem
1832 4425 1977 4494 judi-
2001 4460 2052 4520 D
2078 4419 2306 4475 formam
2326 4420 2529 4477 Christi
2555 4423 2753 4481 habeat
2775 4444 2804 4480 τι
2826 4427 2931 4482 hoc
2967 4435 3149 4482 autem
3177 4427 3244 4483 de
3269 4426 3485 4483 Christo
3508 4428 3660 4520 vide-

401 4527 537 4573 cata:
558 4516 669 4572 sint
689 4514 889 4587 perire,
916 4515 1059 4584 quod
1084 4515 1282 4571 oblivio
1308 4516 1525 4586 quidem
1566 4525 1803 4583 texerat,
1830 4516 1976 4588 Moy-
2001 4513 2041 4520 ⁷
2076 4513 2238 4568 batur
2265 4513 2578 4581 absurdum,
2610 4517 2865 4572 continuo
2903 4518 3210 4589 subjungit:
3244 4517 3351 4573 Sed
3386 4534 3490 4572 non
3517 4518 3656 4573 sicut

403 4624 491 4664 ses
514 4616 693 4662 autem
736 4615 797 4661 ut
834 4606 1182 4662 confirmaret
1207 4609 1376 4663 Deum
1398 4609 1632 4680 judicem
1669 4609 1813 4677 fore,
1842 4611 1977 4665 serio

403 4702 578 4757 bendo
606 4698 987 4755 manifestavit.
1014 4699 1121 4754 Lex
1153 4708 1333 4755 autem
1361 4702 1623 4757 naturalis
1657 4710 1767 4757 tres
1792 4710 1976 4772 partes

404 4790 589 4857 habet,
625 4788 782 4859 cujus
820 4790 993 4859 prima
1026 4789 1140 4845 baac
1181 4799 1289 4856 est;
1332 4799 1395 4846 ut
1430 4792 1645 4863 agnitus
1681 4793 1977 4848 honoretur

402 4883 649 4949 Creator,
684 4898 782 4939 nec
806 4882 921 4952 ejus
950 4881 1169 4938 claritas
1194 4891 1250 4938 et
1275 4884 1529 4955 majestas
1552 4884 1711 4940 alicui
1735 4885 1801 4940 de
1824 4899 1976 4940 crea-

406 4974 543 5028 turis
570 4975 875 5044 deputetur.
911 4971 1156 5028 Sccunda
1184 4989 1312 5043 pars
1348 4982 1432 5028 est
1471 4973 1710 5036 moralis,
1741 4974 1845 5029 hoc
1870 4982 1970 5037 est,

405 5069 465 5116 ut
490 5064 627 5117 bene
661 5064 910 5129 vivatur,
956 5063 1215 5118 modestia
1245 5063 1597 5135 gubernante.
1637 5063 1817 5119 Tertia
1846 5077 1978 5119 vero

405 5167 531 5223 pars
553 5149 672 5220 ejus
696 5160 779 5206 cst
801 5152 1065 5217 docibilis,
1094 5161 1152 5206 ut
1181 5152 1444 5208 creatoris
1465 5153 1580 5217 Dei,
1598 5162 1653 5207 et
1671 5152 1975 5223 exemplum

408 5244 597 5300 mortis
627 5243 837 5298 caeteris
864 5246 1127 5299 tradatur.
1159 5243 1262 5301 Sed
1293 5245 1522 5316 regnavit
1551 5261 1690 5299 mors
1713 5245 1777 5298 ab
1806 5244 1973 5298 Adam

373 5352 567 5407 .usque
594 5334 662 5389 ad
687 5333 923 5405 Moysen.
946 5337 1208 5404 Quoniam
1248 5354 1354 5394 non
1392 5338 1760 5409 imputabatur
1787 5352 1977 5407 pecca-

409 5442 520 5483 tum
547 5435 834 5497 antequam
859 5427 944 5482 lex
976 5428 1212 5492 daretur,
1255 5430 1367 5500 ipsa
1401 5428 1765 5500 usurpationis
1804 5430 1977 5498 impu-

406 5520 574 5574 nitate
599 5519 862 5587 regnabat
888 5534 1056 5584 mors,
1085 5519 1139 5574 id
1162 5527 1267 5582 est,
1306 5519 1588 5575 diabolus:
1615 5533 1808 5574 omnes
1833 5518 1974 5573 enim

403 5624 531 5666 suos
556 5607 769 5662 videbat
799 5623 941 5674 esse,
973 5608 1099 5679 quia
1126 5609 1215 5679 qui
1246 5608 1372 5677 facit
1397 5620 1665 5679 percolunt
1690 5625 1867 5664 servus
1900 5618 1976 5662 est

403 5700 640 5759 peccati:
680 5698 893 5769 impune
928 5699 1070 5756 enim
1100 5714 1324 5771 peccaro
1362 5708 1639 5770 putantes,
1679 5699 1848 5772 magis
1879 5698 1973 5755 dc-

2078 4603 2347 4672 delictum,
2385 4607 2460 4661 ita
2497 4617 2545 4661 et
2567 4608 2764 4663 donum
2787 4626 2805 4663 :
2845 4619 2902 4664 et
2946 4610 3139 4680 incipit
3176 4626 3244 4665 ex
3273 4612 3377 4667 hoc
3404 4627 3658 4668 sermone

2079 4692 2242 4748 veluti
2268 4697 2619 4765 semetipsum
2656 4698 2976 4767 explanare,
3022 4702 3295 4770 quomodo
3328 4702 3523 4758 dixerit
3546 4701 3659 4757 for.

2080 4800 2224 4839 mam
2254 4784 2454 4841 Christi
2483 4803 2604 4843 esse
2628 4787 2825 4854 Adam,
2854 4804 2952 4845 nec
2977 4791 3096 4846 sine
3131 4801 3247 4846 arte
3276 4791 3542 4862 profunda
3569 4793 3654 4848 di-

2081 4874 2239 4928 cendi
2265 4874 2555 4946 Apostolus
2586 4876 2815 4933 formam
2843 4878 3042 4934 Christi
3078 4896 3199 4936 esse
3225 4881 3399 4936 Adam
3443 4883 3655 4951 posuit,

2080 4980 2201 5035 qua:
2223 4965 2294 5019 sit
2317 4981 2415 5035 per
2437 4982 2607 5037 genus
2631 4968 2840 5033 similis,
2871 4967 3043 5023 forma
3069 4977 3124 5024 et
3152 4971 3331 5039 specie
3358 4972 3654 5026 contraria.

2080 5057 2186 5113 Per
2212 5071 2379 5127 genus
2407 5074 2643 5127 namque
2672 5060 2863 5115 similis
2903 5059 3074 5116 forma
3106 5062 3160 5116 in
3192 5077 3286 5126 eo,
3333 5062 3476 5131 quod
3509 5062 3658 5118 sicut

2082 5150 2150 5205 ab
2178 5164 2285 5204 uno
2316 5148 2488 5204 Adam
2518 5151 2571 5204 in
2593 5151 2777 5220 plures
2799 5153 3045 5209 homines
3067 5152 3400 5207 diffunditur.
3435 5151 3660 5221 Species

2081 5254 2211 5294 vero
2237 5240 2528 5303 contraria,
2563 5242 2707 5310 quod
2728 5257 2797 5296 ex
2835 5243 3007 5297 Adam
3034 5241 3476 5311 praevaricatione
3505 5252 3654 5300 certa

2082 5316 2394 5399 peccatores
2427 5332 2704 5386 constituti
2750 5341 2876 5387 sunt
2900 5332 3085 5399 multi,
3136 5332 3340 5388 Christi
3367 5348 3497 5388 vero
3532 5333 3662 5389 obe-

2084 5419 2281 5473 tlientia
2300 5420 2433 5490 justi
2457 5422 2860 5477 constituuntur
2886 5422 3061 5476 multi.

2154 5509 2323 5565 Multo
2348 5513 2515 5583 magis
2536 5514 2706 5584 gratia
2745 5513 2864 5578 Dei,
2892 5521 2941 5567 et
2969 5513 3165 5567 donum
3209 5514 3267 5568 in
3288 5514 3459 5585 gratia
3498 5513 3657 5567 unius

2082 5603 2307 5658 hominis
2335 5604 2463 5658 Iesu
2494 5604 2710 5670 Christi,
2734 5607 2788 5658 in
2813 5604 2988 5674 plures
3011 5603 3316 5659 abundavit.
3348 5603 3424 5658 Ex
3456 5603 3542 5657 his
3561 5617 3647 5656 as-

2085 5696 2235 5764 serit,
2267 5696 2531 5767 Complcta
2559 5712 2699 5764 esse,
2730 5712 2849 5767 qua:
2875 5696 3114 5754 defuisse
3150 5698 3204 5753 in
3242 5696 3517 5767 prioribus
3567 5694 3647 5749 vi-
3743 5734 3747 5736 ν
