3974 6202
195 331 262 384 57
1309 326 1639 384 COLLECT.
1677 327 1746 382 1N
1786 320 2008 386 I'JPIST.
2045 328 2136 384 AD
2174 327 2340 384 ROM.
3390 330 3459 385 58

187 443 461 497 debautur
488 458 502 492 :
530 455 659 494 nam
688 441 919 496 multum
954 442 1202 506 interest,
1225 443 1368 512 quod
1402 443 1472 497 ibi
1501 443 1554 496 in
1580 456 1770 496 omnes
1797 449 1848 507 Α
1874 442 2028 495 unius
2056 441 2283 495 hominis
2311 450 2607 512 peccatores
2639 437 2909 495 constituti
2946 451 3068 494 sunt
3099 439 3277 507 multi,
3306 441 3382 495 ita
3407 451 3459 496 et

190 533 438 587 homines
461 529 599 584 dixit
633 533 1000 600 pertransisse
1029 543 1309 602 peccatum
1345 550 1356 585 :
1392 533 1481 586 hic
1508 547 1637 586 vero
1679 532 1774 584 do-

191 637 319 678 num
349 631 406 676 et
448 621 679 691 gratiam
710 619 840 675 Jesu
869 621 1070 677 Christi
1121 623 1172 675 iu
1205 623 1386 692 plures
1438 604 1770 686 abundasse,

189 729 316 769 cum
331 721 388 768 et
413 727 602 767 omnes
615 713 867 768 homines
895 714 1076 783 plures
1103 714 1495 784 intelliguntur,
1515 722 1570 768 et
1587 714 1773 782 plures

191 801 393 856 multos
419 799 642 870 intelligi
672 816 779 854 non
810 801 1024 856 videtur
1045 802 1360 866 absurdum,
1395 803 1627 856 maxime
1651 817 1772 855 cum

192 893 248 946 in
279 891 631 960 sequentibus
661 890 806 944 dicat
835 891 1070 959 apertius
1098 908 1111 945 :
1149 890 1298 945 Sicut
1340 908 1432 961 per
1461 893 1616 945 unius
1645 891 1777 944 deli-

191 993 330 1036 ctum
356 999 532 1036 omnes
565 981 806 1035 homines
865 984 921 1035 in
964 981 1466 1048 condemnationem,
1491 984 1566 1036 sic
1594 993 1641 1037 et
1685 999 1776 1052 per

193 1077 347 1130 unius
377 1075 648 1145 justitiam
669 1090 845 1128 omnes
860 1074 1093 1132 homines
1117 1073 1170 1126 in
1185 1073 1620 1143 justiﬁcationem
1632 1075 1770 1127 vitta.

195 1169 262 1222 Et
288 1176 347 1221 ut
364 1165 679 1221 evidentius
706 1164 1038 1229 ostenderet,
1068 1180 1258 1220 omnes
1274 1166 1544 1230 homines,
1568 1173 1622 1220 et
1641 1166 1777 1219 mul-

196 1267 279 1311 tos
307 1255 560 1310 homines
588 1254 732 1308 idem
787 1267 928 1317 esse,
956 1254 1104 1308 addit
1147 1254 1268 1307 his:
1299 1251 1446 1307 Sicut
1499 1255 1636 1306 enim
1683 1270 1776 1322 per

197 1345 593 1400 inobedientiam
621 1343 777 1398 unius
800 1353 1094 1413 peccatores
1131 1344 1398 1397 constituti
1429 1353 1549 1396 sunt
1581 1343 1731 1395 multi
1756 1383 1769 1407 ,

196 1440 269 1490 sic
289 1447 334 1490 et
368 1453 461 1508 per
490 1436 651 1490 unius
687 1434 1036 1489 obedientiam
1073 1435 1211 1504 justi
1240 1435 1620 1489 constituentur
1643 1435 1778 1488 mul-

196 1529 268 1590 ti;
299 1528 446 1597 quod
482 1527 737 1597 superius
763 1541 953 1581 onmes
998 1527 1244 1582 homines
1268 1527 1519 1591 dixerat,
1573 1527 1662 1580 hic
1687 1541 1778 1580 eo-

196 1619 310 1673 dem
346 1634 514 1672 sensu
547 1616 746 1671 multos
785 1617 1103 1672 nominavit.
1137 1617 1195 1672 Si
1222 1617 1364 1672 enim
1394 1617 1464 1671 ob
1491 1617 1651 1671 unius
1689 1617 1780 1670 de-

197 1707 372 1760 lictum
405 1704 563 1759 multi
593 1705 794 1759 mortui
818 1715 964 1770 sunt,
996 1713 1108 1761 etc.
1157 1705 1228 1762 Ut
1255 1705 1586 1776 intelligatur
1606 1745 1622 1769 ,
1673 1721 1777 1759 non

1871 551 1962 603 per
2022 535 2178 588 unius
2241 534 2587 586 obeditionem
2657 531 2795 602 justi
2847 533 3226 587 constituentur
3283 532 3458 587 multi.

1874 622 2028 676 Sicut
2061 623 2306 690 exemplo
2333 622 2709 674 inobedientiae
2750 619 2879 674 Adae
2901 631 3260 690 peccaverunt
3282 621 3460 686 multi,

1873 714 1947 768 ita
1979 723 2032 767 et
2068 713 2268 766 Christi
2297 712 2618 767 obedientiaz
2643 711 3011 780 justificantur
3036 712 3209 764 multi.
3240 708 3458 765 Grande

1873 819 2002 874 ergo
2027 805 2230 857 crimen
2259 803 2635 858 inobedientiae
2681 809 2765 856 est
2794 841 2809 867 ,
2859 802 3002 871 quod
3029 810 3209 856 tantos
3239 801 3457 854 occidit.

1875 895 1982 949 Lex
2009 904 2182 949 autem
2239 895 2583 959 subintravit,
2619 904 2674 947 ut
2702 894 2994 948 abundaret
3041 904 3330 965 peccatum.
3383 893 3462 948 Ne

1873 986 2114 1040 dicerent
2141 983 2310 1039 Judaei
2341 1003 2353 1037 :
2385 983 2490 1039 Sed
2536 985 2690 1038 nobis
2734 993 2955 1052 peccata
3011 982 3233 1038 dimisit.
3298 982 3413 1038 Non
3443 1024 3461 1048 ,

1875 1076 2067 1144 inquit,
2103 1075 2251 1129 venit
2282 1083 2504 1145 peccata
2531 1074 2822 1139 dimittere,
2849 1075 2943 1128 sed
2975 1075 3350 1128 demonstrare
3373 1077 3462 1129 de-

1873 1165 2021 1232 licta,
2053 1175 2108 1221 et
2153 1167 2281 1220 dum
2313 1165 2551 1220 scienter
2594 1163 3052 1234 peccatur,ccepit
3074 1163 3347 1218 abundare
3373 1165 3465 1218 de-

1875 1258 2058 1313 lictum
2087 1276 2098 1312 :
2131 1272 2196 1312 ac
2221 1257 2266 1311 si
2301 1256 2522 1321 diceret,
2549 1255 2618 1310 Ut
2649 1255 2823 1320 video,
2850 1255 2929 1309 lex
2953 1263 3175 1323 peccata
3206 1269 3311 1308 non
3341 1253 3464 1309 abs-

1875 1352 2020 1416 tulit,
2063 1352 2157 1406 sed
2187 1350 2402 1418 adjecit,
2435 1366 2541 1405 non
2575 1359 2752 1404 tamen
2781 1365 2880 1404 suo
2907 1349 3061 1414 vitio,
3099 1349 3194 1404 sed
3224 1349 3462 1404 illorum.

1877 1441 2204 1496 Subintravit
2252 1450 2454 1505 autem,
2481 1441 2586 1494 hoc
2626 1447 2730 1504 est,
2761 1440 2940 1494 subito
2978 1440 3236 1504 intravit,
3287 1446 3341 1494 et
3387 1441 3463 1493 ita

1877 1529 2127 1599 contigit,
2150 1538 2211 1583 ut
2235 1529 2538 1583 abundaret
2585 1528 2842 1582 delictum
2870 1547 2883 1581 :
2913 1529 3038 1597 quia
3068 1528 3320 1582 inimicus
3343 1527 3464 1597 plus

1877 1619 2104 1684 exarsit,
2141 1619 2330 1673 videns
2373 1617 2610 1671 hominis
2637 1632 2824 1672 curam
2880 1617 3079 1672 habere
3129 1619 3297 1672 Deum
3330 1658 3345 1683 ,
3404 1629 3464 1672 ut

1880 1708 2030 1761 illum
2055 1707 2221 1762 etiam
2265 1723 2363 1777 per
2383 1706 2556 1776 legem
2586 1721 2736 1760 reum
2761 1705 2996 1770 faceret,
3045 1721 3111 1760 ne
3158 1706 3267 1761 Deo
3295 1706 3462 1776 aspici

198 1794 359 1864 magis
393 1793 449 1847 in
483 1791 708 1856 multos,
747 1808 871 1847 cum
917 1793 1083 1863 iniqui
1133 1794 1304 1864 magis
1331 1794 1484 1848 mulli
1529 1794 1637 1848 sint
1683 1795 1772 1863 qui
1809 1793 1848 1850 Β
1877 1806 2196 1851 mereretur.
2263 1796 2433 1851 Aliter
2471 1813 2484 1849 :
2518 1802 2577 1848 ut
2628 1796 2928 1849 abundaret
2977 1794 3232 1849 delictum
3264 1811 3277 1860 ;
3335 1811 3458 1848 nam

199 1883 614 1948 damnabantur,
641 1884 735 1938 sed
757 1883 931 1954 magis
960 1885 1251 1939 abundavit
1279 1903 1292 1939 :
1325 1885 1450 1954 quia
1480 1886 1532 1939 in
1569 1887 1654 1940 his
1679 1887 1774 1956 qui

197 1989 286 2042 per
319 1974 604 2029 Christum
651 1975 990 2029 redimuntur
1015 1976 1409 2045 temporaliter,
1425 1977 1570 2031 valet
1600 1977 1770 2032 forma

197 2065 379 2118 mortis
400 2079 467 2118 ex
484 2063 679 2118 Adam.
693 2063 750 2116 In
772 2072 1034 2119 aeternum
1048 2075 1230 2120 autem
1247 2066 1448 2120 valebit
1465 2068 1586 2120 vita:
1604 2065 1775 2120 forma

196 2173 285 2227 per
306 2157 610 2213 Christum.
637 2157 899 2223 Quamvis
926 2175 1055 2231 ergo
1076 2199 1092 2225 ,
1143 2160 1351 2231 inquit,
1387 2160 1558 2214 Adam
1613 2161 1778 2216 futuri

198 2249 361 2305 forma
389 2252 482 2312 sit,
514 2266 545 2304 e
575 2251 852 2304 contrario
881 2260 1060 2306 tamen
1092 2250 1213 2321 plus
1259 2261 1482 2322 praestat
1525 2251 1776 2308 Christus

199 2344 273 2395 eis
297 2343 389 2411 qui
427 2342 736 2411 regenerati
771 2350 916 2406 sunt,
954 2357 1115 2412 quam
1141 2343 1219 2398 eis
1268 2352 1526 2399 nocuerat
1548 2344 1639 2398 ille
1686 2359 1779 2414 ge-

200 2437 413 2488 neratis.
446 2433 553 2488 Sed
585 2450 690 2487 non
713 2433 848 2487 sicut
875 2432 1120 2487 delictum
1144 2475 1160 2498 ,
1212 2437 1286 2489 ita
1309 2445 1356 2489 et
1389 2436 1586 2490 donum
1609 2450 1627 2487 :
1651 2437 1778 2504 quia

200 2539 336 2578 mors
361 2525 582 2594 quidem
613 2525 774 2578 unius
822 2523 1018 2578 delicto
1051 2527 1295 2595 regnavit
1327 2541 1426 2596 per
1446 2542 1634 2581 unum.
1675 2526 1777 2593 Qui

201 2625 371 2669 autem
417 2613 811 2668 abundantiam
861 2615 1048 2682 gratiae
1077 2625 1133 2671 et
1165 2616 1291 2671 doni
1335 2615 1776 2685 justifieationem

199 2708 482 2775 accipiunt,
511 2722 620 2760 non
649 2705 824 2760 solum
854 2706 993 2760 ultra
1022 2722 1129 2762 non
1157 2716 1346 2779 regnat
1373 2710 1428 2763 in
1477 2709 1558 2765 eis
1589 2725 1737 2763 mors
1759 2750 1772 2768 .

199 2797 333 2865 quod
367 2804 420 2849 et
450 2795 629 2864 ipsum
670 2796 856 2865 utique
886 2811 989 2851 non
1021 2811 1201 2865 parva:
1238 2806 1381 2853 esset
1416 2799 1632 2869 gratiae,
1684 2799 1778 2853 se.l

201 2897 249 2942 et
282 2888 386 2940 alia
444 2888 558 2942 duo
615 2888 697 2943 eis
734 2887 986 2943 feruntur
1034 2891 1214 2944 bona:
1245 2907 1445 2954 unum,
1495 2893 1638 2961 quod
1681 2909 1780 2960 pro

199 2986 368 3030 morte
396 2977 451 3030 in
499 2978 580 3032 eis
616 2987 809 3046 regnat
863 2977 1019 3034 Jcsus
1057 2979 1335 3046 Christus;
1393 2981 1534 3035 aliud
1562 3023 1577 3047 ,
1636 2984 1778 3052 quod

199 3071 354 3122 etiam
397 3069 497 3138 ipsi
529 3070 835 3139 regnahunt
881 3085 979 3139 per
1033 3087 1200 3125 unum
1253 3071 1436 3126 Jesum
1479 3071 1773 3127 Christum.

1879 1888 2240 1944 abundantius
2268 1897 2321 1943 et
2360 1887 2714 1958 perniciosius
2742 1897 2844 1951 est,
2877 1886 3090 1954 quando
3133 1885 3202 1939 ab
3254 1885 3460 1939 sciente

1877 1991 1934 2036 et
1993 1981 2384 2050 prtevaricante
2447 1985 2724 2049 peccatur.
2783 1977 2916 2031 Nam
2971 1977 3291 2046 prohibente
3347 1975 3464 2045 lege

1875 2071 2166 2126 violentius
2201 2078 2458 2140 peccatur
2487 2110 2501 2135 ,
2553 2084 2713 2138 quam
2750 2069 2794 2123 si
2844 2067 2988 2122 nulla
3031 2067 3146 2137 lege
3192 2067 3462 2136 prohibita

1877 2162 2300 2234 committantur.
2334 2161 2442 2214 Lex
2487 2171 2662 2214 autem
2719 2160 3028 2213 subintravit
3056 2199 3071 2223 ,
3126 2158 3213 2213 lex
3259 2158 3464 2214 scilicet

1879 2258 2268 2320 membrorum,
2303 2269 2609 2324 repugnans
2637 2253 2740 2324 legi
2769 2252 2983 2306 mentis.
3013 2251 3132 2321 Ipsa
3167 2267 3296 2322 ergo
3337 2251 3464 2305 sub-

1877 2351 2100 2405 intravit
2138 2349 2241 2418 legi
2294 2356 2537 2410 naturas,
2592 2354 2653 2400 ut
2685 2345 2985 2400 abundaret
3037 2344 3311 2399 delictum.
3358 2339 3461 2396 Ubi

1879 2451 2053 2495 autem
2079 2439 2359 2493 abundavit
2391 2436 2636 2490 delictum
2663 2475 2678 2500 ,
2721 2433 3160 2505 superabundavit
3187 2444 3234 2488 et
3261 2434 3455 2503 gratia.

1881 2532 2035 2588 Sicut
2056 2533 2130 2586 ait
2152 2531 2440 2586 Salvator:
2475 2529 2573 2583 Cui
2600 2530 2717 2599 plus
2757 2530 3059 2592 dimittitur,
3083 2526 3307 2598 amplius
3334 2527 3462 2579 dili-

1880 2624 1953 2694 git
1985 2621 2137 2692 (Luc.
2169 2619 2290 2691 vn).
2327 2618 2608 2674 Manifesta
2639 2627 2724 2674 est
2747 2619 2893 2672 enim
2924 2617 3196 2686 quantitas
3220 2616 3461 2685 peccati,

1881 2722 1940 2767 ut
1990 2713 2222 2767 sciretur
2268 2710 2455 2781 gratia:
2493 2709 2827 2778 magnitudo.
2873 2707 2970 2762 Est
3019 2714 3200 2760 autem
3240 2704 3460 2774 grandis

1880 2801 2393 2872 superabundantia,
2421 2799 2562 2870 quod
2593 2799 2680 2854 ubi
2706 2805 2994 2869 peccatum
3049 2795 3152 2849 fuit
3201 2803 3252 2848 et
3284 2809 3464 2858 mors,

1882 2895 1954 2950 ibi
1983 2909 2129 2949 nunc
2156 2903 2240 2949 est
2271 2893 2468 2963 gratia,
2492 2900 2548 2946 ct
2587 2890 2822 2959 justitia,
2854 2899 2910 2944 et
2941 2891 3050 2943 vita
3103 2896 3325 2943 mterna.
3360 2886 3467 2942 Su-

1879 2987 2258 3057 perabundavit
2299 2988 2495 3057 gratia.
2538 2985 2746 3039 Donum
2797 2983 2890 3037 Dei
2947 2982 3185 3038 omnium
3239 2987 3462 3051 peccata

1881 3082 2143 3145 contexit,
2174 3088 2233 3135 ut
2260 3081 2454 3134 diaboli
2485 3078 2741 3133 invidiam
2770 3076 2906 3131 nihil
2933 3074 3228 3146 profecisse
3251 3074 3461 3128 doceat.

198 3156 323 3212 Cum
352 3175 485 3229 ergo
533 3161 843 3214 necessario
875 3161 989 3215 hmc
1035 3162 1089 3215 in
1115 3177 1210 3216 eos
1260 3164 1534 3230 eveniunt,
1562 3165 1616 3220 id
1647 3173 1730 3219 est
1758 3207 1772 3228 ,
1804 3146 1847 3206 (ἶ
1882 3169 2350 3238 Superabundavit
2375 3184 2503 3235 ergo
2525 3167 2722 3238 gratia,
2754 3167 2879 3235 quia
2902 3173 3179 3237 peccatum
3214 3163 3282 3217 ad
3319 3169 3460 3216 tem-

198 3256 244 3299 ι
267 3264 497 3316 regnum
549 3251 742 3304 mortis
768 3250 1028 3322 ell'ugiant
1076 3261 1132 3307 et
1157 3269 1256 3322 pro
1284 3264 1456 3310 morte
1489 3265 1676 3326 regnet
1724 3258 1777 3311 in

191 3340 267 3392 eis
292 3339 583 3394 Christus:
623 3341 732 3394 imo
764 3350 822 3394 ut
855 3356 979 3396 cum
1006 3357 1072 3396 eo
1120 3343 1220 3410 ipsi
1265 3351 1488 3414 regnent
1521 3345 1574 3398 in
1626 3347 1736 3400 vita
1761 3386 1776 3410 ,

192 3428 544 3482 manifestum
572 3438 650 3484 est
683 3431 939 3500 quoniam
963 3447 1070 3486 non
1099 3433 1169 3487 sit
1211 3433 1464 3488 delictum
1493 3435 1566 3488 ita
1597 3445 1654 3489 ut
1679 3437 1778 3490 do-

190 3535 341 3572 num.
377 3518 576 3574 Volens
599 3529 779 3575 autem
810 3521 1096 3590 Apostolus
1122 3525 1410 3580 ostendere
1431 3535 1636 3595 quanto
1667 3545 1782 3582 ma-

183 3610 300 3676 jora
333 3626 436 3680 per
463 3610 737 3666 Christum
759 3614 939 3667 anima
972 3615 1182 3684 recipit,
1216 3630 1377 3684 quam
1401 3616 1656 3670 amiserat
1686 3633 1783 3687 per

189 3701 716 3770 Adam,frcquentat
764 3703 895 3758 istos
946 3719 1257 3770 sermones,
1309 3713 1367 3759 ut
1415 3707 1562 3761 dicat
1613 3708 1780 3762 multo

192 3796 367 3864 magis
395 3805 450 3849 et
482 3795 865 3850 abundantiam
894 3797 1095 3866 gratiae,
1131 3805 1187 3851 et
1223 3797 1346 3852 doni
1375 3837 1389 3864 ,
1438 3805 1489 3852 et
1523 3797 1780 3866 justitim,

193 3895 241 3938 et
277 3887 588 3955 regnabant
625 3902 719 3955 per
738 3903 904 3940 unum
925 3886 1110 3942 Iesum
1140 3888 1418 3944 Christum
1453 3891 1624 3957 gratia
1663 3891 1779 3953 Dei,

191 3994 306 4047 qua:
361 3980 613 4049 pertinet
656 3981 718 4033 ad
749 3982 1124 4037 remissionem
1170 3991 1512 4052 peccatorum
1545 3999 1644 4053 per
1695 3985 1785 4037 ba-

192 4073 452 4139 ptismum
496 4090 511 4124 :
558 4073 752 4126 donum
803 4073 1128 4129 abundantia
1193 4077 1500 4131 donationis
1550 4075 1783 4144 Spiritus

191 4167 361 4218 sancti
383 4205 397 4223 .
424 4165 556 4234 quia
588 4165 751 4219 multa
777 4177 905 4220 sunt
933 4167 1101 4236 ipsius
1131 4168 1289 4222 dona.
1331 4168 1470 4221 Nam
1511 4169 1774 4238 judicium

189 4259 398 4323 quidem
426 4272 498 4309 ea:
547 4272 650 4308 uno
676 4257 730 4310 in
757 4257 1240 4311 condemnationem
1269 4273 1288 4310 :
1324 4260 1496 4329 gratia
1521 4268 1693 4313 autem
1714 4275 1779 4313 ea:

187 4351 370 4402 multis
389 4349 601 4402 delictis
633 4351 686 4401 in
723 4351 1174 4419 justiﬁcationem.
1227 4352 1305 4404 Ex
1355 4367 1461 4405 uno
1487 4367 1615 4421 ergo
1655 4352 1783 4420 quid

190 4441 288 4492 nisi
337 4439 583 4494 delicto?
609 4440 732 4507 quia
763 4440 1044 4508 sequitur:
1075 4438 1262 4494 Gratia
1287 4449 1461 4494 autem
1497 4457 1562 4494 ea:
1595 4439 1774 4494 multis

185 4534 396 4588 defit-ﬁs
427 4535 485 4586 in
526 4532 996 4601 justi/icationem;
1027 4532 1297 4602 quomodo
1325 4548 1390 4587 ex
1445 4547 1552 4586 uno
1581 4532 1776 4586 delicto

189 4623 240 4675 in
268 4621 824 4677 condemnationem?
850 4622 952 4675 nisi
981 4622 1106 4691 quia
1143 4621 1242 4674 fuit
1276 4622 1344 4675 ad
1377 4620 1779 4674 condemnatio-

189 4730 313 4766 nem
343 4713 514 4766 etiam
529 4727 695 4765 unum
725 4712 987 4782 originale
1013 4720 1313 4782 peccatum,
1342 4711 1484 4780 quod
1510 4711 1564 4764 in
1591 4727 1780 4765 omnes

187 4808 442 4860 homines
468 4805 810 4874 pertransiit.
847 4803 1033 4859 Gratia
1061 4819 1191 4860 vero
1237 4805 1357 4860 ideo
1388 4821 1453 4858 ea“.
1487 4805 1664 4858 multis
1693 4804 1782 4856 de-

187 4900 329 4952 lictis
359 4901 414 4951 in
452 4897 917 4968 justiﬂcationem,
947 4897 1071 4966 quia
1099 4911 1204 4950 non
1233 4895 1407 4950 solum
1437 4894 1568 4948 illud
1623 4894 1782 4948 solvit

187 4990 333 5058 qm'l
366 4985 708 5058 originaliter
732 4986 985 5051 trahitur,
1018 4986 1110 5040 sed
1143 4985 1307 5039 etiam
1339 4991 1532 5038 cretera
1579 4999 1698 5054 qua:
1729 4983 1780 5036 in

186 5090 427 5147 utroque
455 5077 679 5131 homine
706 5084 855 5130 motu
897 5076 1127 5146 pr0pria:
1157 5074 1449 5128 voluntatis
1486 5073 1777 5126 adduntur.

181 5171 365 5241 Igitur
391 5171 535 5224 sicut
564 5183 664 5238 per
710 5167 877 5249 unius
923 5166 1172 5221 delictum
1228 5180 1417 5220 omnes
1449 5163 1697 5217 homines
1727 5163 1779 5215 in

182 5262 736 5323 mdemnationem,
795 5259 1050 5313 subaudis
1076 5299 1088 5321 ,
1156 5265 1561 5326 pervenerunt:
1605 5253 1782 5308 nullus

179 5357 336 5408 enim
368 5353 676 5414 hominum,
721 5348 826 5403 nisi
861 5363 962 5416 per
987 5347 1183 5411 Adam,
1216 5346 1449 5399 trahitur
1475 5344 1540 5397 ad
1563 5343 1784 5398 damna-

184 5450 418 5509 tionem,
435 5447 506 5498 dc
533 5460 638 5512 qua
661 5456 761 5512 per
788 5441 1063 5494 lavacrum
1086 5435 1512 5509 regenerationis
1541 5435 1786 5489 homines

179 5540 515 5596 liter-antur,
542 5542 597 5588 et
623 5531 806 5586 nullus
831 5528 1108 5583 hominum
1153 5526 1221 5580 ab
1248 5526 1349 5580 hac
1395 5525 1740 5578 damnatione
1768 5562 1784 5587 ,

179 5630 288 5682 nisi
334 5644 434 5698 per
482 5625 766 5680 Christum
826 5619 1122 5674 liberatur:
1155 5617 1383 5686 ideoque
1437 5629 1504 5667 ex
1556 5619 1786 5682 utraque

178 5729 343 5788 parte
365 5718 499 5773 dicti
528 5725 655 5773 sunt
684 5725 899 5768 omnes.
926 5708 1074 5786 Sicut
1101 5707 1235 5762 enim
1264 5723 1355 5778 per
1383 5702 1783 5758 inobedientiam

1879 3275 1979 3329 pus
2018 3259 2283 3329 regnavit,
2314 3258 2486 3328 gratia
2537 3265 2717 3311 autem
2767 3257 2822 3311 in
2871 3265 3167 3311 mternum:
3197 3253 3292 3308 Dei
3321 3253 3462 3308 enim

1879 3356 1962 3404 est
1989 3364 2210 3419 regnum
2236 3349 2410 3418 gratia
2440 3357 2738 3420 regnante,
2787 3349 2927 3403 sicut
2979 3344 3177 3402 diaboli
3237 3359 3462 3415 regnum

1880 3448 1999 3495 erat
2027 3450 2251 3510 peccato
2284 3449 2562 3512 regnante.

2532 3531 2762 3588 CAPUT
2801 3530 2890 3584 VI.

1953 3621 2092 3688 Quid
2111 3639 2232 3693 ergo
2255 3622 2525 3676 dicemus?
2563 3622 2888 3675 manebimus
2922 3621 2976 3674 in
3001 3627 3235 3690 peccato,
3263 3625 3318 3670 ut
3343 3633 3464 3686 gra-

1881 3712 1956 3764 tia
2001 3711 2271 3765 abundet?
2314 3711 2580 3776 Quoniam
2623 3710 2872 3779 superius
2907 3709 3160 3771 dixerat,
3205 3707 3330 3776 quia
3371 3705 3457 3758 ubi

1881 3800 2164 3854 abundavit
2187 3810 2475 3869 peccatum,
2502 3798 2942 3867 superabundavit
3002 3797 3194 3865 gratia.
3225 3794 3459 3850 Nascen-

1884 3895 1992 3942 tem
2019 3904 2082 3942 ex
2131 3891 2232 3942 hoc
2282 3889 2635 3967 qu:estiouem
2690 3902 2833 3940 nunc
2871 3886 2972 3940 sibi
3007 3887 3124 3956 ipse
3168 3886 3459 3954 proponit:

1885 3981 2025 4052 Ergo
2056 3979 2393 4048 peccandum
2423 3987 2528 4044 est,
2576 3986 2636 4032 ut
2663 3977 2835 4048 gratia
2879 3977 2999 4047 plus
3035 3977 3307 4031 abundct?
3355 3975 3458 4029 Sed

1883 4071 2271 4126 absolutionem
2295 4070 2457 4123 citam
2491 4068 2805 4138 qutestionis
2852 4067 3107 4128 ostendit,
3139 4081 3259 4120 cum
3290 4065 3457 4119 dicit:

1883 4163 2049 4217 Absit.
2082 4161 2148 4215 Et
2187 4161 2443 4215 continuo
2481 4161 2745 4214 rationem
2777 4157 3036 4226 subjecit,
3096 4167 3340 4211 mortuos
3381 4156 3460 4210 di-

1883 4269 2012 4310 cens
2038 4260 2260 4323 peccato
2289 4267 2405 4316 eos,
2441 4252 2494 4305 in
2521 4251 2718 4319 quibus
2745 4250 3036 4303 abundavit
3064 4250 3257 4316 gratia.

1959 4344 2100 4397 Nam
2121 4344 2209 4414 qui
2232 4342 2422 4396 mortui
2452 4358 2632 4394 sumus
2654 4349 2897 4410 peccato,
2937 4341 3196 4411 quomodo
3241 4338 3464 4408 amplius

1887 4437 2185 4490 vivemusin
2219 4434 2320 4486 eo?
2359 4433 2483 4485 Vult
2524 4440 2631 4484 tam
2671 4430 2882 4483 firmum
2937 4444 3056 4483 esse
3097 4429 3422 4496 baptizatum
3447 4466 3463 4489 ,

1887 4537 2102 4594 tamque
2131 4523 2428 4592 perfectura
2457 4563 2472 4586 ,
2521 4521 2672 4590 quasi
2713 4520 2803 4589 qui
2857 4532 3080 4588 peccare
3118 4532 3224 4571 non
3276 4516 3462 4586 possit.

1887 4615 2312 4685 Superveniente
2341 4613 2514 4682 gratia
2551 4612 2642 4666 Dei
2680 4627 2776 4680 per
2805 4609 3098 4673 Christum,
3129 4616 3182 4663 et
3215 4609 3268 4662 in
3314 4607 3468 4662 nobis

1885 4722 1982 4776 per
2010 4707 2167 4760 ﬁdem
2198 4705 2408 4758 lavacro
2422 4701 2681 4772 spirituali
2701 4709 2978 4771 regnante,
2996 4699 3258 4767 cmpimus
3284 4697 3464 4750 vivere

1889 4798 2018 4860 Deo,
2051 4795 2246 4849 mortui
2270 4802 2450 4847 autem
2479 4801 2722 4862 peccato,
2751 4792 2838 4860 qui
2885 4798 2968 4845 est
2998 4787 3262 4846 diabolus.
3313 4785 3466 4838 Sicut

1890 4887 2000 4943 Deo
2049 4887 2232 4939 vivere
2260 4884 2461 4939 dicitur
2488 4885 2534 4938 is
2561 4884 2650 4952 qui
2683 4881 2978 4937 secundum
3008 4879 3338 4933 voluntatem
3369 4875 3464 4928 Dci

1891 4977 2039 5039 vivit,
2068 4977 2138 5029 ita
2177 4982 2232 5027 ct
2281 4982 2508 5042 peccato
2531 4974 2713 5026 vivere
2744 4971 2940 5026 dicitur
2969 4969 3013 5022 is
3049 4967 3138 5034 qui
3170 4963 3464 5019 secundum

1886 5065 2213 5118 voluntatem
2236 5064 2462 5131 peccati,
2493 5062 2544 5116 id
2568 5071 2650 5115 est.
2677 5059 2892 5123 diaboli,
2924 5057 3071 5111 vivit.

1959 5157 2039 5208 An
2067 5154 2346 5222 ignoratis,
2379 5153 2590 5222 fratres,
2622 5151 2744 5221 quia
2789 5150 3081 5218 quicunque
3107 5146 3354 5215 baptizatt
3383 5163 3467 5199 su-

1887 5264 2003 5299 mus
2030 5253 2083 5298 tn
2112 5242 2320 5299 Christo
2357 5245 2504 5308 Jesu,
2529 5244 2582 5296 in
2611 5251 2828 5294 mortem
2879 5241 3042 5310 ipsius
3093 5239 3344 5311 baptisati
3377 5255 3466 5292 su-

1888 5337 2042 5391 mus?
2075 5335 2315 5390 Observa
2342 5333 2653 5404 diligentius
2680 5331 2924 5385 ordinem
2954 5329 3220 5385 dictorum
3251 5336 3303 5382 et
3332 5342 3464 5382 con-

1887 5429 2221 5496 sequentiam
2248 5445 2261 5478 :
2288 5433 2566 5494 comparat
2585 5424 2730 5477 enim
2762 5432 3147 5491 murtem,quaa
3175 5435 3274 5490 per
3293 5419 3463 5473 Adam

1885 5526 2025 5581 erat,
2053 5517 2173 5570 vita:
2201 5532 2320 5585 qua:
2354 5531 2452 5584 per
2478 5514 2748 5569 Christum
2781 5523 2883 5576 est,
2917 5523 2970 5566 et
3006 5513 3172 5566 dicit:
3203 5510 3328 5563 Non
3361 5510 3466 5564 sic-

1887 5618 1941 5661 ut
1973 5605 2238 5670 delictum,
2282 5606 2354 5659 ita
2383 5615 2427 5658 et
2452 5604 2668 5658 donum.
2704 5604 2770 5658 Et
2820 5604 2948 5657 item
2998 5610 3121 5672 post
3149 5602 3264 5656 haec
3291 5600 3367 5653 ait
3391 5598 3467 5653 le-

1885 5715 2004 5773 gem
2031 5699 2418 5755 subintravissc
2445 5740 2458 5767 ,
2505 5707 2564 5752 ut
2612 5696 2910 5752 abundaret
2945 5703 3224 5766 peccatum
3257 5711 3269 5748 :
3300 5704 3465 5747 anuu-
