3974 6202
3294 304 3311 332 1

489 378 559 434 53
1889 372 2063 431 δεδι]

2196 372 2394 429 SCOTl
3641 370 3695 423 (I0

486 492 650 546 dante
681 504 807 545 vero
828 498 1065 560 peccato,
1092 485 1556 560 superabundasse
1590 486 1842 559 gratiam.
1892 488 1959 541 Et
2001 489 2053 542 in
2083 490 2129 548 Λ
2159 488 2270 554 ipsa
2306 485 2517 541 novitas
2547 484 2850 540 innovanda
2886 490 2993 550 est,
3035 490 3096 537 ut
3118 497 3393 552 nunquam
3419 482 3491 538 sit
3519 485 3697 552 quando

484 579 573 635 his
600 578 759 634 solvit
789 579 925 647 quod
957 579 1240 633 videbatur
1263 592 1384 632 esse
1409 577 1767 643 contrarium,
1794 584 1851 632 et
1878 576 2009 631 dicit
2037 591 2053 630 :

488 669 593 735 Qui
616 671 751 723 enim
777 669 970 721 mortui
996 684 1176 722 sumus
1213 677 1444 739 peccato,
1466 666 1724 737 quomodo
1747 666 1970 721 rivemus
1999 666 2056 718 in

484 758 585 811 eo?
612 757 807 812 Volens
834 757 994 812 rebus
1043 757 1175 827 ipsis
1204 758 1487 813 ostendere
1516 757 1644 826 quid
1689 757 1761 811 sit
1784 764 2055 810 mortuum

486 861 604 901 esse
626 854 869 916 peccato,
887 846 1109 903 dicens:
1137 846 1219 901 An
1243 848 1515 917 ignoratis,
1544 847 1753 916 fratres,
1787 854 1932 910 etc.;
1964 845 2058 899 do-

484 950 613 989 cens
645 949 742 1006 per
771 936 904 1001 haec,
937 938 1065 1005 quia
1098 936 1143 991 si
1173 936 1295 1006 quis
1342 936 1496 1007 prius
1556 943 1778 1005 peccato
1806 935 1879 990 sit
1912 949 2060 989 mor-

485 1033 629 1090 tuus,
656 1024 701 1079 is
726 1027 1030 1082 necessario
1063 1027 1117 1081 in
1145 1027 1410 1097 baptismo
1429 1026 1775 1096 consepultus
1800 1035 1884 1080 est
1901 1025 2059 1080 Chri-

485 1121 589 1168 sto.
622 1113 678 1168 Si
705 1130 834 1170 vero
861 1131 965 1171 non
1012 1124 1139 1172 ante
1166 1118 1290 1187 quis
1313 1118 1545 1171 moritur
1568 1124 1807 1187 peccato,
1831 1132 1935 1170 non
1964 1130 2059 1185 po-

486 1209 590 1256 test
636 1203 850 1272 sepeliri
890 1221 1011 1259 cum
1038 1205 1256 1261 Christo
1287 1224 1299 1260 :
1330 1221 1490 1261 nemo
1546 1208 1689 1261 enim
1718 1207 1907 1261 vivens
1962 1207 2060 1260 ali-

486 1293 701 1359 quando
722 1293 995 1363 sepelitur.
1027 1294 1178 1362 Quod
1226 1296 1271 1350 si
1304 1311 1411 1350 non
1456 1296 1717 1366 sepelitur
1743 1312 1865 1351 cum
1901 1296 2057 1352 Chri-

486 1392 603 1447 sto,
645 1399 745 1438 nec
780 1384 1016 1456 legitime
1042 1387 1369 1457 baptizatur.
1420 1387 1489 1441 Et
1516 1388 1728 1442 intuere
1750 1388 2060 1458 diligentius

484 1471 662 1527 adhuc
680 1476 1120 1543 consequentiam
1144 1476 1357 1546 mystici
1383 1475 1621 1541 ordinis;
1667 1490 1879 1530 morere
1908 1477 2058 1546 prius

485 1571 726 1631 peccato,
743 1573 802 1618 ut
818 1566 993 1634 possis
1015 1580 1138 1619 cum
1159 1564 1379 1620 Christo
1394 1565 1608 1635 sepeliri
1636 1583 1649 1619 :
1680 1576 1894 1620 mortuo
1909 1567 2056 1621 enim

2156 579 2273 634 haec
2313 577 2586 632 innovatio
2610 592 2719 631 non
2753 582 3024 647 augescat.
3054 573 3387 644 Baptismum
3430 575 3602 644 itaque
3632 590 3702 630 re-

2154 668 2501 722 surrectionis
2529 668 2723 737 pignus
2755 675 2841 722 est
2862 675 2917 721 et
2946 666 3144 736 imago,
3176 672 3232 720 et
3269 665 3391 720 ideo
3425 680 3523 733 per
3543 651 3709 735 aquam.

2155 756 2499 812 celebratur:
2530 764 2591 811 ut
2643 757 2783 812 sicut
2813 771 2951 826 aqua
2981 756 3171 811 sordes
3194 755 3394 817 abluit,
3452 756 3527 810 ita
3557 765 3603 810 et
3624 771 3704 811 nos

2154 863 2252 916 per
2271 847 2596 917 baptismum
2624 849 2690 902 ab
2712 848 2859 901 omni
2885 854 3109 916 peccato
3138 845 3459 915 spiritaliter
3487 852 3705 915 purgatos

2154 920 2211 991 et
2236 936 2518 992 innovatus
2544 938 2847 992 credamus.
2878 935 2935 991 Si
2959 937 3101 990 enim
3124 933 3464 1004 comptantati
3498 933 3611 1003 facti
3633 950 3698 986 su-

2156 1044 2273 1081 mus
2322 1027 2653 1081 similitudini
2709 1027 3071 1098 mortis’ejus.
3100 1026 3239 1093 Quid
3274 1033 3358 1079 est
3382 1025 3706 1094 complantari

2157 1117 2495 1172 similitudini
2545 1118 2737 1173 mortis
2772 1118 3010 1173 Christi?
3037 1133 3144 1187 quo
3189 1116 3338 1170 velut
3363 1115 3591 1186 plantam
3628 1118 3711 1171 ali-

2155 1204 2311 1274 cujus
2334 1208 2567 1263 ostendit
2588 1216 2816 1263 mortem
2839 1208 3063 1273 Christi,
3084 1208 3172 1262 cui
3212 1222 3312 1262 nos
3340 1207 3710 1276 complantatos

2156 1298 2272 1353 vult
2301 1315 2442 1354 nunc
2473 1315 2595 1355 esse
2624 1314 2691 1355 ex
2718 1314 2879 1354 succo
2909 1299 3109 1353 radicis
3165 1297 3314 1367 ejus:
3343 1298 3498 1353 radix
3539 1300 3713 1369 quippe

2156 1402 2506 1443 succrescens
2533 1390 2793 1457 producat
2815 1403 2996 1443 ramos
3021 1385 3261 1454 justitiae,
3294 1397 3349 1442 et
3380 1388 3584 1442 fruetus
3602 1387 3715 1443 atie-

2158 1487 2248 1532 rat
2276 1478 2419 1531 vitac.
2450 1477 2602 1544 Quod
2645 1478 2691 1532 si
2726 1478 2809 1532 vis
2837 1477 2903 1532 de
2951 1469 3246 1546 Scriptnris
3282 1492 3571 1548 agnoscere
3611 1492 3716 1547 quae

2158 1570 2229 1624 sit
2257 1570 2359 1624 ista
2380 1569 2561 1639 planta
2590 1570 2676 1624 cui
2714 1568 3060 1640 complantati
3089 1583 3209 1623 esse
3243 1568 3519 1633 debemus,
3551 1577 3601 1623 et
3629 1584 3716 1623 cu-

486 1654 758 1723 sepultura
797 1656 1038 1711 debetur.
1082 1657 1139 1711 Si
1195 1658 1340 1711 enim
1389 1658 1526 1713 vivis
1579 1658 1757 1713 adhuc
1809 1666 2055 1728 peccato,
2151 1659 2243 1729 jus
2265 1662 2481 1731 generis
2518 1662 2700 1723 arbor,
2733 1661 2858 1715 audi
2885 1660 3014 1729 quid
3044 1660 3109 1714 de
3141 1658 3403 1729 sapientia
3438 1658 3714 1712 scribitur:

486 1745 805 1813 consepeliri
834 1761 939 1801 non
969 1755 1124 1817 potes
1150 1746 1389 1814 Christo,
1418 1764 1520 1804 nec
1548 1749 1600 1803 in
1647 1765 1787 1803 novo
1824 1748 1939 1817 ejus
1966 1764 2057 1805 se-

2158 1751 2357 1817 Arbor,
2382 1752 2576 1822 inquit,
2599 1752 2722 1806 vitm
2751 1760 2836 1807 est
2856 1752 3109 1806 omnibus
3132 1749 3474 1819 sperantibus
3506 1750 3556 1803 in
3589 1756 3720 1813 se,et

485 1832 672 1903 pulcro
710 1835 982 1901 collocari,
1008 1839 1135 1907 quia
1165 1847 1321 1893 vetus
1352 1840 1513 1893 homo
1550 1848 1675 1894 tuus
1702 1840 1855 1904 vivit,
1872 1849 1926 1894 et
1954 1856 2058 1894 non
2088 1825 2136 1884 Β
2162 1840 2253 1910 qui
2290 1841 2566 1896 conﬁdunt
2609 1842 2663 1895 in
2694 1856 2756 1896 ea
2794 1849 3051 1911 tanquam
3098 1841 3151 1894 in
3198 1840 3425 1895 Domino
3452 1858 3465 1893 :
3495 1839 3721 1895 Christus

484 1932 664 1991 potest
695 1924 747 1978 in
787 1926 1026 1982 novitate
1053 1928 1352 1994 ambulare,
1378 1929 1431 1983 in
1458 1929 1674 1983 Christo
1700 1928 1851 1993 Jesu,
1874 1929 1926 1983 id
1953 1937 2057 1995 est,

484 2013 542 2067 in
571 2017 787 2072 nomine
810 2016 936 2073 Jesu
962 2018 1181 2075 Christi.
1208 2020 1276 2075 In
1317 2031 1481 2075 morte
1513 2022 1677 2092 ipsius
1698 2022 1948 2093 baptizari
1974 2039 2062 2076 su—

484 2118 622 2157 mus.
677 2103 790 2160 lioc
836 2114 920 2161 est
971 2108 1024 2162 in
1072 2108 1476 2164 similitudinem
1534 2111 1727 2166 mortis
1773 2111 1908 2181 ejus.
1953 2110 2063 2166 Cur

484 2193 774 2264 Apostolus
826 2198 892 2253 de
934 2198 1202 2269 baptismo
1253 2217 1398 2257 nunc
1451 2201 1701 2275 loquens,
1731 2210 1787 2258 et
1841 2203 1907 2259 de
1934 2202 2063 2258 Iesu

485 2284 712 2349 dixerit,
750 2291 1040 2357 conseputti
1075 2306 1258 2345 sumus
1301 2308 1395 2362 per
1445 2291 1782 2362 baptismum,
1825 2303 1881 2349 et
1917 2310 2062 2350 nun-

484 2389 645 2445 quam
685 2376 846 2444 dixit,
892 2379 1107 2437 Christo
1136 2383 1496 2454 cunbaptizati
1532 2386 1762 2441 sumus?
1807 2401 1928 2440 cum
1956 2387 2066 2441 uti-

484 2478 591 2534 que
612 2480 719 2521 non
752 2468 1041 2525 haberetur
1069 2471 1366 2543 legitimum
1391 2474 1679 2545 baptisma,
1710 2476 1813 2531 nisi
1839 2477 1940 2531 sub
1967 2491 2065 2532 no-

484 2556 631 2611 mine
695 2557 997 2615 Trinitatis.
1063 2561 1169 2618 Sed
1216 2564 1423 2619 intuere
1475 2568 1814 2635 prudentiam
1861 2567 2060 2623 Pauli:

484 2649 917 2719 quandoquidem
953 2652 1007 2707 in
1046 2657 1298 2724 praesenti
1338 2658 1457 2713 loco
1508 2675 1612 2714 non
1642 2669 1752 2714 tam
1808 2662 2059 2731 baptismi

485 2738 748 2795 rationem
782 2758 945 2813 quam
986 2747 1177 2802 mortis
1211 2746 1414 2804 Christi
1459 2750 1729 2806 discutere
1779 2753 2059 2822 cupiebat,

483 2829 556 2883 ad
584 2830 736 2901 cujus
762 2831 1169 2890 similitudinem
1199 2838 1362 2892 etiam
1392 2854 1491 2894 nos
1519 2841 1772 2895 suaderet
1806 2843 1944 2896 mori
1971 2843 2064 2899 de-

483 2920 613 2977 bere
640 2934 882 2992 peccato,
907 2937 964 2982 et
983 2931 1301 3000 consepeliri
1329 2931 1562 2986 Christo.
1590 2932 1658 2987 Et
1680 2949 1786 2989 non
1818 2944 1940 2989 erat
1964 2936 2064 2990 uti-

483 3028 590 3084 que
621 3018 948 3074 conveniens
972 3030 1033 3076 ut
1056 3023 1143 3076 ubi
1176 3024 1243 3079 de
1267 3032 1441 3079 morte
1481 3025 1712 3091 dicebat,
1738 3026 1820 3081 vel
1849 3027 2064 3083 Patrem

486 3104 813 3171 nominaret,
842 3108 928 3163 vel
957 3108 1218 3178 Spiritum
1250 3122 1516 3169 sanctum.
1558 3113 1782 3169 Verbum
1810 3133 1936 3170 caro
1982 3117 2065 3188 fa-

2163 1946 2291 2002 ergo
2312 1931 2486 1985 virtus
2514 1932 2626 1998 Dei,
2654 1940 2709 1987 et
2736 1932 2830 1986 Dei
2857 1932 3143 2001 sapientia,
3166 1932 3283 2001 ipse
3311 1939 3394 1985 est
3413 1931 3569 1985 arbor
3590 1931 3717 1993 vitae,

2161 2021 2247 2077 cui
2293 2021 2647 2090 complantari
2700 2022 2991 2086 debemus,
3040 2031 3095 2077 et
3134 2036 3276 2076 novo
3327 2021 3555 2089 quodam
3582 2029 3729 2089 atque

2161 2112 2377 2166 amabili
2403 2114 2563 2177 dono,
2606 2127 2754 2166 mors
2782 2112 2923 2167 illius
2952 2114 3108 2167 nobis
3148 2113 3272 2167 vitae
3299 2113 3465 2166 arbor
3497 2110 3726 2167 edicitur.

2162 2203 2352 2259 Omnis
2390 2204 2569 2275 planta
2598 2204 2792 2259 hiemis
2836 2212 3076 2274 tempore
3105 2213 3359 2268 mortem,
3386 2202 3730 2257 resurrectio-

2163 2308 2285 2347 nem
2307 2294 2452 2347 veris
2478 2302 2795 2363 exspectat:
2825 2293 2871 2348 si
2899 2307 3030 2363 ergo
3055 2300 3112 2348 et
3139 2307 3239 2347 nos
3267 2292 3320 2346 in
3342 2290 3543 2347 Christi
3570 2298 3733 2344 morte

2161 2385 2511 2454 complantati
2550 2400 2758 2451 sumus,
2788 2385 2841 2439 in
2868 2385 3046 2440 hieme
3069 2383 3250 2439 saeculi
3278 2383 3395 2454 ejus
3431 2392 3485 2438 et
3508 2397 3734 2452 praesen-

2163 2475 2233 2531 tis
2257 2476 2403 2540 vitae,
2425 2476 2590 2531 etiam
2637 2475 2705 2530 ad
2733 2474 2973 2531 futurum
3004 2489 3102 2528 ver
3159 2474 3498 2528 inveniemur
3543 2470 3740 2527 fructus

2153 2566 2382 2635 justitim
2412 2583 2481 2622 ex
2534 2567 2705 2637 ipsius
2752 2566 2935 2621 radice
2977 2564 3334 2637 proferentes.
3372 2561 3542 2618 Simul
3573 2570 3621 2617 et
3661 2579 3741 2617 rc-

2159 2659 2499 2713 surrectionis
2524 2659 2740 2712 erimus.
2772 2656 2978 2726 Duplex
3009 2655 3332 2726 intelligitur
3381 2654 3738 2719 resurrectio,

2161 2766 2292 2816 una,
2317 2758 2497 2805 mente
2523 2757 2577 2804 et
2614 2749 2893 2819 proposito
2923 2762 2988 2803 ac
3033 2747 3139 2802 ﬁde
3171 2762 3294 2802 cum
3342 2744 3558 2801 Christo
3580 2760 3611 2799 a
3637 2754 3747 2800 ter-

2161 2843 2308 2898 renis
2334 2842 2690 2913 resurgimus,
2718 2851 2777 2895 ut
2802 2840 3040 2897 cmlestia
3059 2839 3388 2912 cogitemus;
3424 2837 3611 2903 altera,
3627 2853 3749 2908 qua:

2162 2933 2433 3003 generalis
2454 2932 2692 2988 omnium
2728 2932 2833 2986 erit
2860 2931 2914 2985 in
2942 2945 3108 2986 carne
3144 2929 3490 2985 resurrectio.
3532 2928 3651 2983 Vel:
3676 2928 3749 2984 Si

2164 3023 2304 3077 enim
2337 3020 2696 3088 complantati,
2722 3030 2860 3086 etc.,
2894 3020 3073 3085 idest,
3098 3021 3141 3076 si
3174 3020 3228 3074 in
3276 3019 3544 3090 baptismo
3569 3019 3754 3073 omnia

2169 3113 2301 3167 vitia
2329 3111 2698 3182 deposuimus,
2723 3119 3069 3181 resurgentes
3096 3110 3151 3164 in
3180 3109 3442 3175 novitate,
3471 3117 3528 3167 et
3562 3109 3627 3163 de
3649 3123 3757 3164 cae-

485 3203 626 3248 ctum
647 3205 741 3262 est,
766 3205 821 3252 et
846 3200 1042 3255 merito
1068 3202 1157 3256 ubi
1187 3218 1313 3258 caro
1333 3213 1439 3271 est,
1468 3205 1543 3259 ibi
1571 3206 1637 3261 de
1659 3214 1835 3262 morte
1862 3179 2063 3262 tracia-
2091 3179 2135 3240 C
2171 3212 2286 3258 tero
2313 3179 2419 3256 non
2448 3216 2755 3271 peccemus,
2781 3179 2939 3254 simul
2967 3209 3014 3253 et
3055 3199 3450 3253 resurrectionis
3502 3198 3644 3253 illius
3677 3199 3759 3251 si-

486 3290 594 3336 tur.
650 3282 708 3339 Si
736 3287 934 3342 mortui
964 3302 1149 3344 sumus
1175 3300 1395 3359 peccato
1446 3302 1501 3348 et
1526 3296 1823 3366 consepulti
1879 3312 2066 3352 sumus

484 3370 723 3440 Christo,
752 3387 807 3431 et
836 3381 1276 3437 consurreximus
1322 3399 1442 3439 cum
1471 3400 1555 3451 eo,
1581 3389 1890 3444 necessario
1916 3390 2067 3446 vide-

488 3463 638 3520 bitur
688 3470 984 3524 secundum
1028 3473 1168 3529 hanc
1220 3473 1447 3532 formam
1496 3480 1747 3546 ostendi,
1797 3483 2066 3551 quomodo

486 3556 653 3611 ctiam
667 3572 790 3612 cum
808 3558 924 3629 ipso
951 3568 1062 3618 tres
1089 3562 1205 3618 dies
1226 3574 1281 3620 et
1310 3575 1419 3622 tres
1435 3576 1618 3624 noctes
1646 3571 1699 3624 in
1724 3572 1887 3627 corde
1909 3582 2066 3629 terras

488 3645 751 3704 fuerimus
776 3651 992 3720 sepulti,
1023 3660 1079 3708 et
1102 3654 1225 3709 vide
1281 3657 1327 3711 si
1352 3658 1621 3727 possimus
1648 3668 1757 3715 tres
1785 3661 1900 3716 dies
1939 3677 2067 3718 con—

487 3741 683 3813 sepulti
705 3742 923 3801 Christo
954 3744 1153 3801 facere.
1208 3742 1342 3803 Cum
1393 3749 1607 3820 plenam
1631 3752 1913 3819 Trinitatis
1938 3770 2068 3810 con-

488 3837 780 3894 fessionem
810 3841 1054 3911 capimus
1083 3861 1096 3896 :
1128 3842 1218 3897 lux
1273 3844 1417 3899 enim
1470 3845 1652 3912 Pater,
1679 3855 1735 3901 ct
1762 3848 1814 3902 in
1866 3849 2067 3903 lumine

487 3928 625 3998 ejus,
654 3929 744 3998 qui
772 3939 855 3984 est
878 3930 1045 3986 Filius
1068 3973 1082 3997 ,
1136 3932 1319 3989 lumen
1348 3934 1592 3991 videmus
1638 3936 1897 4006 Spiritum
1942 3953 2068 3993 san-

488 4027 656 4075 ctum.
695 4018 980 4075 Faciamus
1011 4030 1191 4076 autem
1225 4031 1281 4076 et
1302 4031 1414 4078 tres
1439 4033 1649 4091 noctes,
1681 4041 1802 4080 cum
1825 4028 2068 4082 tenebra-

398 4160 407 4163 _
489 4124 611 4164 rum
641 4109 962 4178 ignorantia,
990 4110 1206 4166 Patrem
1239 4129 1345 4167 una
1373 4130 1495 4169 cum
1519 4117 1818 4180 mendacio,
1837 4119 1979 4186 quod
2001 4135 2068 4174 ex

488 4215 555 4255 co
582 4206 769 4254 natum
807 4208 890 4254 est
916 4200 1205 4257 calcamus.
1239 4202 1344 4258 Sed
1382 4214 1438 4259 et
1482 4206 1644 4261 tertio
1674 4206 1792 4261 loco
1818 4208 2065 4276 spiritum

488 4291 692 4347 erroris
719 4291 1063 4358 destruimus,
1101 4294 1191 4363 qui
1227 4295 1454 4366 inspirat
1485 4295 1987 4368 pseudoprophetis,
2013 4308 2071 4354 ut

490 4382 671 4437 dicant
697 4400 709 4436 :
738 4380 864 4439 Haec
912 4384 1041 4439 dicit
1069 4385 1345 4451 Dominus,
1375 4402 1494 4442 cum
1528 4387 1785 4443 Dominus
1816 4405 1919 4444 non
1970 4391 2070 4444 mi-

489 4479 579 4536 sit.
606 4478 759 4535 Sicut
786 4480 1035 4536 Christus
1078 4481 1326 4536 triduana
1370 4489 1547 4536 morte
1592 4483 1839 4552 sepulcro
1878 4482 2066 4538 condi-

491 4579 581 4626 tus
610 4570 730 4637 fuit,
760 4571 833 4625 ita
856 4579 911 4625 et
933 4587 1033 4626 nos
1059 4574 1201 4626 intra
1236 4588 1409 4643 aquae,
1447 4571 1498 4626 id
1528 4581 1631 4637 est,
1665 4573 1807 4627 intra
1839 4574 2067 4643 cognita:

491 4671 699 4717 natura:
738 4677 848 4717 suae
879 4662 1024 4716 trina
1049 4664 1315 4718 mersione
1353 4664 1619 4733 dispositi,
1672 4664 1797 4718 dum
1845 4664 2069 4719 descen—

490 4754 688 4819 dimus,
720 4753 1041 4823 sepelimur;
1084 4754 1210 4808 dum
1233 4755 1578 4825 emergimus,
1610 4755 1953 4809 suscitantur.
1980 4752 2069 4807 Vi-

489 4848 585 4903 des
618 4845 748 4916 quid
776 4846 938 4901 distet
962 4845 1105 4900 inter
1151 4860 1302 4914 aqua:
1328 4847 1576 4919 interque
1607 4843 1839 4913 Spiritus
1893 4844 2065 4898 sancti

488 4938 877 5008 operationem,
904 4953 1001 5007 per
1029 4953 1191 5007 quam
1220 4937 1411 4991 deduci
1427 4937 1670 4991 videmus
1696 4935 1747 4988 in
1777 4935 2064 4997 tumulum,

488 5044 584 5098 per
609 5030 859 5100 spiritum
895 5030 1185 5101 praeparari
1217 5029 1506 5099 probamus
1553 5030 1621 5083 ad
1647 5043 1891 5098 regnum,
1918 5029 1991 5081 ita
2017 5037 2065 5081 et

491 5137 584 5174 nos
612 5121 668 5174 in
696 5122 921 5176 novitate
948 5121 1064 5176 vita:
1089 5119 1433 5174 ambulemus.
1477 5119 1696 5174 Novitas
1725 5127 1905 5172 autem
1934 5118 2063 5173 vita:

490 5219 575 5266 est
601 5212 690 5266 ubi
722 5220 957 5267 veterem
980 5214 1253 5270 hominem
1286 5228 1406 5267 cum
1436 5211 1644 5265 actibus
1677 5208 1793 5278 ejus
1818 5210 2066 5279 deposui-

491 5318 635 5369 mus,
670 5311 725 5358 et
754 5303 1022 5360 induimus
1053 5321 1252 5361 novum
1294 5307 1591 5369 hominem,
1618 5303 1709 5374 qui
1769 5303 2065 5357 secundum

489 5392 659 5449 Deum
686 5404 903 5448 creatus
939 5402 1048 5458 est,
1098 5405 1154 5449 et
1181 5395 1271 5464 qui
1306 5403 1597 5450 renovatur
1652 5395 1706 5448 in
1736 5393 2062 5463 agnitionem

485 5481 607 5547 Dei,
640 5483 935 5538 secundum
990 5484 1278 5554 imaginem
1326 5484 1480 5552 ejus,
1550 5484 1639 5554 qui
1688 5483 1893 5538 creavit
1942 5497 2064 5534 eum

492 5572 717 5646 (Coloss.
741 5574 847 5648 ιιι).
878 5574 1031 5630 Sicut
1058 5585 1237 5631 autem
1267 5586 1417 5630 vetus
1441 5592 1654 5644 semper
1678 5572 1986 5637 veterascit,
2015 5579 2071 5626 et

492 5668 559 5723 de
584 5667 671 5721 die
710 5668 766 5722 in
809 5668 950 5722 diem
982 5684 1194 5739 semper
1222 5669 1487 5723 vetustior
1509 5668 1771 5731 efficitur,
1799 5666 1871 5719 ita
1895 5671 1949 5719 et
1974 5679 2069 5717 no-

492 5773 591 5813 vus
619 5758 705 5813 hic
734 5774 946 5828 semper
977 5759 1280 5823 innovatur,
1307 5759 1634 5828 ctquotidie,
1666 5758 1710 5812 si
1740 5757 1840 5811 dici
1866 5763 2066 5826 potest,

2167 3292 2314 3348 miles
2338 3294 2564 3357 erimus,
2593 3292 2647 3346 in
2699 3292 2943 3362 corporis
2973 3291 3183 3346 scilicet
3212 3289 3381 3361 gloria
3403 3331 3418 3355 ,
3448 3305 3554 3345 non
3590 3291 3643 3344 in
3670 3290 3759 3344 di-

2167 3384 2411 3438 vinitatis
2438 3390 2651 3437 natura.
2703 3380 2937 3437 Scientes
2962 3381 3087 3452 quia
3134 3390 3278 3435 vetus
3304 3381 3458 3435 homo
3484 3391 3657 3435 noster
3679 3382 3763 3434 si-

2168 3472 2277 3528 mul
2303 3472 2588 3541 cruciﬁxus
2616 3481 2711 3525 est.
2737 3470 2907 3527 Vetus
2937 3470 3100 3526 homo
3137 3479 3324 3526 noster
3375 3470 3767 3541 intelligendus

2167 3562 2379 3617 estvita
2408 3562 2556 3630 prior
2578 3576 2743 3630 quam
2770 3561 3022 3616 duximus
3048 3562 3098 3615 in
3128 3561 3386 3631 peccatis,
3413 3562 3569 3631 cujus
3593 3560 3766 3615 tinem

2166 3660 2222 3705 et
2247 3652 2524 3706 interitum
2566 3650 2812 3717 facimus,
2844 3653 2935 3706 ubi
2968 3652 3259 3721 recipimus
3304 3650 3357 3704 in
3387 3650 3546 3705 nobis
3591 3650 3768 3705 tidem

2166 3743 2345 3798 crucis
2382 3744 2607 3806 Christi,
2638 3758 2735 3812 per
2764 3758 2923 3812 quam
2958 3743 3033 3797 ita
3078 3741 3374 3797 destruitur
3403 3755 3602 3810 corpus
3633 3757 3775 3811 pec-

2167 3834 2296 3900 cati,
2319 3843 2377 3889 ut
2408 3836 2649 3889 membra
2682 3843 2888 3899 nostra,
2913 3848 3033 3905 quae
3063 3833 3374 3889 serviebant
3394 3841 3647 3903 peccato,
3671 3834 3771 3887 ul—

2171 3934 2251 3979 tra
2282 3926 2333 3980 ei
2372 3940 2478 3980 non
2512 3925 2769 3989 serviant,
2814 3927 2907 3980 sed
2934 3925 3064 3979 Deo.
3098 3921 3269 3978 Simul
3321 3923 3610 3993 cruciﬁxus
3660 3935 3778 3979 est.

2169 4015 2390 4072 Scilicet
2422 4018 2549 4071 Deo.
2577 4016 2683 4071 Per
2716 4016 3040 4087 baptismum
3081 4030 3203 4071 cum
3255 4015 3472 4071 Christo
3498 4024 3552 4071 te
3579 4018 3779 4071 cruci-

2169 4109 2335 4162 lixum
2361 4108 2623 4179 intelligo,
2650 4110 2742 4177 qui
2768 4109 3069 4163 membrum
3092 4108 3160 4162 de
3183 4122 3414 4177 corpore
3435 4105 3553 4175 ejus
3581 4106 3781 4164 factus

2166 4214 2249 4265 es,
2277 4209 2333 4255 et
2359 4199 2447 4254 ille
2483 4200 2700 4268 quidem
2731 4199 3011 4253 innoxium
3046 4213 3243 4268 corpus
3266 4198 3541 4268 appendit,
3569 4205 3634 4251 ut
3666 4213 3787 4250 no—

2168 4293 2319 4346 xium
2349 4292 2649 4361 suspendas
2678 4305 2709 4343 a
2739 4290 2887 4344 vitiis
2917 4304 2931 4342 :
2964 4289 3016 4342 in
3067 4304 3175 4358 quo
3227 4288 3485 4357 mysterio
3542 4287 3783 4356 Moyses

2169 4389 2474 4450 serpentem
2509 4393 2717 4433 aeneum
2756 4379 2811 4433 in
2841 4378 3056 4433 deserto
3086 4378 3367 4447 suspendit
3388 4375 3581 4448 (Num.
3618 4378 3782 4446 χιιι).

2172 4473 2237 4528 Ut
2265 4476 2570 4528 destruatur
2595 4487 2784 4541 corpus
2830 4470 3049 4540 peccati.
3105 4468 3175 4525 Ut
3224 4470 3533 4524 destruatur
3559 4482 3792 4536 corpus

2169 4576 2412 4621 nostrum
2442 4580 2473 4617 a
2509 4563 2767 4619 servitute
2804 4560 3051 4630 peccati,
3083 4567 3143 4614 ut
3175 4558 3270 4613 ﬁat
3295 4557 3632 4625 mancipium
3680 4557 3796 4627 ju-

2170 4656 2352 4719 stitite,
2385 4653 2529 4723 quod
2553 4650 2763 4707 solebat
2795 4665 2915 4704 esse
2956 4648 3165 4719 peccati
3195 4664 3210 4701 :
3245 4645 3428 4701 Omnis
3483 4646 3633 4699 enim
3678 4648 3796 4715 qui

2168 4748 2297 4818 facit
2319 4755 2607 4817 peccatum,
2643 4759 2820 4798 servus
2843 4752 2917 4796 est
2962 4741 3179 4812 peccati.
3208 4738 3411 4809 Corpus
3432 4747 3507 4793 est
3531 4740 3795 4808 peccati.

2167 4838 2226 4894 1d
2263 4846 2364 4904 cst,
2392 4837 2668 4907 iniquitas,
2701 4832 2854 4901 cujus
2882 4840 3046 4902 caput
3091 4830 3353 4895 diabolus,
3381 4827 3538 4896 cujus
3590 4843 3806 4882 litem-

2170 4931 2266 4985 bra
2294 4937 2574 4983 enumerat
2588 4925 2877 4997 Apostolus
2897 4937 3016 4978 esse
3030 4936 3192 4991 super
3219 4929 3417 4975 terram
3439 4933 3453 4972 :
3484 4918 3629 4983 Qum
3644 4930 3806 4974 sunt

2172 5022 2474 5093 fornicatio,
2505 5019 2750 5083 avaritia,
2778 5014 3174 5081 contentio,ira,
3206 5011 3378 5065 dolus.
3401 5010 3537 5065 Item
3564 5024 3816 5064 secun-

2171 5116 2299 5170 dum
2355 5109 2700 5165 Ambrosium
2730 5127 2742 5162 :
2773 5116 2912 5163 vetus
2951 5108 3106 5161 homo
3140 5113 3340 5166 noster,
3394 5100 3573 5157 malos
3609 5111 3816 5158 actus

2172 5203 2460 5262 cruciﬁxos
2480 5202 2630 5266 dicit,
2663 5200 2716 5255 id
2744 5207 2849 5261 est.
2871 5205 3130 5252 mortuos.
3164 5194 3223 5247 In
3259 5206 3419 5247 cruce
3438 5198 3638 5246 autem
3675 5207 3821 5247 au-

2170 5302 2290 5349 ctor
2308 5292 2533 5364 peccati,
2568 5292 2620 5346 id
2643 5298 2748 5353 est,
2772 5288 3017 5344 diabolus
3036 5284 3344 5339 destructus
3367 5290 3477 5334 est:
3495 5281 3593 5349 qui
3621 5281 3819 5335 enim

2171 5393 2418 5437 mortuus
2446 5388 2552 5444 est,
2578 5378 2912 5448 justiticatus
2925 5382 3010 5428 cst
3035 5388 3066 5426 a
3095 5382 3336 5441 peccato,
3368 5371 3471 5425 hoc
3499 5377 3616 5433 est,
3651 5368 3828 5424 alic-

2169 5487 2271 5527 nus
2299 5478 2382 5526 est
2407 5486 2436 5524 a
2482 5477 2727 5541 peccato,
2749 5474 2999 5521 mortuus
3046 5461 3191 5517 enim
3226 5460 3446 5515 omnino
3475 5473 3592 5511 non
3649 5471 3819 5524 pec-

2170 5571 2295 5617 cat:
2322 5562 2396 5616 ita
2426 5569 2481 5615 et
2511 5560 2603 5630 qui
2640 5568 2800 5612 natus
2824 5555 2893 5610 de
2920 5550 3032 5608 Deo
3055 5558 3157 5615 est,
3188 5565 3294 5606 non
3326 5554 3542 5619 peccat;
3577 5548 3834 5600 cruci-

2173 5654 2311 5709 fixus
2339 5654 2506 5718 enim,
2538 5649 2789 5707 omnibus
2812 5644 3073 5701 membris
3106 5643 3292 5699 dolore
3313 5640 3633 5709 occupatis,
3655 5652 3848 5706 pec-

2172 5764 2299 5805 care
2324 5747 2413 5802 vix
2449 5745 2665 5818 poterit.
2699 5743 2758 5796 Si
2797 5750 2971 5796 autem
3001 5739 3191 5793 mortui
3237 5751 3417 5790 sumus
3445 5750 3569 5787 cum
3611 5730 3715 5785 Ch
3731 5735 3841 5788 ri-
