3974 6202
176 352 249 409 65
985 290 989 294 ὶ
1303 330 1635 390 COLLECT.
1678 328 1743 384 IN
1786 321 2002 385 EPIST.
2043 322 2133 377 AD
2170 319 2334 375 ROM.
3381 302 3453 362 66

174 464 269 518 vir
292 462 381 517 lex
408 465 512 523 εει,
541 452 705 511 veluti
737 459 950 508 mortua
997 447 1099 503 sibi
1154 446 1269 515 lege
1302 441 1595 498 secundum
1626 439 1774 492 littc-
1801 440 1849 497 Α
1879 432 2109 486 fructum
2140 429 2336 483 faceret
2382 422 2543 479 morti
2572 420 2839 477 secundre.
2870 418 3102 475 Lucrum
3144 416 3288 473 enim
3319 422 3448 471 tunc

180 570 332 617 ram,
358 551 673 606 libertatem
716 542 928 612 accepit
974 505 1234 593 nubendi.
1255 534 1360 589 alio
1385 534 1523 598 viro,
1558 529 1650 600 qui
1696 537 1778 584 est
1876 521 2007 576 facit
2038 534 2207 583 mors,
2235 532 2359 572 cum
2394 519 2669 585 peccatur.
2705 509 2861 564 Nune
2885 518 3061 563 autem
3085 505 3243 562 soluti
3266 521 3450 560 sumus

182 646 418 718 spiritus
441 640 596 712 legis,
622 638 851 710 spiritus
877 642 1056 688 autem
1084 630 1347 685 Dominus
1373 635 1476 683 est.

261 733 421 800 Quod
447 741 622 785 autem
664 726 835 781 dixit:
864 723 971 778 Lex
994 721 1294 775 dominatur
1321 726 1516 789 quanto
1554 725 1780 786 tempore

187 826 334 888 sirit,
373 837 481 877 non
510 807 583 873 ad
611 817 907 879 hominem,
945 812 1037 867 sed
1077 810 1143 865 ad
1176 809 1349 878 legem
1384 804 1633 860 refertur.
1670 803 1782 858 Hoc

188 916 336 971 enim
364 923 423 968 et
447 912 502 966 in
541 904 995 975 consequentibus
1040 900 1258 963 indicat,
1291 897 1383 952 ubi
1417 896 1493 950 ait
1522 913 1534 949 :
1577 894 1782 949 Vieente

193 1012 303 1063 riro
329 1005 554 1074 alligata
579 1009 655 1055 est
688 998 808 1067 legi.
840 996 905 1050 Et
945 993 1113 1064 ipsius
1151 988 1382 1057 exempli
1411 984 1553 1057 quod
1577 999 1784 1039 assum-

194 1106 342 1167 ptum
365 1103 473 1156 est,
504 1089 717 1161 plenius
751 1087 797 1142 is
840 1084 973 1139 ordo
1009 1081 1285 1137 declarat:
1312 1078 1484 1149 legem
1511 1075 1658 1133 enim
1682 1074 1785 1129 viri

199 1189 316 1242 loco
340 1184 544 1255 posuit,
567 1188 625 1235 et
648 1180 714 1233 de
741 1178 855 1247 ipsa
884 1173 1015 1228 dicit
1042 1191 1055 1226 :

268 1276 327 1332 Si
345 1253 535 1329 autem
570 1279 810 1324 mortuus
841 1266 998 1336 fuerit
1040 1264 1120 1317 eir
1154 1261 1292 1331 ejus,
1319 1256 1493 1314 soluta
1516 1265 1591 1310 est
1616 1272 1648 1308 a
1677 1253 1785 1325 lege

202 1371 315 1424 tiri.
360 1367 473 1422 Sed
515 1361 785 1434 quomodo
826 1358 897 1413 sit
941 1362 1184 1409 mortuus
1222 1347 1608 1421 pervidendum
1655 1351 1735 1399 est
1768 1361 1780 1396 :

203 1470 378 1532 potest
419 1456 647 1526 quidem
688 1452 853 1508 etiam
905 1448 960 1502 in
1008 1447 1113 1501 hoc
1141 1441 1308 1498 videri
1349 1446 1617 1502 mortuus,
1662 1448 1785 1490 cum

205 1529 501 1623 spiritualis
550 1543 903 1615 intelligentia
938 1538 1195 1602 excludit,
1240 1543 1295 1591 ει
1337 1532 1481 1589 velut
1528 1529 1790 1586 interimit

206 1619 564 1709 corporalem,
609 1643 663 1688 et
699 1628 937 1687 ostendit
970 1625 1335 1697 refugiendam
1379 1637 1500 1678 esse
1540 1619 1790 1676 occiden-

208 1741 311 1784 tem
342 1728 611 1788 litteram,
643 1730 698 1777 et
741 1718 1070 1789 sequendum
1108 1715 1467 1770 vivificantem
1515 1711 1783 1781 spiritum.

210 1818 414 1891 Itaque,
450 1817 648 1887 fratres
673 1812 795 1874 mei,
826 1818 876 1864 et
899 1825 988 1863 vos
1016 1804 1317 1874 mortiﬁcati
1358 1803 1480 1857 estis
1511 1800 1631 1871 legi.
1677 1799 1783 1854 No-

211 1911 301 1964 luit
330 1907 493 1977 juxta
536 1901 998 1972 comparationem
1044 1896 1215 1967 legem
1267 1894 1371 1949 illis
1423 1893 1602 1948 dicere
1645 1905 1787 1945 mor-

211 2013 372 2064 tuam,
402 1998 500 2055 sed
522 1996 668 2066 quod
696 1995 838 2048 inter
865 1988 1076 2045 Iudaeos
1102 1988 1283 2042 dicere
1306 2000 1412 2040 non
1434 1983 1684 2046 audebat,
1710 1980 1791 2034 in—

212 2089 443 2148 tellectui
467 2066 660 2142 nost’ro
681 2083 904 2154 reliquit
924 2095 1022 2151 per
1063 2092 1258 2147 corpus
1272 2074 1491 2131 Christi.
1515 2070 1793 2138 Quomodo

213 2183 458 2238 Salvator
476 2192 678 2248 corpus
700 2190 856 2230 suum
873 2170 1063 2227 zabulo
1084 2167 1505 2238 crucifigendum
1525 2163 1791 2234 permisit,

213 2276 383 2330 sciens
404 2286 533 2327 esse
560 2282 665 2339 pro
697 2265 852 2321 nobis
875 2274 1061 2320 contra
1091 2260 1243 2315 illum
1273 2276 1286 2312 :
1315 2256 1518 2312 idcirco
1544 2269 1641 2324 per
1675 2268 1797 2309 cor-

215 2382 308 2435 pus
332 2361 540 2419 Christi
569 2359 751 2415 salvos
796 2370 895 2410 nos
937 2352 1067 2409 dicit
1094 2350 1286 2405 factos.
1333 2345 1430 2403 Cui
1463 2360 1592 2415 ergo
1619 2342 1800 2399 dimit-

222 2464 397 2510 tuntur
419 2460 679 2524 peccata,
727 2447 959 2504 moritur
1002 2443 1131 2515 legi,
1182 2442 1288 2496 hoc
1329 2445 1431 2502 εει,
1483 2436 1740 2492 liberatur
1768 2448 1799 2487 a

221 2548 345 2618 lege.
373 2544 513 2599 Mori
551 2549 737 2596 autem
783 2538 908 2609 legi,
952 2536 1134 2590 vivere
1175 2531 1286 2587 Deo
1315 2538 1418 2585 est.
1466 2527 1570 2581 Per
1604 2540 1801 2595 corpus

222 2614 393 2706 itaque
420 2632 634 2690 Christi
662 2631 768 2685 hoc
786 2623 1169 2695 consequimur
1191 2616 1531 2675 beneficium.
1561 2614 1802 2668 Tradens

222 2726 356 2781 enim
398 2737 608 2793 corpus
650 2719 923 2783 Salvator,
970 2721 1202 2768 mortem
1244 2709 1373 2765 vicit
1418 2716 1475 2763 et
1520 2715 1803 2777 peceatum

226 2791 517 2879 damnavit,
546 2811 605 2866 id
648 2816 751 2873 est,
776 2803 1085 2868 diabolum;
1134 2800 1190 2855 in
1234 2799 1349 2867 ipso
1373 2796 1516 2851 enim
1562 2791 1808 2865 peccavit

229 2907 491 2971 diabolus,
530 2919 660 2959 cum
706 2900 858 2956 illum
886 2898 1225 2952 innocentem
1261 2890 1457 2947 occidit
1486 2902 1583 2960 per
1611 2901 1809 2956 corpus

231 2996 442 3062 Christi,
483 2995 541 3049 in
570 3007 682 3063 quo
723 3002 949 3059 corpore
990 2985 1287 3056 iniquitates
1323 2988 1528 3034 nostras
1577 2977 1720 3041 tulit,
1759 2983 1808 3028 et

233 3096 432 3157 peccata
463 3092 649 3140 nostra
677 3080 925 3151 portavit,
973 3085 1028 3131 et
1053 3074 1144 3145 qui
1185 3071 1337 3128 exuit
1380 3068 1708 3140 principatus
1754 3072 1810 3118 et

232 3184 541 3247 potestates,
567 3170 910 3239 triumphans
937 3180 1031 3221 eos
1059 3166 1113 3219 in
1143 3162 1453 3230 semetipso.

300 3263 367 3318 Ut
392 3264 508 3318 sitis
546 3259 790 3323 alterius,
813 3256 903 3328 qui
938 3271 1001 3309 ea:
1035 3252 1254 3306 mortuis
1287 3242 1591 3311 resurrexit,
1615 3254 1669 3298 ut
1701 3241 1810 3313 fru-

233 3355 467 3425 diﬁcctis
511 3350 644 3406 Deo.
678 3348 772 3403 Ille
812 3344 1100 3400 fructificat
1125 3341 1259 3406 Deo,
1307 3338 1399 3409 qui
1441 3336 1695 3406 operibus
1726 3334 1813 3404 ju-

233 3448 408 3511 stitis,
462 3444 521 3499 in
565 3453 853 3513 pomorum
908 3436 1145 3501 modum,
1196 3426 1449 3502 primitus
1501 3429 1554 3482 in
1602 3428 1810 3490 ﬂorem,

234 3537 425 3595 deinde
448 3531 709 3605 operibus
735 3530 789 3585 in
817 3528 1075 3590 fructum,
1121 3530 1392 3593 postremo
1436 3519 1504 3573 ad
1544 3530 1814 3573 summam

236 3628 484 3700 pervenit
523 3625 896 3682 maturitatem
928 3637 941 3672 :
971 3615 1145 3671 nullus
1175 3612 1321 3669 enim
1367 3610 1576 3666 fructus
1605 3622 1820 3677 semper

240 3698 450 3774 inﬂare
492 3723 599 3771 est.
628 3711 694 3767 Ut
722 3710 835 3766 sitis
878 3707 1113 3763 alterius.
1163 3703 1278 3769 Hoc
1317 3701 1468 3767 dicit,
1521 3699 1650 3770 quia
1699 3698 1819 3753 ideo

241 3807 434 3863 mortui
473 3819 683 3868 sumus,
714 3809 773 3855 ut
796 3800 863 3855 de
891 3804 1086 3852 cmtero
1111 3791 1312 3850 Christi
1342 3792 1514 3846 simus
1552 3789 1694 3845 servi
1735 3803 1822 3842 so—

240 3900 367 3962 lius,
396 3904 457 3952 et
486 3896 592 3949 hoc
624 3891 787 3947 inerit
816 3886 1143 3942 fructificare
1170 3882 1302 3937 Deo.
1338 3879 1655 3949 Acquiritur
1676 3876 1823 3931 enim

243 3990 332 4059 qui
370 3988 427 4042 in
471 3982 647 4056 gratia
694 3979 810 4050 ejus
857 3982 1158 4049 permanet,
1194 3972 1386 4044 dignus
1430 3967 1826 4024 resurrectione

245 4079 541 4150 promissa.

311 4169 448 4224 Cum
477 4167 617 4221 enim
646 4176 873 4219 essemus
892 4161 951 4214 in
971 4173 1145 4213 carne.
1168 4153 1283 4210 Hoc
1300 4160 1402 4219 est,
1432 4164 1553 4204 cum
1590 4159 1829 4204 essemus

248 4264 301 4315 in
330 4256 543 4315 carnali
571 4250 1002 4313 conversatione,
1029 4245 1208 4318 passio
1234 4238 1678 4311 concupiscentiae
1705 4248 1832 4305 ope-

248 4352 470 4407 rabatur
493 4348 549 4403 in
575 4345 768 4410 oculis,
798 4350 854 4398 et
882 4341 935 4395 in
957 4335 1168 4394 caeteris
1190 4332 1449 4389 membris
1481 4337 1692 4385 caetera:
1711 4340 1835 4396 pas-

1876 628 1909 665 a
1937 610 2046 681 lege
2080 608 2281 663 mortis.
2327 605 2385 659 Id
2429 612 2531 668 est,
2583 601 2709 655 dum
2746 598 3115 654 remissionem
3157 594 3453 663 accipimus

1876 705 2268 771 peccatorum:
2299 709 2405 748 non
2451 692 2595 748 enim
2641 689 2805 744 habet
2853 688 2907 741 in
2960 700 3059 740 nos
3106 691 3452 755 potestatem,

1880 790 2060 846 infidis
2088 798 2269 843 autem
2299 795 2348 841 et
2386 781 2758 854 peccatoribus
2785 777 3107 833 dominatur.
3138 775 3249 829 Lex
3276 781 3456 829 autem

1878 881 2070 936 mortis
2096 879 2220 933 ideo
2249 877 2389 931 dicta
2417 882 2520 941 est,
2548 872 2673 944 quia
2702 870 2855 941 punit
2884 882 3006 923 reos
3032 865 3243 921 mortis.

1952 969 2109 1023 Nunc
2131 978 2307 1022 autem
2333 964 2493 1020 soluti
2521 979 2701 1017 sumus
2739 978 2772 1015 α
2808 960 2915 1029 lege
2959 956 3159 1010 mortis.
3199 955 3313 1010 Hoc
3353 960 3455 1017 est,

1882 1077 1980 1117 nos
2006 1060 2206 1115 mortui
2237 1074 2359 1113 cum
2389 1055 2607 1111 Christo
2644 1068 2743 1124 per
2762 1051 3089 1120 baptismum
3116 1062 3320 1109 sumus,
3353 1046 3459 1099 nisi

1883 1150 2027 1204 enim
2054 1149 2176 1218 quis
2199 1154 2443 1201 mortuus
2468 1142 2632 1198 fuerit
2671 1155 2792 1197 cum
2834 1139 3074 1201 Christo,
3103 1135 3172 1189 ab
3201 1134 3303 1188 ista
3344 1134 3463 1204 lege

1884 1254 1991 1294 non
2024 1238 2267 1293 solvitur.

1959 1326 2025 1381 Ut
2050 1326 2335 1381 scrtiamus
2360 1322 2415 1375 in
2436 1320 2661 1373 novitate
2687 1317 2920 1387 spiritus.
2944 1314 3057 1369 Hoc
3082 1322 3186 1378 est,
3214 1311 3466 1381 spiritua-

1886 1420 1953 1474 lis
1989 1417 2178 1488 gratiae
2210 1411 2515 1485 praeceptis,
2563 1424 2671 1463 non
2712 1407 2906 1462 littera:
2955 1405 3111 1475 legis.
3162 1403 3273 1457 Lex
3317 1401 3464 1456 enim

1885 1518 2043 1564 vetus
2068 1522 2171 1561 non
2196 1503 2440 1560 criminis
2462 1516 2655 1557 nomen
2679 1508 2783 1565 est,
2817 1498 2910 1553 sed
2944 1497 3200 1567 temporis
3224 1494 3309 1550 vel
3331 1503 3463 1549 mta-

1891 1601 1977 1655 tis.
2017 1596 2209 1653 Senuit
2238 1603 2436 1655 autem,
2473 1591 2602 1660 quia
2646 1588 2899 1644 cessavit.
2936 1587 3047 1641 Lex
3083 1593 3263 1639 autem
3306 1582 3469 1653 spiri-

1888 1700 1976 1745 tus
2002 1697 2088 1744 est
2114 1688 2227 1756 ipsa
2250 1685 2334 1738 lex
2372 1682 2516 1747 fidei,
2546 1680 2672 1750 quia
2703 1678 2837 1733 fides
2884 1678 2938 1731 in
2990 1677 3172 1730 animo
3215 1682 3317 1738 est,
3366 1687 3467 1727 nec

1814 1783 1861 1842 B
1889 1780 2142 1853 operibus
2172 1776 2484 1838 addiscitur,
2512 1773 2608 1827 sed
2630 1770 2792 1825 corde
2818 1768 3074 1832 creditur,
3097 1774 3151 1821 et
3177 1778 3329 1820 mens
3351 1763 3466 1832 ipsa

1888 1873 2163 1944 intelligit,
2196 1880 2401 1925 naturae
2436 1882 2547 1922 sua:
2583 1879 2702 1920 esse
2749 1863 2889 1933 quod
2924 1861 3115 1925 credit,
3163 1874 3263 1914 nec
3296 1857 3470 1913 oculis

1890 1964 2153 2027 cernitur,
2179 1974 2282 2014 nec
2309 1954 2556 2011 manibus
2582 1952 2850 2024 palpatur.
2878 1951 2976 2005 Est
2996 1956 3052 2004 et
3076 1947 3183 2002 alia
3206 1948 3471 2016 interpre-

1890 2056 2027 2112 tatio
2059 2054 2193 2125 legis
2216 2050 2455 2121 spiritus,
2484 2054 2545 2102 ut
2571 2047 2697 2116 quia
2739 2045 2888 2115 prior
2918 2043 3007 2098 lex
3041 2043 3111 2098 ab
3132 2056 3298 2113 opere
3324 2039 3471 2095 malo

1893 2147 2150 2210 inhibuit,
2178 2145 2295 2199 haec
2314 2156 2437 2198 cum
2464 2154 2565 2195 nec
2584 2140 2638 2193 in
2666 2139 2827 2193 corde
2852 2136 3045 2193 debere
3073 2147 3299 2204 peccare
3320 2131 3469 2195 dicit,

1893 2236 1981 2292 lex
2009 2234 2230 2306 spiritus
2254 2240 2499 2295 vocatur,
2528 2236 2590 2283 ut
2620 2235 2791 2283 totum
2819 2223 3092 2280 hominem
3124 2222 3288 2276 faciat
3316 2219 3474 2290 spiri-

1896 2328 2116 2382 tualem.
2164 2323 2281 2379 Non
2328 2321 2532 2377 idcirco
2573 2333 2673 2374 nos
2718 2315 2968 2373 Christus
3004 2312 3270 2369 abstraxit
3297 2326 3328 2365 a
3358 2309 3476 2381 lege

1897 2417 2128 2489 peccati,
2177 2424 2236 2471 ut
2278 2412 2534 2489 vetustati
2576 2411 2772 2464 littera:
2814 2407 3130 2469 serviamus,
3179 2404 3233 2458 id
3274 2409 3377 2467 est,
3413 2409 3476 2456 ut

1900 2505 2363 2563 circumcisioncm
2391 2486 2735 2571 accipiamus,
2768 2507 2822 2552 ει
2850 2505 3047 2552 caetera
3089 2509 3210 2564 qua:
3234 2500 3479 2549 vetustas

1900 2599 2035 2669 legis
2058 2595 2252 2650 littera:
2281 2592 2544 2656 continet,
2573 2589 2667 2644 sed
2697 2596 2752 2641 ut
2783 2587 2885 2655 legi
2912 2586 3007 2657 Dei
3043 2586 3099 2639 in
3125 2582 3349 2652 spiritus
3379 2594 3480 2635 no-

1905 2688 2070 2743 vitate
2097 2685 2416 2747 serviamus,
2444 2680 2497 2735 id
2520 2687 2718 2744 est,'ex
2739 2676 2990 2732 omnibus
3016 2690 3136 2745 qua:
3165 2673 3219 2727 in
3248 2687 3312 2727 ea
3343 2671 3482 2726 scri-

1903 2787 1995 2848 pta
2030 2785 2156 2831 sunt
2184 2772 2516 2845 Spiritualem
2545 2783 2762 2825 sensum
2791 2766 2994 2837 Spiritu
3021 2764 3254 2818 donante
3295 2761 3481 2832 capia-

1910 2884 2049 2932 mus,
2079 2867 2222 2922 sicut
2248 2864 2389 2920 idem
2411 2858 2699 2932 Apostolus
2726 2857 2853 2912 alibi
2881 2857 3048 2912 dicit:
3085 2853 3222 2920 Quia
3250 2852 3482 2908 velamen

1909 2966 1981 3012 est
2002 2957 2226 3028 positum
2250 2955 2305 3008 in
2333 2951 2469 3023 facie
2494 2948 2664 3018 Moysi
2686 2962 2705 3002 :
2731 2962 2847 3001 cum
2872 2954 3044 2999 autem
3076 2958 3349 2997 conversus
3376 2941 3486 3010 {ue-
3509 2928 3515 2939 ’

1912 3047 1980 3099 rit
2015 3045 2130 3116 quis
2175 3043 2244 3097 ad
2285 3041 2590 3102 Dominum,
2634 3034 2902 3105 auferetur
2940 3031 3192 3087 velamen.
3228 3029 3486 3084 Dominus

1835 3136 1881 3197 C
1909 3139 2124 3211 spiritus
2164 3145 2281 3191 est:
2312 3132 2401 3188 ubi
2440 3141 2612 3205 autem
2651 3128 2865 3198 spiritus
2906 3123 3142 3189 Domini,
3180 3121 3250 3176 ibi
3279 3120 3489 3175 libertas

1914 3227 2002 3303 (ΙΙ
2038 3226 2161 3282 Cor.
2195 3224 2302 3296 ιιι).

1985 3319 2125 3386 Quid
2148 3333 2271 3388 ergo
2294 3313 2562 3370 dicemus?
2594 3310 2709 3367 Non
2758 3323 2887 3379 ergo
2932 3314 3210 3377 peceatum
3256 3309 3340 3357 est
3379 3299 3492 3366 lex,

1915 3414 2008 3470 sed
2034 3412 2193 3466 index
2223 3407 2453 3479 peccati.
2480 3405 2632 3459 Bona
2652 3412 2825 3457 autem
2845 3410 2892 3455 et
2907 3400 3056 3470 justa
3080 3405 3154 3452 est
3179 3395 3283 3450 lex.
3305 3393 3492 3450 Osten-

1916 3504 2046 3560 dere
2071 3500 2217 3556 enim
2248 3497 2538 3553 imminens
2582 3491 2879 3564 periculum
2919 3491 3117 3545 bonum
3145 3496 3249 3549 est,
3281 3483 3373 3540 sed
3405 3482 3496 3538 hic

1918 3593 2089 3664 magis
2113 3590 2315 3662 gratias
2339 3588 2469 3660 agit,
2491 3587 2584 3656 qui
2610 3592 2829 3653 ereptus
2853 3598 2882 3636 a
2911 3578 3149 3650 periculo
3169 3576 3319 3632 vivit.
3353 3573 3496 3627 Nam

1920 3682 2390 3754 concupiscentiam
2411 3676 2719 3753 nesciebam.
2742 3673 2860 3729 Non
2882 3671 3036 3735 dixit,
3070 3667 3184 3722 Non
3210 3664 3496 3730 habebam,

1921 3790 2030 3830 non
2061 3774 2323 3828 faciebam
2344 3811 2360 3837 ,
2394 3770 2489 3826 sed
2533 3766 2843 3828 nesciebam,
2890 3763 2992 3816 hoc
3038 3768 3146 3824 est,
3192 3755 3500 3813 nesciebam

1924 3854 2420 3933 concupiscentiam
2450 3873 2569 3913 esse
2598 3863 2896 3926 peccatum.

1998 3952 2284 4009 Occasione
2325 3966 2447 4020 ergo
2491 3954 2702 4016 accepta
2755 3959 2848 4015 per
2897 3941 3224 3996 mandatum.
3274 3937 3502 3994 Omnem

1926 4050 2114 4106 dicens
2143 4040 2658 4115 concupiscentiam,
2680 4044 2876 4095 cuncta
2902 4041 3125 4106 peccata
3147 4030 3434 4104 significat.

2000 4141 2126 4198 Sine
2152 4138 2261 4210 lege
2292 4137 2431 4191 enim
2470 4142 2737 4206 peccatum
2767 4138 3031 4185 mortuum
3058 4137 3155 4182 est.
3185 4124 3282 4181 Hic
3309 4122 3508 4194 duplici

1930 4248 2128 4309 genere
2161 4226 2567 4298 intelligendum
2608 4232 2713 4288 εει,
2743 4229 2802 4276 ιιι
2841 4227 2897 4274 ει
2924 4216 3171 4275 zabulum
3201 4216 3258 4272 in
3288 4221 3513 4286 peccato

1932 4302 2072 4382 sciat
2104 4320 2486 4393 significatum.
2527 4311 2770 4368 Mortuus
2816 4307 3015 4363 dicitur
3056 4305 3222 4362 fuisse
3262 4302 3508 4366 zabulus,

249 4446 451 4503 siones.
483 4453 606 4510 quae
650 4447 830 4491 tamen
878 4448 975 4504 per
1025 4429 1200 4500 legem
1241 4424 1665 4480 ostendebantur
1714 4433 1836 4474 esse
1859 4490 1912 4510 ἢ
1934 4416 2063 4487 quia
2091 4411 2326 4470 cessavit
2344 4409 2412 4464 ab
2440 4405 2685 4461 illusione
2708 4396 2967 4462 hominis,
2994 4397 3118 4465 quia
3147 4409 3374 4451 securus
3397 4400 3515 4447 erat

1767 4509 1771 4510 '
1958 4508 1968 4510 ‘
2252 4502 2263 4510 ·
2424 4495 2437 4508 ⁸
2548 4494 2609 4510 ’ν
2672 4500 2829 4510 ν
2866 4496 3035 4510 “An-..
3060 4495 3330 4510 .......a.......
3359 4482 3488 4510 ,t:..:.

250 4482 451 4503 ἰν-σνῆ
484 4482 605 4510 ιιι-νικ-
654 4482 830 4491 -ωνυ-
879 4482 966 4504 ι-νν
1054 4482 1110 4500 -υ
1952 4482 1971 4487 -

250 4530 485 4607 peccata
510 4529 768 4598 vitiaque.
796 4526 903 4580 Per
938 4523 1111 4592 legem
1142 4524 1318 4583 erant,
1355 4517 1458 4572 hoc
1484 4522 1590 4579 est,
1623 4527 1721 4583 per
1762 4509 1837 4565 le-
1859 4490 1913 4553 D
1938 4508 2005 4564 de
2030 4502 2372 4576 possessione
2391 4495 2526 4567 ejus.
2548 4494 2836 4550 Peccatum
2859 4496 3038 4546 autem
3060 4495 3332 4541 mortuum
3357 4482 3514 4548 dixit,

1648 4605 1677 4607 H
2017 4600 2029 4607 ‘
2190 4605 2198 4607 Α
2244 4596 2255 4607 ¹
2315 4601 2326 4607 -
2486 4606 2495 4607 κ
2513 4603 2529 4607 λ
2550 4588 2571 4607 J
2613 4601 2715 4607 ——-—
2757 4585 3114 4607 ε-Α--κ--ΙΑ-Αδιειι
3148 4577 3284 4607 ,πη-,1
3325 4576 3490 4607 “(sum

252 4605 371 4697 gem
408 4626 558 4681 enim
592 4619 1016 4677 ostendebantur
1053 4632 1065 4669 :
1106 4628 1202 4685 per
1250 4610 1424 4681 legem
1473 4605 1704 4668 ostendi,
1734 4618 1838 4657 non

252 4693 351 4790 per
402 4717 581 4785 legem
623 4710 743 4767 fieri
773 4714 1071 4779 monstrat;
1103 4702 1265 4759 index
1311 4699 1457 4755 enim
1503 4693 1713 4767 peccati
1754 4693 1840 4748 lex

256 4818 360 4874 est,
394 4821 517 4862 reos
558 4802 764 4858 faciens
798 4807 1130 4869 peccatores.
1174 4793 1432 4861 Qumnam
1463 4788 1566 4843 ista
1608 4785 1691 4840 lex
1736 4792 1840 4848 est,

257 4916 353 4972 per
378 4914 542 4970 quam
568 4896 698 4959 vitia
732 4900 1081 4965 peccatorum
1125 4882 1452 4959 operantur?
1477 4877 1728 4949 Nunquid
1757 4874 1841 4931 lex

260 4996 453 5067 loysi,
493 4993 661 5048 etiam
699 4991 746 5045 si
795 4985 1091 5044 secundum
1142 4983 1378 5037 litteram
1427 4976 1840 5035 observaretur,

260 5061 391 5143 vitia
424 5092 650 5159 generat
690 5078 1072 5154 peccatorum?
1118 5074 1225 5131 Sed
1274 5073 1328 5127 in
1360 5077 1547 5141 aperto
1583 5072 1668 5121 est
1701 5061 1844 5134 quod

260 5181 407 5236 illam
428 5152 636 5248 vlegem
692 5152 843 5229 dicat
893 5168 1252 5226 membrorum
1308 5177 1426 5232 qum
1484 5157 1691 5214 resistit
1741 5152 1845 5223 legi

258 5271 480 5327 mentis.
511 5247 619 5322 ista
646 5280 778 5335 ergo
806 5262 894 5317 lex
931 5267 1014 5315 est
1041 5272 1161 5327 quae
1189 5254 1318 5310 facit
1343 5254 1396 5307 in
1424 5251 1510 5306 his
1538 5247 1632 5320 qui
1658 5259 1848 5302 secun-

262 5364 388 5417 thin
442 5372 660 5414 carnem
708 5355 929 5419 vivunt,
973 5350 1103 5404 vitia
1158 5353 1500 5416 peccatorum
1544 5337 1843 5399 abundare,

262 5460 323 5507 ut
346 5450 742 5506 frnctiticarent
768 5442 969 5500 morti:
1015 5440 1084 5496 ad
1128 5439 1232 5495 hoc
1260 5448 1493 5504 namque
1532 5441 1616 5488 est
1640 5430 1744 5485 ista
1788 5427 1845 5482 in

261 5540 523 5599 umbris
564 5537 771 5595 nostris
792 5576 809 5602 ,
870 5541 932 5587 ut
978 5530 1296 5586 resistentes
1340 5526 1624 5580 adversum
1675 5520 1847 5591 legem

262 5636 481 5700 uentis,
519 5635 768 5705 captivos
796 5642 899 5684 nos
944 5625 1108 5681 ducat
1144 5628 1383 5703 peccato,
1431 5624 1485 5671 et
1513 5616 1613 5670 hos
1640 5612 1850 5667 fructus

263 5727 457 5783 ofl'erat
480 5700 660 5797 morti,
690 5723 809 5779 sive
845 5726 905 5773 ut
936 5700 1285 5771 fructificaret
1318 5708 1503 5777 morti,
1531 5708 1633 5762 hoc
1657 5713 1761 5771 est,
1792 5712 1848 5757 ut

1939 4600 2067 4670 quia
2109 4596 2401 4669 putabatur
2430 4588 2573 4660 quod
2613 4601 2719 4642 non
2757 4585 3114 4655 imputaretur
3147 4577 3286 4648 apud
3324 4576 3516 4640 Deum,

1942 4666 2063 4748 ideo
2094 4666 2233 4762 apud
2275 4683 2547 4741 hominem
2600 4685 2873 4733 mortuum
2914 4682 3051 4735 erat,
3089 4669 3244 4741 quasi
3299 4666 3518 4737 impune

1941 4758 2259 4854 peccaretur
2287 4796 2300 4831 :
2329 4775 2447 4832 sine
2474 4772 2592 4844 lege
2636 4769 2780 4825 enim
2809 4780 2949 4839 pene
2982 4764 3065 4818 lex
3097 4762 3150 4833 in
3193 4758 3520 4814 oblivionem

1944 4853 2083 4931 ierat
2119 4866 2403 4933 naturalis,
2452 4878 2572 4935 qua:
2606 4856 2930 4931 suggerebat
2975 4853 3104 4924 quid
3139 4857 3283 4906 esset
3329 4860 3522 4916 pecca-

1945 4974 2078 5020 tum.
2108 4960 2313 5017 ldcirm
2344 4958 2428 5011 lex
2460 4955 2657 5011 litterae
2684 4964 2847 5019 supra
2888 4947 3028 5000 dicta
3053 4949 3158 5004 est,
3199 4946 3259 4992 ut
3284 4949 3523 4992 commc-

1946 5060 2184 5110 tnorarct
2218 5048 2434 5104 oblitos.
2478 5044 2617 5112 Quid
2640 5039 2866 5096 estsine
2912 5034 3026 5104 lege
3054 5030 3275 5095 vixisse,
3304 5025 3387 5081 cui
3434 5025 3524 5079 lex

1946 5158 2159 5214 seraper
2205 5140 2317 5196 sit?
2370 5152 2494 5193 nam
2537 5133 2662 5203 quia
2709 5130 2828 5184 sine
2880 5125 3070 5179 timore
3120 5120 3214 5176 Dei
3277 5119 3523 5181 vivebat,

1948 5207 2170 5291 securus
2209 5229 2351 5302 quod
2381 5243 2487 5282 non
2529 5229 2671 5278 esset
2713 5213 3214 5283 Deusjudicaturus
3243 5216 3395 5263 actus
3424 5207 3525 5261 hu-

1949 5342 2160 5385 manos.

2023 5416 2126 5474 Sed
2156 5414 2245 5468 ubi
2270 5409 2405 5465 venit
2431 5403 2763 5466 mandatum,
2793 5405 3059 5470 peccatum
3090 5390 3294 5447 revixit.
3336 5386 3392 5440 In
3420 5383 3528 5438 fine

1950 5505 2237 5566 oblivionis
2256 5496 2590 5568 recognitum
2624 5500 2709 5549 est
2736 5495 3015 5561 peccatum
3037 5479 3353 5538 adveniente
3375 5489 3530 5529 man-

1951 5602 2101 5664 dato,
2144 5604 2205 5651 ut
2239 5590 2416 5648 omnis
2450 5587 2543 5658 qui
2589 5583 2719 5641 illud
2759 5577 2951 5636 fecerit
2987 5581 3260 5629 mortuum
3306 5582 3365 5623 sc
3410 5579 3530 5619 esse

1953 5697 2259 5767 cognoscat.
2289 5685 2574 5741 Peccatum
2597 5686 2776 5733 autem
2804 5670 3015 5738 revixit,
3046 5666 3169 5737 quia
3200 5664 3409 5721 vixerat
3428 5671 3529 5729 per
