3974 6202
481 306 549 360 6'7
1905 283 2179 343 SEDULII
2221 284 2415 341 SCOTI
3665 274 3736 331 63

482 411 762 470 scientiam
786 408 1115 472 naturalem,
1139 413 1195 462 et
1220 413 1491 461 mortuum
1520 401 1696 456 fuerat
1715 372 1811 470 per
1837 395 2064 452 oblivio-
2092 400 2142 457 Α
2234 391 2360 447 lam
2388 407 2489 445 non
2512 406 2699 461 operor
2727 384 2884 454 illud,
2910 388 3000 442 sed
3034 384 3173 458 quod
3202 388 3400 440 habitat
3430 386 3485 439 in
3511 402 3591 439 me
3615 403 3738 456 pee-

481 519 627 567 uem,
658 501 859 556 idcirco
886 497 1082 553 dicitur
1116 496 1379 550 revixisse
1405 508 1502 563 per
1528 492 1720 561 legem.
1752 487 1865 557 Ego
1886 495 2060 539 autem

482 599 720 644 mortuus
758 601 893 640 sum.
925 584 1165 638 Mortuus
1195 590 1280 636 est
1308 581 1490 642 homo,
1529 577 1623 647 qui
1653 575 1798 631 videt
1827 588 1885 628 se
1910 585 2062 626 reum

484 681 622 751 apud
660 680 850 740 Deum,
895 676 987 747 qui
1024 682 1149 729 ante
1194 687 1252 727 se
1281 672 1506 741 putabat
1550 684 1658 724 non
1698 666 1933 720 futurum
1968 663 2064 717 ob—

488 771 707 825 noxium
733 783 799 821 ex
826 766 910 820 his
932 780 1051 833 quae
1075 763 1351 833 peccabat.

556 878 698 932 Nam
736 886 1004 947 peccatum
1048 873 1320 927 occasione
1372 878 1581 938 accepta
1630 882 1721 936 per
1757 863 2065 918 mandatum

484 966 691 1022 seduxit
714 981 812 1017 me.
842 963 1127 1018 Peccatum
1158 962 1259 1015 hoc
1281 959 1399 1015 loco
1423 957 1672 1011 zabulum
1693 953 1949 1023 intellige,
1973 950 2065 1019 qui

486 1066 673 1112 auctor
712 1064 794 1109 est
839 1053 1066 1123 peccati,
1113 1051 1313 1120 quique
1346 1045 1844 1116 decipit-hominem
1883 1056 2065 1111 sugge-

488 1149 754 1203 stionibus
793 1144 968 1207 malis,
1012 1156 1081 1197 ne
1108 1141 1274 1196 faciat
1296 1140 1439 1209 quod
1466 1138 1549 1191 lex
1586 1134 1849 1205 praecipit.
1882 1131 2068 1201 Itaque

488 1243 572 1293 lea:
599 1239 807 1309 quidem
830 1245 1034 1290 sancta.
1068 1233 1140 1289 Ut
1164 1232 1294 1287 nihil
1331 1229 1651 1301 suspicionis
1676 1239 1946 1295 perversae
1985 1238 2070 1277 re-

490 1336 739 1384 maneret
759 1328 812 1381 in
842 1328 978 1397 lege,
1009 1325 1087 1379 sic
1113 1324 1260 1378 illam
1286 1320 1646 1385 commendat,
1670 1328 1729 1373 ut
1762 1333 1867 1372 non
1896 1316 2069 1371 solum

485 1421 706 1491 juSIam,
745 1415 838 1473 sed
891 1428 945 1472 et
989 1422 1232 1470 sanctam
1281 1421 1338 1467 et
1390 1412 1586 1465 bonam
1635 1408 1967 1478 pronuntiet,
2016 1412 2071 1458 et

490 1510 799 1564 mandatum
828 1509 1025 1562 bonum
1051 1522 1064 1557 :
1092 1503 1237 1573 quod
1274 1502 1418 1557 enim
1450 1498 1699 1570 prohibet
1727 1497 1948 1560 malum,
1971 1495 2069 1551 bo-

494 1614 618 1655 num
641 1606 743 1652 est.
769 1595 921 1660 Quod
946 1609 1067 1664 ergo
1090 1593 1281 1646 bonum
1305 1599 1404 1654 est,
1427 1590 1554 1643 mihi
1576 1588 1773 1658 factum
1799 1596 1873 1640 est
1893 1601 2031 1640 mors
2046 1585 2073 1638 ?

492 1690 659 1743 Absit.
686 1686 803 1740 Non
825 1686 968 1739 enim
1011 1683 1144 1738 mihi
1175 1683 1289 1752 ipsa
1332 1680 1418 1735 lex
1445 1694 1608 1734 causa
1646 1677 1834 1732 mortis
1862 1676 2064 1739 existit,

493 1778 585 1832 sed
612 1792 711 1845 ego
734 1776 826 1844 qui
854 1774 1128 1843 peccando
1160 1771 1373 1825 invenio
1403 1777 1652 1823 mortem.
1677 1767 1783 1823 Sed
1812 1776 1867 1820 ut
1891 1782 2073 1836 pecca-

493 1878 607 1923 tum
655 1875 903 1937 appareat
952 1872 1260 1934 peccatum,
1311 1876 1402 1930 per
1446 1860 1638 1913 bonum
1675 1866 1946 1927 operatum
1995 1863 2071 1908 est

495 1959 622 2012 mihi
649 1966 887 2011 mortem.
933 1953 1209 2018 Inimicus,
1253 1952 1357 2006 hoc
1399 1957 1482 2004 est
1526 1947 1791 2011 diabolus,
1820 1962 1977 2016 quem
2017 1947 2070 1999 in

493 2057 716 2118 peccatu
755 2045 1042 2117 signiﬁcat,
1082 2053 1142 2098 ιιι
1194 2049 1450 2113 appareat
1490 2054 1609 2094 esse
1651 2038 1922 2101 inimicus,
1975 2052 2073 2106 per

496 2140 699 2193 bonum
728 2136 935 2205 accepit
960 2133 1298 2189 occasionem
1324 2130 1535 2199 operari
1562 2127 1766 2183 homini
1798 2134 2026 2180 mortem
2053 2143 2065 2178 :

498 2233 625 2285 dum
653 2229 797 2285 enim
826 2229 896 2283 ad
920 2226 1105 2281 illicita
1129 2225 1279 2279 illum
1322 2222 1530 2286 suadet,
1563 2227 1787 2290 apparet
1812 2232 1932 2273 esse
1971 2217 2072 2271 ini-

502 2325 691 2378 micus.
728 2319 795 2375 Ut
835 2320 929 2388 ﬁat
965 2333 1125 2388 supra
1154 2315 1368 2370 modum
1414 2328 1632 2383 peccans
1673 2319 1939 2379 peccatum
1982 2323 2074 2377 per

498 2412 826 2467 mandatum.
857 2411 997 2464 Ante
1035 2408 1206 2477 legem
1246 2404 1461 2458 modum
1508 2400 1767 2456 habebat‘
1783 2413 1877 2468 per
1924 2397 2074 2466 igno-

502 2501 755 2566 rantiam,
786 2514 945 2566 supra
976 2497 1191 2552 modum
1221 2503 1304 2549 est
1332 2508 1451 2547 cum
1489 2491 1723 2546 scienter
1750 2487 2069 2542 admittitur.

500 2588 709 2648 Scimus
731 2600 904 2644 autem
933 2587 1069 2660 quod
1089 2585 1174 2640 lea:
1191 2581 1479 2655 spiritualis
1497 2591 1594 2635 est.
1621 2579 1757 2647 Quia
1776 2576 2074 2648 spiritualia

501 2682 740 2745 mandat,
783 2679 950 2734 ardua
994 2676 1238 2747 prurcipit
1281 2686 1444 2743 opera
1488 2669 1742 2741 spiritus,
1786 2666 2076 2737 prohibens

500 2781 745 2846 peccata,
772 2779 829 2826 et
852 2769 973 2825 ideo
1000 2783 1105 2823 non
1131 2774 1309 2838 potest
1340 2763 1567 2833 impleri.

576 2883 688 2955 Ego
708 2892 881 2936 autem
904 2878 1132 2935 carnalis
1162 2893 1298 2932 sum.
1322 2876 1434 2946 Ego
1456 2874 1761 2944 quicunque
1786 2870 1958 2942 legem
1994 2885 2079 2926 ac-

504 2974 668 3044 cipio,
692 2979 747 3025 et
775 2969 1067 3025 carnaliter
1097 2968 1281 3023 vivere
1316 2963 1591 3020 consuevi.
1628 2961 1781 3027 Quod
1805 2960 1940 3013 enim
1961 2975 2081 3030 ope-

504 3079 611 3116 ror.
640 3061 754 3115 iloe
774 3068 875 3121 est,
901 3073 1085 3123 carne,
1111 3057 1224 3111 sive
1244 3053 1445 3110 carnali
1473 3049 1924 3119 concupiscentia.
1955 3047 2078 3102 Non

504 3157 753 3227 intelligo.
779 3154 897 3211 Non
921 3152 1168 3223 intelligit
1187 3150 1329 3220 quo'd
1361 3154 1634 3218 operatur,
1674 3144 1798 3214 quia
1838 3143 1985 3198 videt
2018 3159 2078 3215 se

507 3248 648 3302 aliud
679 3246 818 3301 scire
845 3256 899 3299 et
926 3228 1281 3311 aliud‘agere.
1316 3240 1373 3295 Si
1413 3247 1584 3292 autem
1604 3235 1742 3306 quod
1785 3234 1904 3289 nolo
1947 3232 2078 3287 illud

508 3340 667 3408 facio,
689 3338 949 3391 consentio
979 3334 1078 3406 legi
1104 3334 1221 3399 Dei,
1249 3332 1373 3403 quia
1396 3330 1530 3384 bona
1553 3337 1647 3382 est.
1673 3326 1733 3385 Si
1762 3327 1936 3396 ipsum
1965 3341 2079 3378 ma-

508 3430 618 3484 lum
664 3428 786 3483 nolo
814 3427 990 3481 facere
1035 3424 1177 3494 quod
1215 3421 1512 3484 committo,
1561 3418 1750 3487 utique
1799 3431 1919 3471 cum
1963 3415 2080 3485 lege

510 3520 700 3583 sentio,
734 3533 853 3588 qua:
880 3515 1019 3571 maia
1056 3530 1161 3569 non
1194 3512 1328 3577 vult,
1359 3511 1453 3566 sed
1482 3509 1750 3581 prohibet.
1786 3507 1944 3561 Nunc
1985 3524 2081 3560 au-

509 3620 611 3665 tem
638 3626 739 3664 non
769 3625 859 3680 ego
910 3623 1094 3680 aperor
1121 3604 1272 3660 illud.
1315 3604 1429 3659 Hoc
1458 3610 1560 3665 est,
1600 3600 1895 3657 secundum
1921 3598 2081 3669 spiri-

512 3700 654 3756 tuale
682 3701 1005 3756 desiderium
1033 3714 1138 3753 non
1168 3712 1266 3768 ego
1288 3696 1421 3751 illud
1446 3709 1658 3765 operor.
1683 3692 1799 3747 Non
1827 3706 1925 3761 ego
1959 3705 2082 3760 ope~

511 3802 603 3844 ror
653 3789 814 3852 illud,
870 3791 960 3860 qui
1007 3789 1155 3844 velut
1196 3788 1395 3841 invitus
1434 3799 1663 3855 operor,
1712 3781 1805 3838 sed
1850 3795 2079 3835 consue-

513 3879 641 3933 tudo
678 3880 904 3948 peccati,
946 3893 1108 3951 quam
1146 3886 1326 3933 tamen
1362 3874 1744 3930 necessitatem
1788 3872 1902 3942 ipse
1949 3869 2081 3925 mihi

512 3983 722 4040 parari.

585 4080 691 4137 Sed
712 4081 850 4153 quod
871 4080 1070 4134 habitat
1094 4080 1149 4133 in
1169 4093 1248 4132 me
1270 4084 1556 4147 peccatum.
1584 4074 1696 4128 Hoc
1718 4080 1816 4133 est,
1850 4086 2082 4126 consue-

518 4171 647 4225 tudo
687 4168 968 4238 peccandi,
1015 4167 1082 4222 ab
1121 4166 1290 4222 Adam
1328 4164 1617 4220 transfusa.
1659 4162 1878 4216 llabitat
1904 4172 2084 4215 autem

516 4259 669 4328 quasi
696 4257 910 4327 hospes,
936 4264 991 4312 et
1026 4255 1179 4328 quasi
1222 4255 1364 4310 aliud
1392 4254 1446 4308 in
1477 4253 1602 4319 alio,
1626 4268 1733 4307 non
1759 4252 1913 4322 quasi
1944 4252 2086 4306 acci-

516 4347 697 4405 dentia
724 4347 928 4403 scilicet
961 4363 1069 4403 non
1096 4345 1382 4402 naturalia.
1412 4343 1582 4411 Sicut,
1608 4344 1758 4399 verbi
1797 4344 1988 4414 gratia,
2037 4344 2084 4399 si
2126 4354 2129 4357 '

2164 492 2359 536 catum.
2386 481 2635 550 Nunquid
2663 481 2754 549 qui
2787 480 3012 534 invitum
3033 478 3304 533 hominem
3328 478 3461 533 dicit
3485 493 3735 547 peccare,
3766 542 3771 553 Ι

2165 570 2421 625 immunis
2448 570 2611 625 debet
2641 569 2848 625 videri?
2878 584 2986 622 non
3040 569 3243 638 utique,
3283 568 3451 637 ipsius
3485 568 3630 622 enim
3657 568 3741 621 vi-

2165 661 2242 715 tio
2268 668 2323 714 et
2347 660 2615 715 desiderio
2640 660 2753 714 hcce
2775 666 2951 727 coepta
2978 666 3104 712 sunt
3129 673 3143 722 ;
3186 656 3277 727 qui
3302 657 3405 710 nisi
3434 655 3746 727 mancipas-

2166 762 2249 807 set
2277 767 2336 805 se
2365 767 2462 821 per
2488 766 2768 805 assensum
2805 757 3050 819 peccato,
3113 763 3220 802 non
3269 748 3410 802 illius
3437 748 3749 803 dominare-

2166 850 2273 894 tur.
2307 839 2550 893 Primum
2596 841 2739 894 enim
2770 838 2960 893 suadet
2987 846 3046 891 ut
3082 838 3228 892 victo
3263 838 3590 893 dominetur.
3644 836 3749 890 In-

2169 929 2313 982 renio
2336 930 2499 999 igitur
2530 927 2692 998 legem
2718 926 2908 981 volenti
2936 927 3065 981 mihi
3100 927 3272 1005 facere
3302 927 3512 981 bonum.
3540 927 3748 996 Legem

2169 1018 2335 1090 Moysi
2372 1018 2569 1071 asserit
2603 1016 2865 1071 voluntati
2893 1032 3004 1071 sua:
3039 1018 3167 1072 dare
3193 1032 3516 1071 consensum
3548 1026 3746 1073 contra

2168 1116 2449 1177 peccatum
2485 1108 2627 1175 quod
2654 1107 2707 1160 in
2737 1121 2902 1161 carne
2927 1106 3156 1171 habitat,
3207 1106 3351 1177 quod
3402 1106 3546 1160 aliud
3595 1107 3751 1176 cogit

2169 1195 2353 1250 facere
2399 1211 2558 1265 quam
2608 1195 2724 1257 vult
2760 1196 2921 1249 homo
2946 1203 3001 1249 et
3023 1194 3131 1248 lex.
3170 1195 3268 1250 llic
3295 1195 3628 1251 elocutiones
3662 1198 3751 1251 in-

2173 1295 2335 1357 tegra
2374 1301 2482 1339 non
2511 1285 2778 1348 videntur,
2817 1284 2913 1338 sed
2950 1283 3047 1337 tali
3080 1284 3312 1353 quodam
3341 1284 3529 1338 ordine
3563 1284 3753 1354 legere

2170 1375 2448 1439 debemus,
2507 1381 2566 1427 ut
2622 1373 2929 1428 ihtellectus
2982 1372 3214 1427 lucidior
3245 1371 3373 1427 ﬁat:
3426 1373 3567 1445 Ergo
3613 1372 3750 1443 quia

2171 1466 2373 1519 malum
2400 1465 2535 1519 mihi
2559 1464 2771 1535 adjacet
2808 1464 3006 1519 volenti
3047 1463 3225 1518 facere
3271 1462 3493 1529 bonum,
3525 1466 3751 1519 invenio

2171 1556 2342 1627 legem
2374 1556 2491 1621 Dei,
2522 1564 2579 1609 et
2621 1555 2966 1610 condelector
3002 1554 3051 1609 ei
3081 1555 3376 1609 secundum
3428 1554 3750 1608 interiorem

2172 1646 2468 1701 hominem.
2503 1645 2608 1699 Per
2636 1646 2778 1714 quod
2829 1644 3065 1700 ostendit
3101 1644 3244 1713 quod
3292 1642 3520 1697 interior
3557 1642 3745 1704 homo,

2102 1758 2147 1816 Β
2173 1739 2276 1792 hoc
2300 1747 2402 1803 est,
2453 1736 2722 1803 voluntas,
2759 1744 2813 1791 et
2837 1736 3192 1806 propositum,
3224 1750 3333 1804 quo
3359 1733 3570 1789 initium
3597 1732 3752 1787 acci-

2176 1828 2255 1897 pit
2288 1827 2529 1882 convcrti
2555 1828 2621 1881 ad
2651 1827 2958 1892 Dominum,
2997 1826 3099 1897 legi
3138 1827 3232 1881 Dei
3263 1826 3550 1889 consentit,
3575 1833 3630 1880 et
3657 1823 3758 1880 de-

2178 1917 2417 1972 lectatur
2445 1918 2499 1971 in
2526 1933 2611 1981 ea,
2668 1918 2784 1983 sed,
2814 1925 2871 1971 ut
2908 1918 3165 1982 diximus,
3199 1930 3305 1971 non
3356 1914 3536 1971 statim
3566 1923 3629 1970 ut
3654 1930 3760 1970 vo-

2176 2007 2435 2061 luntatem
2491 2007 2613 2076 quis
2665 2006 2918 2060 habuerit
2971 2009 3213 2061 converti
3255 2006 3323 2060 ad
3373 2006 3530 2069 bona,
3580 2004 3755 2060 etiam

2174 2111 2307 2150 usus
2329 2095 2487 2151 bonis
2515 2097 2696 2166 eperis
2727 2097 3014 2166 sequitur:
3050 2096 3155 2151 cita
3211 2096 3356 2149 enim
3411 2110 3499 2150 res
3541 2102 3625 2151 est
3652 2110 3759 2151 vo-

2176 2187 2374 2253 luntas,
2434 2196 2489 2243 et
2543 2189 2660 2244 sine
2718 2189 3102 2259 impedimento
3158 2189 3407 2254 vertitur,
3453 2204 3589 2258 opus
3616 2205 3757 2246 vero

2175 2278 2390 2333 tardum
2417 2287 2521 2345 est,
2548 2281 2674 2349 quia
2699 2288 2754 2333 et
2798 2296 2979 2346 usum,
3014 2288 3071 2334 et
3093 2286 3284 2343 artem,
3314 2287 3369 2333 et
3399 2279 3637 2335 laborem
3664 2295 3758 2334 reo

2176 2375 2344 2446 quirit
2385 2375 2670 2445 operandi.
2713 2373 2875 2430 Verbi
2901 2374 3071 2445 gratia
3100 2392 3112 2427 :
3146 2373 3261 2428 vult
3289 2373 3483 2442 aliquis
3527 2374 3755 2443 sapiens

2179 2464 2320 2531 fieri,
2379 2480 2480 2520 nec
2502 2474 2684 2519 tamen
2744 2466 2928 2519 statim
2980 2472 3042 2518 ut
3069 2463 3240 2518 voluit
3287 2464 3501 2533 sapiens
3523 2462 3758 2520 effectus

2178 2565 2302 2612 est:
2342 2538 2590 2610 voluntiis
2643 2555 2768 2624 quid
2808 2553 3102 2624 praecessit,
3151 2567 3252 2607 nec
3302 2553 3417 2607 sine
3473 2552 3761 2607 voluntate

2178 2647 2377 2716 aliquis
2398 2647 2614 2717 sapiens
2644 2645 2761 2700 ﬁeri
2791 2653 2984 2714 potest.
3012 2643 3120 2699 Sed
3144 2651 3325 2698 tamen
3349 2658 3471 2698 eum
3498 2642 3761 2698 voluntas

2180 2739 2360 2801 fuerit,
2393 2738 2730 2792 adhibendus
2771 2744 2854 2793 est
2905 2736 3074 2801 labor,
3109 2735 3366 2797 studium,
3421 2730 3756 2799 sollicitudo,

2179 2830 2394 2901 vigilias,
2449 2828 2713 2893 doctrina,
2762 2827 3066 2892 institutio;
3098 2835 3154 2880 et
3186 2826 3275 2880 vix
3307 2824 3594 2893 aliquando
3645 2839 3760 2879 usu

2180 2922 2342 2990 longo
2364 2929 2419 2974 et
2448 2920 2797 2974 meditatione
2824 2918 3080 2973 continua
3124 2918 3342 2987 sapiens
3370 2915 3615 2970 edicitur.
3643 2915 3760 2971 iste

2181 3011 2315 3066 ordo
2341 3010 2407 3064 de
2432 3009 2687 3079 pudicitia
2711 3009 3011 3072 habendus,
3055 3015 3109 3061 et
3145 3007 3212 3061 de
3234 3005 3662 3070 mansuetudine,
3697 3016 3763 3062 et

2106 3099 2149 3162 C
2180 3102 2459 3172 patientia,
2493 3109 2549 3155 et
2573 3101 2641 3155 de
2676 3099 2903 3170 singulis
2926 3100 3227 3169 quibusque
3260 3098 3552 3152 virtutibus
3578 3098 3766 3152 scicn-

2181 3191 2282 3246 dus
2303 3199 2405 3256 est,
2433 3190 2487 3244 in
2514 3190 2708 3260 quibus
2743 3190 2992 3243 omnibus
3037 3189 3143 3245 dici
3178 3191 3448 3255 convenit,
3477 3189 3601 3258 quia
3627 3204 3763 3242 con—

2180 3281 2409 3335 delector
2442 3280 2543 3350 legi
2583 3281 2696 3343 Dei,
2740 3280 2842 3335 hoc
2868 3288 2971 3345 est,
3002 3279 3323 3353 virtutibus,
3347 3278 3633 3334 secundum
3659 3279 3751 3331 in—

2181 3373 2423 3424 teriorem
2448 3370 2730 3424 hominem.
2782 3368 2942 3423 Video
2972 3378 3146 3423 autem
3181 3370 3342 3424 aliam
3394 3370 3554 3440 legem
3588 3385 3751 3441 repu-

2180 3472 2426 3532 gnantem
2472 3462 2529 3514 in
2579 3459 2822 3513 membris
2852 3459 2998 3513 meis.
3032 3458 3205 3513 Aliam
3254 3458 3429 3529 legem
3480 3458 3762 3513 desideria

2182 3559 2436 3606 consueta
2463 3549 2613 3612 dicit,
2642 3549 2725 3603 vel
2747 3549 3152 3619 persuasionem
3176 3546 3398 3601 inimici.
3438 3545 3767 3617 Repugnan-

2180 3650 2283 3695 tem
2314 3640 2628 3711 legi'mentis
2668 3656 2814 3694 mete.
2848 3638 3204 3694 Conscientia:
3241 3635 3448 3691 scilicet
3492 3636 3762 3704 naturali,

2188 3732 2274 3787 vel
2321 3731 2426 3803 legi
2451 3731 2663 3796 divinae,
2694 3745 2813 3799 qua:
2842 3729 2895 3783 in
2922 3736 3105 3782 mente
3126 3728 3392 3793 consistit,
3422 3716 3566 3797 quod
3589 3742 3759 3797 supra

2183 3826 2319 3882 dixit
2346 3840 2360 3879 :
2392 3823 2517 3880 velle
2546 3825 2682 3878 enim
2710 3824 2899 3877 bonum
2941 3821 3147 3890 adjacet
3194 3819 3345 3883 mihi,
3374 3818 3463 3873 hic
3510 3818 3763 3872 volunta-

2185 3926 2295 3972 tem
2329 3915 2455 3971 boui
2505 3914 2679 3986 legem
2714 3913 2912 3968 mentis
2953 3911 3217 3975 nominat,
3265 3922 3385 3978 quae
3415 3908 3502 3962 lex
3556 3908 3764 3963 mentis

2184 4006 2437 4061 convenit
2461 4020 2583 4073 cum
2606 4005 2725 4074 lege
2746 4003 2843 4057 Dei
2887 4010 2942 4056 et
2988 4000 3261 4056 consentit
3286 3992 3362 4055 ei.
3397 3997 3502 4052 Sed
3537 4012 3760 4051 rursum

2183 4106 2366 4152 motus
2399 4097 2644 4166 corporis
2671 4103 2727 4150 et
2754 4094 3021 4151 desideria
3047 4093 3247 4156 carnis,
3278 4090 3451 4161 legem
3479 4087 3764 4144 membro-

2184 4206 2304 4244 rum
2332 4188 2481 4253 dicit,
2514 4204 2635 4257 quae
2683 4188 2951 4257 captivam
2994 4183 3144 4239 ducit
3178 4182 3434 4246 animam,
3472 4187 3526 4234 et
3548 4180 3760 4248 peccati

2185 4278 2393 4348 legibus
2427 4276 2626 4330 subdit.
2681 4276 2765 4330 Et
2797 4276 2939 4331 sicut
2970 4275 3055 4327 lex
3112 4273 3325 4335 mentis,
3359 4286 3479 4340 qua:
3534 4284 3765 4324 consen-

2187 4369 2252 4423 tit
2278 4383 2402 4422 cum
2435 4366 2554 4435 lege
2586 4366 2703 4432 Dei,
2741 4367 2787 4421 si
2815 4367 3053 4420 animam
3092 4362 3326 4432 potuerit
3369 4359 3631 4419 obtinere,
3668 4359 3765 4412 ad—

517 4442 641 4514 quis
654 4440 768 4512 jam
808 4442 898 4497 diu
931 4439 1229 4531 jurarevel
1258 4438 1418 4495 irasci
1442 4437 1739 4531 consuevit,
1768 4437 1934 4531 etiam
1960 4452 2083 4491 cum
2108 4426 2162 4485 D
2187 4464 2337 4518 dum
2360 4426 2572 4517 eamad
2611 4426 2784 4531 lcg'em
2810 4460 2923 4524 Dei,
2955 4460 3029 4513 im
3052 4426 3109 4513 εί
3150 4458 3238 4513 lex
3269 4472 3387 4527 qum
3414 4455 3469 4509 in
3496 4452 3766 4508 membris

519 4551 625 4591 non
647 4541 819 4605 optat,
841 4532 1083 4597 incurrit.
1109 4530 1231 4586 Scio
1255 4531 1391 4584 enim
1410 4528 1548 4600 quod
1569 4543 1671 4581 non
1689 4525 1880 4579 habitet
1906 4526 1960 4580 in
1981 4541 2081 4590 me,

518 4626 615 4679 hoc
648 4632 747 4689 est,
775 4623 831 4677 in
859 4636 1017 4675 carne
1054 4636 1186 4684 mea,
1220 4619 1428 4673 bonum.
1474 4614 1591 4672 Non
1637 4614 1791 4679 dixit,
1842 4613 1957 4668 Non
2004 4620 2090 4667 est

519 4731 646 4772 caro
682 4729 800 4770 mea
827 4714 988 4780 bona,
1028 4711 1122 4767 sed
1149 4709 1292 4781 quod
1330 4726 1434 4763 non
1461 4707 1659 4762 habitat
1688 4707 1744 4761 in
1781 4722 1954 4765 carne.
1984 4705 2089 4760 hoc

518 4814 624 4872 est,
649 4806 705 4860 in
728 4803 932 4861 carnali
975 4799 1425 4869 concupiscentia,
1451 4797 1667 4854 virtutis
1693 4796 1912 4851 bonum.
1948 4792 2088 4848 Nam

520 4897 760 4954 voluntas
786 4891 1138 4964 benefaciendi
1166 4889 1373 4960 adjacet
1399 4890 1547 4944 mihi.
1571 4888 1667 4943 Est
1702 4886 1972 4949 voluntas,
1993 4883 2089 4939 sed

523 5003 630 5043 non
661 4994 746 5042 est
792 4983 1034 5049 eﬂ'ectus,
1087 4980 1211 5052 quia
1253 4978 1488 5034 carnalis
1532 4975 1860 5032 consuetudo
1904 4973 2090 5028 volun-

523 5079 622 5133 tati
650 5078 869 5133 resistit.
900 5074 1163 5145 Perﬁcere
1192 5080 1365 5127 autem
1388 5070 1577 5124 bonum
1602 5085 1705 5122 non
1725 5066 1949 5121 invenio.
1978 5063 2091 5120 iloc

523 5175 628 5232 est,
676 5168 791 5223 sine
834 5164 1160 5221 adminiculo
1206 5161 1392 5234 gratim
1442 5174 1551 5214 non
1594 5171 1681 5213 me
1719 5156 1876 5211 video
1914 5154 2093 5210 facere

525 5257 747 5312 bonum.
779 5254 904 5309 Non
936 5256 1075 5310 enim
1111 5251 1250 5326 quod
1293 5249 1407 5306 uolo
1453 5248 1590 5319 facio
1630 5246 1837 5300 bonum.
1870 5243 2094 5314 Semper

526 5344 723 5418 repetit
748 5351 810 5399 ut
831 5342 1088 5399 dilucidet
1127 5358 1142 5397 :
1190 5343 1291 5397 hoc
1318 5354 1447 5412 ergo
1479 5346 1564 5394 est
1600 5336 1741 5407 quod
1776 5335 2091 5404 praedictum

524 5444 631 5504 est,
653 5436 779 5507 quia
827 5441 883 5489 ut
938 5433 1179 5504 captivus
1210 5446 1309 5503 per
1352 5427 1690 5502 supradictas
1735 5439 1927 5481 causas
1965 5423 2095 5477 illud

525 5525 737 5596 «igitur
755 5523 932 5581 facere
959 5521 1101 5595 quod
1124 5537 1229 5577 non
1275 5519 1406 5588 vult,
1445 5524 1731 5591 peccatum
1770 5511 1910 5585 quod
1949 5510 2097 5570 illius
2130 5533 2136 5537 ·

527 5610 852 5672 dominetur.

2187 4561 2293 4618 est,
2330 4560 2385 4606 et
2421 4550 2859 4622 concupiscentia
2883 4550 3084 4614 carnis,
3123 4548 3169 4602 si
3195 4546 3470 4603 seduxerit
3495 4544 3761 4607 animam,

2187 4643 2397 4713 peccati
2446 4656 2568 4697 eam
2618 4641 2827 4711 legibus
2860 4640 3061 4695 subdit.
3096 4637 3230 4693 Cum
3278 4638 3393 4691 haec
3420 4633 3639 4715 Paulus,
3673 4648 3769 4687 as-

2189 4743 2401 4805 sumpta
2454 4733 2724 4804 fragiliore
2776 4745 3030 4802 persona,
3065 4731 3206 4785 intra
3259 4728 3532 4785 hominem
3568 4726 3768 4780 haberi

2191 4822 2489 4880 certamina
2518 4822 2810 4887 docuisset,
2861 4820 3251 4876 exclamatione
3298 4818 3471 4873 utitur
3494 4815 3671 4870 adhuc
3693 4830 3767 4870 ex

2191 4927 2423 4983 persona
2454 4911 2598 4966 illius
2640 4925 2799 4980 quem
2853 4909 3159 4979 descripsit,
3195 4915 3250 4962 ct
3273 4906 3445 4962 dicit:
3480 4901 3648 4957 Miser
3666 4918 3769 4973 ego

2192 5003 2366 5067 homo,
2409 5000 2526 5072 quis
2574 5017 2658 5054 me
2684 4998 2924 5054 liberabit
2961 4999 3026 5053 dc
3073 5014 3287 5070 corpore
3323 4995 3504 5050 martis
3550 4993 3711 5063 hujus
3744 4996 3775 5049 .’

2194 5088 2340 5145 Vidit
2361 5104 2420 5144 se
2444 5088 2726 5152 miserum,
2763 5089 2908 5143 intra
2930 5103 3090 5158 quem
3119 5095 3198 5141 tot
3221 5086 3367 5156 leges
3400 5083 3501 5138 sibi
3530 5082 3772 5138 invicem

2195 5187 2513 5250 repugnant,
2558 5188 2637 5233 tot
2668 5179 2852 5249 praelia
2897 5184 3325 5239 commoventur,
3370 5182 3578 5244 pugnat
3632 5189 3773 5229 caro

2196 5266 2452 5321 adversus
2479 5264 2751 5334 spiritum,
2806 5265 3028 5336 spiritus
3076 5277 3204 5319 vero
3229 5263 3491 5319 adversus
3515 5274 3770 5317 carnem.

2195 5354 2273 5410 De
2300 5370 2514 5425 corpore
2536 5356 2719 5409 mortis
2752 5355 2955 5426 hujus?
2992 5353 3184 5409 Merito
3207 5338 3407 5424 corpus
3455 5351 3647 5407 mortis
3671 5367 3775 5422 ap—

2149 5445 2442 5516 -pellatur,
2493 5445 2547 5499 in
2583 5460 2690 5516 quo
2713 5445 2921 5499 habitat
2945 5451 3248 5514 peccatum,
3292 5442 3434 5513 quod
3461 5450 3547 5497 est
3570 5441 3777 5497 mortis

2193 5549 2379 5598 causa,
2413 5534 2553 5589 hanc
2575 5535 2706 5590 dicit
2726 5542 2975 5600 mortem,
3002 5549 3164 5604 quam
3183 5533 3419 5589 ostendit
3442 5532 3497 5586 in
3520 5532 3779 5585 neeeho-

2195 5624 2359 5682 minis
2383 5638 2481 5697 per
2501 5633 2785 5696 peceatum
2817 5626 3088 5683 inventam
3128 5624 3269 5697 apud
3297 5623 3518 5681 inferos.
3548 5620 3774 5693 Corpus
