  <div class='ocr_page' id='page_1' title='image "/cluster/home/n/w/nwhite01/storage/ocr_20150623/103/hvd.32044054759691/040.png"; bbox 0 0 3974 6202; ppageno 0'>
   <div class='ocr_carea' id='block_1_1' title="bbox 233 238 3494 324">
    <p class='ocr_par' dir='ltr' id='par_1_1' title="bbox 233 238 3494 324">
     <span class='ocr_line' id='line_1_1' title="bbox 233 238 3494 324; baseline -0.005 -1"><span class='ocrx_word' id='word_1_1' title='bbox 233 271 306 324; x_wconf 78' lang='lat' dir='ltr'><strong>tu</strong></span> <span class='ocrx_word' id='word_1_2' title='bbox 1348 256 1681 317; x_wconf 86' lang='lat' dir='ltr'><strong>COLLECT.</strong></span> <span class='ocrx_word' id='word_1_3' title='bbox 1721 257 1788 312; x_wconf 85' lang='lat' dir='ltr'><strong>IN</strong></span> <span class='ocrx_word' id='word_1_4' title='bbox 1831 256 2050 313; x_wconf 83' lang='lat' dir='ltr'><strong>EPIST.</strong></span> <span class='ocrx_word' id='word_1_5' title='bbox 2091 256 2182 310; x_wconf 81' lang='lat' dir='ltr'><strong>AD</strong></span> <span class='ocrx_word' id='word_1_6' title='bbox 2219 254 2382 312; x_wconf 78' lang='lat' dir='ltr'><strong>non.</strong></span> <span class='ocrx_word' id='word_1_7' title='bbox 3205 238 3218 244; x_wconf 83' lang='grc'><em>’</em></span> <span class='ocrx_word' id='word_1_8' title='bbox 3426 256 3494 308; x_wconf 79' lang='grc' dir='ltr'><strong>το</strong></span> 
     </span>
    </p>
   </div>
   <div class='ocr_carea' id='block_1_2' title="bbox 235 368 3502 444">
    <p class='ocr_par' dir='ltr' id='par_1_2' title="bbox 235 368 3502 444">
     <span class='ocr_line' id='line_1_2' title="bbox 235 368 3502 444; baseline -0.001 -13"><span class='ocrx_word' id='word_1_9' title='bbox 235 388 422 432; x_wconf 68' lang='lat' dir='ltr'><strong>autem</strong></span> <span class='ocrx_word' id='word_1_10' title='bbox 457 375 647 431; x_wconf 88' lang='lat' dir='ltr'><strong>mortis</strong></span> <span class='ocrx_word' id='word_1_11' title='bbox 673 382 868 431; x_wconf 89' lang='lat' dir='ltr'><strong>cuncta</strong></span> <span class='ocrx_word' id='word_1_12' title='bbox 894 382 1114 444; x_wconf 86' lang='lat' dir='ltr'><strong>peccata</strong></span> <span class='ocrx_word' id='word_1_13' title='bbox 1145 375 1409 444; x_wconf 79' lang='lat' dir='ltr'><strong>signiﬁcat</strong></span> <span class='ocrx_word' id='word_1_14' title='bbox 1443 390 1457 427; x_wconf 93' lang='lat'>:</span> <span class='ocrx_word' id='word_1_15' title='bbox 1491 373 1658 426; x_wconf 89' lang='lat' dir='ltr'><strong>multa</strong></span> <span class='ocrx_word' id='word_1_16' title='bbox 1683 372 1826 425; x_wconf 88' lang='lat' dir='ltr'><strong>enim</strong></span> <span class='ocrx_word' id='word_1_17' title='bbox 1855 373 1907 432; x_wconf 77' lang='grc' dir='ltr'>Α</span> <span class='ocrx_word' id='word_1_18' title='bbox 1933 379 2040 435; x_wconf 91' lang='lat' dir='ltr'><strong>rat,</strong></span> <span class='ocrx_word' id='word_1_19' title='bbox 2075 384 2173 438; x_wconf 88' lang='lat' dir='ltr'><strong>per</strong></span> <span class='ocrx_word' id='word_1_20' title='bbox 2200 369 2474 424; x_wconf 89' lang='lat' dir='ltr'><strong>hominem</strong></span> <span class='ocrx_word' id='word_1_21' title='bbox 2521 368 2918 434; x_wconf 87' lang='lat' dir='ltr'><strong>condemnarit,</strong></span> <span class='ocrx_word' id='word_1_22' title='bbox 2946 368 3086 424; x_wconf 93' lang='lat' dir='ltr'><strong>sicut</strong></span> <span class='ocrx_word' id='word_1_23' title='bbox 3133 370 3199 424; x_wconf 87' lang='lat' dir='ltr'><strong>ad</strong></span> <span class='ocrx_word' id='word_1_24' title='bbox 3247 369 3502 428; x_wconf 64' lang='lat' dir='ltr'><strong>liebra—os</strong></span> 
     </span>
    </p>
   </div>
   <div class='ocr_carea' id='block_1_3' title="bbox 236 463 1824 534">
    <p class='ocr_par' dir='ltr' id='par_1_3' title="bbox 236 463 1824 534">
     <span class='ocr_line' id='line_1_3' title="bbox 236 463 1824 534; baseline -0.003 -14"><span class='ocrx_word' id='word_1_25' title='bbox 236 483 410 520; x_wconf 90' lang='lat' dir='ltr'><strong>unum</strong></span> <span class='ocrx_word' id='word_1_26' title='bbox 443 480 642 534; x_wconf 90' lang='lat' dir='ltr'><strong>corpus</strong></span> <span class='ocrx_word' id='word_1_27' title='bbox 667 474 813 526; x_wconf 91' lang='lat' dir='ltr'><strong>sunt,</strong></span> <span class='ocrx_word' id='word_1_28' title='bbox 838 465 1130 519; x_wconf 90' lang='lat' dir='ltr'><strong>secundum</strong></span> <span class='ocrx_word' id='word_1_29' title='bbox 1161 465 1372 534; x_wconf 79' lang='lat' dir='ltr'><strong>singula</strong></span> <span class='ocrx_word' id='word_1_30' title='bbox 1400 463 1556 533; x_wconf 81' lang='lat' dir='ltr'><strong>quasi</strong></span> <span class='ocrx_word' id='word_1_31' title='bbox 1587 463 1824 516; x_wconf 86' lang='lat' dir='ltr'><strong>membra</strong></span> 
     </span>
    </p>
   </div>
   <div class='ocr_carea' id='block_1_4' title="bbox 241 547 1870 623">
    <p class='ocr_par' dir='ltr' id='par_1_4' title="bbox 241 547 1870 623">
     <span class='ocr_line' id='line_1_4' title="bbox 241 547 1870 623; baseline -0.003 -14"><span class='ocrx_word' id='word_1_32' title='bbox 241 573 350 610; x_wconf 88' lang='lat' dir='ltr'><strong>uno</strong></span> <span class='ocrx_word' id='word_1_33' title='bbox 377 565 601 610; x_wconf 90' lang='lat' dir='ltr'><strong>auctore</strong></span> <span class='ocrx_word' id='word_1_34' title='bbox 633 555 874 617; x_wconf 87' lang='lat' dir='ltr'><strong>inventa,</strong></span> <span class='ocrx_word' id='word_1_35' title='bbox 905 547 1194 623; x_wconf 59' lang='lat' dir='ltr'><strong>ex‘quibus</strong></span> <span class='ocrx_word' id='word_1_36' title='bbox 1220 555 1382 608; x_wconf 90' lang='lat' dir='ltr'><strong>homo</strong></span> <span class='ocrx_word' id='word_1_37' title='bbox 1408 563 1628 622; x_wconf 86' lang='lat' dir='ltr'><strong>ereptus</strong></span> <span class='ocrx_word' id='word_1_38' title='bbox 1653 553 1826 622; x_wconf 86' lang='lat' dir='ltr'><strong>gratia</strong></span> <span class='ocrx_word' id='word_1_39' title='bbox 1863 581 1870 584; x_wconf 97' lang='lat'><em>-</em></span> 
     </span>
    </p>
   </div>
   <div class='ocr_carea' id='block_1_5' title="bbox 243 639 1824 706">
    <p class='ocr_par' dir='ltr' id='par_1_5' title="bbox 243 639 1824 706">
     <span class='ocr_line' id='line_1_5' title="bbox 243 639 1824 706; baseline -0.006 -6"><span class='ocrx_word' id='word_1_40' title='bbox 243 647 337 700; x_wconf 93' lang='lat' dir='ltr'><strong>Dei</strong></span> <span class='ocrx_word' id='word_1_41' title='bbox 389 645 680 700; x_wconf 84' lang='lat' dir='ltr'><strong>secundam</strong></span> <span class='ocrx_word' id='word_1_42' title='bbox 722 653 951 696; x_wconf 86' lang='lat' dir='ltr'><strong>mortem</strong></span> <span class='ocrx_word' id='word_1_43' title='bbox 1003 642 1195 696; x_wconf 90' lang='lat' dir='ltr'><strong>evasit.</strong></span> <span class='ocrx_word' id='word_1_44' title='bbox 1237 641 1426 695; x_wconf 85' lang='lat' dir='ltr'><strong>Gratia</strong></span> <span class='ocrx_word' id='word_1_45' title='bbox 1480 641 1600 693; x_wconf 85' lang='lat' dir='ltr'><strong>Dei.</strong></span> <span class='ocrx_word' id='word_1_46' title='bbox 1652 639 1824 706; x_wconf 85' lang='lat' dir='ltr'><strong>Quem</strong></span> 
     </span>
    </p>
   </div>
   <div class='ocr_carea' id='block_1_6' title="bbox 243 730 1830 802">
    <p class='ocr_par' dir='ltr' id='par_1_6' title="bbox 243 730 1830 802">
     <span class='ocr_line' id='line_1_6' title="bbox 243 730 1830 802; baseline -0.005 -14"><span class='ocrx_word' id='word_1_47' title='bbox 243 737 328 789; x_wconf 84' lang='lat' dir='ltr'><strong>lex</strong></span> <span class='ocrx_word' id='word_1_48' title='bbox 359 751 467 788; x_wconf 91' lang='lat' dir='ltr'><strong>non</strong></span> <span class='ocrx_word' id='word_1_49' title='bbox 516 734 693 802; x_wconf 90' lang='lat' dir='ltr'><strong>potuit</strong></span> <span class='ocrx_word' id='word_1_50' title='bbox 732 733 984 786; x_wconf 85' lang='lat' dir='ltr'><strong>liberare.</strong></span> <span class='ocrx_word' id='word_1_51' title='bbox 1039 730 1422 799; x_wconf 79' lang='lat' dir='ltr'><strong>Nunquidnam</strong></span> <span class='ocrx_word' id='word_1_52' title='bbox 1460 730 1658 783; x_wconf 80' lang='lat' dir='ltr'><strong>Paulus</strong></span> <span class='ocrx_word' id='word_1_53' title='bbox 1694 745 1830 782; x_wconf 91' lang='lat' dir='ltr'><strong>non-</strong></span> 
     </span>
    </p>
   </div>
   <div class='ocr_carea' id='block_1_7' title="bbox 242 819 1828 893">
    <p class='ocr_par' dir='ltr' id='par_1_7' title="bbox 242 819 1828 893">
     <span class='ocr_line' id='line_1_7' title="bbox 242 819 1828 893; baseline -0.005 -14"><span class='ocrx_word' id='word_1_54' title='bbox 242 829 371 879; x_wconf 86' lang='lat' dir='ltr'><strong>dum</strong></span> <span class='ocrx_word' id='word_1_55' title='bbox 416 835 536 880; x_wconf 90' lang='lat' dir='ltr'><strong>erat</strong></span> <span class='ocrx_word' id='word_1_56' title='bbox 568 825 744 893; x_wconf 80' lang='lat' dir='ltr'><strong>gratia</strong></span> <span class='ocrx_word' id='word_1_57' title='bbox 774 825 868 878; x_wconf 89' lang='lat' dir='ltr'><strong>Dei</strong></span> <span class='ocrx_word' id='word_1_58' title='bbox 904 823 1201 876; x_wconf 80' lang='lat' dir='ltr'><strong>liberatus?</strong></span> <span class='ocrx_word' id='word_1_59' title='bbox 1231 821 1382 877; x_wconf 87' lang='lat' dir='ltr'><strong>Unde</strong></span> <span class='ocrx_word' id='word_1_60' title='bbox 1410 822 1674 891; x_wconf 90' lang='lat' dir='ltr'><strong>probatur</strong></span> <span class='ocrx_word' id='word_1_61' title='bbox 1701 819 1828 888; x_wconf 89' lang='lat' dir='ltr'><strong>quia</strong></span> 
     </span>
    </p>
   </div>
   <div class='ocr_carea' id='block_1_8' title="bbox 241 911 1825 987">
    <p class='ocr_par' dir='ltr' id='par_1_8' title="bbox 241 911 1825 987">
     <span class='ocr_line' id='line_1_8' title="bbox 241 911 1825 987; baseline -0.003 -19"><span class='ocrx_word' id='word_1_62' title='bbox 241 935 307 971; x_wconf 85' lang='lat' dir='ltr'><strong>ex</strong></span> <span class='ocrx_word' id='word_1_63' title='bbox 336 918 562 971; x_wconf 79' lang='lat' dir='ltr'><strong>alterius</strong></span> <span class='ocrx_word' id='word_1_64' title='bbox 592 932 824 987; x_wconf 88' lang='lat' dir='ltr'><strong>persona</strong></span> <span class='ocrx_word' id='word_1_65' title='bbox 858 916 1099 984; x_wconf 76' lang='lat' dir='ltr'><strong>loquitur</strong></span> <span class='ocrx_word' id='word_1_66' title='bbox 1131 933 1142 967; x_wconf 92' lang='lat'>:</span> <span class='ocrx_word' id='word_1_67' title='bbox 1183 913 1358 967; x_wconf 81' lang='lat' dir='ltr'><strong>Mente</strong></span> <span class='ocrx_word' id='word_1_68' title='bbox 1387 915 1553 967; x_wconf 77' lang='lat' dir='ltr'><strong>servio</strong></span> <span class='ocrx_word' id='word_1_69' title='bbox 1584 913 1686 982; x_wconf 89' lang='lat' dir='ltr'><strong>legi</strong></span> <span class='ocrx_word' id='word_1_70' title='bbox 1715 911 1825 964; x_wconf 86' lang='lat' dir='ltr'><strong>Dei.</strong></span> 
     </span>
    </p>
   </div>
   <div class='ocr_carea' id='block_1_9' title="bbox 243 988 1832 1077">
    <p class='ocr_par' dir='ltr' id='par_1_9' title="bbox 243 988 1832 1077">
     <span class='ocr_line' id='line_1_9' title="bbox 243 988 1832 1077; baseline -0.003 -17"><span class='ocrx_word' id='word_1_71' title='bbox 243 1008 368 1077; x_wconf 81' lang='lat' dir='ltr'><strong>Legi</strong></span> <span class='ocrx_word' id='word_1_72' title='bbox 404 1007 496 1060; x_wconf 83' lang='lat' dir='ltr'><strong>Dei</strong></span> <span class='ocrx_word' id='word_1_73' title='bbox 539 1021 660 1060; x_wconf 88' lang='lat' dir='ltr'><strong>cum</strong></span> <span class='ocrx_word' id='word_1_74' title='bbox 684 1006 836 1068; x_wconf 84' lang='lat' dir='ltr'><strong>dicit,</strong></span> <span class='ocrx_word' id='word_1_75' title='bbox 872 988 1038 1075; x_wconf 68' lang='lat' dir='ltr'><strong>Moysi</strong></span> <span class='ocrx_word' id='word_1_76' title='bbox 1083 1005 1352 1074; x_wconf 83' lang='lat' dir='ltr'><strong>signiﬁcat</strong></span> <span class='ocrx_word' id='word_1_77' title='bbox 1379 1004 1550 1074; x_wconf 79' lang='lat' dir='ltr'><strong>legem</strong></span> <span class='ocrx_word' id='word_1_78' title='bbox 1584 1012 1640 1057; x_wconf 90' lang='lat' dir='ltr'><strong>et</strong></span> <span class='ocrx_word' id='word_1_79' title='bbox 1674 1001 1832 1056; x_wconf 89' lang='lat' dir='ltr'><strong>Chri-</strong></span> 
     </span>
    </p>
   </div>
   <div class='ocr_carea' id='block_1_10' title="bbox 244 1096 1830 1166">
    <p class='ocr_par' dir='ltr' id='par_1_10' title="bbox 244 1096 1830 1166">
     <span class='ocr_line' id='line_1_10' title="bbox 244 1096 1830 1166; baseline -0.003 -15"><span class='ocrx_word' id='word_1_80' title='bbox 244 1099 330 1152; x_wconf 90' lang='lat' dir='ltr'><strong>sti.</strong></span> <span class='ocrx_word' id='word_1_81' title='bbox 368 1097 482 1166; x_wconf 85' lang='lat' dir='ltr'><strong>Ego</strong></span> <span class='ocrx_word' id='word_1_82' title='bbox 512 1097 643 1166; x_wconf 85' lang='lat' dir='ltr'><strong>ipse.</strong></span> <span class='ocrx_word' id='word_1_83' title='bbox 675 1097 730 1150; x_wconf 88' lang='lat' dir='ltr'><strong>Id</strong></span> <span class='ocrx_word' id='word_1_84' title='bbox 760 1105 865 1160; x_wconf 89' lang='lat' dir='ltr'><strong>est,</strong></span> <span class='ocrx_word' id='word_1_85' title='bbox 899 1097 991 1164; x_wconf 89' lang='lat' dir='ltr'><strong>qui</strong></span> <span class='ocrx_word' id='word_1_86' title='bbox 1040 1096 1304 1150; x_wconf 89' lang='lat' dir='ltr'><strong>liberatus</strong></span> <span class='ocrx_word' id='word_1_87' title='bbox 1357 1110 1474 1149; x_wconf 88' lang='lat' dir='ltr'><strong>sum</strong></span> <span class='ocrx_word' id='word_1_88' title='bbox 1508 1096 1574 1150; x_wconf 91' lang='lat' dir='ltr'><strong>de</strong></span> <span class='ocrx_word' id='word_1_89' title='bbox 1601 1109 1830 1164; x_wconf 89' lang='lat' dir='ltr'><strong>corpore</strong></span> 
     </span>
    </p>
   </div>
   <div class='ocr_carea' id='block_1_11' title="bbox 245 1186 1830 1258">
    <p class='ocr_par' dir='ltr' id='par_1_11' title="bbox 245 1186 1830 1258">
     <span class='ocr_line' id='line_1_11' title="bbox 245 1186 1830 1258; baseline -0.003 -15"><span class='ocrx_word' id='word_1_90' title='bbox 245 1191 454 1243; x_wconf 88' lang='lat' dir='ltr'><strong>mortis.</strong></span> <span class='ocrx_word' id='word_1_91' title='bbox 484 1188 659 1242; x_wconf 87' lang='lat' dir='ltr'><strong>Carne</strong></span> <span class='ocrx_word' id='word_1_92' title='bbox 685 1199 860 1241; x_wconf 84' lang='lat' dir='ltr'><strong>autem</strong></span> <span class='ocrx_word' id='word_1_93' title='bbox 889 1189 989 1258; x_wconf 80' lang='lat' dir='ltr'><strong>legi</strong></span> <span class='ocrx_word' id='word_1_94' title='bbox 1026 1189 1244 1258; x_wconf 84' lang='lat' dir='ltr'><strong>peccati.</strong></span> <span class='ocrx_word' id='word_1_95' title='bbox 1273 1187 1331 1241; x_wconf 88' lang='lat' dir='ltr'><strong>Id</strong></span> <span class='ocrx_word' id='word_1_96' title='bbox 1379 1196 1464 1241; x_wconf 89' lang='lat' dir='ltr'><strong>est</strong></span> <span class='ocrx_word' id='word_1_97' title='bbox 1489 1187 1710 1251; x_wconf 90' lang='lat' dir='ltr'><strong>diaboli,</strong></span> <span class='ocrx_word' id='word_1_98' title='bbox 1739 1186 1830 1254; x_wconf 86' lang='lat' dir='ltr'><strong>qui</strong></span> 
     </span>
    </p>
   </div>
   <div class='ocr_carea' id='block_1_12' title="bbox 246 1277 1833 1350">
    <p class='ocr_par' dir='ltr' id='par_1_12' title="bbox 246 1277 1833 1350">
     <span class='ocr_line' id='line_1_12' title="bbox 246 1277 1833 1350; baseline -0.001 -17"><span class='ocrx_word' id='word_1_99' title='bbox 246 1297 340 1350; x_wconf 89' lang='lat' dir='ltr'><strong>per</strong></span> <span class='ocrx_word' id='word_1_100' title='bbox 370 1295 595 1334; x_wconf 79' lang='lat' dir='ltr'><strong>carnem</strong></span> <span class='ocrx_word' id='word_1_101' title='bbox 627 1278 927 1347; x_wconf 81' lang='lat' dir='ltr'><strong>siibjectam</strong></span> <span class='ocrx_word' id='word_1_102' title='bbox 959 1279 1060 1334; x_wconf 87' lang='lat' dir='ltr'><strong>sibi</strong></span> <span class='ocrx_word' id='word_1_103' title='bbox 1083 1279 1457 1348; x_wconf 78' lang='lat' dir='ltr'><strong>suggestiones</strong></span> <span class='ocrx_word' id='word_1_104' title='bbox 1483 1279 1656 1333; x_wconf 86' lang='lat' dir='ltr'><strong>malas</strong></span> <span class='ocrx_word' id='word_1_105' title='bbox 1685 1277 1833 1348; x_wconf 79' lang='lat' dir='ltr'><strong>inge-</strong></span> 
     </span>
    </p>
   </div>
   <div class='ocr_carea' id='block_1_13' title="bbox 246 1371 1308 1424">
    <p class='ocr_par' dir='ltr' id='par_1_13' title="bbox 246 1371 1308 1424">
     <span class='ocr_line' id='line_1_13' title="bbox 246 1371 1308 1424; baseline -0.008 0"><span class='ocrx_word' id='word_1_106' title='bbox 246 1371 315 1424; x_wconf 85' lang='lat' dir='ltr'><strong>rit</strong></span> <span class='ocrx_word' id='word_1_107' title='bbox 345 1371 561 1424; x_wconf 64' lang='lat' dir='ltr'><strong>animte.</strong></span> <span class='ocrx_word' id='word_1_108' title='bbox 1281 1377 1308 1386; x_wconf 77' lang='grc'><em>“</em></span> 
     </span>
    </p>
   </div>
   <div class='ocr_carea' id='block_1_14' title="bbox 826 1461 1219 1517">
    <p class='ocr_par' dir='ltr' id='par_1_14' title="bbox 826 1461 1219 1517">
     <span class='ocr_line' id='line_1_14' title="bbox 826 1461 1219 1517; baseline 0 -1"><span class='ocrx_word' id='word_1_109' title='bbox 826 1461 1054 1517; x_wconf 81' lang='lat' dir='ltr'><strong>CAPUT</strong></span> <span class='ocrx_word' id='word_1_110' title='bbox 1086 1461 1219 1516; x_wconf 80' lang='lat' dir='ltr'><strong>Vill.</strong></span> 
     </span>
    </p>
   </div>
   <div class='ocr_carea' id='block_1_15' title="bbox 317 1550 1834 1624">
    <p class='ocr_par' dir='ltr' id='par_1_15' title="bbox 317 1550 1834 1624">
     <span class='ocr_line' id='line_1_15' title="bbox 317 1550 1834 1624; baseline 0.001 -19"><span class='ocrx_word' id='word_1_111' title='bbox 317 1550 469 1605; x_wconf 78' lang='lat' dir='ltr'><strong>Nihil</strong></span> <span class='ocrx_word' id='word_1_112' title='bbox 492 1568 616 1620; x_wconf 83' lang='lat' dir='ltr'><strong>ergo</strong></span> <span class='ocrx_word' id='word_1_113' title='bbox 636 1567 772 1604; x_wconf 88' lang='lat' dir='ltr'><strong>nunc</strong></span> <span class='ocrx_word' id='word_1_114' title='bbox 795 1552 1151 1606; x_wconf 76' lang='lat' dir='ltr'><strong>damnationis</strong></span> <span class='ocrx_word' id='word_1_115' title='bbox 1168 1562 1243 1607; x_wconf 88' lang='lat' dir='ltr'><strong>est</strong></span> <span class='ocrx_word' id='word_1_116' title='bbox 1265 1555 1347 1607; x_wconf 82' lang='lat' dir='ltr'><strong>Itis</strong></span> <span class='ocrx_word' id='word_1_117' title='bbox 1362 1554 1452 1624; x_wconf 84' lang='lat' dir='ltr'><strong>qui</strong></span> <span class='ocrx_word' id='word_1_118' title='bbox 1471 1563 1590 1608; x_wconf 84' lang='lat' dir='ltr'><strong>sunt</strong></span> <span class='ocrx_word' id='word_1_119' title='bbox 1613 1554 1668 1606; x_wconf 89' lang='lat' dir='ltr'><strong>in</strong></span> <span class='ocrx_word' id='word_1_120' title='bbox 1682 1553 1834 1608; x_wconf 84' lang='lat' dir='ltr'><strong>Chri-</strong></span> 
     </span>
    </p>
   </div>
   <div class='ocr_carea' id='block_1_16' title="bbox 246 1638 1830 1709">
    <p class='ocr_par' dir='ltr' id='par_1_16' title="bbox 246 1638 1830 1709">
     <span class='ocr_line' id='line_1_16' title="bbox 246 1638 1830 1709; baseline 0.001 -16"><span class='ocrx_word' id='word_1_121' title='bbox 246 1638 598 1709; x_wconf 80' lang='lat' dir='ltr'><strong>stoJesu,qui</strong></span> <span class='ocrx_word' id='word_1_122' title='bbox 625 1657 730 1694; x_wconf 90' lang='lat' dir='ltr'><strong>non</strong></span> <span class='ocrx_word' id='word_1_123' title='bbox 757 1641 1043 1694; x_wconf 83' lang='lat' dir='ltr'><strong>secundum</strong></span> <span class='ocrx_word' id='word_1_124' title='bbox 1069 1658 1276 1695; x_wconf 88' lang='lat' dir='ltr'><strong>carnem</strong></span> <span class='ocrx_word' id='word_1_125' title='bbox 1305 1642 1596 1696; x_wconf 81' lang='lat' dir='ltr'><strong>ambulant.</strong></span> <span class='ocrx_word' id='word_1_126' title='bbox 1632 1643 1830 1696; x_wconf 85' lang='lat' dir='ltr'><strong>Verum</strong></span> 
     </span>
    </p>
   </div>
   <div class='ocr_carea' id='block_1_17' title="bbox 1928 461 3503 533">
    <p class='ocr_par' dir='ltr' id='par_1_17' title="bbox 1928 461 3503 533">
     <span class='ocr_line' id='line_1_17' title="bbox 1928 461 3503 533; baseline 0.003 -18"><span class='ocrx_word' id='word_1_127' title='bbox 1928 461 2107 516; x_wconf 89' lang='lat' dir='ltr'><strong>dicit:</strong></span> <span class='ocrx_word' id='word_1_128' title='bbox 2147 471 2200 514; x_wconf 87' lang='lat' dir='ltr'><strong>ut</strong></span> <span class='ocrx_word' id='word_1_129' title='bbox 2230 478 2322 532; x_wconf 86' lang='lat' dir='ltr'><strong>per</strong></span> <span class='ocrx_word' id='word_1_130' title='bbox 2376 471 2594 515; x_wconf 85' lang='lat' dir='ltr'><strong>mortem</strong></span> <span class='ocrx_word' id='word_1_131' title='bbox 2647 461 2934 514; x_wconf 75' lang='lat' dir='ltr'><strong>destrueret</strong></span> <span class='ocrx_word' id='word_1_132' title='bbox 2984 478 3126 528; x_wconf 84' lang='lat' dir='ltr'><strong>eum,</strong></span> <span class='ocrx_word' id='word_1_133' title='bbox 3165 464 3254 533; x_wconf 85' lang='lat' dir='ltr'><strong>qui</strong></span> <span class='ocrx_word' id='word_1_134' title='bbox 3283 463 3503 520; x_wconf 81' lang='lat' dir='ltr'><strong>habebat</strong></span> 
     </span>
    </p>
   </div>
   <div class='ocr_carea' id='block_1_18' title="bbox 1928 551 3504 626">
    <p class='ocr_par' dir='ltr' id='par_1_18' title="bbox 1928 551 3504 626">
     <span class='ocr_line' id='line_1_18' title="bbox 1928 551 3504 626; baseline 0.004 -21"><span class='ocrx_word' id='word_1_135' title='bbox 1928 554 2111 605; x_wconf 87' lang='lat' dir='ltr'><strong>mortis</strong></span> <span class='ocrx_word' id='word_1_136' title='bbox 2139 552 2412 622; x_wconf 84' lang='lat' dir='ltr'><strong>imperium</strong></span> <span class='ocrx_word' id='word_1_137' title='bbox 2435 551 2592 622; x_wconf 82' lang='lat' dir='ltr'><strong>(lleb.</strong></span> <span class='ocrx_word' id='word_1_138' title='bbox 2619 551 2706 622; x_wconf 89' lang='grc' dir='ltr'><strong>ιι),</strong></span> <span class='ocrx_word' id='word_1_139' title='bbox 2731 561 3012 622; x_wconf 87' lang='lat' dir='ltr'><strong>peccatum</strong></span> <span class='ocrx_word' id='word_1_140' title='bbox 3037 564 3256 623; x_wconf 87' lang='lat' dir='ltr'><strong>peccato</strong></span> <span class='ocrx_word' id='word_1_141' title='bbox 3285 556 3504 626; x_wconf 92' lang='lat' dir='ltr'><strong>proprio</strong></span> 
     </span>
    </p>
   </div>
   <div class='ocr_carea' id='block_1_19' title="bbox 1929 642 3500 717">
    <p class='ocr_par' dir='ltr' id='par_1_19' title="bbox 1929 642 3500 717">
     <span class='ocr_line' id='line_1_19' title="bbox 1929 642 3500 717; baseline 0.003 -21"><span class='ocrx_word' id='word_1_142' title='bbox 1929 643 2312 696; x_wconf 78' lang='lat' dir='ltr'><strong>condemnavit</strong></span> <span class='ocrx_word' id='word_1_143' title='bbox 2343 661 2354 695; x_wconf 88' lang='lat'><strong><em>:</em></strong></span> <span class='ocrx_word' id='word_1_144' title='bbox 2391 642 2642 698; x_wconf 82' lang='lat' dir='ltr'><strong>Christus</strong></span> <span class='ocrx_word' id='word_1_145' title='bbox 2665 643 2807 698; x_wconf 90' lang='lat' dir='ltr'><strong>enim</strong></span> <span class='ocrx_word' id='word_1_146' title='bbox 2833 660 2862 697; x_wconf 88' lang='lat' dir='ltr'><strong>a</strong></span> <span class='ocrx_word' id='word_1_147' title='bbox 2897 654 3121 714; x_wconf 87' lang='lat' dir='ltr'><strong>peccato</strong></span> <span class='ocrx_word' id='word_1_148' title='bbox 3144 647 3500 717; x_wconf 73' lang='lat' dir='ltr'><strong>crucifigitur,</strong></span> 
     </span>
    </p>
   </div>
   <div class='ocr_carea' id='block_1_20' title="bbox 1929 735 3506 804">
    <p class='ocr_par' dir='ltr' id='par_1_20' title="bbox 1929 735 3506 804">
     <span class='ocr_line' id='line_1_20' title="bbox 1929 735 3506 804; baseline 0.003 -16"><span class='ocrx_word' id='word_1_149' title='bbox 1929 735 2208 788; x_wconf 83' lang='lat' dir='ltr'><strong>damnavit</strong></span> <span class='ocrx_word' id='word_1_150' title='bbox 2255 743 2534 804; x_wconf 87' lang='lat' dir='ltr'><strong>peceatum</strong></span> <span class='ocrx_word' id='word_1_151' title='bbox 2565 736 2617 788; x_wconf 92' lang='lat' dir='ltr'><strong>in</strong></span> <span class='ocrx_word' id='word_1_152' title='bbox 2665 751 2874 789; x_wconf 88' lang='lat' dir='ltr'><strong>carne:</strong></span> <span class='ocrx_word' id='word_1_153' title='bbox 2907 736 2980 790; x_wconf 87' lang='lat' dir='ltr'><strong>ibi</strong></span> <span class='ocrx_word' id='word_1_154' title='bbox 3033 737 3174 790; x_wconf 90' lang='lat' dir='ltr'><strong>enim</strong></span> <span class='ocrx_word' id='word_1_155' title='bbox 3221 739 3506 794; x_wconf 89' lang='lat' dir='ltr'><strong>damnatus</strong></span> 
     </span>
    </p>
   </div>
   <div class='ocr_carea' id='block_1_21' title="bbox 1930 824 3506 898">
    <p class='ocr_par' dir='ltr' id='par_1_21' title="bbox 1930 824 3506 898">
     <span class='ocr_line' id='line_1_21' title="bbox 1930 824 3506 898; baseline 0.003 -20"><span class='ocrx_word' id='word_1_156' title='bbox 1930 834 2014 878; x_wconf 89' lang='lat' dir='ltr'><strong>cst</strong></span> <span class='ocrx_word' id='word_1_157' title='bbox 2046 824 2134 878; x_wconf 91' lang='lat' dir='ltr'><strong>ubi</strong></span> <span class='ocrx_word' id='word_1_158' title='bbox 2162 825 2425 894; x_wconf 81' lang='lat' dir='ltr'><strong>peccavit,</strong></span> <span class='ocrx_word' id='word_1_159' title='bbox 2453 825 2594 879; x_wconf 88' lang='lat' dir='ltr'><strong>sicut</strong></span> <span class='ocrx_word' id='word_1_160' title='bbox 2619 834 2674 879; x_wconf 86' lang='lat' dir='ltr'><strong>et</strong></span> <span class='ocrx_word' id='word_1_161' title='bbox 2698 826 2804 878; x_wconf 85' lang='lat' dir='ltr'><strong>alio</strong></span> <span class='ocrx_word' id='word_1_162' title='bbox 2851 826 2970 879; x_wconf 92' lang='lat' dir='ltr'><strong>loco</strong></span> <span class='ocrx_word' id='word_1_163' title='bbox 2996 828 3072 880; x_wconf 89' lang='lat' dir='ltr'><strong>ait</strong></span> <span class='ocrx_word' id='word_1_164' title='bbox 3099 843 3113 879; x_wconf 90' lang='lat'><strong>:</strong></span> <span class='ocrx_word' id='word_1_165' title='bbox 3158 827 3506 898; x_wconf 70' lang='lat' dir='ltr'><strong>Ttinmplmns</strong></span> 
     </span>
    </p>
   </div>
   <div class='ocr_carea' id='block_1_22' title="bbox 1929 914 3508 985">
    <p class='ocr_par' dir='ltr' id='par_1_22' title="bbox 1929 914 3508 985">
     <span class='ocr_line' id='line_1_22' title="bbox 1929 914 3508 985; baseline 0.004 -18"><span class='ocrx_word' id='word_1_166' title='bbox 1929 916 2048 968; x_wconf 83' lang='lat' dir='ltr'><strong>illos</strong></span> <span class='ocrx_word' id='word_1_167' title='bbox 2075 917 2126 968; x_wconf 88' lang='lat' dir='ltr'><strong>in</strong></span> <span class='ocrx_word' id='word_1_168' title='bbox 2157 917 2429 984; x_wconf 76' lang='lat' dir='ltr'><strong>semetipso</strong></span> <span class='ocrx_word' id='word_1_169' title='bbox 2463 915 2597 984; x_wconf 85' lang='lat' dir='ltr'><strong>(Col.</strong></span> <span class='ocrx_word' id='word_1_170' title='bbox 2630 914 2713 984; x_wconf 86' lang='lat' dir='ltr'><strong>tt).</strong></span> <span class='ocrx_word' id='word_1_171' title='bbox 2756 914 2870 968; x_wconf 89' lang='lat' dir='ltr'><strong>Iloc</strong></span> <span class='ocrx_word' id='word_1_172' title='bbox 2900 917 3080 983; x_wconf 81' lang='lat' dir='ltr'><strong>itaque</strong></span> <span class='ocrx_word' id='word_1_173' title='bbox 3135 928 3358 985; x_wconf 86' lang='lat' dir='ltr'><strong>peccato</strong></span> <span class='ocrx_word' id='word_1_174' title='bbox 3385 935 3508 974; x_wconf 90' lang='lat' dir='ltr'><strong>reus</strong></span> 
     </span>
    </p>
   </div>
   <div class='ocr_carea' id='block_1_23' title="bbox 1933 1007 3512 1072">
    <p class='ocr_par' dir='ltr' id='par_1_23' title="bbox 1933 1007 3512 1072">
     <span class='ocr_line' id='line_1_23' title="bbox 1933 1007 3512 1072; baseline 0.001 -11"><span class='ocrx_word' id='word_1_175' title='bbox 1933 1007 2109 1062; x_wconf 80' lang='lat' dir='ltr'><strong>factus</strong></span> <span class='ocrx_word' id='word_1_176' title='bbox 2141 1007 2395 1072; x_wconf 84' lang='lat' dir='ltr'><strong>Satanas,</strong></span> <span class='ocrx_word' id='word_1_177' title='bbox 2446 1008 2627 1062; x_wconf 88' lang='lat' dir='ltr'><strong>amisit</strong></span> <span class='ocrx_word' id='word_1_178' title='bbox 2681 1007 2980 1060; x_wconf 80' lang='lat' dir='ltr'><strong>dominium</strong></span> <span class='ocrx_word' id='word_1_179' title='bbox 3034 1017 3366 1062; x_wconf 56' lang='lat' dir='ltr'><strong>retentorum</strong></span> <span class='ocrx_word' id='word_1_180' title='bbox 3392 1010 3512 1062; x_wconf 83' lang='lat' dir='ltr'><strong>ani-</strong></span> 
     </span>
    </p>
   </div>
   <div class='ocr_carea' id='block_1_24' title="bbox 1932 1097 3510 1168">
    <p class='ocr_par' dir='ltr' id='par_1_24' title="bbox 1932 1097 3510 1168">
     <span class='ocr_line' id='line_1_24' title="bbox 1932 1097 3510 1168; baseline 0.002 -18"><span class='ocrx_word' id='word_1_181' title='bbox 1932 1113 2166 1163; x_wconf 91' lang='lat' dir='ltr'><strong>marum,</strong></span> <span class='ocrx_word' id='word_1_182' title='bbox 2194 1107 2252 1151; x_wconf 91' lang='lat' dir='ltr'><strong>ut</strong></span> <span class='ocrx_word' id='word_1_183' title='bbox 2296 1097 2408 1166; x_wconf 91' lang='lat' dir='ltr'><strong>jam</strong></span> <span class='ocrx_word' id='word_1_184' title='bbox 2440 1099 2680 1168; x_wconf 82' lang='lat' dir='ltr'><strong>signatas</strong></span> <span class='ocrx_word' id='word_1_185' title='bbox 2705 1099 2857 1168; x_wconf 82' lang='lat' dir='ltr'><strong>signo</strong></span> <span class='ocrx_word' id='word_1_186' title='bbox 2888 1098 3088 1163; x_wconf 87' lang='lat' dir='ltr'><strong>crucis,</strong></span> <span class='ocrx_word' id='word_1_187' title='bbox 3123 1099 3176 1151; x_wconf 89' lang='lat' dir='ltr'><strong>in</strong></span> <span class='ocrx_word' id='word_1_188' title='bbox 3207 1115 3314 1168; x_wconf 90' lang='lat' dir='ltr'><strong>quo</strong></span> <span class='ocrx_word' id='word_1_189' title='bbox 3338 1100 3510 1153; x_wconf 85' lang='lat' dir='ltr'><strong>victus</strong></span> 
     </span>
    </p>
   </div>
   <div class='ocr_carea' id='block_1_25' title="bbox 1901 1190 3511 1252">
    <p class='ocr_par' dir='ltr' id='par_1_25' title="bbox 1901 1190 3511 1252">
     <span class='ocr_line' id='line_1_25' title="bbox 1901 1190 3511 1252; baseline 0.002 -10"><span class='ocrx_word' id='word_1_190' title='bbox 1901 1197 2038 1252; x_wconf 79' lang='lat' dir='ltr'><strong>est,</strong></span> <span class='ocrx_word' id='word_1_191' title='bbox 2066 1190 2117 1243; x_wconf 90' lang='lat' dir='ltr'><strong>in</strong></span> <span class='ocrx_word' id='word_1_192' title='bbox 2151 1190 2387 1244; x_wconf 88' lang='lat' dir='ltr'><strong>secunda</strong></span> <span class='ocrx_word' id='word_1_193' title='bbox 2417 1198 2591 1243; x_wconf 89' lang='lat' dir='ltr'><strong>morte</strong></span> <span class='ocrx_word' id='word_1_194' title='bbox 2620 1199 2804 1243; x_wconf 88' lang='lat' dir='ltr'><strong>tenere</strong></span> <span class='ocrx_word' id='word_1_195' title='bbox 2835 1206 2941 1244; x_wconf 92' lang='lat' dir='ltr'><strong>non</strong></span> <span class='ocrx_word' id='word_1_196' title='bbox 2973 1191 3186 1244; x_wconf 89' lang='lat' dir='ltr'><strong>audeat.</strong></span> <span class='ocrx_word' id='word_1_197' title='bbox 3223 1191 3511 1245; x_wconf 82' lang='lat' dir='ltr'><strong>Damnavit</strong></span> 
     </span>
    </p>
   </div>
   <div class='ocr_carea' id='block_1_26' title="bbox 1933 1279 3512 1348">
    <p class='ocr_par' dir='ltr' id='par_1_26' title="bbox 1933 1279 3512 1348">
     <span class='ocr_line' id='line_1_26' title="bbox 1933 1279 3512 1348; baseline 0.004 -17"><span class='ocrx_word' id='word_1_198' title='bbox 1933 1287 2114 1332; x_wconf 87' lang='lat' dir='ltr'><strong>autem</strong></span> <span class='ocrx_word' id='word_1_199' title='bbox 2151 1288 2452 1348; x_wconf 85' lang='lat' dir='ltr'><strong>peceatum,</strong></span> <span class='ocrx_word' id='word_1_200' title='bbox 2479 1280 2605 1333; x_wconf 91' lang='lat' dir='ltr'><strong>dum</strong></span> <span class='ocrx_word' id='word_1_201' title='bbox 2634 1281 2786 1333; x_wconf 86' lang='lat' dir='ltr'><strong>irrita</strong></span> <span class='ocrx_word' id='word_1_202' title='bbox 2814 1279 2940 1334; x_wconf 82' lang='lat' dir='ltr'><strong>fecit</strong></span> <span class='ocrx_word' id='word_1_203' title='bbox 2967 1281 3160 1335; x_wconf 87' lang='lat' dir='ltr'><strong>delicta</strong></span> <span class='ocrx_word' id='word_1_204' title='bbox 3193 1282 3512 1337; x_wconf 84' lang='lat' dir='ltr'><strong>remissione</strong></span> 
     </span>
    </p>
   </div>
   <div class='ocr_carea' id='block_1_27' title="bbox 1933 1365 3514 1440">
    <p class='ocr_par' dir='ltr' id='par_1_27' title="bbox 1933 1365 3514 1440">
     <span class='ocr_line' id='line_1_27' title="bbox 1933 1365 3514 1440; baseline 0.003 -19"><span class='ocrx_word' id='word_1_205' title='bbox 1933 1377 2279 1434; x_wconf 80' lang='lat' dir='ltr'><strong>peccatorum</strong></span> <span class='ocrx_word' id='word_1_206' title='bbox 2305 1385 2581 1424; x_wconf 75' lang='lat' dir='ltr'><strong>concessa.</strong></span> <span class='ocrx_word' id='word_1_207' title='bbox 2613 1367 2721 1422; x_wconf 86' lang='lat' dir='ltr'><strong>Pro</strong></span> <span class='ocrx_word' id='word_1_208' title='bbox 2748 1381 2981 1439; x_wconf 81' lang='lat' dir='ltr'><strong>peccato,</strong></span> <span class='ocrx_word' id='word_1_209' title='bbox 3025 1365 3216 1440; x_wconf 82' lang='lat' dir='ltr'><strong>inquit,</strong></span> <span class='ocrx_word' id='word_1_210' title='bbox 3247 1373 3514 1426; x_wconf 73' lang='lat' dir='ltr'><strong>damnavit</strong></span> 
     </span>
    </p>
   </div>
   <div class='ocr_carea' id='block_1_28' title="bbox 1932 1460 3512 1534">
    <p class='ocr_par' dir='ltr' id='par_1_28' title="bbox 1932 1460 3512 1534">
     <span class='ocr_line' id='line_1_28' title="bbox 1932 1460 3512 1534; baseline 0.003 -21"><span class='ocrx_word' id='word_1_211' title='bbox 1932 1471 2202 1528; x_wconf 87' lang='lat' dir='ltr'><strong>peccatum</strong></span> <span class='ocrx_word' id='word_1_212' title='bbox 2241 1461 2292 1513; x_wconf 89' lang='lat' dir='ltr'><strong>in</strong></span> <span class='ocrx_word' id='word_1_213' title='bbox 2320 1479 2474 1514; x_wconf 74' lang='lat' dir='ltr'><strong>carne.</strong></span> <span class='ocrx_word' id='word_1_214' title='bbox 2505 1479 2624 1514; x_wconf 84' lang='lat' dir='ltr'><strong>sua.</strong></span> <span class='ocrx_word' id='word_1_215' title='bbox 2658 1460 2722 1514; x_wconf 87' lang='lat' dir='ltr'><strong>Ut</strong></span> <span class='ocrx_word' id='word_1_216' title='bbox 2752 1463 3072 1531; x_wconf 83' lang='lat' dir='ltr'><strong>justiﬁcatio</strong></span> <span class='ocrx_word' id='word_1_217' title='bbox 3112 1463 3238 1533; x_wconf 85' lang='lat' dir='ltr'><strong>legis</strong></span> <span class='ocrx_word' id='word_1_218' title='bbox 3270 1463 3512 1534; x_wconf 84' lang='lat' dir='ltr'><strong>implere-</strong></span> 
     </span>
    </p>
   </div>
   <div class='ocr_carea' id='block_1_29' title="bbox 1935 1554 3516 1627">
    <p class='ocr_par' dir='ltr' id='par_1_29' title="bbox 1935 1554 3516 1627">
     <span class='ocr_line' id='line_1_29' title="bbox 1935 1554 3516 1627; baseline 0.004 -21"><span class='ocrx_word' id='word_1_219' title='bbox 1935 1563 2024 1607; x_wconf 87' lang='lat' dir='ltr'><strong>tur</strong></span> <span class='ocrx_word' id='word_1_220' title='bbox 2047 1555 2102 1607; x_wconf 92' lang='lat' dir='ltr'><strong>in</strong></span> <span class='ocrx_word' id='word_1_221' title='bbox 2131 1555 2297 1607; x_wconf 80' lang='lat' dir='ltr'><strong>nobis.</strong></span> <span class='ocrx_word' id='word_1_222' title='bbox 2337 1554 2405 1610; x_wconf 88' lang='lat' dir='ltr'><strong>Ut</strong></span> <span class='ocrx_word' id='word_1_223' title='bbox 2467 1556 2738 1624; x_wconf 89' lang='lat' dir='ltr'><strong>quomodo</strong></span> <span class='ocrx_word' id='word_1_224' title='bbox 2792 1556 2844 1608; x_wconf 89' lang='lat' dir='ltr'><strong>in</strong></span> <span class='ocrx_word' id='word_1_225' title='bbox 2877 1556 3000 1619; x_wconf 91' lang='lat' dir='ltr'><strong>illis,</strong></span> <span class='ocrx_word' id='word_1_226' title='bbox 3031 1565 3362 1627; x_wconf 80' lang='lat' dir='ltr'><strong>repugnante</strong></span> <span class='ocrx_word' id='word_1_227' title='bbox 3393 1573 3516 1613; x_wconf 84' lang='lat' dir='ltr'><strong>car-</strong></span> 
     </span>
    </p>
   </div>
   <div class='ocr_carea' id='block_1_30' title="bbox 1938 1643 3515 1716">
    <p class='ocr_par' dir='ltr' id='par_1_30' title="bbox 1938 1643 3515 1716">
     <span class='ocr_line' id='line_1_30' title="bbox 1938 1643 3515 1716; baseline 0.004 -20"><span class='ocrx_word' id='word_1_228' title='bbox 1938 1643 2046 1696; x_wconf 87' lang='lat' dir='ltr'><strong>nali</strong></span> <span class='ocrx_word' id='word_1_229' title='bbox 2076 1645 2490 1709; x_wconf 80' lang='lat' dir='ltr'><strong>consuetudine,</strong></span> <span class='ocrx_word' id='word_1_230' title='bbox 2520 1646 2732 1715; x_wconf 90' lang='lat' dir='ltr'><strong>impleri</strong></span> <span class='ocrx_word' id='word_1_231' title='bbox 2757 1661 2858 1699; x_wconf 90' lang='lat' dir='ltr'><strong>non</strong></span> <span class='ocrx_word' id='word_1_232' title='bbox 2895 1647 3091 1716; x_wconf 89' lang='lat' dir='ltr'><strong>potuit,</strong></span> <span class='ocrx_word' id='word_1_233' title='bbox 3127 1647 3177 1700; x_wconf 91' lang='lat' dir='ltr'><strong>in</strong></span> <span class='ocrx_word' id='word_1_234' title='bbox 3206 1649 3363 1701; x_wconf 91' lang='lat' dir='ltr'><strong>nobis</strong></span> <span class='ocrx_word' id='word_1_235' title='bbox 3409 1649 3515 1703; x_wconf 83' lang='lat' dir='ltr'><strong>sal-</strong></span> 
     </span>
    </p>
   </div>
   <div class='ocr_carea' id='block_1_31' title="bbox 248 1710 3514 1804">
    <p class='ocr_par' dir='ltr' id='par_1_31' title="bbox 248 1710 3514 1804">
     <span class='ocr_line' id='line_1_31' title="bbox 248 1710 3514 1804; baseline 0.002 -18"><span class='ocrx_word' id='word_1_236' title='bbox 248 1741 327 1786; x_wconf 87' lang='lat' dir='ltr'><strong>cst</strong></span> <span class='ocrx_word' id='word_1_237' title='bbox 352 1731 498 1800; x_wconf 90' lang='lat' dir='ltr'><strong>quod</strong></span> <span class='ocrx_word' id='word_1_238' title='bbox 521 1731 668 1784; x_wconf 89' lang='lat' dir='ltr'><strong>nulla</strong></span> <span class='ocrx_word' id='word_1_239' title='bbox 697 1732 805 1784; x_wconf 91' lang='lat' dir='ltr'><strong>erit</strong></span> <span class='ocrx_word' id='word_1_240' title='bbox 831 1731 1110 1786; x_wconf 84' lang='lat' dir='ltr'><strong>damnatio</strong></span> <span class='ocrx_word' id='word_1_241' title='bbox 1131 1746 1318 1786; x_wconf 90' lang='lat' dir='ltr'><strong>eorum</strong></span> <span class='ocrx_word' id='word_1_242' title='bbox 1336 1733 1425 1801; x_wconf 88' lang='lat' dir='ltr'><strong>qui</strong></span> <span class='ocrx_word' id='word_1_243' title='bbox 1449 1740 1575 1786; x_wconf 89' lang='lat' dir='ltr'><strong>sunt</strong></span> <span class='ocrx_word' id='word_1_244' title='bbox 1595 1733 1650 1786; x_wconf 93' lang='lat' dir='ltr'><strong>in</strong></span> <span class='ocrx_word' id='word_1_245' title='bbox 1676 1732 1832 1785; x_wconf 86' lang='lat' dir='ltr'><strong>Chri-</strong></span> <span class='ocrx_word' id='word_1_246' title='bbox 1867 1710 1907 1766; x_wconf 74' lang='grc' dir='ltr'>Β</span> <span class='ocrx_word' id='word_1_247' title='bbox 1939 1742 2044 1786; x_wconf 88' lang='lat' dir='ltr'><strong>tem</strong></span> <span class='ocrx_word' id='word_1_248' title='bbox 2096 1733 2402 1802; x_wconf 83' lang='lat' dir='ltr'><strong>impleatur,</strong></span> <span class='ocrx_word' id='word_1_249' title='bbox 2441 1736 2532 1804; x_wconf 83' lang='lat' dir='ltr'><strong>qui</strong></span> <span class='ocrx_word' id='word_1_250' title='bbox 2598 1710 2850 1804; x_wconf 74' lang='lat' dir='ltr'><strong>exemplo</strong></span> <span class='ocrx_word' id='word_1_251' title='bbox 2881 1710 3080 1790; x_wconf 85' lang='lat' dir='ltr'><strong>Christi</strong></span> <span class='ocrx_word' id='word_1_252' title='bbox 3121 1738 3514 1794; x_wconf 84' lang='lat' dir='ltr'><strong>mortiﬁcamus</strong></span> 
     </span>
    </p>
   </div>
   <div class='ocr_carea' id='block_1_32' title="bbox 249 1821 1832 1890">
    <p class='ocr_par' dir='ltr' id='par_1_32' title="bbox 249 1821 1832 1890">
     <span class='ocr_line' id='line_1_32' title="bbox 249 1821 1832 1890; baseline -0.001 -14"><span class='ocrx_word' id='word_1_253' title='bbox 249 1833 352 1886; x_wconf 88' lang='lat' dir='ltr'><strong>sto,</strong></span> <span class='ocrx_word' id='word_1_254' title='bbox 398 1821 585 1875; x_wconf 90' lang='lat' dir='ltr'><strong>animo</strong></span> <span class='ocrx_word' id='word_1_255' title='bbox 632 1821 735 1890; x_wconf 83' lang='lat' dir='ltr'><strong>legi</strong></span> <span class='ocrx_word' id='word_1_256' title='bbox 772 1821 868 1874; x_wconf 87' lang='lat' dir='ltr'><strong>Dei</strong></span> <span class='ocrx_word' id='word_1_257' title='bbox 919 1821 1239 1876; x_wconf 76' lang='lat' dir='ltr'><strong>servientes.</strong></span> <span class='ocrx_word' id='word_1_258' title='bbox 1275 1822 1384 1875; x_wconf 87' lang='lat' dir='ltr'><strong>Lex</strong></span> <span class='ocrx_word' id='word_1_259' title='bbox 1435 1823 1660 1890; x_wconf 84' lang='lat' dir='ltr'><strong>spiritus</strong></span> <span class='ocrx_word' id='word_1_260' title='bbox 1705 1821 1832 1874; x_wconf 76' lang='lat' dir='ltr'><strong>vitae</strong></span> 
     </span>
    </p>
   </div>
   <div class='ocr_carea' id='block_1_33' title="bbox 251 1910 1829 1981">
    <p class='ocr_par' dir='ltr' id='par_1_33' title="bbox 251 1910 1829 1981">
     <span class='ocr_line' id='line_1_33' title="bbox 251 1910 1829 1981; baseline -0.001 -16"><span class='ocrx_word' id='word_1_261' title='bbox 251 1913 361 1981; x_wconf 88' lang='lat' dir='ltr'><strong>ipsa</strong></span> <span class='ocrx_word' id='word_1_262' title='bbox 391 1921 474 1966; x_wconf 89' lang='lat' dir='ltr'><strong>est</strong></span> <span class='ocrx_word' id='word_1_263' title='bbox 505 1910 592 1964; x_wconf 81' lang='lat' dir='ltr'><strong>lex</strong></span> <span class='ocrx_word' id='word_1_264' title='bbox 622 1911 746 1965; x_wconf 88' lang='lat' dir='ltr'><strong>ﬁdei</strong></span> <span class='ocrx_word' id='word_1_265' title='bbox 773 1926 913 1980; x_wconf 73' lang='lat' dir='ltr'><strong>quce,</strong></span> <span class='ocrx_word' id='word_1_266' title='bbox 943 1911 1067 1965; x_wconf 90' lang='lat' dir='ltr'><strong>dum</strong></span> <span class='ocrx_word' id='word_1_267' title='bbox 1092 1911 1286 1966; x_wconf 87' lang='lat' dir='ltr'><strong>mortis</strong></span> <span class='ocrx_word' id='word_1_268' title='bbox 1320 1919 1542 1981; x_wconf 87' lang='lat' dir='ltr'><strong>peccata</strong></span> <span class='ocrx_word' id='word_1_269' title='bbox 1586 1912 1829 1976; x_wconf 88' lang='lat' dir='ltr'><strong>dimittit,</strong></span> 
     </span>
    </p>
   </div>
   <div class='ocr_carea' id='block_1_34' title="bbox 248 2000 1836 2070">
    <p class='ocr_par' dir='ltr' id='par_1_34' title="bbox 248 2000 1836 2070">
     <span class='ocr_line' id='line_1_34' title="bbox 248 2000 1836 2070; baseline -0.001 -14"><span class='ocrx_word' id='word_1_270' title='bbox 248 2003 332 2058; x_wconf 89' lang='lat' dir='ltr'><strong>lex</strong></span> <span class='ocrx_word' id='word_1_271' title='bbox 371 2003 497 2056; x_wconf 74' lang='lat' dir='ltr'><strong>vita:</strong></span> <span class='ocrx_word' id='word_1_272' title='bbox 547 2009 657 2066; x_wconf 87' lang='lat' dir='ltr'><strong>est,</strong></span> <span class='ocrx_word' id='word_1_273' title='bbox 712 2016 820 2055; x_wconf 91' lang='lat' dir='ltr'><strong>non</strong></span> <span class='ocrx_word' id='word_1_274' title='bbox 877 2015 977 2070; x_wconf 86' lang='lat' dir='ltr'><strong>per</strong></span> <span class='ocrx_word' id='word_1_275' title='bbox 1017 2000 1252 2056; x_wconf 89' lang='lat' dir='ltr'><strong>litteram</strong></span> <span class='ocrx_word' id='word_1_276' title='bbox 1301 2011 1578 2066; x_wconf 86' lang='lat' dir='ltr'><strong>constans,</strong></span> <span class='ocrx_word' id='word_1_277' title='bbox 1608 2001 1704 2055; x_wconf 88' lang='lat' dir='ltr'><strong>sed</strong></span> <span class='ocrx_word' id='word_1_278' title='bbox 1737 2015 1836 2070; x_wconf 90' lang='lat' dir='ltr'><strong>per</strong></span> 
     </span>
    </p>
   </div>
   <div class='ocr_carea' id='block_1_35' title="bbox 248 2091 1834 2162">
    <p class='ocr_par' dir='ltr' id='par_1_35' title="bbox 248 2091 1834 2162">
     <span class='ocr_line' id='line_1_35' title="bbox 248 2091 1834 2162; baseline -0.003 -15"><span class='ocrx_word' id='word_1_279' title='bbox 248 2095 546 2162; x_wconf 82' lang='lat' dir='ltr'><strong>spiritum:</strong></span> <span class='ocrx_word' id='word_1_280' title='bbox 589 2091 718 2160; x_wconf 87' lang='lat' dir='ltr'><strong>quia</strong></span> <span class='ocrx_word' id='word_1_281' title='bbox 772 2092 936 2146; x_wconf 91' lang='lat' dir='ltr'><strong>corde</strong></span> <span class='ocrx_word' id='word_1_282' title='bbox 969 2093 1229 2155; x_wconf 84' lang='lat' dir='ltr'><strong>creditur,</strong></span> <span class='ocrx_word' id='word_1_283' title='bbox 1263 2099 1317 2144; x_wconf 90' lang='lat' dir='ltr'><strong>ct</strong></span> <span class='ocrx_word' id='word_1_284' title='bbox 1355 2092 1579 2161; x_wconf 90' lang='lat' dir='ltr'><strong>spiritus</strong></span> <span class='ocrx_word' id='word_1_285' title='bbox 1635 2091 1834 2160; x_wconf 84' lang='lat' dir='ltr'><strong>estqui</strong></span> 
     </span>
    </p>
   </div>
   <div class='ocr_carea' id='block_1_36' title="bbox 249 2178 1836 2248">
    <p class='ocr_par' dir='ltr' id='par_1_36' title="bbox 249 2178 1836 2248">
     <span class='ocr_line' id='line_1_36' title="bbox 249 2178 1836 2248; baseline -0.002 -13"><span class='ocrx_word' id='word_1_286' title='bbox 249 2182 440 2235; x_wconf 83' lang='lat' dir='ltr'><strong>credit.</strong></span> <span class='ocrx_word' id='word_1_287' title='bbox 480 2179 610 2233; x_wconf 69' lang='lat' dir='ltr'><strong>llme</strong></span> <span class='ocrx_word' id='word_1_288' title='bbox 638 2179 820 2248; x_wconf 88' lang='lat' dir='ltr'><strong>itaque</strong></span> <span class='ocrx_word' id='word_1_289' title='bbox 842 2178 927 2232; x_wconf 89' lang='lat' dir='ltr'><strong>lex</strong></span> <span class='ocrx_word' id='word_1_290' title='bbox 962 2179 1015 2232; x_wconf 92' lang='lat' dir='ltr'><strong>in</strong></span> <span class='ocrx_word' id='word_1_291' title='bbox 1071 2179 1288 2233; x_wconf 79' lang='lat' dir='ltr'><strong>Christo</strong></span> <span class='ocrx_word' id='word_1_292' title='bbox 1325 2179 1476 2243; x_wconf 86' lang='lat' dir='ltr'><strong>.lesu,</strong></span> <span class='ocrx_word' id='word_1_293' title='bbox 1509 2180 1610 2234; x_wconf 90' lang='lat' dir='ltr'><strong>hoc</strong></span> <span class='ocrx_word' id='word_1_294' title='bbox 1635 2188 1717 2233; x_wconf 88' lang='lat' dir='ltr'><strong>est</strong></span> <span class='ocrx_word' id='word_1_295' title='bbox 1741 2193 1836 2248; x_wconf 91' lang='lat' dir='ltr'><strong>per</strong></span> 
     </span>
    </p>
   </div>
   <div class='ocr_carea' id='block_1_37' title="bbox 252 2267 1837 2338">
    <p class='ocr_par' dir='ltr' id='par_1_37' title="bbox 252 2267 1837 2338">
     <span class='ocr_line' id='line_1_37' title="bbox 252 2267 1837 2338; baseline -0.003 -14"><span class='ocrx_word' id='word_1_296' title='bbox 252 2270 405 2324; x_wconf 82' lang='lat' dir='ltr'><strong>ﬁdem</strong></span> <span class='ocrx_word' id='word_1_297' title='bbox 453 2269 688 2332; x_wconf 76' lang='lat' dir='ltr'><strong>Christi,</strong></span> <span class='ocrx_word' id='word_1_298' title='bbox 739 2267 934 2321; x_wconf 85' lang='lat' dir='ltr'><strong>liberat</strong></span> <span class='ocrx_word' id='word_1_299' title='bbox 991 2268 1306 2322; x_wconf 88' lang='lat' dir='ltr'><strong>credentem</strong></span> <span class='ocrx_word' id='word_1_300' title='bbox 1333 2283 1363 2320; x_wconf 91' lang='lat' dir='ltr'><strong>a</strong></span> <span class='ocrx_word' id='word_1_301' title='bbox 1392 2268 1509 2338; x_wconf 83' lang='lat' dir='ltr'><strong>lege</strong></span> <span class='ocrx_word' id='word_1_302' title='bbox 1543 2267 1750 2337; x_wconf 90' lang='lat' dir='ltr'><strong>peccati</strong></span> <span class='ocrx_word' id='word_1_303' title='bbox 1781 2274 1837 2320; x_wconf 87' lang='lat' dir='ltr'><strong>et</strong></span> 
     </span>
    </p>
   </div>
   <div class='ocr_carea' id='block_1_38' title="bbox 257 2359 1834 2430">
    <p class='ocr_par' dir='ltr' id='par_1_38' title="bbox 257 2359 1834 2430">
     <span class='ocr_line' id='line_1_38' title="bbox 257 2359 1834 2430; baseline -0.003 -14"><span class='ocrx_word' id='word_1_304' title='bbox 257 2363 464 2416; x_wconf 86' lang='lat' dir='ltr'><strong>mortis.</strong></span> <span class='ocrx_word' id='word_1_305' title='bbox 497 2361 616 2416; x_wconf 87' lang='lat' dir='ltr'><strong>Lex</strong></span> <span class='ocrx_word' id='word_1_306' title='bbox 641 2360 852 2430; x_wconf 89' lang='lat' dir='ltr'><strong>peccati</strong></span> <span class='ocrx_word' id='word_1_307' title='bbox 880 2367 983 2422; x_wconf 88' lang='lat' dir='ltr'><strong>est,</strong></span> <span class='ocrx_word' id='word_1_308' title='bbox 1013 2374 1174 2428; x_wconf 89' lang='lat' dir='ltr'><strong>quam</strong></span> <span class='ocrx_word' id='word_1_309' title='bbox 1208 2359 1259 2413; x_wconf 89' lang='lat' dir='ltr'><strong>in</strong></span> <span class='ocrx_word' id='word_1_310' title='bbox 1289 2361 1550 2414; x_wconf 88' lang='lat' dir='ltr'><strong>membris</strong></span> <span class='ocrx_word' id='word_1_311' title='bbox 1571 2359 1709 2413; x_wconf 77' lang='lat' dir='ltr'><strong>dixit</strong></span> <span class='ocrx_word' id='word_1_312' title='bbox 1736 2360 1834 2412; x_wconf 89' lang='lat' dir='ltr'><strong>ha-</strong></span> 
     </span>
    </p>
   </div>
   <div class='ocr_carea' id='block_1_39' title="bbox 255 2450 1835 2529">
    <p class='ocr_par' dir='ltr' id='par_1_39' title="bbox 255 2450 1835 2529">
     <span class='ocr_line' id='line_1_39' title="bbox 255 2450 1835 2529; baseline -0.001 -23"><span class='ocrx_word' id='word_1_313' title='bbox 255 2453 439 2506; x_wconf 84' lang='lat' dir='ltr'><strong>bitare.</strong></span> <span class='ocrx_word' id='word_1_314' title='bbox 479 2451 595 2504; x_wconf 88' lang='lat' dir='ltr'><strong>Lex</strong></span> <span class='ocrx_word' id='word_1_315' title='bbox 648 2465 778 2529; x_wconf 85' lang='lat' dir='ltr'><strong>vero</strong></span> <span class='ocrx_word' id='word_1_316' title='bbox 806 2451 998 2504; x_wconf 90' lang='lat' dir='ltr'><strong>mortis</strong></span> <span class='ocrx_word' id='word_1_317' title='bbox 1030 2450 1198 2521; x_wconf 77' lang='lat' dir='ltr'><strong>Moysi</strong></span> <span class='ocrx_word' id='word_1_318' title='bbox 1237 2450 1320 2505; x_wconf 90' lang='lat' dir='ltr'><strong>lex</strong></span> <span class='ocrx_word' id='word_1_319' title='bbox 1350 2460 1455 2516; x_wconf 89' lang='lat' dir='ltr'><strong>est,</strong></span> <span class='ocrx_word' id='word_1_320' title='bbox 1484 2452 1609 2519; x_wconf 86' lang='lat' dir='ltr'><strong>quia</strong></span> <span class='ocrx_word' id='word_1_321' title='bbox 1643 2465 1835 2520; x_wconf 88' lang='lat' dir='ltr'><strong>pecca-</strong></span> 
     </span>
    </p>
   </div>
   <div class='ocr_carea' id='block_1_40' title="bbox 254 2541 1834 2614">
    <p class='ocr_par' dir='ltr' id='par_1_40' title="bbox 254 2541 1834 2614">
     <span class='ocr_line' id='line_1_40' title="bbox 254 2541 1834 2614; baseline 0.001 -19"><span class='ocrx_word' id='word_1_322' title='bbox 254 2553 361 2596; x_wconf 87' lang='lat' dir='ltr'><strong>tum</strong></span> <span class='ocrx_word' id='word_1_323' title='bbox 389 2542 650 2613; x_wconf 81' lang='lat' dir='ltr'><strong>augebat,</strong></span> <span class='ocrx_word' id='word_1_324' title='bbox 683 2551 744 2595; x_wconf 90' lang='lat' dir='ltr'><strong>ut</strong></span> <span class='ocrx_word' id='word_1_325' title='bbox 770 2557 923 2596; x_wconf 90' lang='lat' dir='ltr'><strong>reum</strong></span> <span class='ocrx_word' id='word_1_326' title='bbox 949 2541 1150 2596; x_wconf 79' lang='lat' dir='ltr'><strong>faceret</strong></span> <span class='ocrx_word' id='word_1_327' title='bbox 1173 2543 1450 2598; x_wconf 87' lang='lat' dir='ltr'><strong>hominem</strong></span> <span class='ocrx_word' id='word_1_328' title='bbox 1475 2545 1616 2614; x_wconf 89' lang='lat' dir='ltr'><strong>apud</strong></span> <span class='ocrx_word' id='word_1_329' title='bbox 1639 2543 1834 2612; x_wconf 83' lang='lat' dir='ltr'><strong>legem,</strong></span> 
     </span>
    </p>
   </div>
   <div class='ocr_carea' id='block_1_41' title="bbox 255 2632 1834 2703">
    <p class='ocr_par' dir='ltr' id='par_1_41' title="bbox 255 2632 1834 2703">
     <span class='ocr_line' id='line_1_41' title="bbox 255 2632 1834 2703; baseline 0.001 -16"><span class='ocrx_word' id='word_1_330' title='bbox 255 2642 312 2687; x_wconf 91' lang='lat' dir='ltr'><strong>ut</strong></span> <span class='ocrx_word' id='word_1_331' title='bbox 354 2633 718 2686; x_wconf 85' lang='lat' dir='ltr'><strong>damnaretur</strong></span> <span class='ocrx_word' id='word_1_332' title='bbox 750 2633 819 2686; x_wconf 88' lang='lat' dir='ltr'><strong>ab</strong></span> <span class='ocrx_word' id='word_1_333' title='bbox 851 2646 934 2686; x_wconf 92' lang='lat' dir='ltr'><strong>ea.</strong></span> <span class='ocrx_word' id='word_1_334' title='bbox 985 2632 1218 2703; x_wconf 88' lang='lat' dir='ltr'><strong>Ideoque</strong></span> <span class='ocrx_word' id='word_1_335' title='bbox 1267 2634 1350 2689; x_wconf 87' lang='lat' dir='ltr'><strong>lex</strong></span> <span class='ocrx_word' id='word_1_336' title='bbox 1389 2635 1498 2689; x_wconf 85' lang='lat' dir='ltr'><strong>reis</strong></span> <span class='ocrx_word' id='word_1_337' title='bbox 1555 2649 1705 2688; x_wconf 90' lang='lat' dir='ltr'><strong>mors</strong></span> <span class='ocrx_word' id='word_1_338' title='bbox 1729 2643 1834 2703; x_wconf 88' lang='lat' dir='ltr'><strong>est,</strong></span> 
     </span>
    </p>
   </div>
   <div class='ocr_carea' id='block_1_42' title="bbox 257 2725 1837 2795">
    <p class='ocr_par' dir='ltr' id='par_1_42' title="bbox 257 2725 1837 2795">
     <span class='ocr_line' id='line_1_42' title="bbox 257 2725 1837 2795; baseline 0 -15"><span class='ocrx_word' id='word_1_339' title='bbox 257 2727 408 2780; x_wconf 86' lang='lat' dir='ltr'><strong>bonis</strong></span> <span class='ocrx_word' id='word_1_340' title='bbox 447 2740 585 2780; x_wconf 89' lang='lat' dir='ltr'><strong>vero</strong></span> <span class='ocrx_word' id='word_1_341' title='bbox 632 2725 933 2795; x_wconf 86' lang='lat' dir='ltr'><strong>spiritualis</strong></span> <span class='ocrx_word' id='word_1_342' title='bbox 970 2734 1072 2779; x_wconf 89' lang='lat' dir='ltr'><strong>est.</strong></span> <span class='ocrx_word' id='word_1_343' title='bbox 1115 2726 1248 2779; x_wconf 81' lang='lat' dir='ltr'><strong>Aliis</strong></span> <span class='ocrx_word' id='word_1_344' title='bbox 1276 2726 1422 2781; x_wconf 89' lang='lat' dir='ltr'><strong>enim</strong></span> <span class='ocrx_word' id='word_1_345' title='bbox 1455 2734 1537 2781; x_wconf 90' lang='lat' dir='ltr'><strong>est</strong></span> <span class='ocrx_word' id='word_1_346' title='bbox 1560 2726 1692 2779; x_wconf 88' lang='lat' dir='ltr'><strong>odor</strong></span> <span class='ocrx_word' id='word_1_347' title='bbox 1721 2726 1837 2780; x_wconf 71' lang='lat' dir='ltr'><strong>vita:</strong></span> 
     </span>
    </p>
   </div>
   <div class='ocr_carea' id='block_1_43' title="bbox 257 2815 1833 2888">
    <p class='ocr_par' dir='ltr' id='par_1_43' title="bbox 257 2815 1833 2888">
     <span class='ocr_line' id='line_1_43' title="bbox 257 2815 1833 2888; baseline -0.001 -17"><span class='ocrx_word' id='word_1_348' title='bbox 257 2818 322 2871; x_wconf 78' lang='lat' dir='ltr'><strong>ad</strong></span> <span class='ocrx_word' id='word_1_349' title='bbox 352 2820 532 2881; x_wconf 75' lang='lat' dir='ltr'><strong>sitam,</strong></span> <span class='ocrx_word' id='word_1_350' title='bbox 568 2815 692 2870; x_wconf 85' lang='lat' dir='ltr'><strong>aliis</strong></span> <span class='ocrx_word' id='word_1_351' title='bbox 734 2817 866 2869; x_wconf 88' lang='lat' dir='ltr'><strong>odor</strong></span> <span class='ocrx_word' id='word_1_352' title='bbox 893 2818 1076 2870; x_wconf 87' lang='lat' dir='ltr'><strong>mortis</strong></span> <span class='ocrx_word' id='word_1_353' title='bbox 1121 2817 1190 2869; x_wconf 86' lang='lat' dir='ltr'><strong>ad</strong></span> <span class='ocrx_word' id='word_1_354' title='bbox 1215 2827 1432 2870; x_wconf 85' lang='lat' dir='ltr'><strong>mortem</strong></span> <span class='ocrx_word' id='word_1_355' title='bbox 1484 2816 1564 2888; x_wconf 88' lang='lat' dir='ltr'><strong>(ll</strong></span> <span class='ocrx_word' id='word_1_356' title='bbox 1593 2815 1716 2870; x_wconf 84' lang='lat' dir='ltr'><strong>Car.</strong></span> <span class='ocrx_word' id='word_1_357' title='bbox 1749 2815 1833 2888; x_wconf 87' lang='lat' dir='ltr'><strong>tt).</strong></span> 
     </span>
    </p>
   </div>
   <div class='ocr_carea' id='block_1_44' title="bbox 259 2906 1839 2976">
    <p class='ocr_par' dir='ltr' id='par_1_44' title="bbox 259 2906 1839 2976">
     <span class='ocr_line' id='line_1_44' title="bbox 259 2906 1839 2976; baseline -0.001 -14"><span class='ocrx_word' id='word_1_358' title='bbox 259 2906 560 2976; x_wconf 82' lang='lat' dir='ltr'><strong>Utrumque</strong></span> <span class='ocrx_word' id='word_1_359' title='bbox 613 2907 857 2960; x_wconf 90' lang='lat' dir='ltr'><strong>continet</strong></span> <span class='ocrx_word' id='word_1_360' title='bbox 887 2906 992 2969; x_wconf 85' lang='lat' dir='ltr'><strong>lex,</strong></span> <span class='ocrx_word' id='word_1_361' title='bbox 1053 2916 1108 2960; x_wconf 90' lang='lat' dir='ltr'><strong>et</strong></span> <span class='ocrx_word' id='word_1_362' title='bbox 1133 2907 1368 2961; x_wconf 89' lang='lat' dir='ltr'><strong>litteram</strong></span> <span class='ocrx_word' id='word_1_363' title='bbox 1397 2907 1752 2971; x_wconf 88' lang='lat' dir='ltr'><strong>occidentem,</strong></span> <span class='ocrx_word' id='word_1_364' title='bbox 1783 2914 1839 2960; x_wconf 91' lang='lat' dir='ltr'><strong>et</strong></span> 
     </span>
    </p>
   </div>
   <div class='ocr_carea' id='block_1_45' title="bbox 260 2996 1837 3068">
    <p class='ocr_par' dir='ltr' id='par_1_45' title="bbox 260 2996 1837 3068">
     <span class='ocr_line' id='line_1_45' title="bbox 260 2996 1837 3068; baseline -0.002 -16"><span class='ocrx_word' id='word_1_365' title='bbox 260 2999 507 3068; x_wconf 80' lang='lat' dir='ltr'><strong>spiritum</strong></span> <span class='ocrx_word' id='word_1_366' title='bbox 545 2996 936 3050; x_wconf 85' lang='lat' dir='ltr'><strong>viviﬁcantem.</strong></span> <span class='ocrx_word' id='word_1_367' title='bbox 979 2996 1130 3052; x_wconf 89' lang='lat' dir='ltr'><strong>Unde</strong></span> <span class='ocrx_word' id='word_1_368' title='bbox 1160 2998 1440 3052; x_wconf 89' lang='lat' dir='ltr'><strong>considera</strong></span> <span class='ocrx_word' id='word_1_369' title='bbox 1482 3011 1549 3050; x_wconf 92' lang='lat' dir='ltr'><strong>ne</strong></span> <span class='ocrx_word' id='word_1_370' title='bbox 1573 2997 1709 3050; x_wconf 81' lang='lat' dir='ltr'><strong>forte</strong></span> <span class='ocrx_word' id='word_1_371' title='bbox 1736 2996 1837 3050; x_wconf 81' lang='lat' dir='ltr'><strong>bu-</strong></span> 
     </span>
    </p>
   </div>
   <div class='ocr_carea' id='block_1_46' title="bbox 1936 1824 3518 1896">
    <p class='ocr_par' dir='ltr' id='par_1_46' title="bbox 1936 1824 3518 1896">
     <span class='ocr_line' id='line_1_46' title="bbox 1936 1824 3518 1896; baseline 0.002 -18"><span class='ocrx_word' id='word_1_372' title='bbox 1936 1839 2176 1878; x_wconf 88' lang='lat' dir='ltr'><strong>carnem.</strong></span> <span class='ocrx_word' id='word_1_373' title='bbox 2231 1824 2553 1878; x_wconf 88' lang='lat' dir='ltr'><strong>Damnatum</strong></span> <span class='ocrx_word' id='word_1_374' title='bbox 2584 1826 2716 1880; x_wconf 89' lang='lat' dir='ltr'><strong>dicit</strong></span> <span class='ocrx_word' id='word_1_375' title='bbox 2760 1835 3062 1894; x_wconf 85' lang='lat' dir='ltr'><strong>peccatum,</strong></span> <span class='ocrx_word' id='word_1_376' title='bbox 3116 1835 3175 1880; x_wconf 90' lang='lat' dir='ltr'><strong>ut</strong></span> <span class='ocrx_word' id='word_1_377' title='bbox 3203 1827 3518 1896; x_wconf 87' lang='lat' dir='ltr'><strong>impleretur</strong></span> 
     </span>
    </p>
   </div>
   <div class='ocr_carea' id='block_1_47' title="bbox 1935 1912 3518 1986">
    <p class='ocr_par' dir='ltr' id='par_1_47' title="bbox 1935 1912 3518 1986">
     <span class='ocr_line' id='line_1_47' title="bbox 1935 1912 3518 1986; baseline 0.003 -19"><span class='ocrx_word' id='word_1_378' title='bbox 1935 1915 1988 1967; x_wconf 91' lang='lat' dir='ltr'><strong>in</strong></span> <span class='ocrx_word' id='word_1_379' title='bbox 2014 1913 2169 1968; x_wconf 89' lang='lat' dir='ltr'><strong>nobis</strong></span> <span class='ocrx_word' id='word_1_380' title='bbox 2216 1912 2532 1981; x_wconf 79' lang='lat' dir='ltr'><strong>justiﬁeatio</strong></span> <span class='ocrx_word' id='word_1_381' title='bbox 2582 1913 2719 1984; x_wconf 78' lang='lat' dir='ltr'><strong>legis</strong></span> <span class='ocrx_word' id='word_1_382' title='bbox 2748 1916 2886 1970; x_wconf 71' lang='lat' dir='ltr'><strong>data:</strong></span> <span class='ocrx_word' id='word_1_383' title='bbox 2911 1932 2942 1968; x_wconf 89' lang='lat' dir='ltr'><strong>a</strong></span> <span class='ocrx_word' id='word_1_384' title='bbox 2974 1915 3175 1986; x_wconf 82' lang='lat' dir='ltr'><strong>Moyse.</strong></span> <span class='ocrx_word' id='word_1_385' title='bbox 3237 1915 3518 1980; x_wconf 83' lang='lat' dir='ltr'><strong>Quomodo</strong></span> 
     </span>
    </p>
   </div>
   <div class='ocr_carea' id='block_1_48' title="bbox 1936 2004 3520 2074">
    <p class='ocr_par' dir='ltr' id='par_1_48' title="bbox 1936 2004 3520 2074">
     <span class='ocr_line' id='line_1_48' title="bbox 1936 2004 3520 2074; baseline 0.002 -16"><span class='ocrx_word' id='word_1_386' title='bbox 1936 2004 2229 2073; x_wconf 88' lang='lat' dir='ltr'><strong>impletur?</strong></span> <span class='ocrx_word' id='word_1_387' title='bbox 2267 2005 2368 2058; x_wconf 91' lang='lat' dir='ltr'><strong>nisi</strong></span> <span class='ocrx_word' id='word_1_388' title='bbox 2423 2020 2545 2058; x_wconf 90' lang='lat' dir='ltr'><strong>cum</strong></span> <span class='ocrx_word' id='word_1_389' title='bbox 2579 2004 2739 2058; x_wconf 86' lang='lat' dir='ltr'><strong>datur</strong></span> <span class='ocrx_word' id='word_1_390' title='bbox 2769 2005 3016 2060; x_wconf 87' lang='lat' dir='ltr'><strong>remissio</strong></span> <span class='ocrx_word' id='word_1_391' title='bbox 3061 2015 3430 2074; x_wconf 85' lang='lat' dir='ltr'><strong>peccatorum,</strong></span> <span class='ocrx_word' id='word_1_392' title='bbox 3458 2016 3520 2061; x_wconf 91' lang='lat' dir='ltr'><strong>ut</strong></span> 
     </span>
    </p>
   </div>
   <div class='ocr_carea' id='block_1_49' title="bbox 1935 2092 3518 2164">
    <p class='ocr_par' dir='ltr' id='par_1_49' title="bbox 1935 2092 3518 2164">
     <span class='ocr_line' id='line_1_49' title="bbox 1935 2092 3518 2164; baseline 0.003 -16"><span class='ocrx_word' id='word_1_393' title='bbox 1935 2094 2159 2148; x_wconf 61' lang='lat' dir='ltr'><strong>sublatis</strong></span> <span class='ocrx_word' id='word_1_394' title='bbox 2192 2093 2451 2162; x_wconf 89' lang='lat' dir='ltr'><strong>peccatis,</strong></span> <span class='ocrx_word' id='word_1_395' title='bbox 2501 2092 2813 2162; x_wconf 87' lang='lat' dir='ltr'><strong>justiﬁcatis</strong></span> <span class='ocrx_word' id='word_1_396' title='bbox 2867 2104 3141 2164; x_wconf 88' lang='lat' dir='ltr'><strong>appareat,</strong></span> <span class='ocrx_word' id='word_1_397' title='bbox 3198 2107 3376 2151; x_wconf 87' lang='lat' dir='ltr'><strong>mente</strong></span> <span class='ocrx_word' id='word_1_398' title='bbox 3406 2111 3518 2152; x_wconf 83' lang='lat' dir='ltr'><strong>ser-</strong></span> 
     </span>
    </p>
   </div>
   <div class='ocr_carea' id='block_1_50' title="bbox 1936 2183 3520 2253">
    <p class='ocr_par' dir='ltr' id='par_1_50' title="bbox 1936 2183 3520 2253">
     <span class='ocr_line' id='line_1_50' title="bbox 1936 2183 3520 2253; baseline 0.004 -17"><span class='ocrx_word' id='word_1_399' title='bbox 1936 2183 2088 2237; x_wconf 88' lang='lat' dir='ltr'><strong>viens</strong></span> <span class='ocrx_word' id='word_1_400' title='bbox 2114 2183 2217 2253; x_wconf 79' lang='lat' dir='ltr'><strong>legi</strong></span> <span class='ocrx_word' id='word_1_401' title='bbox 2251 2183 2368 2246; x_wconf 89' lang='lat' dir='ltr'><strong>Dei,</strong></span> <span class='ocrx_word' id='word_1_402' title='bbox 2396 2184 2500 2238; x_wconf 90' lang='lat' dir='ltr'><strong>hoc</strong></span> <span class='ocrx_word' id='word_1_403' title='bbox 2548 2192 2632 2237; x_wconf 91' lang='lat' dir='ltr'><strong>est</strong></span> <span class='ocrx_word' id='word_1_404' title='bbox 2666 2199 2772 2237; x_wconf 89' lang='lat' dir='ltr'><strong>non</strong></span> <span class='ocrx_word' id='word_1_405' title='bbox 2808 2186 3103 2240; x_wconf 89' lang='lat' dir='ltr'><strong>secundum</strong></span> <span class='ocrx_word' id='word_1_406' title='bbox 3149 2201 3368 2241; x_wconf 86' lang='lat' dir='ltr'><strong>carnem</strong></span> <span class='ocrx_word' id='word_1_407' title='bbox 3403 2204 3520 2242; x_wconf 88' lang='lat' dir='ltr'><strong>am-</strong></span> 
     </span>
    </p>
   </div>
   <div class='ocr_carea' id='block_1_51' title="bbox 1937 2271 3516 2341">
    <p class='ocr_par' dir='ltr' id='par_1_51' title="bbox 1937 2271 3516 2341">
     <span class='ocr_line' id='line_1_51' title="bbox 1937 2271 3516 2341; baseline 0.003 -15"><span class='ocrx_word' id='word_1_408' title='bbox 1937 2271 2148 2336; x_wconf 84' lang='lat' dir='ltr'><strong>bulare,</strong></span> <span class='ocrx_word' id='word_1_409' title='bbox 2174 2273 2266 2328; x_wconf 87' lang='lat' dir='ltr'><strong>sed</strong></span> <span class='ocrx_word' id='word_1_410' title='bbox 2297 2271 2590 2328; x_wconf 82' lang='lat' dir='ltr'><strong>secundum</strong></span> <span class='ocrx_word' id='word_1_411' title='bbox 2624 2273 2894 2341; x_wconf 87' lang='lat' dir='ltr'><strong>spiritum.</strong></span> <span class='ocrx_word' id='word_1_412' title='bbox 2928 2273 3032 2340; x_wconf 81' lang='lat' dir='ltr'><strong>Qui</strong></span> <span class='ocrx_word' id='word_1_413' title='bbox 3068 2275 3206 2328; x_wconf 88' lang='lat' dir='ltr'><strong>enim</strong></span> <span class='ocrx_word' id='word_1_414' title='bbox 3230 2277 3516 2330; x_wconf 85' lang='lat' dir='ltr'><strong>secundum</strong></span> 
     </span>
    </p>
   </div>
   <div class='ocr_carea' id='block_1_52' title="bbox 1937 2363 3522 2432">
    <p class='ocr_par' dir='ltr' id='par_1_52' title="bbox 1937 2363 3522 2432">
     <span class='ocr_line' id='line_1_52' title="bbox 1937 2363 3522 2432; baseline 0.004 -16"><span class='ocrx_word' id='word_1_415' title='bbox 1937 2378 2147 2416; x_wconf 87' lang='lat' dir='ltr'><strong>carnem</strong></span> <span class='ocrx_word' id='word_1_416' title='bbox 2175 2373 2316 2416; x_wconf 83' lang='lat' dir='ltr'><strong>sunt.</strong></span> <span class='ocrx_word' id='word_1_417' title='bbox 2354 2363 2527 2417; x_wconf 87' lang='lat' dir='ltr'><strong>llomo</strong></span> <span class='ocrx_word' id='word_1_418' title='bbox 2554 2379 2619 2417; x_wconf 90' lang='lat' dir='ltr'><strong>cx</strong></span> <span class='ocrx_word' id='word_1_419' title='bbox 2661 2364 2849 2432; x_wconf 86' lang='lat' dir='ltr'><strong>spiritu</strong></span> <span class='ocrx_word' id='word_1_420' title='bbox 2886 2374 2942 2419; x_wconf 91' lang='lat' dir='ltr'><strong>et</strong></span> <span class='ocrx_word' id='word_1_421' title='bbox 2964 2381 3129 2421; x_wconf 89' lang='lat' dir='ltr'><strong>carne</strong></span> <span class='ocrx_word' id='word_1_422' title='bbox 3176 2376 3522 2423; x_wconf 87' lang='lat' dir='ltr'><strong>constructus</strong></span> 
     </span>
    </p>
   </div>
   <div class='ocr_carea' id='block_1_53' title="bbox 1937 2453 3515 2524">
    <p class='ocr_par' dir='ltr' id='par_1_53' title="bbox 1937 2453 3515 2524">
     <span class='ocr_line' id='line_1_53' title="bbox 1937 2453 3515 2524; baseline 0.004 -18"><span class='ocrx_word' id='word_1_423' title='bbox 1937 2461 2020 2507; x_wconf 90' lang='lat' dir='ltr'><strong>est</strong></span> <span class='ocrx_word' id='word_1_424' title='bbox 2044 2469 2059 2518; x_wconf 90' lang='lat'><strong>;</strong></span> <span class='ocrx_word' id='word_1_425' title='bbox 2088 2453 2302 2522; x_wconf 89' lang='lat' dir='ltr'><strong>quando</strong></span> <span class='ocrx_word' id='word_1_426' title='bbox 2331 2469 2459 2522; x_wconf 81' lang='lat' dir='ltr'><strong>ergo</strong></span> <span class='ocrx_word' id='word_1_427' title='bbox 2505 2454 2744 2508; x_wconf 86' lang='lat' dir='ltr'><strong>carnalia</strong></span> <span class='ocrx_word' id='word_1_428' title='bbox 2781 2455 2912 2524; x_wconf 81' lang='lat' dir='ltr'><strong>agit,</strong></span> <span class='ocrx_word' id='word_1_429' title='bbox 2940 2463 3087 2510; x_wconf 90' lang='lat' dir='ltr'><strong>totus</strong></span> <span class='ocrx_word' id='word_1_430' title='bbox 3120 2471 3248 2512; x_wconf 88' lang='lat' dir='ltr'><strong>caro</strong></span> <span class='ocrx_word' id='word_1_431' title='bbox 3277 2458 3476 2512; x_wconf 90' lang='lat' dir='ltr'><strong>dicitur</strong></span> <span class='ocrx_word' id='word_1_432' title='bbox 3501 2479 3515 2511; x_wconf 84' lang='lat'><strong>:</strong></span> 
     </span>
    </p>
   </div>
   <div class='ocr_carea' id='block_1_54' title="bbox 1940 2544 3522 2616">
    <p class='ocr_par' dir='ltr' id='par_1_54' title="bbox 1940 2544 3522 2616">
     <span class='ocr_line' id='line_1_54' title="bbox 1940 2544 3522 2616; baseline 0.006 -21"><span class='ocrx_word' id='word_1_433' title='bbox 1940 2544 2155 2614; x_wconf 89' lang='lat' dir='ltr'><strong>quando</strong></span> <span class='ocrx_word' id='word_1_434' title='bbox 2177 2545 2498 2612; x_wconf 86' lang='lat' dir='ltr'><strong>spiritualia,</strong></span> <span class='ocrx_word' id='word_1_435' title='bbox 2525 2553 2671 2599; x_wconf 87' lang='lat' dir='ltr'><strong>totus</strong></span> <span class='ocrx_word' id='word_1_436' title='bbox 2692 2545 2990 2614; x_wconf 90' lang='lat' dir='ltr'><strong>spiritualis</strong></span> <span class='ocrx_word' id='word_1_437' title='bbox 3018 2548 3320 2616; x_wconf 87' lang='lat' dir='ltr'><strong>appellatur</strong></span> <span class='ocrx_word' id='word_1_438' title='bbox 3345 2566 3360 2614; x_wconf 91' lang='lat'><strong>;</strong></span> <span class='ocrx_word' id='word_1_439' title='bbox 3391 2565 3522 2604; x_wconf 85' lang='lat' dir='ltr'><strong>una-</strong></span> 
     </span>
    </p>
   </div>
   <div class='ocr_carea' id='block_1_55' title="bbox 1939 2633 3517 2702">
    <p class='ocr_par' dir='ltr' id='par_1_55' title="bbox 1939 2633 3517 2702">
     <span class='ocr_line' id='line_1_55' title="bbox 1939 2633 3517 2702; baseline 0.005 -15"><span class='ocrx_word' id='word_1_440' title='bbox 1939 2647 2164 2702; x_wconf 71' lang='lat' dir='ltr'><strong>qumque</strong></span> <span class='ocrx_word' id='word_1_441' title='bbox 2218 2633 2362 2688; x_wconf 89' lang='lat' dir='ltr'><strong>enim</strong></span> <span class='ocrx_word' id='word_1_442' title='bbox 2399 2635 2722 2698; x_wconf 79' lang='lat' dir='ltr'><strong>substantia,</strong></span> <span class='ocrx_word' id='word_1_443' title='bbox 2760 2651 2883 2689; x_wconf 91' lang='lat' dir='ltr'><strong>eum</strong></span> <span class='ocrx_word' id='word_1_444' title='bbox 2923 2651 3046 2690; x_wconf 87' lang='lat' dir='ltr'><strong>eam</strong></span> <span class='ocrx_word' id='word_1_445' title='bbox 3075 2638 3246 2692; x_wconf 90' lang='lat' dir='ltr'><strong>altera</strong></span> <span class='ocrx_word' id='word_1_446' title='bbox 3279 2640 3332 2693; x_wconf 93' lang='lat' dir='ltr'><strong>in</strong></span> <span class='ocrx_word' id='word_1_447' title='bbox 3363 2656 3517 2695; x_wconf 87' lang='lat' dir='ltr'><strong>suam</strong></span> 
     </span>
    </p>
   </div>
   <div class='ocr_carea' id='block_1_56' title="bbox 1941 2724 3518 2798">
    <p class='ocr_par' dir='ltr' id='par_1_56' title="bbox 1941 2724 3518 2798">
     <span class='ocr_line' id='line_1_56' title="bbox 1941 2724 3518 2798; baseline 0.004 -21"><span class='ocrx_word' id='word_1_448' title='bbox 1941 2724 2202 2778; x_wconf 86' lang='lat' dir='ltr'><strong>ditionem</strong></span> <span class='ocrx_word' id='word_1_449' title='bbox 2239 2725 2530 2796; x_wconf 77' lang='lat' dir='ltr'><strong>redegerit,</strong></span> <span class='ocrx_word' id='word_1_450' title='bbox 2579 2733 2634 2780; x_wconf 90' lang='lat' dir='ltr'><strong>et</strong></span> <span class='ocrx_word' id='word_1_451' title='bbox 2673 2726 2784 2780; x_wconf 85' lang='lat' dir='ltr'><strong>vim</strong></span> <span class='ocrx_word' id='word_1_452' title='bbox 2811 2727 3208 2794; x_wconf 88' lang='lat' dir='ltr'><strong>quodammodo</strong></span> <span class='ocrx_word' id='word_1_453' title='bbox 3244 2731 3518 2798; x_wconf 88' lang='lat' dir='ltr'><strong>propriam</strong></span> 
     </span>
    </p>
   </div>
   <div class='ocr_carea' id='block_1_57' title="bbox 1939 2815 2466 2869">
    <p class='ocr_par' dir='ltr' id='par_1_57' title="bbox 1939 2815 2466 2869">
     <span class='ocr_line' id='line_1_57' title="bbox 1939 2815 2466 2869; baseline 0 -1"><span class='ocrx_word' id='word_1_454' title='bbox 1939 2822 1994 2868; x_wconf 90' lang='lat' dir='ltr'><strong>et</strong></span> <span class='ocrx_word' id='word_1_455' title='bbox 2022 2830 2217 2869; x_wconf 87' lang='lat' dir='ltr'><strong>nomen</strong></span> <span class='ocrx_word' id='word_1_456' title='bbox 2249 2815 2466 2868; x_wconf 88' lang='lat' dir='ltr'><strong>amittit.</strong></span> 
     </span>
    </p>
   </div>
   <div class='ocr_carea' id='block_1_58' title="bbox 2013 2903 3522 2980">
    <p class='ocr_par' dir='ltr' id='par_1_58' title="bbox 2013 2903 3522 2980">
     <span class='ocr_line' id='line_1_58' title="bbox 2013 2903 3522 2980; baseline 0.006 -25"><span class='ocrx_word' id='word_1_457' title='bbox 2013 2903 2144 2967; x_wconf 63' lang='lat' dir='ltr'><strong>Quir</strong></span> <span class='ocrx_word' id='word_1_458' title='bbox 2167 2903 2342 2957; x_wconf 85' lang='lat' dir='ltr'><strong>carnis</strong></span> <span class='ocrx_word' id='word_1_459' title='bbox 2362 2914 2481 2958; x_wconf 81' lang='lat' dir='ltr'><strong>sunt</strong></span> <span class='ocrx_word' id='word_1_460' title='bbox 2503 2906 2733 2976; x_wconf 79' lang='lat' dir='ltr'><strong>sapiunt.</strong></span> <span class='ocrx_word' id='word_1_461' title='bbox 2771 2907 2826 2960; x_wconf 90' lang='lat' dir='ltr'><strong>ld</strong></span> <span class='ocrx_word' id='word_1_462' title='bbox 2856 2914 2960 2972; x_wconf 88' lang='lat' dir='ltr'><strong>est,</strong></span> <span class='ocrx_word' id='word_1_463' title='bbox 2994 2907 3232 2963; x_wconf 87' lang='lat' dir='ltr'><strong>carnalia</strong></span> <span class='ocrx_word' id='word_1_464' title='bbox 3255 2909 3395 2964; x_wconf 88' lang='lat' dir='ltr'><strong>bona</strong></span> <span class='ocrx_word' id='word_1_465' title='bbox 3420 2926 3522 2980; x_wconf 90' lang='lat' dir='ltr'><strong>pro</strong></span> 
     </span>
    </p>
   </div>
   <div class='ocr_carea' id='block_1_59' title="bbox 1940 2993 3520 3070">
    <p class='ocr_par' dir='ltr' id='par_1_59' title="bbox 1940 2993 3520 3070">
     <span class='ocr_line' id='line_1_59' title="bbox 1940 2993 3520 3070; baseline 0.006 -24"><span class='ocrx_word' id='word_1_466' title='bbox 1940 2993 2171 3048; x_wconf 88' lang='lat' dir='ltr'><strong>summis</strong></span> <span class='ocrx_word' id='word_1_467' title='bbox 2219 2993 2374 3048; x_wconf 89' lang='lat' dir='ltr'><strong>bonis</strong></span> <span class='ocrx_word' id='word_1_468' title='bbox 2427 2996 2836 3064; x_wconf 88' lang='lat' dir='ltr'><strong>concupiscunt.</strong></span> <span class='ocrx_word' id='word_1_469' title='bbox 2878 2997 3001 3052; x_wconf 80' lang='lat' dir='ltr'><strong>Non</strong></span> <span class='ocrx_word' id='word_1_470' title='bbox 3052 3000 3190 3052; x_wconf 86' lang='lat' dir='ltr'><strong>enim</strong></span> <span class='ocrx_word' id='word_1_471' title='bbox 3232 3001 3371 3070; x_wconf 86' lang='lat' dir='ltr'><strong>quod</strong></span> <span class='ocrx_word' id='word_1_472' title='bbox 3405 3002 3520 3056; x_wconf 78' lang='lat' dir='ltr'><strong>volo</strong></span> 
     </span>
    </p>
   </div>
   <div class='ocr_carea' id='block_1_60' title="bbox 255 3057 3518 3160">
    <p class='ocr_par' dir='ltr' id='par_1_60' title="bbox 255 3057 3518 3160">
     <span class='ocr_line' id='line_1_60' title="bbox 255 3057 3518 3160; baseline 0.001 -17"><span class='ocrx_word' id='word_1_473' title='bbox 255 3057 338 3157; x_wconf 71' lang='lat' dir='ltr'><strong>jus</strong></span> <span class='ocrx_word' id='word_1_474' title='bbox 367 3089 445 3143; x_wconf 87' lang='lat' dir='ltr'><strong>rei</strong></span> <span class='ocrx_word' id='word_1_475' title='bbox 473 3087 712 3142; x_wconf 82' lang='lat' dir='ltr'><strong>formam</strong></span> <span class='ocrx_word' id='word_1_476' title='bbox 759 3096 941 3141; x_wconf 88' lang='lat' dir='ltr'><strong>teneat</strong></span> <span class='ocrx_word' id='word_1_477' title='bbox 967 3095 1025 3141; x_wconf 90' lang='lat' dir='ltr'><strong>et</strong></span> <span class='ocrx_word' id='word_1_478' title='bbox 1053 3087 1186 3142; x_wconf 91' lang='lat' dir='ltr'><strong>illud</strong></span> <span class='ocrx_word' id='word_1_479' title='bbox 1219 3087 1445 3155; x_wconf 79' lang='lat' dir='ltr'><strong>lignum,</strong></span> <span class='ocrx_word' id='word_1_480' title='bbox 1475 3087 1542 3141; x_wconf 91' lang='lat' dir='ltr'><strong>de</strong></span> <span class='ocrx_word' id='word_1_481' title='bbox 1571 3102 1676 3156; x_wconf 91' lang='lat' dir='ltr'><strong>quo</strong></span> <span class='ocrx_word' id='word_1_482' title='bbox 1703 3087 1841 3141; x_wconf 89' lang='lat' dir='ltr'><strong>scri-</strong></span> <span class='ocrx_word' id='word_1_483' title='bbox 1865 3057 1909 3119; x_wconf 63' lang='grc' dir='ltr'>Ο</span> <span class='ocrx_word' id='word_1_484' title='bbox 1941 3083 2038 3137; x_wconf 82' lang='lat' dir='ltr'><strong>hoc</strong></span> <span class='ocrx_word' id='word_1_485' title='bbox 2062 3083 2202 3152; x_wconf 82' lang='lat' dir='ltr'><strong>facio</strong></span> <span class='ocrx_word' id='word_1_486' title='bbox 2231 3085 2444 3149; x_wconf 88' lang='lat' dir='ltr'><strong>bonum,</strong></span> <span class='ocrx_word' id='word_1_487' title='bbox 2476 3087 2565 3140; x_wconf 87' lang='lat' dir='ltr'><strong>sed</strong></span> <span class='ocrx_word' id='word_1_488' title='bbox 2591 3057 2730 3154; x_wconf 60' lang='lat' dir='ltr'><strong>euod</strong></span> <span class='ocrx_word' id='word_1_489' title='bbox 2757 3087 2844 3140; x_wconf 88' lang='lat' dir='ltr'><strong>odi</strong></span> <span class='ocrx_word' id='word_1_490' title='bbox 2875 3088 3073 3141; x_wconf 86' lang='lat' dir='ltr'><strong>malum</strong></span> <span class='ocrx_word' id='word_1_491' title='bbox 3097 3089 3194 3143; x_wconf 85' lang='lat' dir='ltr'><strong>hac</strong></span> <span class='ocrx_word' id='word_1_492' title='bbox 3215 3057 3336 3160; x_wconf 41' lang='lat' dir='ltr'><strong>alga.</strong></span> <span class='ocrx_word' id='word_1_493' title='bbox 3369 3091 3518 3146; x_wconf 80' lang='lat' dir='ltr'><strong>Multi</strong></span> 
     </span>
    </p>
   </div>
   <div class='ocr_carea' id='block_1_61' title="bbox 259 3179 1841 3251">
    <p class='ocr_par' dir='ltr' id='par_1_61' title="bbox 259 3179 1841 3251">
     <span class='ocr_line' id='line_1_61' title="bbox 259 3179 1841 3251; baseline -0.001 -17"><span class='ocrx_word' id='word_1_494' title='bbox 259 3191 403 3250; x_wconf 88' lang='lat' dir='ltr'><strong>ptum</strong></span> <span class='ocrx_word' id='word_1_495' title='bbox 424 3189 534 3245; x_wconf 86' lang='lat' dir='ltr'><strong>est,</strong></span> <span class='ocrx_word' id='word_1_496' title='bbox 567 3181 776 3235; x_wconf 87' lang='lat' dir='ltr'><strong>sciendi</strong></span> <span class='ocrx_word' id='word_1_497' title='bbox 803 3180 1003 3234; x_wconf 89' lang='lat' dir='ltr'><strong>bonum</strong></span> <span class='ocrx_word' id='word_1_498' title='bbox 1024 3187 1078 3233; x_wconf 90' lang='lat' dir='ltr'><strong>et</strong></span> <span class='ocrx_word' id='word_1_499' title='bbox 1101 3180 1299 3233; x_wconf 90' lang='lat' dir='ltr'><strong>malum</strong></span> <span class='ocrx_word' id='word_1_500' title='bbox 1327 3179 1480 3251; x_wconf 82' lang='lat' dir='ltr'><strong>(Gen.</strong></span> <span class='ocrx_word' id='word_1_501' title='bbox 1508 3180 1589 3251; x_wconf 85' lang='lat' dir='ltr'><strong>ll).</strong></span> <span class='ocrx_word' id='word_1_502' title='bbox 1620 3180 1841 3242; x_wconf 84' lang='lat' dir='ltr'><strong>Utrum-</strong></span> 
     </span>
    </p>
   </div>
   <div class='ocr_carea' id='block_1_62' title="bbox 261 3251 1840 3341">
    <p class='ocr_par' dir='ltr' id='par_1_62' title="bbox 261 3251 1840 3341">
     <span class='ocr_line' id='line_1_62' title="bbox 261 3251 1840 3341; baseline -0.001 -16"><span class='ocrx_word' id='word_1_503' title='bbox 261 3289 364 3341; x_wconf 89' lang='lat' dir='ltr'><strong>que</strong></span> <span class='ocrx_word' id='word_1_504' title='bbox 395 3273 450 3326; x_wconf 86' lang='lat' dir='ltr'><strong>in</strong></span> <span class='ocrx_word' id='word_1_505' title='bbox 517 3287 652 3335; x_wconf 89' lang='lat' dir='ltr'><strong>uno,</strong></span> <span class='ocrx_word' id='word_1_506' title='bbox 702 3251 843 3326; x_wconf 62' lang='lat' dir='ltr'><strong>sicut</strong></span> <span class='ocrx_word' id='word_1_507' title='bbox 893 3270 945 3324; x_wconf 93' lang='lat' dir='ltr'><strong>in</strong></span> <span class='ocrx_word' id='word_1_508' title='bbox 978 3270 1114 3341; x_wconf 80' lang='lat' dir='ltr'><strong>lege,</strong></span> <span class='ocrx_word' id='word_1_509' title='bbox 1145 3270 1471 3324; x_wconf 88' lang='lat' dir='ltr'><strong>continetur.</strong></span> <span class='ocrx_word' id='word_1_510' title='bbox 1520 3270 1662 3323; x_wconf 88' lang='lat' dir='ltr'><strong>Nam</strong></span> <span class='ocrx_word' id='word_1_511' title='bbox 1699 3271 1840 3341; x_wconf 85' lang='lat' dir='ltr'><strong>quod</strong></span> 
     </span>
    </p>
   </div>
   <div class='ocr_carea' id='block_1_63' title="bbox 231 3360 1842 3431">
    <p class='ocr_par' dir='ltr' id='par_1_63' title="bbox 231 3360 1842 3431">
     <span class='ocr_line' id='line_1_63' title="bbox 231 3360 1842 3431; baseline 0.001 -16"><span class='ocrx_word' id='word_1_512' title='bbox 231 3361 584 3431; x_wconf 71' lang='lat' dir='ltr'><strong>-impossibile</strong></span> <span class='ocrx_word' id='word_1_513' title='bbox 612 3372 728 3415; x_wconf 81' lang='lat' dir='ltr'><strong>erat</strong></span> <span class='ocrx_word' id='word_1_514' title='bbox 753 3361 874 3428; x_wconf 86' lang='lat' dir='ltr'><strong>legi.</strong></span> <span class='ocrx_word' id='word_1_515' title='bbox 904 3361 1019 3414; x_wconf 87' lang='lat' dir='ltr'><strong>Hoc</strong></span> <span class='ocrx_word' id='word_1_516' title='bbox 1045 3360 1177 3414; x_wconf 90' lang='lat' dir='ltr'><strong>dicit</strong></span> <span class='ocrx_word' id='word_1_517' title='bbox 1205 3368 1263 3414; x_wconf 88' lang='lat' dir='ltr'><strong>ut</strong></span> <span class='ocrx_word' id='word_1_518' title='bbox 1287 3361 1589 3430; x_wconf 85' lang='lat' dir='ltr'><strong>baptizatos</strong></span> <span class='ocrx_word' id='word_1_519' title='bbox 1619 3375 1842 3416; x_wconf 88' lang='lat' dir='ltr'><strong>securos</strong></span> 
     </span>
    </p>
   </div>
   <div class='ocr_carea' id='block_1_64' title="bbox 264 3449 1840 3520">
    <p class='ocr_par' dir='ltr' id='par_1_64' title="bbox 264 3449 1840 3520">
     <span class='ocr_line' id='line_1_64' title="bbox 264 3449 1840 3520; baseline -0.003 -14"><span class='ocrx_word' id='word_1_520' title='bbox 264 3453 477 3515; x_wconf 81' lang='lat' dir='ltr'><strong>reddat,</strong></span> <span class='ocrx_word' id='word_1_521' title='bbox 511 3451 642 3520; x_wconf 89' lang='lat' dir='ltr'><strong>quia</strong></span> <span class='ocrx_word' id='word_1_522' title='bbox 678 3465 709 3503; x_wconf 87' lang='lat' dir='ltr'><strong>a</strong></span> <span class='ocrx_word' id='word_1_523' title='bbox 736 3459 961 3520; x_wconf 83' lang='lat' dir='ltr'><strong>peccato</strong></span> <span class='ocrx_word' id='word_1_524' title='bbox 983 3449 1193 3504; x_wconf 88' lang='lat' dir='ltr'><strong>liberati</strong></span> <span class='ocrx_word' id='word_1_525' title='bbox 1219 3458 1344 3503; x_wconf 89' lang='lat' dir='ltr'><strong>sunt</strong></span> <span class='ocrx_word' id='word_1_526' title='bbox 1374 3468 1386 3502; x_wconf 92' lang='lat'><strong>:</strong></span> <span class='ocrx_word' id='word_1_527' title='bbox 1423 3450 1548 3519; x_wconf 89' lang='lat' dir='ltr'><strong>quia</strong></span> <span class='ocrx_word' id='word_1_528' title='bbox 1577 3451 1716 3520; x_wconf 81' lang='lat' dir='ltr'><strong>quod</strong></span> <span class='ocrx_word' id='word_1_529' title='bbox 1742 3451 1840 3503; x_wconf 90' lang='lat' dir='ltr'><strong>im-</strong></span> 
     </span>
    </p>
   </div>
   <div class='ocr_carea' id='block_1_65' title="bbox 261 3537 1844 3608">
    <p class='ocr_par' dir='ltr' id='par_1_65' title="bbox 261 3537 1844 3608">
     <span class='ocr_line' id='line_1_65' title="bbox 261 3537 1844 3608; baseline 0 -16"><span class='ocrx_word' id='word_1_530' title='bbox 261 3539 506 3608; x_wconf 72' lang='lat' dir='ltr'><strong>possibile</strong></span> <span class='ocrx_word' id='word_1_531' title='bbox 553 3548 670 3592; x_wconf 85' lang='lat' dir='ltr'><strong>erat</strong></span> <span class='ocrx_word' id='word_1_532' title='bbox 721 3537 841 3607; x_wconf 83' lang='lat' dir='ltr'><strong>legi.</strong></span> <span class='ocrx_word' id='word_1_533' title='bbox 877 3537 976 3592; x_wconf 90' lang='lat' dir='ltr'><strong>Cui</strong></span> <span class='ocrx_word' id='word_1_534' title='bbox 1025 3538 1400 3607; x_wconf 88' lang='lat' dir='ltr'><strong>impossibile?</strong></span> <span class='ocrx_word' id='word_1_535' title='bbox 1431 3538 1584 3592; x_wconf 89' lang='lat' dir='ltr'><strong>nobis</strong></span> <span class='ocrx_word' id='word_1_536' title='bbox 1638 3538 1844 3592; x_wconf 82' lang='lat' dir='ltr'><strong>scilicet</strong></span> 
     </span>
    </p>
   </div>
   <div class='ocr_carea' id='block_1_66' title="bbox 264 3627 1844 3698">
    <p class='ocr_par' dir='ltr' id='par_1_66' title="bbox 264 3627 1844 3698">
     <span class='ocr_line' id='line_1_66' title="bbox 264 3627 1844 3698; baseline 0.001 -17"><span class='ocrx_word' id='word_1_537' title='bbox 264 3627 600 3698; x_wconf 79' lang='lat' dir='ltr'><strong>impossibile</strong></span> <span class='ocrx_word' id='word_1_538' title='bbox 627 3635 746 3681; x_wconf 90' lang='lat' dir='ltr'><strong>erat</strong></span> <span class='ocrx_word' id='word_1_539' title='bbox 781 3628 1092 3681; x_wconf 90' lang='lat' dir='ltr'><strong>mandatum</strong></span> <span class='ocrx_word' id='word_1_540' title='bbox 1125 3627 1257 3697; x_wconf 80' lang='lat' dir='ltr'><strong>legis</strong></span> <span class='ocrx_word' id='word_1_541' title='bbox 1293 3627 1536 3696; x_wconf 84' lang='lat' dir='ltr'><strong>implere,</strong></span> <span class='ocrx_word' id='word_1_542' title='bbox 1564 3629 1689 3696; x_wconf 86' lang='lat' dir='ltr'><strong>quia</strong></span> <span class='ocrx_word' id='word_1_543' title='bbox 1719 3629 1844 3683; x_wconf 83' lang='lat' dir='ltr'><strong>sub-</strong></span> 
     </span>
    </p>
   </div>
   <div class='ocr_carea' id='block_1_67' title="bbox 257 3715 1843 3789">
    <p class='ocr_par' dir='ltr' id='par_1_67' title="bbox 257 3715 1843 3789">
     <span class='ocr_line' id='line_1_67' title="bbox 257 3715 1843 3789; baseline -0.003 -15"><span class='ocrx_word' id='word_1_544' title='bbox 257 3719 388 3789; x_wconf 82' lang='lat' dir='ltr'><strong>jecti</strong></span> <span class='ocrx_word' id='word_1_545' title='bbox 409 3733 637 3772; x_wconf 87' lang='lat' dir='ltr'><strong>eramus</strong></span> <span class='ocrx_word' id='word_1_546' title='bbox 654 3725 895 3787; x_wconf 88' lang='lat' dir='ltr'><strong>peccato.</strong></span> <span class='ocrx_word' id='word_1_547' title='bbox 926 3715 1003 3770; x_wconf 90' lang='lat' dir='ltr'><strong>0b</strong></span> <span class='ocrx_word' id='word_1_548' title='bbox 1030 3718 1128 3770; x_wconf 86' lang='lat' dir='ltr'><strong>hoc</strong></span> <span class='ocrx_word' id='word_1_549' title='bbox 1145 3719 1286 3770; x_wconf 85' lang='lat' dir='ltr'><strong>misit</strong></span> <span class='ocrx_word' id='word_1_550' title='bbox 1308 3717 1449 3772; x_wconf 79' lang='lat' dir='ltr'><strong>Deus</strong></span> <span class='ocrx_word' id='word_1_551' title='bbox 1473 3717 1671 3770; x_wconf 84' lang='lat' dir='ltr'><strong>Filium</strong></span> <span class='ocrx_word' id='word_1_552' title='bbox 1689 3735 1843 3770; x_wconf 83' lang='lat' dir='ltr'><strong>suum</strong></span> 
     </span>
    </p>
   </div>
   <div class='ocr_carea' id='block_1_68' title="bbox 265 3807 1847 3878">
    <p class='ocr_par' dir='ltr' id='par_1_68' title="bbox 265 3807 1847 3878">
     <span class='ocr_line' id='line_1_68' title="bbox 265 3807 1847 3878; baseline -0.001 -15"><span class='ocrx_word' id='word_1_553' title='bbox 265 3810 320 3863; x_wconf 71' lang='lat' dir='ltr'><strong>in</strong></span> <span class='ocrx_word' id='word_1_554' title='bbox 341 3808 697 3862; x_wconf 71' lang='lat' dir='ltr'><strong>similitudine</strong></span> <span class='ocrx_word' id='word_1_555' title='bbox 722 3809 896 3861; x_wconf 87' lang='lat' dir='ltr'><strong>carnis</strong></span> <span class='ocrx_word' id='word_1_556' title='bbox 922 3809 1143 3878; x_wconf 80' lang='lat' dir='ltr'><strong>peccati.</strong></span> <span class='ocrx_word' id='word_1_557' title='bbox 1172 3807 1346 3861; x_wconf 79' lang='lat' dir='ltr'><strong>Aliter</strong></span> <span class='ocrx_word' id='word_1_558' title='bbox 1371 3808 1703 3876; x_wconf 87' lang='lat' dir='ltr'><strong>impossibile</strong></span> <span class='ocrx_word' id='word_1_559' title='bbox 1727 3818 1847 3862; x_wconf 87' lang='lat' dir='ltr'><strong>erat</strong></span> 
     </span>
    </p>
   </div>
   <div class='ocr_carea' id='block_1_69' title="bbox 265 3897 1843 3971">
    <p class='ocr_par' dir='ltr' id='par_1_69' title="bbox 265 3897 1843 3971">
     <span class='ocr_line' id='line_1_69' title="bbox 265 3897 1843 3971; baseline -0.002 -17"><span class='ocrx_word' id='word_1_560' title='bbox 265 3899 366 3971; x_wconf 71' lang='lat' dir='ltr'><strong>legi</strong></span> <span class='ocrx_word' id='word_1_561' title='bbox 389 3909 450 3954; x_wconf 88' lang='lat' dir='ltr'><strong>ut</strong></span> <span class='ocrx_word' id='word_1_562' title='bbox 479 3900 734 3954; x_wconf 83' lang='lat' dir='ltr'><strong>homines</strong></span> <span class='ocrx_word' id='word_1_563' title='bbox 760 3899 1005 3953; x_wconf 89' lang='lat' dir='ltr'><strong>carnales</strong></span> <span class='ocrx_word' id='word_1_564' title='bbox 1034 3897 1236 3952; x_wconf 83' lang='lat' dir='ltr'><strong>faceret</strong></span> <span class='ocrx_word' id='word_1_565' title='bbox 1273 3899 1546 3953; x_wconf 90' lang='lat' dir='ltr'><strong>custodire</strong></span> <span class='ocrx_word' id='word_1_566' title='bbox 1576 3897 1843 3966; x_wconf 87' lang='lat' dir='ltr'><strong>justitiam</strong></span> 
     </span>
    </p>
   </div>
   <div class='ocr_carea' id='block_1_70' title="bbox 269 3986 1849 4058">
    <p class='ocr_par' dir='ltr' id='par_1_70' title="bbox 269 3986 1849 4058">
     <span class='ocr_line' id='line_1_70' title="bbox 269 3986 1849 4058; baseline -0.002 -14"><span class='ocrx_word' id='word_1_567' title='bbox 269 3989 662 4044; x_wconf 78' lang='lat' dir='ltr'><strong>mortiﬁcandze</strong></span> <span class='ocrx_word' id='word_1_568' title='bbox 691 3989 890 4054; x_wconf 88' lang='lat' dir='ltr'><strong>carnis,</strong></span> <span class='ocrx_word' id='word_1_569' title='bbox 938 3988 1184 4057; x_wconf 88' lang='lat' dir='ltr'><strong>exemplo</strong></span> <span class='ocrx_word' id='word_1_570' title='bbox 1213 4003 1321 4044; x_wconf 88' lang='lat' dir='ltr'><strong>non</strong></span> <span class='ocrx_word' id='word_1_571' title='bbox 1360 3989 1506 4042; x_wconf 90' lang='lat' dir='ltr'><strong>dato.</strong></span> <span class='ocrx_word' id='word_1_572' title='bbox 1543 3986 1612 4040; x_wconf 85' lang='lat' dir='ltr'><strong>In</strong></span> <span class='ocrx_word' id='word_1_573' title='bbox 1638 4003 1739 4058; x_wconf 84' lang='lat' dir='ltr'><strong>quo</strong></span> <span class='ocrx_word' id='word_1_574' title='bbox 1766 3989 1849 4042; x_wconf 85' lang='lat' dir='ltr'><strong>in-</strong></span> 
     </span>
    </p>
   </div>
   <div class='ocr_carea' id='block_1_71' title="bbox 265 4080 1848 4152">
    <p class='ocr_par' dir='ltr' id='par_1_71' title="bbox 265 4080 1848 4152">
     <span class='ocr_line' id='line_1_71' title="bbox 265 4080 1848 4152; baseline 0.001 -19"><span class='ocrx_word' id='word_1_575' title='bbox 265 4082 589 4148; x_wconf 74' lang='lat' dir='ltr'><strong>ﬁrmabatur</strong></span> <span class='ocrx_word' id='word_1_576' title='bbox 614 4098 706 4152; x_wconf 83' lang='lat' dir='ltr'><strong>per</strong></span> <span class='ocrx_word' id='word_1_577' title='bbox 739 4097 972 4136; x_wconf 81' lang='lat' dir='ltr'><strong>carnem.</strong></span> <span class='ocrx_word' id='word_1_578' title='bbox 1004 4080 1118 4136; x_wconf 85' lang='lat' dir='ltr'><strong>Hoc</strong></span> <span class='ocrx_word' id='word_1_579' title='bbox 1142 4089 1245 4146; x_wconf 83' lang='lat' dir='ltr'><strong>est,</strong></span> <span class='ocrx_word' id='word_1_580' title='bbox 1283 4081 1336 4134; x_wconf 90' lang='lat' dir='ltr'><strong>in</strong></span> <span class='ocrx_word' id='word_1_581' title='bbox 1376 4097 1443 4138; x_wconf 89' lang='lat' dir='ltr'><strong>eo</strong></span> <span class='ocrx_word' id='word_1_582' title='bbox 1475 4083 1616 4152; x_wconf 91' lang='lat' dir='ltr'><strong>quod</strong></span> <span class='ocrx_word' id='word_1_583' title='bbox 1653 4082 1734 4136; x_wconf 84' lang='lat' dir='ltr'><strong>lex</strong></span> <span class='ocrx_word' id='word_1_584' title='bbox 1767 4081 1848 4135; x_wconf 87' lang='lat' dir='ltr'><strong>in-</strong></span> 
     </span>
    </p>
   </div>
   <div class='ocr_carea' id='block_1_72' title="bbox 268 4169 1846 4235">
    <p class='ocr_par' dir='ltr' id='par_1_72' title="bbox 268 4169 1846 4235">
     <span class='ocr_line' id='line_1_72' title="bbox 268 4169 1846 4235; baseline 0 -11"><span class='ocrx_word' id='word_1_585' title='bbox 268 4171 595 4225; x_wconf 74' lang='lat' dir='ltr'><strong>ﬁrmabatur</strong></span> <span class='ocrx_word' id='word_1_586' title='bbox 617 4188 722 4226; x_wconf 90' lang='lat' dir='ltr'><strong>non</strong></span> <span class='ocrx_word' id='word_1_587' title='bbox 755 4172 808 4224; x_wconf 92' lang='lat' dir='ltr'><strong>in</strong></span> <span class='ocrx_word' id='word_1_588' title='bbox 839 4186 917 4235; x_wconf 91' lang='lat' dir='ltr'><strong>se,</strong></span> <span class='ocrx_word' id='word_1_589' title='bbox 947 4172 1041 4226; x_wconf 91' lang='lat' dir='ltr'><strong>sed</strong></span> <span class='ocrx_word' id='word_1_590' title='bbox 1080 4171 1132 4224; x_wconf 93' lang='lat' dir='ltr'><strong>in</strong></span> <span class='ocrx_word' id='word_1_591' title='bbox 1162 4171 1266 4224; x_wconf 92' lang='lat' dir='ltr'><strong>illis</strong></span> <span class='ocrx_word' id='word_1_592' title='bbox 1295 4169 1690 4224; x_wconf 85' lang='lat' dir='ltr'><strong>inﬁrmabatur.</strong></span> <span class='ocrx_word' id='word_1_593' title='bbox 1735 4169 1846 4224; x_wconf 82' lang='lat' dir='ltr'><strong>Un—</strong></span> 
     </span>
    </p>
   </div>
   <div class='ocr_carea' id='block_1_73' title="bbox 267 4259 1846 4330">
    <p class='ocr_par' dir='ltr' id='par_1_73' title="bbox 267 4259 1846 4330">
     <span class='ocr_line' id='line_1_73' title="bbox 267 4259 1846 4330; baseline -0.003 -14"><span class='ocrx_word' id='word_1_594' title='bbox 267 4262 334 4316; x_wconf 84' lang='lat' dir='ltr'><strong>de</strong></span> <span class='ocrx_word' id='word_1_595' title='bbox 379 4261 655 4316; x_wconf 81' lang='lat' dir='ltr'><strong>subinfert</strong></span> <span class='ocrx_word' id='word_1_596' title='bbox 699 4277 792 4329; x_wconf 82' lang='lat' dir='ltr'><strong>per</strong></span> <span class='ocrx_word' id='word_1_597' title='bbox 840 4277 1072 4326; x_wconf 84' lang='lat' dir='ltr'><strong>carnem,</strong></span> <span class='ocrx_word' id='word_1_598' title='bbox 1121 4261 1223 4314; x_wconf 91' lang='lat' dir='ltr'><strong>hoc</strong></span> <span class='ocrx_word' id='word_1_599' title='bbox 1265 4268 1390 4315; x_wconf 89' lang='lat' dir='ltr'><strong>est:</strong></span> <span class='ocrx_word' id='word_1_600' title='bbox 1428 4275 1526 4330; x_wconf 91' lang='lat' dir='ltr'><strong>per</strong></span> <span class='ocrx_word' id='word_1_601' title='bbox 1571 4259 1846 4314; x_wconf 88' lang='lat' dir='ltr'><strong>carnalem</strong></span> 
     </span>
    </p>
   </div>
   <div class='ocr_carea' id='block_1_74' title="bbox 267 4353 1843 4422">
    <p class='ocr_par' dir='ltr' id='par_1_74' title="bbox 267 4353 1843 4422">
     <span class='ocr_line' id='line_1_74' title="bbox 267 4353 1843 4422; baseline -0.002 -16"><span class='ocrx_word' id='word_1_602' title='bbox 267 4354 790 4422; x_wconf 74' lang='lat' dir='ltr'><strong>concripiscentiam.</strong></span> <span class='ocrx_word' id='word_1_603' title='bbox 818 4353 970 4420; x_wconf 86' lang='lat' dir='ltr'><strong>Quod</strong></span> <span class='ocrx_word' id='word_1_604' title='bbox 999 4353 1133 4406; x_wconf 87' lang='lat' dir='ltr'><strong>dixit</strong></span> <span class='ocrx_word' id='word_1_605' title='bbox 1161 4371 1172 4405; x_wconf 89' lang='lat'>:</span> <span class='ocrx_word' id='word_1_606' title='bbox 1215 4353 1270 4406; x_wconf 89' lang='lat' dir='ltr'><strong>in</strong></span> <span class='ocrx_word' id='word_1_607' title='bbox 1295 4353 1693 4406; x_wconf 72' lang='lat' dir='ltr'><strong>similitudinem</strong></span> <span class='ocrx_word' id='word_1_608' title='bbox 1721 4368 1843 4405; x_wconf 83' lang='lat' dir='ltr'><strong>car-</strong></span> 
     </span>
    </p>
   </div>
   <div class='ocr_carea' id='block_1_75' title="bbox 268 4440 1839 4512">
    <p class='ocr_par' dir='ltr' id='par_1_75' title="bbox 268 4440 1839 4512">
     <span class='ocr_line' id='line_1_75' title="bbox 268 4440 1839 4512; baseline -0.003 -17"><span class='ocrx_word' id='word_1_609' title='bbox 268 4445 349 4496; x_wconf 69' lang='lat' dir='ltr'><strong>uis</strong></span> <span class='ocrx_word' id='word_1_610' title='bbox 374 4444 601 4512; x_wconf 79' lang='lat' dir='ltr'><strong>peccati,</strong></span> <span class='ocrx_word' id='word_1_611' title='bbox 628 4443 862 4496; x_wconf 87' lang='lat' dir='ltr'><strong>ostendit</strong></span> <span class='ocrx_word' id='word_1_612' title='bbox 888 4458 987 4496; x_wconf 88' lang='lat' dir='ltr'><strong>nos</strong></span> <span class='ocrx_word' id='word_1_613' title='bbox 1014 4442 1213 4496; x_wconf 89' lang='lat' dir='ltr'><strong>habere</strong></span> <span class='ocrx_word' id='word_1_614' title='bbox 1239 4456 1460 4508; x_wconf 85' lang='lat' dir='ltr'><strong>carnem</strong></span> <span class='ocrx_word' id='word_1_615' title='bbox 1489 4441 1718 4509; x_wconf 87' lang='lat' dir='ltr'><strong>peccati,</strong></span> <span class='ocrx_word' id='word_1_616' title='bbox 1749 4440 1839 4492; x_wconf 87' lang='lat' dir='ltr'><strong>Fi-</strong></span> 
     </span>
    </p>
   </div>
   <div class='ocr_carea' id='block_1_76' title="bbox 265 4531 1847 4600">
    <p class='ocr_par' dir='ltr' id='par_1_76' title="bbox 265 4531 1847 4600">
     <span class='ocr_line' id='line_1_76' title="bbox 265 4531 1847 4600; baseline -0.003 -12"><span class='ocrx_word' id='word_1_617' title='bbox 265 4532 398 4588; x_wconf 85' lang='lat' dir='ltr'><strong>lium</strong></span> <span class='ocrx_word' id='word_1_618' title='bbox 428 4549 565 4588; x_wconf 84' lang='lat' dir='ltr'><strong>vero</strong></span> <span class='ocrx_word' id='word_1_619' title='bbox 615 4533 707 4587; x_wconf 90' lang='lat' dir='ltr'><strong>Dei</strong></span> <span class='ocrx_word' id='word_1_620' title='bbox 739 4531 1146 4587; x_wconf 89' lang='lat' dir='ltr'><strong>similitudinem</strong></span> <span class='ocrx_word' id='word_1_621' title='bbox 1200 4533 1380 4586; x_wconf 87' lang='lat' dir='ltr'><strong>carnis</strong></span> <span class='ocrx_word' id='word_1_622' title='bbox 1433 4532 1660 4600; x_wconf 89' lang='lat' dir='ltr'><strong>peccati.</strong></span> <span class='ocrx_word' id='word_1_623' title='bbox 1712 4531 1847 4584; x_wconf 84' lang='lat' dir='ltr'><strong>Nam</strong></span> 
     </span>
    </p>
   </div>
   <div class='ocr_carea' id='block_1_77' title="bbox 265 4621 1848 4691">
    <p class='ocr_par' dir='ltr' id='par_1_77' title="bbox 265 4621 1848 4691">
     <span class='ocr_line' id='line_1_77' title="bbox 265 4621 1848 4691; baseline -0.001 -15"><span class='ocrx_word' id='word_1_624' title='bbox 265 4633 522 4676; x_wconf 70' lang='lat' dir='ltr'><strong>naturam</strong></span> <span class='ocrx_word' id='word_1_625' title='bbox 548 4623 767 4691; x_wconf 83' lang='lat' dir='ltr'><strong>quidem</strong></span> <span class='ocrx_word' id='word_1_626' title='bbox 783 4621 1030 4691; x_wconf 88' lang='lat' dir='ltr'><strong>corporis</strong></span> <span class='ocrx_word' id='word_1_627' title='bbox 1059 4622 1232 4675; x_wconf 88' lang='lat' dir='ltr'><strong>nostri</strong></span> <span class='ocrx_word' id='word_1_628' title='bbox 1261 4623 1470 4685; x_wconf 78' lang='lat' dir='ltr'><strong>habuit,</strong></span> <span class='ocrx_word' id='word_1_629' title='bbox 1495 4621 1848 4690; x_wconf 90' lang='lat' dir='ltr'><strong>pollutionem</strong></span> 
     </span>
    </p>
   </div>
   <div class='ocr_carea' id='block_1_78' title="bbox 266 4713 1849 4784">
    <p class='ocr_par' dir='ltr' id='par_1_78' title="bbox 266 4713 1849 4784">
     <span class='ocr_line' id='line_1_78' title="bbox 266 4713 1849 4784; baseline -0.001 -16"><span class='ocrx_word' id='word_1_630' title='bbox 266 4715 499 4783; x_wconf 79' lang='lat' dir='ltr'><strong>peccati,</strong></span> <span class='ocrx_word' id='word_1_631' title='bbox 522 4729 646 4783; x_wconf 65' lang='lat' dir='ltr'><strong>quae</strong></span> <span class='ocrx_word' id='word_1_632' title='bbox 669 4729 738 4768; x_wconf 89' lang='lat' dir='ltr'><strong>ex</strong></span> <span class='ocrx_word' id='word_1_633' title='bbox 763 4713 1216 4784; x_wconf 77' lang='lat' dir='ltr'><strong>concupiscentiae</strong></span> <span class='ocrx_word' id='word_1_634' title='bbox 1243 4722 1392 4768; x_wconf 89' lang='lat' dir='ltr'><strong>motu</strong></span> <span class='ocrx_word' id='word_1_635' title='bbox 1437 4714 1714 4784; x_wconf 89' lang='lat' dir='ltr'><strong>conceptis</strong></span> <span class='ocrx_word' id='word_1_636' title='bbox 1738 4722 1849 4767; x_wconf 81' lang='lat' dir='ltr'><strong>tra—</strong></span> 
     </span>
    </p>
   </div>
   <div class='ocr_carea' id='block_1_79' title="bbox 267 4803 1064 4867">
    <p class='ocr_par' dir='ltr' id='par_1_79' title="bbox 267 4803 1064 4867">
     <span class='ocr_line' id='line_1_79' title="bbox 267 4803 1064 4867; baseline -0.001 -9"><span class='ocrx_word' id='word_1_637' title='bbox 267 4806 434 4867; x_wconf 83' lang='lat' dir='ltr'><strong>ditur,</strong></span> <span class='ocrx_word' id='word_1_638' title='bbox 466 4803 693 4858; x_wconf 89' lang='lat' dir='ltr'><strong>omnino</strong></span> <span class='ocrx_word' id='word_1_639' title='bbox 719 4819 824 4861; x_wconf 82' lang='lat' dir='ltr'><strong>nou</strong></span> <span class='ocrx_word' id='word_1_640' title='bbox 857 4803 1064 4857; x_wconf 89' lang='lat' dir='ltr'><strong>habuit.</strong></span> 
     </span>
    </p>
   </div>
   <div class='ocr_carea' id='block_1_80' title="bbox 339 4891 1852 4962">
    <p class='ocr_par' dir='ltr' id='par_1_80' title="bbox 339 4891 1852 4962">
     <span class='ocr_line' id='line_1_80' title="bbox 339 4891 1852 4962; baseline 0.003 -18"><span class='ocrx_word' id='word_1_641' title='bbox 339 4892 408 4944; x_wconf 75' lang='lat' dir='ltr'><strong>Et</strong></span> <span class='ocrx_word' id='word_1_642' title='bbox 442 4892 511 4945; x_wconf 85' lang='lat' dir='ltr'><strong>de</strong></span> <span class='ocrx_word' id='word_1_643' title='bbox 537 4903 776 4962; x_wconf 82' lang='lat' dir='ltr'><strong>peccato,</strong></span> <span class='ocrx_word' id='word_1_644' title='bbox 808 4891 891 4947; x_wconf 90' lang='lat' dir='ltr'><strong>vel</strong></span> <span class='ocrx_word' id='word_1_645' title='bbox 915 4899 975 4946; x_wconf 88' lang='lat' dir='ltr'><strong>ut</strong></span> <span class='ocrx_word' id='word_1_646' title='bbox 1030 4893 1211 4948; x_wconf 86' lang='lat' dir='ltr'><strong>verius</strong></span> <span class='ocrx_word' id='word_1_647' title='bbox 1257 4891 1481 4946; x_wconf 88' lang='lat' dir='ltr'><strong>habetur</strong></span> <span class='ocrx_word' id='word_1_648' title='bbox 1510 4894 1651 4962; x_wconf 86' lang='lat' dir='ltr'><strong>apud</strong></span> <span class='ocrx_word' id='word_1_649' title='bbox 1701 4892 1852 4948; x_wconf 64' lang='lat' dir='ltr'><strong>Grut-</strong></span> 
     </span>
    </p>
   </div>
   <div class='ocr_carea' id='block_1_81' title="bbox 268 4981 1856 5054">
    <p class='ocr_par' dir='ltr' id='par_1_81' title="bbox 268 4981 1856 5054">
     <span class='ocr_line' id='line_1_81' title="bbox 268 4981 1856 5054; baseline 0 -18"><span class='ocrx_word' id='word_1_650' title='bbox 268 4996 385 5045; x_wconf 83' lang='lat' dir='ltr'><strong>cos,</strong></span> <span class='ocrx_word' id='word_1_651' title='bbox 413 4999 512 5052; x_wconf 78' lang='lat' dir='ltr'><strong>pro</strong></span> <span class='ocrx_word' id='word_1_652' title='bbox 549 4991 784 5052; x_wconf 83' lang='lat' dir='ltr'><strong>peccato,</strong></span> <span class='ocrx_word' id='word_1_653' title='bbox 837 4981 1104 5036; x_wconf 76' lang='lat' dir='ltr'><strong>damnavit</strong></span> <span class='ocrx_word' id='word_1_654' title='bbox 1130 4992 1400 5054; x_wconf 83' lang='lat' dir='ltr'><strong>peccatum</strong></span> <span class='ocrx_word' id='word_1_655' title='bbox 1432 4983 1485 5036; x_wconf 89' lang='lat' dir='ltr'><strong>in</strong></span> <span class='ocrx_word' id='word_1_656' title='bbox 1535 4999 1712 5036; x_wconf 88' lang='lat' dir='ltr'><strong>carne.</strong></span> <span class='ocrx_word' id='word_1_657' title='bbox 1745 4981 1856 5036; x_wconf 81' lang='lat' dir='ltr'><strong>H0-</strong></span> 
     </span>
    </p>
   </div>
   <div class='ocr_carea' id='block_1_82' title="bbox 269 5075 1853 5147">
    <p class='ocr_par' dir='ltr' id='par_1_82' title="bbox 269 5075 1853 5147">
     <span class='ocr_line' id='line_1_82' title="bbox 269 5075 1853 5147; baseline 0.002 -18"><span class='ocrx_word' id='word_1_658' title='bbox 269 5078 387 5130; x_wconf 71' lang='lat' dir='ltr'><strong>stiaz</strong></span> <span class='ocrx_word' id='word_1_659' title='bbox 409 5092 549 5146; x_wconf 81' lang='lat' dir='ltr'><strong>quas</strong></span> <span class='ocrx_word' id='word_1_660' title='bbox 572 5091 672 5147; x_wconf 89' lang='lat' dir='ltr'><strong>pro</strong></span> <span class='ocrx_word' id='word_1_661' title='bbox 705 5085 928 5146; x_wconf 83' lang='lat' dir='ltr'><strong>peccato</strong></span> <span class='ocrx_word' id='word_1_662' title='bbox 948 5075 1248 5132; x_wconf 69' lang='lat' dir='ltr'><strong>oderebant</strong></span> <span class='ocrx_word' id='word_1_663' title='bbox 1274 5077 1328 5130; x_wconf 93' lang='lat' dir='ltr'><strong>in</strong></span> <span class='ocrx_word' id='word_1_664' title='bbox 1358 5076 1496 5146; x_wconf 79' lang='lat' dir='ltr'><strong>lege,</strong></span> <span class='ocrx_word' id='word_1_665' title='bbox 1518 5076 1730 5146; x_wconf 88' lang='lat' dir='ltr'><strong>peccati</strong></span> <span class='ocrx_word' id='word_1_666' title='bbox 1753 5092 1853 5132; x_wconf 88' lang='lat' dir='ltr'><strong>no-</strong></span> 
     </span>
    </p>
   </div>
   <div class='ocr_carea' id='block_1_83' title="bbox 269 5166 1853 5234">
    <p class='ocr_par' dir='ltr' id='par_1_83' title="bbox 269 5166 1853 5234">
     <span class='ocr_line' id='line_1_83' title="bbox 269 5166 1853 5234; baseline 0.001 -15"><span class='ocrx_word' id='word_1_667' title='bbox 269 5168 416 5221; x_wconf 82' lang='lat' dir='ltr'><strong>mine</strong></span> <span class='ocrx_word' id='word_1_668' title='bbox 448 5167 804 5232; x_wconf 84' lang='lat' dir='ltr'><strong>vocabantur,</strong></span> <span class='ocrx_word' id='word_1_669' title='bbox 830 5181 954 5221; x_wconf 89' lang='lat' dir='ltr'><strong>cum</strong></span> <span class='ocrx_word' id='word_1_670' title='bbox 981 5167 1109 5234; x_wconf 69' lang='lat' dir='ltr'><strong>ipsa:</strong></span> <span class='ocrx_word' id='word_1_671' title='bbox 1151 5166 1343 5220; x_wconf 84' lang='lat' dir='ltr'><strong>delicta</strong></span> <span class='ocrx_word' id='word_1_672' title='bbox 1393 5166 1687 5231; x_wconf 91' lang='lat' dir='ltr'><strong>nescirent,</strong></span> <span class='ocrx_word' id='word_1_673' title='bbox 1715 5167 1853 5220; x_wconf 88' lang='lat' dir='ltr'><strong>sicut</strong></span> 
     </span>
    </p>
   </div>
   <div class='ocr_carea' id='block_1_84' title="bbox 269 5257 1852 5327">
    <p class='ocr_par' dir='ltr' id='par_1_84' title="bbox 269 5257 1852 5327">
     <span class='ocr_line' id='line_1_84' title="bbox 269 5257 1852 5327; baseline 0 -16"><span class='ocrx_word' id='word_1_674' title='bbox 269 5259 536 5327; x_wconf 85' lang='lat' dir='ltr'><strong>scriptum</strong></span> <span class='ocrx_word' id='word_1_675' title='bbox 570 5266 655 5312; x_wconf 90' lang='lat' dir='ltr'><strong>est</strong></span> <span class='ocrx_word' id='word_1_676' title='bbox 684 5276 697 5311; x_wconf 93' lang='lat'>:</span> <span class='ocrx_word' id='word_1_677' title='bbox 729 5257 798 5312; x_wconf 84' lang='lat' dir='ltr'><strong>Et</strong></span> <span class='ocrx_word' id='word_1_678' title='bbox 825 5258 1106 5327; x_wconf 88' lang='lat' dir='ltr'><strong>imponent</strong></span> <span class='ocrx_word' id='word_1_679' title='bbox 1134 5272 1327 5312; x_wconf 88' lang='lat' dir='ltr'><strong>manus</strong></span> <span class='ocrx_word' id='word_1_680' title='bbox 1353 5271 1514 5325; x_wconf 90' lang='lat' dir='ltr'><strong>super</strong></span> <span class='ocrx_word' id='word_1_681' title='bbox 1537 5263 1700 5326; x_wconf 87' lang='lat' dir='ltr'><strong>caput</strong></span> <span class='ocrx_word' id='word_1_682' title='bbox 1721 5271 1852 5326; x_wconf 86' lang='lat' dir='ltr'><strong>pec-</strong></span> 
     </span>
    </p>
   </div>
   <div class='ocr_carea' id='block_1_85' title="bbox 267 5346 1854 5416">
    <p class='ocr_par' dir='ltr' id='par_1_85' title="bbox 267 5346 1854 5416">
     <span class='ocr_line' id='line_1_85' title="bbox 267 5346 1854 5416; baseline -0.002 -14"><span class='ocrx_word' id='word_1_683' title='bbox 267 5351 380 5404; x_wconf 83' lang='lat' dir='ltr'><strong>cati</strong></span> <span class='ocrx_word' id='word_1_684' title='bbox 418 5350 525 5404; x_wconf 88' lang='lat' dir='ltr'><strong>sui.</strong></span> <span class='ocrx_word' id='word_1_685' title='bbox 561 5349 653 5405; x_wconf 89' lang='lat' dir='ltr'><strong>Sic</strong></span> <span class='ocrx_word' id='word_1_686' title='bbox 677 5359 735 5404; x_wconf 87' lang='lat' dir='ltr'><strong>et</strong></span> <span class='ocrx_word' id='word_1_687' title='bbox 783 5364 912 5402; x_wconf 89' lang='lat' dir='ltr'><strong>caro</strong></span> <span class='ocrx_word' id='word_1_688' title='bbox 939 5347 1161 5410; x_wconf 89' lang='lat' dir='ltr'><strong>Christi,</strong></span> <span class='ocrx_word' id='word_1_689' title='bbox 1199 5361 1318 5415; x_wconf 71' lang='lat' dir='ltr'><strong>qua:</strong></span> <span class='ocrx_word' id='word_1_690' title='bbox 1365 5361 1465 5416; x_wconf 89' lang='lat' dir='ltr'><strong>pro</strong></span> <span class='ocrx_word' id='word_1_691' title='bbox 1493 5346 1730 5415; x_wconf 89' lang='lat' dir='ltr'><strong>peccatis</strong></span> <span class='ocrx_word' id='word_1_692' title='bbox 1757 5362 1854 5399; x_wconf 91' lang='lat' dir='ltr'><strong>no-</strong></span> 
     </span>
    </p>
   </div>
   <div class='ocr_carea' id='block_1_86' title="bbox 269 5437 1854 5509">
    <p class='ocr_par' dir='ltr' id='par_1_86' title="bbox 269 5437 1854 5509">
     <span class='ocr_line' id='line_1_86' title="bbox 269 5437 1854 5509; baseline -0.004 -12"><span class='ocrx_word' id='word_1_693' title='bbox 269 5441 398 5497; x_wconf 75' lang='lat' dir='ltr'><strong>stris</strong></span> <span class='ocrx_word' id='word_1_694' title='bbox 419 5443 598 5496; x_wconf 85' lang='lat' dir='ltr'><strong>oblata</strong></span> <span class='ocrx_word' id='word_1_695' title='bbox 628 5450 736 5508; x_wconf 89' lang='lat' dir='ltr'><strong>est,</strong></span> <span class='ocrx_word' id='word_1_696' title='bbox 767 5439 977 5509; x_wconf 88' lang='lat' dir='ltr'><strong>peccati</strong></span> <span class='ocrx_word' id='word_1_697' title='bbox 1008 5453 1199 5492; x_wconf 87' lang='lat' dir='ltr'><strong>nomen</strong></span> <span class='ocrx_word' id='word_1_698' title='bbox 1229 5438 1452 5505; x_wconf 88' lang='lat' dir='ltr'><strong>accepit.</strong></span> <span class='ocrx_word' id='word_1_699' title='bbox 1473 5437 1700 5503; x_wconf 84' lang='lat' dir='ltr'><strong>Quidam</strong></span> <span class='ocrx_word' id='word_1_700' title='bbox 1724 5451 1854 5491; x_wconf 87' lang='lat' dir='ltr'><strong>sane</strong></span> 
     </span>
    </p>
   </div>
   <div class='ocr_carea' id='block_1_87' title="bbox 268 5527 1853 5603">
    <p class='ocr_par' dir='ltr' id='par_1_87' title="bbox 268 5527 1853 5603">
     <span class='ocr_line' id='line_1_87' title="bbox 268 5527 1853 5603; baseline -0.004 -15"><span class='ocrx_word' id='word_1_701' title='bbox 268 5535 463 5588; x_wconf 84' lang='lat' dir='ltr'><strong>dicunt</strong></span> <span class='ocrx_word' id='word_1_702' title='bbox 491 5535 627 5603; x_wconf 85' lang='lat' dir='ltr'><strong>quod</strong></span> <span class='ocrx_word' id='word_1_703' title='bbox 650 5538 884 5603; x_wconf 87' lang='lat' dir='ltr'><strong>peccato</strong></span> <span class='ocrx_word' id='word_1_704' title='bbox 922 5527 1254 5594; x_wconf 65' lang='lat' dir='ltr'><strong>Judaeorum,</strong></span> <span class='ocrx_word' id='word_1_705' title='bbox 1303 5543 1412 5595; x_wconf 89' lang='lat' dir='ltr'><strong>quo</strong></span> <span class='ocrx_word' id='word_1_706' title='bbox 1441 5527 1730 5580; x_wconf 87' lang='lat' dir='ltr'><strong>Dominum</strong></span> <span class='ocrx_word' id='word_1_707' title='bbox 1762 5542 1853 5581; x_wconf 87' lang='lat' dir='ltr'><strong>oc-</strong></span> 
     </span>
    </p>
   </div>
   <div class='ocr_carea' id='block_1_88' title="bbox 270 5619 1852 5694">
    <p class='ocr_par' dir='ltr' id='par_1_88' title="bbox 270 5619 1852 5694">
     <span class='ocr_line' id='line_1_88' title="bbox 270 5619 1852 5694; baseline -0.001 -19"><span class='ocrx_word' id='word_1_708' title='bbox 270 5621 540 5692; x_wconf 82' lang='lat' dir='ltr'><strong>ciderunt,</strong></span> <span class='ocrx_word' id='word_1_709' title='bbox 564 5631 857 5694; x_wconf 88' lang='lat' dir='ltr'><strong>peceatum</strong></span> <span class='ocrx_word' id='word_1_710' title='bbox 887 5620 1110 5686; x_wconf 89' lang='lat' dir='ltr'><strong>diaboli,</strong></span> <span class='ocrx_word' id='word_1_711' title='bbox 1141 5635 1249 5690; x_wconf 88' lang='lat' dir='ltr'><strong>quo</strong></span> <span class='ocrx_word' id='word_1_712' title='bbox 1297 5619 1569 5675; x_wconf 88' lang='lat' dir='ltr'><strong>hominem</strong></span> <span class='ocrx_word' id='word_1_713' title='bbox 1625 5620 1852 5689; x_wconf 85' lang='lat' dir='ltr'><strong>decepe-</strong></span> 
     </span>
    </p>
   </div>
   <div class='ocr_carea' id='block_1_89' title="bbox 1941 3175 3519 3250">
    <p class='ocr_par' dir='ltr' id='par_1_89' title="bbox 1941 3175 3519 3250">
     <span class='ocr_line' id='line_1_89' title="bbox 1941 3175 3519 3250; baseline 0.006 -20"><span class='ocrx_word' id='word_1_714' title='bbox 1941 3176 2087 3230; x_wconf 87' lang='lat' dir='ltr'><strong>hune</strong></span> <span class='ocrx_word' id='word_1_715' title='bbox 2131 3175 2307 3231; x_wconf 91' lang='lat' dir='ltr'><strong>locum</strong></span> <span class='ocrx_word' id='word_1_716' title='bbox 2340 3177 2414 3231; x_wconf 90' lang='lat' dir='ltr'><strong>ita</strong></span> <span class='ocrx_word' id='word_1_717' title='bbox 2464 3178 2692 3250; x_wconf 78' lang='lat' dir='ltr'><strong>intelligi</strong></span> <span class='ocrx_word' id='word_1_718' title='bbox 2744 3179 2942 3234; x_wconf 87' lang='lat' dir='ltr'><strong>debere</strong></span> <span class='ocrx_word' id='word_1_719' title='bbox 2985 3180 3275 3248; x_wconf 80' lang='lat' dir='ltr'><strong>(liﬂiniunt,</strong></span> <span class='ocrx_word' id='word_1_720' title='bbox 3328 3193 3388 3238; x_wconf 91' lang='lat' dir='ltr'><strong>ut</strong></span> <span class='ocrx_word' id='word_1_721' title='bbox 3415 3185 3519 3240; x_wconf 92' lang='lat' dir='ltr'><strong>hoc</strong></span> 
     </span>
    </p>
   </div>
   <div class='ocr_carea' id='block_1_90' title="bbox 1943 3267 3520 3341">
    <p class='ocr_par' dir='ltr' id='par_1_90' title="bbox 1943 3267 3520 3341">
     <span class='ocr_line' id='line_1_90' title="bbox 1943 3267 3520 3341; baseline 0.006 -21"><span class='ocrx_word' id='word_1_722' title='bbox 1943 3267 2119 3336; x_wconf 91' lang='lat' dir='ltr'><strong>ipsum</strong></span> <span class='ocrx_word' id='word_1_723' title='bbox 2161 3268 2482 3337; x_wconf 84' lang='lat' dir='ltr'><strong>Apostolum</strong></span> <span class='ocrx_word' id='word_1_724' title='bbox 2536 3284 2644 3324; x_wconf 90' lang='lat' dir='ltr'><strong>non</strong></span> <span class='ocrx_word' id='word_1_725' title='bbox 2695 3284 2760 3323; x_wconf 89' lang='lat' dir='ltr'><strong>ex</strong></span> <span class='ocrx_word' id='word_1_726' title='bbox 2790 3285 2908 3333; x_wconf 89' lang='lat' dir='ltr'><strong>sua,</strong></span> <span class='ocrx_word' id='word_1_727' title='bbox 2949 3272 3044 3325; x_wconf 88' lang='lat' dir='ltr'><strong>sed</strong></span> <span class='ocrx_word' id='word_1_728' title='bbox 3083 3287 3148 3326; x_wconf 90' lang='lat' dir='ltr'><strong>ex</strong></span> <span class='ocrx_word' id='word_1_729' title='bbox 3178 3274 3520 3341; x_wconf 87' lang='lat' dir='ltr'><strong>peccantium</strong></span> 
     </span>
    </p>
   </div>
   <div class='ocr_carea' id='block_1_91' title="bbox 1943 3359 3522 3436">
    <p class='ocr_par' dir='ltr' id='par_1_91' title="bbox 1943 3359 3522 3436">
     <span class='ocr_line' id='line_1_91' title="bbox 1943 3359 3522 3436; baseline 0.004 -24"><span class='ocrx_word' id='word_1_730' title='bbox 1943 3373 2175 3428; x_wconf 85' lang='lat' dir='ltr'><strong>persona</strong></span> <span class='ocrx_word' id='word_1_731' title='bbox 2224 3359 2426 3414; x_wconf 69' lang='lat' dir='ltr'><strong>dixisse</strong></span> <span class='ocrx_word' id='word_1_732' title='bbox 2484 3361 2828 3416; x_wconf 88' lang='lat' dir='ltr'><strong>conﬁrment.</strong></span> <span class='ocrx_word' id='word_1_733' title='bbox 2863 3363 3003 3429; x_wconf 86' lang='lat' dir='ltr'><strong>Quid</strong></span> <span class='ocrx_word' id='word_1_734' title='bbox 3030 3365 3173 3417; x_wconf 86' lang='lat' dir='ltr'><strong>enim</strong></span> <span class='ocrx_word' id='word_1_735' title='bbox 3223 3364 3346 3418; x_wconf 92' lang='lat' dir='ltr'><strong>boni</strong></span> <span class='ocrx_word' id='word_1_736' title='bbox 3377 3367 3522 3436; x_wconf 89' lang='lat' dir='ltr'><strong>quod</strong></span> 
     </span>
    </p>
   </div>
   <div class='ocr_carea' id='block_1_92' title="bbox 1944 3450 3522 3524">
    <p class='ocr_par' dir='ltr' id='par_1_92' title="bbox 1944 3450 3522 3524">
     <span class='ocr_line' id='line_1_92' title="bbox 1944 3450 3522 3524; baseline 0.004 -20"><span class='ocrx_word' id='word_1_737' title='bbox 1944 3450 2033 3505; x_wconf 90' lang='lat' dir='ltr'><strong>ille</strong></span> <span class='ocrx_word' id='word_1_738' title='bbox 2081 3466 2189 3504; x_wconf 89' lang='lat' dir='ltr'><strong>non</strong></span> <span class='ocrx_word' id='word_1_739' title='bbox 2218 3461 2400 3520; x_wconf 89' lang='lat' dir='ltr'><strong>posset</strong></span> <span class='ocrx_word' id='word_1_740' title='bbox 2426 3451 2687 3522; x_wconf 82' lang='lat' dir='ltr'><strong>implere?</strong></span> <span class='ocrx_word' id='word_1_741' title='bbox 2717 3461 2772 3507; x_wconf 91' lang='lat' dir='ltr'><strong>et</strong></span> <span class='ocrx_word' id='word_1_742' title='bbox 2821 3453 2948 3521; x_wconf 84' lang='lat' dir='ltr'><strong>quid</strong></span> <span class='ocrx_word' id='word_1_743' title='bbox 2995 3470 3026 3507; x_wconf 86' lang='lat' dir='ltr'><strong>e</strong></span> <span class='ocrx_word' id='word_1_744' title='bbox 3056 3456 3328 3509; x_wconf 74' lang='lat' dir='ltr'><strong>contrario</strong></span> <span class='ocrx_word' id='word_1_745' title='bbox 3376 3457 3522 3524; x_wconf 80' lang='lat' dir='ltr'><strong>quo!</strong></span> 
     </span>
    </p>
   </div>
   <div class='ocr_carea' id='block_1_93' title="bbox 1946 3539 3525 3612">
    <p class='ocr_par' dir='ltr' id='par_1_93' title="bbox 1946 3539 3525 3612">
     <span class='ocr_line' id='line_1_93' title="bbox 1946 3539 3525 3612; baseline 0.004 -20"><span class='ocrx_word' id='word_1_746' title='bbox 1946 3539 2264 3595; x_wconf 77' lang='lat' dir='ltr'><strong>malivolens</strong></span> <span class='ocrx_word' id='word_1_747' title='bbox 2289 3549 2344 3594; x_wconf 87' lang='lat' dir='ltr'><strong>et</strong></span> <span class='ocrx_word' id='word_1_748' title='bbox 2375 3542 2564 3594; x_wconf 83' lang='lat' dir='ltr'><strong>odiens</strong></span> <span class='ocrx_word' id='word_1_749' title='bbox 2588 3542 2909 3596; x_wconf 72' lang='lat' dir='ltr'><strong>admiserit?</strong></span> <span class='ocrx_word' id='word_1_750' title='bbox 2933 3543 3014 3597; x_wconf 84' lang='lat' dir='ltr'><strong>Ad</strong></span> <span class='ocrx_word' id='word_1_751' title='bbox 3054 3559 3214 3612; x_wconf 90' lang='lat' dir='ltr'><strong>quam</strong></span> <span class='ocrx_word' id='word_1_752' title='bbox 3242 3558 3372 3597; x_wconf 91' lang='lat' dir='ltr'><strong>vero</strong></span> <span class='ocrx_word' id='word_1_753' title='bbox 3397 3559 3525 3612; x_wconf 86' lang='lat' dir='ltr'><strong>pec-</strong></span> 
     </span>
    </p>
   </div>
   <div class='ocr_carea' id='block_1_94' title="bbox 1944 3629 3526 3702">
    <p class='ocr_par' dir='ltr' id='par_1_94' title="bbox 1944 3629 3526 3702">
     <span class='ocr_line' id='line_1_94' title="bbox 1944 3629 3526 3702; baseline 0.006 -21"><span class='ocrx_word' id='word_1_754' title='bbox 1944 3629 2052 3682; x_wconf 85' lang='lat' dir='ltr'><strong>cati</strong></span> <span class='ocrx_word' id='word_1_755' title='bbox 2080 3629 2250 3699; x_wconf 81' lang='lat' dir='ltr'><strong>legem</strong></span> <span class='ocrx_word' id='word_1_756' title='bbox 2287 3630 2372 3684; x_wconf 92' lang='lat' dir='ltr'><strong>ille</strong></span> <span class='ocrx_word' id='word_1_757' title='bbox 2405 3647 2498 3684; x_wconf 88' lang='lat' dir='ltr'><strong>vas</strong></span> <span class='ocrx_word' id='word_1_758' title='bbox 2521 3631 2820 3696; x_wconf 88' lang='lat' dir='ltr'><strong>electionis,</strong></span> <span class='ocrx_word' id='word_1_759' title='bbox 2855 3633 2907 3685; x_wconf 92' lang='lat' dir='ltr'><strong>in</strong></span> <span class='ocrx_word' id='word_1_760' title='bbox 2937 3647 3046 3700; x_wconf 88' lang='lat' dir='ltr'><strong>quo</strong></span> <span class='ocrx_word' id='word_1_761' title='bbox 3065 3633 3314 3688; x_wconf 88' lang='lat' dir='ltr'><strong>Christus</strong></span> <span class='ocrx_word' id='word_1_762' title='bbox 3339 3634 3526 3702; x_wconf 82' lang='lat' dir='ltr'><strong>loque-</strong></span> 
     </span>
    </p>
   </div>
   <div class='ocr_carea' id='block_1_95' title="bbox 1945 3717 3519 3792">
    <p class='ocr_par' dir='ltr' id='par_1_95' title="bbox 1945 3717 3519 3792">
     <span class='ocr_line' id='line_1_95' title="bbox 1945 3717 3519 3792; baseline 0.005 -22"><span class='ocrx_word' id='word_1_763' title='bbox 1945 3717 2125 3781; x_wconf 88' lang='lat' dir='ltr'><strong>batur,</strong></span> <span class='ocrx_word' id='word_1_764' title='bbox 2180 3720 2352 3786; x_wconf 86' lang='lat' dir='ltr'><strong>potuit</strong></span> <span class='ocrx_word' id='word_1_765' title='bbox 2381 3720 2628 3786; x_wconf 86' lang='lat' dir='ltr'><strong>captivus</strong></span> <span class='ocrx_word' id='word_1_766' title='bbox 2675 3720 2915 3774; x_wconf 84' lang='lat' dir='ltr'><strong>abduci?</strong></span> <span class='ocrx_word' id='word_1_767' title='bbox 2968 3720 3082 3774; x_wconf 84' lang='lat' dir='ltr'><strong>Non</strong></span> <span class='ocrx_word' id='word_1_768' title='bbox 3136 3721 3519 3792; x_wconf 80' lang='lat' dir='ltr'><strong>intelligentcs,</strong></span> 
     </span>
    </p>
   </div>
   <div class='ocr_carea' id='block_1_96' title="bbox 1949 3805 3524 3873">
    <p class='ocr_par' dir='ltr' id='par_1_96' title="bbox 1949 3805 3524 3873">
     <span class='ocr_line' id='line_1_96' title="bbox 1949 3805 3524 3873; baseline 0.005 -16"><span class='ocrx_word' id='word_1_769' title='bbox 1949 3805 2039 3872; x_wconf 85' lang='lat' dir='ltr'><strong>qui</strong></span> <span class='ocrx_word' id='word_1_770' title='bbox 2072 3806 2179 3858; x_wconf 92' lang='lat' dir='ltr'><strong>hoc</strong></span> <span class='ocrx_word' id='word_1_771' title='bbox 2207 3805 2495 3868; x_wconf 87' lang='lat' dir='ltr'><strong>dilliniunt,</strong></span> <span class='ocrx_word' id='word_1_772' title='bbox 2523 3807 2666 3872; x_wconf 90' lang='lat' dir='ltr'><strong>quod</strong></span> <span class='ocrx_word' id='word_1_773' title='bbox 2710 3807 3016 3873; x_wconf 86' lang='lat' dir='ltr'><strong>supradicta</strong></span> <span class='ocrx_word' id='word_1_774' title='bbox 3049 3808 3358 3865; x_wconf 88' lang='lat' dir='ltr'><strong>testimonia</strong></span> <span class='ocrx_word' id='word_1_775' title='bbox 3384 3827 3524 3867; x_wconf 90' lang='lat' dir='ltr'><strong>non-</strong></span> 
     </span>
    </p>
   </div>
   <div class='ocr_carea' id='block_1_97' title="bbox 1947 3893 3523 3964">
    <p class='ocr_par' dir='ltr' id='par_1_97' title="bbox 1947 3893 3523 3964">
     <span class='ocr_line' id='line_1_97' title="bbox 1947 3893 3523 3964; baseline 0.006 -16"><span class='ocrx_word' id='word_1_776' title='bbox 1947 3894 2051 3948; x_wconf 88' lang='lat' dir='ltr'><strong>nisi</strong></span> <span class='ocrx_word' id='word_1_777' title='bbox 2083 3895 2150 3947; x_wconf 90' lang='lat' dir='ltr'><strong>ad</strong></span> <span class='ocrx_word' id='word_1_778' title='bbox 2178 3893 2320 3947; x_wconf 88' lang='lat' dir='ltr'><strong>solos</strong></span> <span class='ocrx_word' id='word_1_779' title='bbox 2349 3893 2656 3961; x_wconf 90' lang='lat' dir='ltr'><strong>pertineant</strong></span> <span class='ocrx_word' id='word_1_780' title='bbox 2682 3894 2970 3964; x_wconf 80' lang='lat' dir='ltr'><strong>perfectos,</strong></span> <span class='ocrx_word' id='word_1_781' title='bbox 3001 3906 3057 3951; x_wconf 93' lang='lat' dir='ltr'><strong>et</strong></span> <span class='ocrx_word' id='word_1_782' title='bbox 3097 3912 3285 3953; x_wconf 89' lang='lat' dir='ltr'><strong>eorum</strong></span> <span class='ocrx_word' id='word_1_783' title='bbox 3314 3909 3523 3958; x_wconf 87' lang='lat' dir='ltr'><strong>tantum</strong></span> 
     </span>
    </p>
   </div>
   <div class='ocr_carea' id='block_1_98' title="bbox 1948 3982 3529 4061">
    <p class='ocr_par' dir='ltr' id='par_1_98' title="bbox 1948 3982 3529 4061">
     <span class='ocr_line' id='line_1_98' title="bbox 1948 3982 3529 4061; baseline 0.008 -27"><span class='ocrx_word' id='word_1_784' title='bbox 1948 3983 2039 4050; x_wconf 91' lang='lat' dir='ltr'><strong>qui</strong></span> <span class='ocrx_word' id='word_1_785' title='bbox 2077 3982 2446 4050; x_wconf 83' lang='lat' dir='ltr'><strong>apostolorum</strong></span> <span class='ocrx_word' id='word_1_786' title='bbox 2502 3983 2694 4037; x_wconf 88' lang='lat' dir='ltr'><strong>merita</strong></span> <span class='ocrx_word' id='word_1_787' title='bbox 2752 3984 3171 4054; x_wconf 87' lang='lat' dir='ltr'><strong>subsequuntur,</strong></span> <span class='ocrx_word' id='word_1_788' title='bbox 3227 4003 3529 4061; x_wconf 72' lang='lat' dir='ltr'><strong>congruant</strong></span> 
     </span>
    </p>
   </div>
   <div class='ocr_carea' id='block_1_99' title="bbox 1949 4073 3526 4148">
    <p class='ocr_par' dir='ltr' id='par_1_99' title="bbox 1949 4073 3526 4148">
     <span class='ocr_line' id='line_1_99' title="bbox 1949 4073 3526 4148; baseline 0.007 -21"><span class='ocrx_word' id='word_1_789' title='bbox 1949 4073 2242 4128; x_wconf 84' lang='lat' dir='ltr'><strong>sanctitati.</strong></span> <span class='ocrx_word' id='word_1_790' title='bbox 2268 4073 2598 4128; x_wconf 67' lang='lat' dir='ltr'><strong>therorum</strong></span> <span class='ocrx_word' id='word_1_791' title='bbox 2629 4089 2736 4143; x_wconf 90' lang='lat' dir='ltr'><strong>quo</strong></span> <span class='ocrx_word' id='word_1_792' title='bbox 2760 4085 2937 4144; x_wconf 88' lang='lat' dir='ltr'><strong>pacto,</strong></span> <span class='ocrx_word' id='word_1_793' title='bbox 2968 4077 3022 4130; x_wconf 88' lang='lat' dir='ltr'><strong>id</strong></span> <span class='ocrx_word' id='word_1_794' title='bbox 3047 4086 3150 4142; x_wconf 89' lang='lat' dir='ltr'><strong>est,</strong></span> <span class='ocrx_word' id='word_1_795' title='bbox 3181 4089 3526 4148; x_wconf 86' lang='lat' dir='ltr'><strong>peccatorum</strong></span> 
     </span>
    </p>
   </div>
   <div class='ocr_carea' id='block_1_100' title="bbox 1949 4159 3526 4243">
    <p class='ocr_par' dir='ltr' id='par_1_100' title="bbox 1949 4159 3526 4243">
     <span class='ocr_line' id='line_1_100' title="bbox 1949 4159 3526 4243; baseline 0.007 -27"><span class='ocrx_word' id='word_1_796' title='bbox 1949 4177 2194 4232; x_wconf 54' lang='lat' dir='ltr'><strong>personae</strong></span> <span class='ocrx_word' id='word_1_797' title='bbox 2227 4164 2427 4232; x_wconf 89' lang='lat' dir='ltr'><strong>poterit</strong></span> <span class='ocrx_word' id='word_1_798' title='bbox 2457 4165 2746 4219; x_wconf 89' lang='lat' dir='ltr'><strong>convenire</strong></span> <span class='ocrx_word' id='word_1_799' title='bbox 2789 4167 2931 4234; x_wconf 90' lang='lat' dir='ltr'><strong>quod</strong></span> <span class='ocrx_word' id='word_1_800' title='bbox 2955 4159 3154 4222; x_wconf 85' lang='lat' dir='ltr'><strong>dicitur</strong></span> <span class='ocrx_word' id='word_1_801' title='bbox 3181 4187 3194 4224; x_wconf 94' lang='lat'><strong>:</strong></span> <span class='ocrx_word' id='word_1_802' title='bbox 3226 4170 3348 4225; x_wconf 85' lang='lat' dir='ltr'><strong>Non</strong></span> <span class='ocrx_word' id='word_1_803' title='bbox 3386 4177 3526 4243; x_wconf 88' lang='lat' dir='ltr'><strong>quod</strong></span> 
     </span>
    </p>
   </div>
   <div class='ocr_carea' id='block_1_101' title="bbox 1946 4252 3531 4327">
    <p class='ocr_par' dir='ltr' id='par_1_101' title="bbox 1946 4252 3531 4327">
     <span class='ocr_line' id='line_1_101' title="bbox 1946 4252 3531 4327; baseline 0.008 -20"><span class='ocrx_word' id='word_1_804' title='bbox 1946 4253 2060 4307; x_wconf 88' lang='lat' dir='ltr'><strong>volo</strong></span> <span class='ocrx_word' id='word_1_805' title='bbox 2111 4258 2208 4306; x_wconf 80' lang='lat' dir='ltr'><strong>hoc</strong></span> <span class='ocrx_word' id='word_1_806' title='bbox 2255 4253 2447 4321; x_wconf 81' lang='lat' dir='ltr'><strong>facio?</strong></span> <span class='ocrx_word' id='word_1_807' title='bbox 2483 4252 2616 4319; x_wconf 87' lang='lat' dir='ltr'><strong>Quis</strong></span> <span class='ocrx_word' id='word_1_808' title='bbox 2667 4255 2810 4307; x_wconf 89' lang='lat' dir='ltr'><strong>enim</strong></span> <span class='ocrx_word' id='word_1_809' title='bbox 2862 4256 3288 4327; x_wconf 86' lang='lat' dir='ltr'><strong>delinquentium</strong></span> <span class='ocrx_word' id='word_1_810' title='bbox 3341 4263 3531 4319; x_wconf 89' lang='lat' dir='ltr'><strong>nolens</strong></span> 
     </span>
    </p>
   </div>
   <div class='ocr_carea' id='block_1_102' title="bbox 1948 4341 3528 4419">
    <p class='ocr_par' dir='ltr' id='par_1_102' title="bbox 1948 4341 3528 4419">
     <span class='ocr_line' id='line_1_102' title="bbox 1948 4341 3528 4419; baseline 0.006 -23"><span class='ocrx_word' id='word_1_811' title='bbox 1948 4341 2229 4397; x_wconf 86' lang='lat' dir='ltr'><strong>adulteriis</strong></span> <span class='ocrx_word' id='word_1_812' title='bbox 2297 4341 2850 4411; x_wconf 76' lang='lat' dir='ltr'><strong>fornicationibusque</strong></span> <span class='ocrx_word' id='word_1_813' title='bbox 2899 4348 3342 4404; x_wconf 87' lang='lat' dir='ltr'><strong>contaminetur?</strong></span> <span class='ocrx_word' id='word_1_814' title='bbox 3395 4351 3528 4419; x_wconf 85' lang='lat' dir='ltr'><strong>Quis</strong></span> 
     </span>
    </p>
   </div>
   <div class='ocr_carea' id='block_1_103' title="bbox 1953 4434 3528 4504">
    <p class='ocr_par' dir='ltr' id='par_1_103' title="bbox 1953 4434 3528 4504">
     <span class='ocr_line' id='line_1_103' title="bbox 1953 4434 3528 4504; baseline 0.006 -16"><span class='ocrx_word' id='word_1_815' title='bbox 1953 4434 2156 4488; x_wconf 88' lang='lat' dir='ltr'><strong>invitus</strong></span> <span class='ocrx_word' id='word_1_816' title='bbox 2195 4434 2445 4504; x_wconf 82' lang='lat' dir='ltr'><strong>proximo</strong></span> <span class='ocrx_word' id='word_1_817' title='bbox 2502 4435 2686 4488; x_wconf 88' lang='lat' dir='ltr'><strong>tendat</strong></span> <span class='ocrx_word' id='word_1_818' title='bbox 2732 4436 2992 4490; x_wconf 87' lang='lat' dir='ltr'><strong>insidias?</strong></span> <span class='ocrx_word' id='word_1_819' title='bbox 3028 4437 3160 4504; x_wconf 89' lang='lat' dir='ltr'><strong>Quis</strong></span> <span class='ocrx_word' id='word_1_820' title='bbox 3204 4444 3528 4498; x_wconf 83' lang='lat' dir='ltr'><strong>necessitate</strong></span> 
     </span>
    </p>
   </div>
   <div class='ocr_carea' id='block_1_104' title="bbox 1953 4524 3526 4601">
    <p class='ocr_par' dir='ltr' id='par_1_104' title="bbox 1953 4524 3526 4601">
     <span class='ocr_line' id='line_1_104' title="bbox 1953 4524 3526 4601; baseline 0.007 -23"><span class='ocrx_word' id='word_1_821' title='bbox 1953 4532 2198 4594; x_wconf 77' lang='lat' dir='ltr'><strong>cogatur,</strong></span> <span class='ocrx_word' id='word_1_822' title='bbox 2223 4532 2284 4578; x_wconf 91' lang='lat' dir='ltr'><strong>ut</strong></span> <span class='ocrx_word' id='word_1_823' title='bbox 2322 4524 2459 4579; x_wconf 81' lang='lat' dir='ltr'><strong>falso</strong></span> <span class='ocrx_word' id='word_1_824' title='bbox 2490 4525 2797 4578; x_wconf 88' lang='lat' dir='ltr'><strong>testimonio</strong></span> <span class='ocrx_word' id='word_1_825' title='bbox 2819 4526 3091 4583; x_wconf 93' lang='lat' dir='ltr'><strong>hominem</strong></span> <span class='ocrx_word' id='word_1_826' title='bbox 3120 4533 3390 4601; x_wconf 89' lang='lat' dir='ltr'><strong>opprimat</strong></span> <span class='ocrx_word' id='word_1_827' title='bbox 3413 4535 3526 4589; x_wconf 83' lang='lat' dir='ltr'><strong>fur-</strong></span> 
     </span>
    </p>
   </div>
   <div class='ocr_carea' id='block_1_105' title="bbox 1953 4614 3529 4691">
    <p class='ocr_par' dir='ltr' id='par_1_105' title="bbox 1953 4614 3529 4691">
     <span class='ocr_line' id='line_1_105' title="bbox 1953 4614 3529 4691; baseline 0.007 -23"><span class='ocrx_word' id='word_1_828' title='bbox 1953 4623 2079 4670; x_wconf 88' lang='lat' dir='ltr'><strong>tove</strong></span> <span class='ocrx_word' id='word_1_829' title='bbox 2105 4614 2362 4684; x_wconf 86' lang='lat' dir='ltr'><strong>decipiat,</strong></span> <span class='ocrx_word' id='word_1_830' title='bbox 2393 4623 2486 4668; x_wconf 88' lang='lat' dir='ltr'><strong>aut</strong></span> <span class='ocrx_word' id='word_1_831' title='bbox 2513 4615 2738 4670; x_wconf 87' lang='lat' dir='ltr'><strong>alterius</strong></span> <span class='ocrx_word' id='word_1_832' title='bbox 2767 4617 2996 4684; x_wconf 86' lang='lat' dir='ltr'><strong>spolium</strong></span> <span class='ocrx_word' id='word_1_833' title='bbox 3025 4624 3416 4691; x_wconf 88' lang='lat' dir='ltr'><strong>concupiscat?</strong></span> <span class='ocrx_word' id='word_1_834' title='bbox 3445 4626 3529 4680; x_wconf 87' lang='lat' dir='ltr'><strong>vel</strong></span> 
     </span>
    </p>
   </div>
   <div class='ocr_carea' id='block_1_106' title="bbox 1954 4703 3530 4782">
    <p class='ocr_par' dir='ltr' id='par_1_106' title="bbox 1954 4703 3530 4782">
     <span class='ocr_line' id='line_1_106' title="bbox 1954 4703 3530 4782; baseline 0.005 -22"><span class='ocrx_word' id='word_1_835' title='bbox 1954 4705 2274 4776; x_wconf 85' lang='lat' dir='ltr'><strong>sanguinem</strong></span> <span class='ocrx_word' id='word_1_836' title='bbox 2301 4703 2508 4768; x_wconf 81' lang='lat' dir='ltr'><strong>fundat,</strong></span> <span class='ocrx_word' id='word_1_837' title='bbox 2541 4714 2596 4759; x_wconf 89' lang='lat' dir='ltr'><strong>et</strong></span> <span class='ocrx_word' id='word_1_838' title='bbox 2621 4713 2815 4760; x_wconf 61' lang='lat' dir='ltr'><strong>cetera</strong></span> <span class='ocrx_word' id='word_1_839' title='bbox 2840 4708 2981 4762; x_wconf 88' lang='lat' dir='ltr'><strong>mala</strong></span> <span class='ocrx_word' id='word_1_840' title='bbox 3010 4709 3298 4778; x_wconf 86' lang='lat' dir='ltr'><strong>perﬁciat?</strong></span> <span class='ocrx_word' id='word_1_841' title='bbox 3329 4712 3530 4782; x_wconf 80' lang='lat' dir='ltr'><strong>Super-</strong></span> 
     </span>
    </p>
   </div>
   <div class='ocr_carea' id='block_1_107' title="bbox 1953 4795 3530 4872">
    <p class='ocr_par' dir='ltr' id='par_1_107' title="bbox 1953 4795 3530 4872">
     <span class='ocr_line' id='line_1_107' title="bbox 1953 4795 3530 4872; baseline 0.006 -24"><span class='ocrx_word' id='word_1_842' title='bbox 1953 4804 2038 4849; x_wconf 90' lang='lat' dir='ltr'><strong>est</strong></span> <span class='ocrx_word' id='word_1_843' title='bbox 2073 4795 2235 4864; x_wconf 77' lang='lat' dir='ltr'><strong>igitur</strong></span> <span class='ocrx_word' id='word_1_844' title='bbox 2255 4803 2314 4848; x_wconf 91' lang='lat' dir='ltr'><strong>ut</strong></span> <span class='ocrx_word' id='word_1_845' title='bbox 2345 4795 2459 4849; x_wconf 66' lang='lat' dir='ltr'><strong>haec</strong></span> <span class='ocrx_word' id='word_1_846' title='bbox 2489 4795 2754 4850; x_wconf 86' lang='lat' dir='ltr'><strong>sententia</strong></span> <span class='ocrx_word' id='word_1_847' title='bbox 2783 4811 2891 4851; x_wconf 91' lang='lat' dir='ltr'><strong>non</strong></span> <span class='ocrx_word' id='word_1_848' title='bbox 2942 4815 3006 4852; x_wconf 86' lang='lat' dir='ltr'><strong>ex</strong></span> <span class='ocrx_word' id='word_1_849' title='bbox 3035 4812 3381 4868; x_wconf 85' lang='lat' dir='ltr'><strong>peccatorum</strong></span> <span class='ocrx_word' id='word_1_850' title='bbox 3405 4818 3530 4872; x_wconf 90' lang='lat' dir='ltr'><strong>per-</strong></span> 
     </span>
    </p>
   </div>
   <div class='ocr_carea' id='block_1_108' title="bbox 1953 4889 3533 4960">
    <p class='ocr_par' dir='ltr' id='par_1_108' title="bbox 1953 4889 3533 4960">
     <span class='ocr_line' id='line_1_108' title="bbox 1953 4889 3533 4960; baseline 0.005 -14"><span class='ocrx_word' id='word_1_851' title='bbox 1953 4905 2104 4952; x_wconf 87' lang='lat' dir='ltr'><strong>sona,</strong></span> <span class='ocrx_word' id='word_1_852' title='bbox 2138 4889 2232 4943; x_wconf 89' lang='lat' dir='ltr'><strong>sed</strong></span> <span class='ocrx_word' id='word_1_853' title='bbox 2260 4904 2326 4943; x_wconf 88' lang='lat' dir='ltr'><strong>ex</strong></span> <span class='ocrx_word' id='word_1_854' title='bbox 2349 4889 2613 4958; x_wconf 85' lang='lat' dir='ltr'><strong>Apostoli,</strong></span> <span class='ocrx_word' id='word_1_855' title='bbox 2646 4889 2924 4960; x_wconf 84' lang='lat' dir='ltr'><strong>ipsiusque</strong></span> <span class='ocrx_word' id='word_1_856' title='bbox 2951 4894 3210 4948; x_wconf 87' lang='lat' dir='ltr'><strong>similium</strong></span> <span class='ocrx_word' id='word_1_857' title='bbox 3237 4895 3380 4950; x_wconf 88' lang='lat' dir='ltr'><strong>dicta</strong></span> <span class='ocrx_word' id='word_1_858' title='bbox 3409 4911 3533 4956; x_wconf 84' lang='lat' dir='ltr'><strong>esse</strong></span> 
     </span>
    </p>
   </div>
   <div class='ocr_carea' id='block_1_109' title="bbox 1952 4981 3528 5060">
    <p class='ocr_par' dir='ltr' id='par_1_109' title="bbox 1952 4981 3528 5060">
     <span class='ocr_line' id='line_1_109' title="bbox 1952 4981 3528 5060; baseline 0.005 -22"><span class='ocrx_word' id='word_1_859' title='bbox 1952 4983 2302 5054; x_wconf 82' lang='lat' dir='ltr'><strong>intelligatur.</strong></span> <span class='ocrx_word' id='word_1_860' title='bbox 2337 4981 2442 5052; x_wconf 75' lang='lat' dir='ltr'><strong>sed</strong></span> <span class='ocrx_word' id='word_1_861' title='bbox 2471 4992 2652 5036; x_wconf 88' lang='lat' dir='ltr'><strong>tamen</strong></span> <span class='ocrx_word' id='word_1_862' title='bbox 2688 4983 2998 5054; x_wconf 87' lang='lat' dir='ltr'><strong>diligentius</strong></span> <span class='ocrx_word' id='word_1_863' title='bbox 3045 4985 3362 5056; x_wconf 81' lang='lat' dir='ltr'><strong>indagemus</strong></span> <span class='ocrx_word' id='word_1_864' title='bbox 3398 4990 3528 5060; x_wconf 89' lang='lat' dir='ltr'><strong>quid</strong></span> 
     </span>
    </p>
   </div>
   <div class='ocr_carea' id='block_1_110' title="bbox 1955 5072 3532 5148">
    <p class='ocr_par' dir='ltr' id='par_1_110' title="bbox 1955 5072 3532 5148">
     <span class='ocr_line' id='line_1_110' title="bbox 1955 5072 3532 5148; baseline 0.004 -19"><span class='ocrx_word' id='word_1_865' title='bbox 1955 5075 2025 5129; x_wconf 91' lang='lat' dir='ltr'><strong>sit</strong></span> <span class='ocrx_word' id='word_1_866' title='bbox 2058 5072 2354 5144; x_wconf 88' lang='lat' dir='ltr'><strong>principale</strong></span> <span class='ocrx_word' id='word_1_867' title='bbox 2407 5074 2604 5127; x_wconf 91' lang='lat' dir='ltr'><strong>bonum</strong></span> <span class='ocrx_word' id='word_1_868' title='bbox 2655 5075 2800 5141; x_wconf 84' lang='lat' dir='ltr'><strong>quod</strong></span> <span class='ocrx_word' id='word_1_869' title='bbox 2839 5073 3128 5141; x_wconf 82' lang='lat' dir='ltr'><strong>Apostolus</strong></span> <span class='ocrx_word' id='word_1_870' title='bbox 3181 5092 3287 5132; x_wconf 88' lang='lat' dir='ltr'><strong>non</strong></span> <span class='ocrx_word' id='word_1_871' title='bbox 3318 5089 3532 5148; x_wconf 88' lang='lat' dir='ltr'><strong>poterat</strong></span> 
     </span>
    </p>
   </div>
   <div class='ocr_carea' id='block_1_111' title="bbox 1955 5162 3532 5241">
    <p class='ocr_par' dir='ltr' id='par_1_111' title="bbox 1955 5162 3532 5241">
     <span class='ocr_line' id='line_1_111' title="bbox 1955 5162 3532 5241; baseline 0.003 -21"><span class='ocrx_word' id='word_1_872' title='bbox 1955 5165 2216 5236; x_wconf 85' lang='lat' dir='ltr'><strong>perﬁcere</strong></span> <span class='ocrx_word' id='word_1_873' title='bbox 2245 5179 2368 5218; x_wconf 88' lang='lat' dir='ltr'><strong>cum</strong></span> <span class='ocrx_word' id='word_1_874' title='bbox 2397 5163 2575 5217; x_wconf 89' lang='lat' dir='ltr'><strong>vellet.</strong></span> <span class='ocrx_word' id='word_1_875' title='bbox 2600 5162 2762 5216; x_wconf 78' lang='lat' dir='ltr'><strong>Multa</strong></span> <span class='ocrx_word' id='word_1_876' title='bbox 2787 5164 2929 5218; x_wconf 90' lang='lat' dir='ltr'><strong>enim</strong></span> <span class='ocrx_word' id='word_1_877' title='bbox 2963 5167 3210 5222; x_wconf 89' lang='lat' dir='ltr'><strong>novimus</strong></span> <span class='ocrx_word' id='word_1_878' title='bbox 3242 5169 3381 5224; x_wconf 88' lang='lat' dir='ltr'><strong>bona</strong></span> <span class='ocrx_word' id='word_1_879' title='bbox 3412 5187 3532 5241; x_wconf 56' lang='lat' dir='ltr'><strong>qua!</strong></span> 
     </span>
    </p>
   </div>
   <div class='ocr_carea' id='block_1_112' title="bbox 1954 5251 3533 5324">
    <p class='ocr_par' dir='ltr' id='par_1_112' title="bbox 1954 5251 3533 5324">
     <span class='ocr_line' id='line_1_112' title="bbox 1954 5251 3533 5324; baseline 0.003 -13"><span class='ocrx_word' id='word_1_880' title='bbox 1954 5257 2146 5311; x_wconf 82' lang='lat' dir='ltr'><strong>beatus</strong></span> <span class='ocrx_word' id='word_1_881' title='bbox 2178 5252 2452 5322; x_wconf 89' lang='lat' dir='ltr'><strong>apostolus</strong></span> <span class='ocrx_word' id='word_1_882' title='bbox 2472 5251 2670 5306; x_wconf 88' lang='lat' dir='ltr'><strong>Paulus</strong></span> <span class='ocrx_word' id='word_1_883' title='bbox 2698 5267 2994 5324; x_wconf 90' lang='lat' dir='ltr'><strong>omnesque</strong></span> <span class='ocrx_word' id='word_1_884' title='bbox 3026 5256 3168 5312; x_wconf 92' lang='lat' dir='ltr'><strong>illius</strong></span> <span class='ocrx_word' id='word_1_885' title='bbox 3221 5260 3398 5314; x_wconf 89' lang='lat' dir='ltr'><strong>meriti</strong></span> <span class='ocrx_word' id='word_1_886' title='bbox 3437 5261 3533 5315; x_wconf 86' lang='lat' dir='ltr'><strong>ha-</strong></span> 
     </span>
    </p>
   </div>
   <div class='ocr_carea' id='block_1_113' title="bbox 1955 5343 3531 5419">
    <p class='ocr_par' dir='ltr' id='par_1_113' title="bbox 1955 5343 3531 5419">
     <span class='ocr_line' id='line_1_113' title="bbox 1955 5343 3531 5419; baseline 0.002 -19"><span class='ocrx_word' id='word_1_887' title='bbox 1955 5345 2136 5400; x_wconf 89' lang='lat' dir='ltr'><strong>buisse</strong></span> <span class='ocrx_word' id='word_1_888' title='bbox 2163 5345 2474 5406; x_wconf 84' lang='lat' dir='ltr'><strong>credimus,‘</strong></span> <span class='ocrx_word' id='word_1_889' title='bbox 2500 5343 2551 5397; x_wconf 92' lang='lat' dir='ltr'><strong>id</strong></span> <span class='ocrx_word' id='word_1_890' title='bbox 2573 5349 2679 5405; x_wconf 81' lang='lat' dir='ltr'><strong>est,</strong></span> <span class='ocrx_word' id='word_1_891' title='bbox 2705 5345 2948 5407; x_wconf 90' lang='lat' dir='ltr'><strong>castitas,</strong></span> <span class='ocrx_word' id='word_1_892' title='bbox 3001 5349 3357 5414; x_wconf 85' lang='lat' dir='ltr'><strong>continentia,</strong></span> <span class='ocrx_word' id='word_1_893' title='bbox 3405 5365 3531 5419; x_wconf 84' lang='lat' dir='ltr'><strong>pru-</strong></span> 
     </span>
    </p>
   </div>
   <div class='ocr_carea' id='block_1_114' title="bbox 1955 5433 3530 5506">
    <p class='ocr_par' dir='ltr' id='par_1_114' title="bbox 1955 5433 3530 5506">
     <span class='ocr_line' id='line_1_114' title="bbox 1955 5433 3530 5506; baseline 0.002 -16"><span class='ocrx_word' id='word_1_894' title='bbox 1955 5435 2157 5499; x_wconf 89' lang='lat' dir='ltr'><strong>dentia,</strong></span> <span class='ocrx_word' id='word_1_895' title='bbox 2173 5433 2460 5496; x_wconf 89' lang='lat' dir='ltr'><strong>sobrietas,</strong></span> <span class='ocrx_word' id='word_1_896' title='bbox 2488 5434 2867 5500; x_wconf 86' lang='lat' dir='ltr'><strong>temperantia,</strong></span> <span class='ocrx_word' id='word_1_897' title='bbox 2887 5435 3277 5501; x_wconf 84' lang='lat' dir='ltr'><strong>misericordia,</strong></span> <span class='ocrx_word' id='word_1_898' title='bbox 3297 5437 3530 5506; x_wconf 88' lang='lat' dir='ltr'><strong>justitia,</strong></span> 
     </span>
    </p>
   </div>
   <div class='ocr_carea' id='block_1_115' title="bbox 1955 5523 3534 5596">
    <p class='ocr_par' dir='ltr' id='par_1_115' title="bbox 1955 5523 3534 5596">
     <span class='ocr_line' id='line_1_115' title="bbox 1955 5523 3534 5596; baseline 0.003 -18"><span class='ocrx_word' id='word_1_899' title='bbox 1955 5542 2076 5596; x_wconf 73' lang='lat' dir='ltr'><strong>qua:</strong></span> <span class='ocrx_word' id='word_1_900' title='bbox 2099 5525 2276 5580; x_wconf 89' lang='lat' dir='ltr'><strong>omnia</strong></span> <span class='ocrx_word' id='word_1_901' title='bbox 2310 5524 2362 5576; x_wconf 92' lang='lat' dir='ltr'><strong>in</strong></span> <span class='ocrx_word' id='word_1_902' title='bbox 2390 5523 2646 5592; x_wconf 78' lang='lat' dir='ltr'><strong>Apostolo</strong></span> <span class='ocrx_word' id='word_1_903' title='bbox 2677 5523 2899 5594; x_wconf 87' lang='lat' dir='ltr'><strong>ejusque</strong></span> <span class='ocrx_word' id='word_1_904' title='bbox 2927 5525 3195 5580; x_wconf 85' lang='lat' dir='ltr'><strong>similibus</strong></span> <span class='ocrx_word' id='word_1_905' title='bbox 3228 5525 3394 5582; x_wconf 82' lang='lat' dir='ltr'><strong>fuisse</strong></span> <span class='ocrx_word' id='word_1_906' title='bbox 3424 5545 3534 5583; x_wconf 89' lang='lat' dir='ltr'><strong>non</strong></span> 
     </span>
    </p>
   </div>
   <div class='ocr_carea' id='block_1_116' title="bbox 1959 5611 3534 5684">
    <p class='ocr_par' dir='ltr' id='par_1_116' title="bbox 1959 5611 3534 5684">
     <span class='ocr_line' id='line_1_116' title="bbox 1959 5611 3534 5684; baseline 0 -13"><span class='ocrx_word' id='word_1_907' title='bbox 1959 5615 2178 5672; x_wconf 89' lang='lat' dir='ltr'><strong>dubium</strong></span> <span class='ocrx_word' id='word_1_908' title='bbox 2204 5620 2306 5668; x_wconf 90' lang='lat' dir='ltr'><strong>est.</strong></span> <span class='ocrx_word' id='word_1_909' title='bbox 2339 5611 2490 5679; x_wconf 87' lang='lat' dir='ltr'><strong>Quod</strong></span> <span class='ocrx_word' id='word_1_910' title='bbox 2517 5628 2648 5683; x_wconf 81' lang='lat' dir='ltr'><strong>ergo</strong></span> <span class='ocrx_word' id='word_1_911' title='bbox 2692 5629 2860 5669; x_wconf 92' lang='lat' dir='ltr'><strong>unum</strong></span> <span class='ocrx_word' id='word_1_912' title='bbox 2885 5621 3036 5684; x_wconf 87' lang='lat' dir='ltr'><strong>optat</strong></span> <span class='ocrx_word' id='word_1_913' title='bbox 3083 5614 3283 5684; x_wconf 81' lang='lat' dir='ltr'><strong>facere,</strong></span> <span class='ocrx_word' id='word_1_914' title='bbox 3328 5616 3534 5672; x_wconf 86' lang='lat' dir='ltr'><strong>scilicet</strong></span> 
     </span>
    </p>
   </div>
  </div>
