3974 6202
381 340 441 391 τι
1785 299 2052 359 senum
2089 291 2285 354 soon

386 445 645 509 theorica,
689 455 788 510 pro
816 452 920 507 qua
949 434 1061 487 vita
1090 430 1263 485 Maria
1296 424 1586 498 praefertur
1622 417 1864 479 Marthae,
1894 421 1954 510 ut
1983 418 2031 475 Α

385 542 468 590 est
490 574 504 588 .
534 503 709 586 Maria
740 503 987 598 optimam
1019 529 1220 591 partem
1248 517 1419 586 elegit.
1449 513 1574 566 llaec
1597 523 1726 577 ergo
1754 503 1951 559 theori-

387 641 474 689 ca,
498 623 549 678 id
576 629 673 683 est,
701 596 1082 683 contemplatio
1110 605 1483 674 Dei,omnium
1507 596 1952 668 justiticationum

390 685 586 788 genera
620 711 705 765 vel
734 707 925 762 merita
976 701 1254 773 prmcellit,
1285 705 1341 752 et
1365 695 1452 750 illa
1481 691 1699 761 quidem
1751 685 1952 788 omnia,

390 777 508 879 quae
533 807 585 859 in
617 799 873 872 Apostolo
903 795 1068 849 fuisse
1097 789 1464 861 praediximus,
1495 798 1598 836 non
1623 780 1795 834 solum
1817 777 1958 830 bona

391 871 445 954 et
470 897 638 958 utilia,
665 871 864 946 iverum
901 888 1064 942 etiam
1101 896 1293 950 magna
1342 886 1502 946 atque
1531 871 1786 944 praeclara
1813 873 1956 922 sunt.

393 988 497 1042 Sed
525 987 684 1049 sicut,
719 983 868 1037 verbi
920 979 1112 1050 gratia,
1143 974 1320 1030 stanni
1370 968 1669 1030 metallum,
1704 962 1844 1033 quod
1868 959 1964 1013 ali-

393 1077 546 1145 cujus
573 1075 820 1129 utilitatis
847 1080 902 1126 et
929 1070 1117 1141 gratim
1156 1065 1470 1136 putabatur,
1497 1059 1557 1112 tit
1588 1054 1793 1126 argenti
1821 1065 1966 1105 com-

392 1168 673 1237 paratione
701 1163 1019 1217 vilissimum
1048 1175 1062 1223 ;
1103 1167 1158 1211 et
1189 1169 1428 1216 rursum,
1465 1149 1582 1203 auri
1634 1141 1963 1210 contempla-

397 1263 542 1316 tione
593 1258 844 1312 meritum
894 1250 1170 1308 evanescit
1217 1245 1451 1317 argenti,
1507 1255 1699 1295 aurum
1755 1248 1988 1306 quoque-

396 1350 678 1404 collatione
701 1357 1056 1417 gemmarum,
1089 1351 1313 1409 gemmm
1337 1349 1466 1388 vero
1488 1331 1734 1385 claritate
1758 1338 1969 1392 marga-

397 1444 620 1496 ritarum
677 1443 1137 1493 contemnuntur:
1169 1432 1242 1485 ita
1274 1429 1363 1482 illa
1407 1430 1722 1481 ornamenta
1771 1417 1969 1473 sancti-

399 1533 548 1592 tatis,
583 1530 830 1598 quamvis
854 1541 959 1579 non
996 1523 1168 1577 solum
1199 1520 1265 1574 ad
1315 1531 1553 1588 praesens
1577 1515 1714 1567 bona
1737 1519 1793 1564 et
1818 1507 1969 1562 utilia

399 1630 544 1684 sunt,
592 1633 780 1672 verum
833 1615 998 1669 etiam
1049 1612 1245 1666 donum
1295 1604 1617 1660 aeternitatis
1661 1600 1963 1669 acquirunt,

405 1722 584 1766 tamen
613 1709 657 1762 si
685 1707 877 1761 divina:
899 1697 1368 1769 contemplationis
1407 1695 1618 1749 meritis
1653 1704 1968 1758 comparen-

403 1810 511 1863 tur,
559 1798 686 1850 vilia
731 1794 1117 1853 censebuntur,
1166 1796 1223 1842 et
1271 1784 1678 1852 comparatione
1716 1778 1969 1834 theorica:
2000 1760 2043 1818 Β

407 1889 666 1944 claritatis
697 1886 975 1939 fuscantur
1003 1899 1015 1934 :
1048 1879 1275 1933 multum
1330 1876 1475 1930 enim
1501 1881 1740 1936 sanctos,
1787 1885 1973 1939 quam-

405 1981 488 2032 vis
517 1981 779 2030 bonorum
806 1986 1050 2042 operum,
1087 1967 1315 2023 terrenis
1363 1974 1542 2018 tamen
1591 1962 1786 2017 studiis
1813 1975 1974 2014 occu-

406 2078 580 2139 patos,
618 2083 646 2120 a
673 2062 1125 2132 contemplatione
1154 2057 1298 2111 illius
1325 2055 1449 2110 boni
1473 2054 1755 2108 retrahunt
1778 2066 1841 2104 ac
1863 2059 1974 2104 tar-

406 2159 555 2211 dant.
1655 2199 1658 2203 ‘

479 2246 619 2299 Nam
649 2243 928 2316 prudentia
975 2242 1152 2296 carnis
1193 2255 1331 2294 mors
1359 2247 1454 2291 est.
1495 2237 1612 2305 Ipse
1663 2235 1812 2300 dicit,
1847 2250 1977 2304 pru-

409 2339 643 2394 dentiam
693 2340 984 2392 humanam
1025 2349 1166 2398 esse,
1219 2348 1317 2403 pro
1352 2331 1493 2385 malo
1517 2332 1693 2385 vicem
1727 2329 1976 2383 reddere.

415 2427 560 2481 Talis
586 2442 713 2496 ergo
759 2425 1045 2496 prudentia
1093 2431 1322 2478 mortem
1348 2421 1490 2491 parit
1538 2417 1983 2489 transgrediendo

412 2528 757 2590 prmeeptum.
799 2516 1033 2587 Spiritus
1081 2530 1209 2570 vero
1251 2512 1538 2583 prudentia
1589 2525 1776 2581 pacem
1823 2509 1985 2563 habet

413 2625 518 2662 non
551 2607 822 2663 reddendo
873 2607 1068 2669 vicem,
1100 2613 1155 2659 et
1179 2605 1348 2658 vitam
1394 2603 1448 2656 in
1499 2601 1675 2656 futuro
1700 2599 1980 2670 percipiet.

414 2696 702 2751 Prudentia
737 2710 865 2749 vero
889 2709 919 2746 a
957 2692 1288 2763 providendo
1312 2699 1396 2745 est
1438 2688 1725 2759 appellata,
1749 2687 1988 2742 Pruden-

412 2786 487 2840 tia
517 2785 636 2840 ideo
663 2785 861 2838 dicitur
885 2798 1008 2838 cum
1049 2795 1136 2835 res
1182 2780 1343 2835 stulta
1367 2781 1457 2844 sit,
1491 2780 1614 2849 quia
1642 2778 1906 2832 industria
1931 2785 1985 2832 et

414 2876 611 2931 astutia
645 2875 858 2930 illorum
904 2874 958 2928 in
1010 2888 1075 2928 eo
1126 2880 1209 2926 est
1261 2879 1320 2926 ut
1377 2877 1582 2940 peccet.
1613 2868 1815 2938 Sapere
1843 2868 1988 2922 enim

415 2967 517 3022 sibi
545 2966 814 3030 videntur,
847 2965 891 3018 si
919 2963 1061 3018 istud
1101 2962 1409 3032 diligentius
1437 2966 1645 3014 curent.
1689 2959 1784 3012 Est
1807 2965 1863 3012 et
1883 2957 1989 3012 alia

417 3056 704 3126 prudentia
739 3054 920 3109 carnis
945 3068 1084 3122 quae,
1115 3051 1404 3105 mundanis
1456 3048 1755 3103 rationibus
1784 3045 1986 3108 inflata,

424 3153 587 3214 negat
622 3142 838 3212 aliquod
862 3142 976 3195 tieri
1013 3141 1156 3210 quod
1181 3139 1365 3194 mundi
1388 3153 1570 3193 careat
1591 3137 1818 3203 ratione,
1846 3137 1987 3191 unde

424 3232 568 3287 ridet
591 3231 826 3302 Virginis
851 3238 1087 3299 partum,
1115 3229 1296 3284 carnis
1343 3226 1814 3282 resurrectionem.
1850 3223 1990 3278 Pru-

425 3323 602 3378 dentia
631 3332 806 3376 autem
826 3322 1040 3392 spiritus
1079 3321 1182 3375 vita
1210 3329 1258 3374 et
1290 3336 1413 3390 pax.
1446 3318 1584 3374 Vere
1614 3320 1731 3374 haec
1755 3325 1841 3374 est
1861 3334 1989 3388 pru-

423 3414 604 3471 dentia
629 3428 747 3482 quae
776 3413 939 3466 vitam
981 3410 1225 3480 requirit,
1257 3418 1312 3464 et
1359 3424 1547 3479 pacem
1577 3424 1810 3478 sequens
1837 3409 1992 3478 spiri-

428 3503 654 3568 tualcm,
701 3502 1023 3572 contemptis
1061 3501 1328 3556 illecebris
1349 3501 1472 3554 vitae
1495 3500 1794 3569 praesentis,
1832 3498 1994 3553 babe-

425 3596 504 3650 bit
541 3596 704 3649 vitam
735 3611 855 3650 cum
887 3611 1042 3664 pace,
1073 3595 1123 3650 id
1151 3603 1255 3659 est,
1287 3595 1402 3649 sine
1425 3594 1809 3663 inquietudine.

505 3684 766 3750 Quoniam
812 3685 1090 3755 prudentia
1146 3685 1320 3738 carnis
1369 3684 1582 3736 inimica
1629 3693 1702 3736 est
1731 3682 1864 3746 Deo,
1895 3681 1995 3751 legi

429 3776 567 3830 enim
597 3775 692 3828 Dei
727 3791 830 3828 non
855 3783 930 3828 est
956 3774 1206 3844 subjecta.
1240 3771 1488 3828 Ostendit
1515 3772 1642 3841 quid
1679 3771 1878 3826 dixerit
1901 3771 1998 3824 ini-

437 3865 600 3929 mica,
661 3880 730 3919 ne
789 3866 912 3934 quis
959 3871 1174 3933 putaret
1223 3879 1288 3917 ex
1336 3863 1564 3916 adverso
1625 3861 1769 3914 aliud
1817 3861 2000 3915 venire

435 3954 775 4026 principium,
836 3955 1109 4023 subjungit
1163 3962 1219 4007 et
1255 3954 1404 4007 dicit.
1447 3951 1570 4022 Legi
1599 3954 1735 4006 enim
1775 3951 1872 4005 Dei
1898 3967 2001 4004 non

436 4052 511 4096 est
541 4043 796 4112 subjecta,
826 4057 916 4094 nec
938 4042 1073 4092 enim
1101 4049 1284 4110 potest.
1338 4041 1477 4108 Ergo
1508 4031 1686 4093 facere
1714 4047 1904 4093 contra
1929 4038 2004 4092 le-

437 4147 579 4203 gem,
607 4131 710 4186 hoc
733 4139 817 4184 est
843 4129 1116 4182 inimicum
1144 4143 1263 4182 esse
1312 4128 1363 4180 in
1397 4128 1583 4190 Deum,
1614 4142 1719 4180 non
1742 4127 1869 4194 quia
1896 4127 2005 4180 Deo

437 4220 640 4289 aliquid
667 4233 864 4273 nocere
893 4224 1086 4284 potest,
1124 4216 1218 4270 sed
1271 4215 1370 4269 sibi
1412 4222 1589 4283 potest
1615 4227 1829 4277 nocere,
1862 4213 2006 4282 quis-

440 4308 563 4376 quis
593 4305 802 4361 resistit
830 4305 1092 4359 voluntati
1119 4304 1232 4365 Dei,
1255 4305 1356 4359 hoc
1376 4312 1457 4358 est
1483 4304 1626 4358 enim
1657 4303 1856 4358 calcem
1887 4303 2009 4358 mit-

447 4407 562 4453 tere
591 4397 848 4452 advers’us
875 4395 1171 4450 stimulum.
1218 4396 1308 4450 Sic
1328 4405 1411 4450 est
1439 4395 1639 4450 dictum
1671 4414 1684 4449 :
1715 4394 1837 4465 Legi
1875 4395 2013 4449 enim

443 4487 541 4542 Dei
569 4504 671 4542 non
708 4497 782 4540 est
803 4487 1057 4556 subjecta,
1099 4499 1274 4553 neque
1319 4486 1464 4540 enim
1491 4492 1686 4554 potest.
1735 4484 2014 4554 Tanquam

443 4579 489 4634 si
520 4579 806 4641 diceretur,
856 4576 946 4631 nix
989 4592 1094 4630 non
1125 4574 1408 4640 calefacit,
1460 4576 1556 4630 sed
1600 4575 1794 4630 resolvi
1840 4582 2019 4644 potest

443 4677 498 4722 et
532 4666 739 4722 fervere
769 4673 827 4721 ut
851 4663 1154 4730 calefaciat,
1206 4665 1302 4721 sed
1326 4681 1448 4721 cum
1489 4666 1592 4720 hoc
1616 4664 1765 4729 facit,
1786 4664 1897 4736 jam
1925 4665 2015 4718 nix

446 4773 552 4814 non
581 4764 681 4812 est.
715 4755 806 4811 Sic
831 4764 886 4812 et
912 4755 1197 4825 prudentia
1233 4755 1492 4820 carnalis,
1542 4771 1666 4811 cum
1711 4756 1891 4809 anima
1921 4771 2019 4825 pro

448 4848 660 4919 magnis
710 4846 865 4902 bonis
910 4846 1225 4915 temporalia
1276 4847 1413 4900 bona
1444 4846 1752 4901 desiderare
1795 4845 2020 4913 cmperit

449 4949 813 5002 contemnere,
859 4946 916 4992 et
956 4937 1257 5007 spiritualia
1302 4937 1629 5000 desiderare,
1673 4937 1869 4991 desinit
1903 4951 2025 4990 esse

451 5029 629 5084 carnis
678 5027 981 5098 prudentia,
1013 5035 1072 5082 et
1099 5027 1312 5098 Spiritui
1357 5042 1462 5081 non
1494 5026 1716 5081 resistit.
1761 5025 1838 5078 Ea
1869 5040 2023 5078 nam-

453 5133 558 5188 que
584 5119 762 5172 anima
791 5134 914 5173 cum
963 5117 1221 5174 inferiora
1253 5117 1486 5188 appetit,
1538 5115 1874 5186 prudentiam
1909 5130 2027 5169 car-

455 5207 540 5260 nis
564 5206 764 5261 habere
793 5207 988 5261 dicitur
1013 5224 1028 5275 ;
1072 5223 1196 5263 cum
1224 5207 1520 5275 superiora,
1546 5203 1886 5274 prudentiam
1915 5204 2027 5273 spi-

457 5296 614 5360 ritus,
647 5311 752 5349 non
780 5298 904 5364 quia
946 5299 1230 5366 prudentia
1256 5297 1437 5352 carnis
1464 5294 1762 5350 substantia
1792 5300 1896 5358 est,
1926 5309 2030 5362 qua

458 5387 696 5444 induitur
737 5387 914 5440 anima
945 5388 1026 5440 vel
1051 5390 1300 5451 exuitur,
1339 5387 1434 5442 sed
1463 5387 1631 5456 ipsius
1673 5385 1868 5438 animae
1905 5382 2032 5437 affe—

458 5482 625 5536 ctatio
653 5486 758 5544 est,
787 5493 907 5547 quae
932 5479 1150 5533 omnino
1182 5480 1380 5534 desinit
1411 5493 1535 5533 cum
1564 5491 1622 5534 se
1651 5484 1819 5531 totam
1850 5475 1918 5530 ad
1943 5490 2034 5528 su-

463 5585 628 5641 perna
657 5570 942 5626 convertit.

536 5657 638 5724 Qui
663 5661 794 5714 enim
819 5660 871 5714 in
903 5675 1058 5715 carne
1093 5667 1231 5714 sunt.
1275 5657 1332 5713 ld
1372 5665 1472 5724 est,
1521 5657 1796 5713 voluntate
1832 5657 2027 5712 carnis.

3556 257 3621 311 7'2

2059 409 2156 463 llic
2184 410 2411 476 apparet
2435 399 2579 470 quod
2608 413 2713 453 non
2741 407 2980 457 carnem,
3007 389 3102 445 sed
3146 399 3310 456 opera
3335 380 3514 438 carnis
3544 395 3630 436 ac—

2053 469 2233 556 cuset:
2253 469 2435 548 -Totus
2456 469 2694 544 mundus
2731 500 2861 540 caro
2886 491 2970 538 est
2997 497 3013 534 :
3043 493 3204 534 omne
3234 476 3378 531 enim
3417 469 3630 527 visibile

2053 589 2202 646 carni
2225 588 2529 656 deputatur,
2570 579 2782 649 cognita
2819 575 2963 631 enim
3002 580 3127 628 sunt
3153 568 3352 632 carnis,
3404 565 3634 633 ideoque

2056 680 2146 748 qui
2176 675 2462 732 mundanis
2491 673 2652 726 rebus
2678 671 3036 737 obtemperat,
3066 664 3119 718 in
3145 674 3309 717 carne
3333 666 3440 715 est.

2139 770 2238 824 Vos
2267 778 2440 821 autem
2469 781 2570 818 non
2607 764 2726 816 estis
2754 761 2808 814 in
2837 773 3012 811 carne.
3063 754 3119 808 ln
3145 768 3308 808 carne
3340 749 3526 822 positi,
3555 747 3637 802 di-

2061 868 2254 915 euntur
2282 873 2386 912 non
2412 869 2533 909 esse
2564 855 2616 906 in
2646 864 2828 912 carne,
2855 849 2950 904 sed
2974 847 3025 900 in
3048 844 3262 914 spiritu,
3283 843 3384 896 hoc
3409 848 3510 905 est,
3529 839 3639 909 spi-

2065 948 2344 1004 ritualibus
2369 943 2631 1012 occupati.
2679 939 2736 994 Si
2769 949 2943 992 tamen
2972 934 3184 1005 spititus
3217 931 3308 983 Dei
3345 929 3545 982 habitat
3581 928 3637 980 iu

2068 1039 2227 1094 vobis.
2259 1038 2313 1090 In
2341 1035 2434 1089 illo
2478 1032 2696 1102 spiritus
2725 1029 2819 1082 Dei
2863 1026 3089 1088 habitat,
3140 1023 3190 1076 in
3229 1036 3336 1090 quo
3378 1026 3642 1089 apparent

2067 1127 2184 1196 ejus
2222 1125 2468 1189 fructus,
2508 1122 2648 1176 sicut
2679 1119 2755 1173 ait
2780 1117 2849 1172 ad
2891 1114 3146 1170 Galatas:
3196 1110 3425 1164 Fructus
3466 1119 3641 1162 autem

2067 1217 2280 1285 spiritus
2318 1223 2390 1267 est
2421 1211 2694 1282 gaudium,
2747 1207 2998 1270 Charitas,
3051 1212 3156 1258 etc.
3195 1199 3336 1270 (Gal.
3395 1200 3477 1272 ιι).
3529 1200 3643 1254 lloc

2069 1309 2189 1362 ideo
2215 1306 2462 1375 ambigue
2491 1302 2687 1357 dicitur
2709 1299 2834 1369 quia
2875 1299 2929 1352 in
2955 1297 3125 1368 legem
3159 1293 3382 1356 inducti,
3411 1308 3518 1346 non
3549 1291 3644 1344 ad-

2069 1402 2175 1455 huc
2211 1396 2461 1468 perfecta:
2505 1393 2628 1448 ﬁdei
2661 1399 2852 1455 erant,
2899 1387 2994 1444 sed
3029 1401 3177 1457 spem
3231 1385 3282 1438 in
3313 1386 3395 1437 eis
3431 1382 3647 1435 videbat

2068 1487 2434 1559 perfectionis,
2485 1483 2629 1537 unde
2657 1479 2943 1551 aliquando
2985 1476 3141 1546 quasi
3185 1472 3442 1544 perfectis
3472 1471 3647 1540 loqui-

2070 1591 2177 1645 tur,
2209 1576 2496 1647 aliquando
2517 1575 2672 1644 quasi
2709 1570 3052 1642 perfecturis,
3079 1568 3185 1622 hoc
3223 1573 3325 1629 est,
3355 1563 3644 1632 aliquando

2071 1669 2271 1733 laudat,
2308 1665 2593 1735 aliquando
2615 1668 2939 1718 commonet.
2969 1658 3071 1724 Qui
3085 1657 3220 1710 enim
3246 1656 3298 1707 in
3323 1670 3479 1708 carne
3500 1663 3646 1718 sunt,

2070 1762 2180 1815 Deo
2201 1759 2402 1829 placere
2432 1772 2534 1810 non
2555 1762 2789 1825 possunt.
2841 1751 2898 1806 ld
2919 1760 3001 1806 est
3019 1749 3111 1818 qui
3140 1745 3504 1816 voluptatibus
3528 1761 3653 1799 car—

2074 1853 2160 1907 nis
2181 1851 2529 1920 aequieseunt
2555 1864 2567 1899 :
2599 1861 2666 1900 ne
2691 1843 2814 1914 quis
2841 1841 2986 1896 enim
3012 1840 3077 1894 de
3105 1839 3190 1893 his
3216 1837 3414 1891 dictum
3436 1842 3656 1904 putaret

2075 1943 2166 2012 qui
2197 1943 2262 1997 de
2290 1943 2391 1995 hac
2411 1941 2520 1994 vita
2550 1938 2784 1992 nondum
2805 1940 3172 1997 excesserunt,
3203 1929 3656 2000 opportunissime

2077 2029 2350 2098 subjunxit
2377 2049 2391 2080 :
2433 2026 2533 2082 Vos
2559 2036 2733 2079 autem
2759 2025 2810 2077 in
2839 2039 2995 2076 carne
3029 2038 3131 2074 non
3169 2021 3311 2082 estis,
3340 2018 3431 2071 sed
3469 2017 3523 2070 in
3550 2018 3658 2087 spi-

2081 2123 2184 2176 ritu
2215 2135 2233 2172 :
2261 2120 2445 2188 utique
2467 2117 2641 2172 adhuc
2676 2115 2731 2168 in
2779 2114 2880 2168 hac
2905 2113 3014 2166 vita
3049 2109 3360 2165 constitutis
3391 2106 3651 2176 loquitur.

2082 2213 2137 2267 lu
2162 2212 2353 2282 spiritu
2381 2209 2525 2264 enim
2551 2215 2722 2272 erant,
2756 2205 2882 2275 quia
2930 2205 2985 2258 in
3016 2202 3140 2268 ﬁde,
3186 2215 3280 2270 spe
3309 2208 3364 2254 et
3394 2199 3661 2254 charitate

2083 2300 2442 2372 spiritualium
2473 2313 2652 2353 rerum
2684 2294 3115 2366 acquiescebant.

2155 2393 2348 2463 Siquis
2379 2402 2550 2445 autent
2577 2391 2816 2460 spiritum
2844 2388 3037 2442 Christi
3080 2403 3182 2440 non
3223 2386 3396 2450 habet,
3445 2385 3530 2437 hic
3553 2401 3660 2437 non

2084 2491 2160 2536 est
2182 2481 2314 2550 ejus.
2344 2479 2578 2550 Spiritus
2601 2485 2781 2532 autem
2809 2476 3040 2541 Christi,
3074 2475 3412 2537 humilitatis,
3456 2474 3665 2544 patien-

2087 2571 2196 2637 tiae,
2226 2570 2574 2638 omniumque
2600 2567 2858 2621 virtutum
2886 2573 2968 2620 est
2993 2605 3008 2629 ,
3057 2565 3148 2635 qui
3177 2564 3368 2618 dilexit
3414 2563 3665 2617 inimicos

2085 2672 2142 2720 et
2159 2679 2261 2735 pro
2297 2663 2378 2718 eis
2398 2661 2592 2716 oravit.
2623 2659 2885 2728 Spiritum
2914 2658 3029 2722 Dei,
3064 2672 3208 2712 nunc
3233 2656 3477 2726 spiritum
3502 2653 3665 2710 Chri—

2088 2755 2158 2810 sti
2190 2752 2354 2809 dicit:
2389 2752 2514 2822 quia
2533 2751 2714 2806 omnia
2739 2749 2920 2803 Patris
2946 2747 3069 2801 Filii
3111 2756 3254 2802 sunt.
3298 2745 3411 2801 Hoc
3433 2760 3560 2816 ergo
3585 2746 3671 2800 di-

2088 2846 2247 2908 citur,
2295 2843 2422 2913 quia
2454 2840 2776 2911 supradictis
2812 2837 3088 2894 erroribus
3134 2838 3227 2907 qui
3257 2837 3532 2907 subjectus
3557 2845 3665 2902 est,

2091 2934 2158 2988 ad
2187 2931 2461 2988 Christum
2489 2946 2596 2985 non
2636 2930 2906 2998 pertinet:
2956 2928 3203 2998 spiritum
3231 2927 3375 2982 enim
3417 2924 3530 2993 ejus
3558 2941 3670 2981 non

2093 3024 2277 3089 habet,
2304 3038 2467 3094 quem
2493 3031 2551 3076 ut
2575 3021 2742 3075 Filius
2771 3020 2864 3074 Dei
2887 3027 3051 3083 esset,
3083 3027 3385 3087 acceperat.
3437 3017 3538 3072 Hic
3563 3034 3674 3073 non

2017 3102 2061 3164 Ο
2092 3129 2164 3174 est
2209 3119 2344 3188 ejus.
2401 3118 2536 3173 Cum
2568 3117 2621 3170 in
2650 3114 2880 3168 Psalmis
2921 3113 3102 3168 dicat:
3149 3111 3282 3165 Mea:
3317 3120 3436 3166 sunt
3490 3127 3673 3165 omnes

2093 3212 2218 3281 ferte
2251 3209 2537 3272 silvarum,
2555 3208 2798 3276 jumeuta
2833 3206 2887 3258 in
2916 3205 3198 3268 montibus,
3227 3213 3273 3256 et
3311 3203 3456 3256 bores
3495 3200 3669 3272 (Psal.

2092 3297 2256 3370 XLVI).
2299 3297 2365 3352 Et
2391 3297 2437 3352 si
2462 3295 2590 3375 fera:
2619 3303 2674 3350 et
2691 3296 2935 3365 jumenta
2963 3291 3078 3361 ejus
3102 3300 3245 3356 sunt,
3278 3291 3547 3360 quomodo
3573 3289 3672 3344 ho-

2091 3391 2264 3444 mines
2295 3387 2412 3456 ejus
2457 3403 2562 3442 non
2608 3386 2776 3441 sunt?
2825 3385 3013 3439 Potest
3059 3391 3114 3438 et
3161 3383 3240 3436 sic
3271 3382 3492 3451 intelligi
3525 3383 3674 3450 quod

2093 3479 2184 3548 qui
2229 3494 2334 3532 non
2361 3477 2525 3532 habet
2570 3477 2816 3546 spiritum
2848 3475 3086 3538 Christi,
3136 3474 3225 3528 hic
3251 3488 3356 3527 non
3384 3471 3498 3540 ejus
3543 3480 3628 3526 est
3653 3487 3672 3526 :

2095 3583 2219 3623 nam
2253 3567 2342 3622 hic
2368 3574 2614 3620 creatura
2663 3565 2876 3634 quidem
2928 3561 3044 3631 ejus
3071 3573 3153 3616 est
3175 3602 3190 3627 ,
3237 3561 3377 3616 sicut
3415 3560 3679 3615 silvarum

2095 3654 2578 3723 ferte,etjumenta
2607 3655 2662 3708 in
2702 3653 2998 3718 montibus,
3051 3659 3108 3705 et
3136 3652 3320 3716 boves,
3362 3649 3456 3704 sed
3512 3650 3680 3706 disci-

2096 3746 2252 3816 pulus
2277 3743 2392 3812 ejus
2421 3759 2526 3798 non
2562 3751 2663 3798 est.

2170 3837 2230 3892 Si
2252 3845 2426 3890 autem
2452 3832 2690 3890 Christus
2717 3834 2770 3886 in
2791 3833 2932 3887 vobis
2959 3843 3032 3886 est
3060 3848 3076 3886 :
3101 3847 3287 3900 corpus
3309 3831 3513 3902 quidem
3541 3847 3684 3885 mor-

2101 3940 2250 3986 tuum
2272 3943 2346 3985 est
2370 3938 2579 4000 propter
2601 3937 2887 3999 peccatum.
2937 3926 2994 3982 Si
3037 3924 3314 3981 Christum
3368 3925 3682 3988 imitamini,

2103 4021 2338 4076 carnalis
2384 4035 2576 4076 sensus
2613 4018 2767 4089 quasi
2817 4027 3064 4074 mortuus
3104 4017 3258 4072 vobis
3297 4031 3405 4070 non
3453 4015 3681 4069 resistit.

2105 4111 2201 4178 Vel
2229 4117 2448 4181 propter
2470 4119 2772 4180 peccatum,
2811 4118 2945 4175 etc.,
2983 4109 3087 4164 hoc
3111 4116 3195 4164 est
3219 4111 3412 4162 merito
3450 4107 3682 4174 peccati.

2105 4200 2320 4256 Peccati
2382 4213 2544 4252 causa
2600 4212 2796 4266 corpus
2863 4205 3132 4251 mortuum
3194 4195 3432 4250 asserit:
3486 4209 3688 4262 corpus

2063 4325 2076 4336 ρ
2109 4298 2290 4345 autem
2314 4288 2516 4352 dicens,
2565 4294 2736 4340 totum
2780 4287 3053 4340 hominem
3103 4283 3374 4355 signiﬁcat
3415 4291 3687 4337 mortuum

2114 4379 2317 4451 peccati
2351 4392 2534 4432 causa.
2565 4375 2795 4446 Spiritus
2826 4391 2940 4431 vero
2967 4375 3085 4430 vivit
3111 4382 3318 4445 propter
3348 4373 3693 4444 justiﬁcatio-

2118 4486 2254 4524 nem.
2308 4467 2419 4523 Hoc
2445 4477 2548 4532 est,
2578 4466 2802 4537 spiritus
2831 4466 2983 4529 vivit,
3016 4473 3074 4518 ut
3101 4463 3368 4532 justitiam
3397 4470 3649 4531 operetur
3674 4479 3689 4513 ε

2119 4577 2223 4616 non
2271 4560 2414 4614 enim
2443 4560 2544 4613 hoc
2569 4558 2740 4613 solum
2769 4557 3049 4626 quaeritur,
3093 4564 3154 4609 ut
3179 4570 3210 4609 a
3237 4553 3544 4609 carnalibus
3571 4567 3693 4607 ces-

2120 4667 2320 4715 semus,
2352 4651 2447 4706 sed
2467 4647 2758 4720 spiritualia
2782 4648 3059 4702 faciamus.
3103 4646 3245 4700 Mors
3271 4652 3447 4699 autem
3478 4643 3697 4711 corpori

2122 4740 2326 4810 peccati
2355 4753 2537 4803 causa,
2564 4737 2618 4792 id
2641 4743 2747 4800 est,
2774 4751 2842 4790 ne
2869 4746 3074 4804 peccet,
3108 4735 3416 4804 imponitur.
3468 4731 3621 4798 Quod
3646 4734 3696 4786 si

2122 4844 2319 4900 corpus
2353 4835 2575 4897 peccato
2602 4832 2871 4881 mortuum
2897 4833 2999 4889 est,
3027 4823 3249 4895 spiritus
3278 4823 3580 4878 necessario
3626 4823 3701 4877 ad

2124 4920 2425 4975 faciendam
2449 4918 2714 4987 justitiam
2737 4917 2886 4970 vivit.
2921 4916 3021 4983 Qui
3052 4916 3196 4970 enim
3226 4916 3281 4970 in
3303 4928 3530 4983 corpore
3553 4928 3703 4967 mor-

2125 5018 2250 5064 tuus
2277 5022 2377 5062 nec
2406 5009 2570 5062 servit
2595 5016 2841 5076 peccato,
2872 5019 3100 5078 necesse
3125 5013 3210 5060 est
3243 5013 3303 5058 ut
3322 5005 3375 5058 in
3403 5003 3590 5071 spiritu
3617 5002 3704 5055 vi-

2129 5113 2216 5157 vat
2241 5111 2297 5157 et
2323 5101 2546 5171 justitia:
2569 5101 2790 5154 serviat.
2832 5098 2924 5155 Sic
2952 5099 3161 5154 etidem
3187 5095 3459 5165 apostolus
3485 5094 3542 5147 in
3570 5109 3707 5163 quo-

2130 5195 2251 5249 dam
2308 5193 2425 5246 loco
2474 5191 2603 5246 dicit
2652 5191 2936 5245 tradidisse
2987 5187 3273 5257 quemdam
3313 5185 3366 5238 in
3424 5184 3706 5239 interitum

2131 5284 2328 5348 carnis,
2361 5290 2422 5336 ut
2446 5282 2670 5352 spiritus
2695 5281 2874 5337 salvus
2909 5279 3020 5334 fiat.

2203 5374 2355 5439 Quod
2376 5375 2420 5426 si
2445 5373 2656 5444 spiritus
2671 5373 2784 5444 ejus
2805 5372 2893 5442 qui
2917 5369 3181 5424 suscitavit
3201 5365 3384 5421 Iesum
3404 5383 3435 5419 a
3458 5364 3704 5419 mortuis.

2134 5466 2399 5534 Quoniam
2427 5465 2643 5535 quidem
2672 5480 2832 5534 supra
2851 5463 3062 5516 dixerat
3089 5461 3156 5514 de
3183 5460 3269 5514 his
3297 5458 3388 5526 qui
3423 5457 3489 5510 ad
3512 5454 3712 5510 simili-

2134 5556 2371 5610 tudinem
2405 5556 2592 5610 mortis
2638 5553 2837 5609 Christi
2870 5565 3096 5620 corpora
3141 5566 3235 5604 sua
3265 5547 3610 5609 mortificant,
3639 5559 3714 5598 ne

2135 5651 2378 5718 peccent,
2418 5645 2722 5701 necessario
2763 5654 2888 5698 tunc
2921 5642 3248 5698 mentionem
3297 5637 3414 5707 ejus
3443 5635 3570 5690 facit
3614 5635 3712 5704 qui
