3974 6202
196 419 273 473 75
1310 413 1642 493 COLLECT.
1680 414 1749 469 lN

1879 415 2003 472 lST.
2046 416 2138 474 AD
2175 418 2338 475 ROM.
3395 439 3491 494 75‘

198 517 483 573 suscitavit
507 517 696 574 Jesum
720 535 751 575 a
783 522 1013 578 mortuis
1034 563 1049 588 ,
1101 533 1160 578 ut
1202 524 1550 584 similitudine
1579 536 1635 584 et
1670 528 1787 598 pari
1816 531 1867 590 Α
1891 543 1989 599 per
2027 532 2349 605 charitatem
2400 534 2759 593 mortiﬁcatur
2804 547 2857 595 ct
2903 544 3282 616 exstinguitur.
3320 546 3466 605 Gau-

201 612 433 676 ratione,
479 627 585 681 qua
614 616 945 669 commortui
987 625 1113 671 sunt
1144 625 1201 671 et
1242 618 1562 688 consepulti,
1616 621 1791 675 sciant
1893 620 2040 675 dium
2069 622 2316 677 similiter
2347 624 2553 681 fructus
2568 634 2653 682 est
2687 629 2940 699 spiritus;
2966 612 3182 690 tristitia
3207 651 3336 695 vero
3359 638 3462 694 hu-

201 720 262 759 se
290 719 391 775 per
421 706 672 775 spiritum
703 705 823 775 ejus
846 708 938 777 qui
960 706 1142 764 Jesum
1170 724 1201 763 a
1230 711 1459 765 mortuis
1506 711 1788 767 suscitavit
1884 705 1976 774 ius
2002 711 2206 777 Steculi,
2241 728 2361 781 qum
2392 724 2621 771 mortem
2656 728 2932 788 cperatur,
2965 725 3147 778 carnis
3161 734 3243 781 est
3267 733 3459 784 actus:

198 794 553 850 viviﬁcandos
577 810 720 862 esse,
759 806 814 851 et
844 797 912 852 ad
950 796 1150 853 Christi
1181 797 1583 854 similitudinem
1610 814 1789 854 resus-

198 886 448 941 citandas
475 901 597 941 esse
627 902 659 940 a
687 888 937 942 mortuis.
969 888 1035 943 Et
1060 896 1329 959 quatenus
1360 891 1411 946 id
1449 891 1563 956 flat,
1612 898 1787 946 osten-

199 977 308 1041 dit;
368 976 508 1030 dicit
561 977 709 1030 enim
762 995 775 1031 :
827 977 1051 1049 Propter
1111 980 1488 1035 inhabitantem
1545 982 1785 1052 spiritum

198 1067 311 1136 ejus
336 1068 397 1119 in
431 1066 597 1120 vobis.
631 1066 1011 1138 Unusquisque
1050 1070 1127 1124 sic
1149 1070 1347 1126 habere
1371 1072 1425 1125 in
1452 1087 1511 1127 se
1537 1074 1783 1143 spiritum

199 1155 399 1209 Christi
424 1156 705 1225 probatur.
758 1155 1009 1213 Christus
1037 1159 1299 1228 sapientia
1345 1168 1468 1215 est:
1512 1163 1557 1217 si
1593 1164 1664 1217 sit
1692 1179 1780 1219 sa-

198 1247 349 1315 piens
371 1246 672 1300 secundum
686 1245 985 1314 Christum,
1009 1256 1064 1304 et
1087 1265 1206 1320 quae
1228 1249 1429 1307 Christi
1452 1254 1776 1324 suntsapiat,

202 1339 353 1392 habet
386 1338 441 1391 in
464 1352 526 1392 se
550 1352 652 1407 per
668 1337 988 1408 sapientiam
1014 1339 1261 1409 spiritum
1289 1340 1508 1398 Christi.
1533 1342 1780 1399 Christus

199 1438 277 1482 est
314 1428 566 1497 iustitia:
623 1430 666 1484 si
694 1430 817 1500 quis
854 1431 1051 1486 haheat
1078 1432 1131 1486 in
1163 1447 1222 1488 se
1254 1431 1519 1501 justitiam
1555 1435 1776 1499 Christi,

198 1534 289 1589 per
304 1519 579 1588 justitiam
610 1519 773 1574 habet
800 1519 854 1573 in
885 1534 943 1574 se
986 1521 1237 1590 spiritum
1270 1522 1491 1578 Christi.
1532 1524 1779 1582 Christus

197 1626 294 1681 pax
323 1623 409 1665 εει
440 1629 454 1663 :
490 1611 536 1665 si
562 1611 686 1681 quis
728 1612 931 1667 habeat
962 1612 1015 1667 in
1043 1629 1102 1669 se
1145 1630 1334 1685 pacem
1391 1616 1592 1672 Christi
1623 1658 1636 1682 ,
1680 1634 1779 1687 per

197 1701 442 1770 spiritum
472 1700 626 1771 pacis
671 1702 835 1757 habet
883 1702 937 1757 iu
965 1718 1024 1759 se
1071 1705 1319 1775 spiritum
1350 1705 1570 1762 Christi.
1607 1707 1697 1763 Sic
1724 1718 1777 1762 et

198 1792 544 1857 charitatem,
589 1792 670 1847 sic
707 1800 763 1847 et
789 1792 1270 1850 sanetilicationem
1298 1837 1313 1862 ,
1369 1797 1447 1852 sic
1477 1805 1531 1851 et
1565 1796 1772 1867 singula

1892 795 2008 851 hzec
2042 813 2172 868 ergo
2197 802 2575 871 exstinguitur,
2618 806 2662 860 si
2705 807 2775 860 sit
2809 809 2863 861 in
2897 810 3052 864 nobis
3077 814 3327 882 gaudium
3355 818 3467 885 spi-

1890 886 2045 941 ritus.
2077 887 2185 943 Pax
2216 889 2423 945 fructus
2450 900 2534 947 est
2570 894 2824 962 spiritus;
2868 898 3134 955 dissensio
3172 911 3228 957 et
3258 903 3469 959 discor-

1888 975 2000 1040 dia,
2029 977 2212 1033 carnis
2240 987 2323 1033 est
2348 998 2360 1034 :
2392 982 2484 1035 sed
2515 990 2725 1038 certum
2765 993 2849 1042 est
2886 989 3208 1045 discordiam
3235 995 3466 1049 mortiﬁ-

1888 1066 2001 1119 cari
2031 1082 2189 1135 posse
2234 1083 2332 1138 per
2372 1085 2594 1139 pacem;
2626 1074 2720 1128 sed
2758 1083 2813 1141 et
2840 1085 3036 1131 caetera
3072 1080 3204 1134 vitia
3251 1084 3464 1138 caeteris

1886 1154 2180 1211 virtutibus
2256 1160 2672 1217 mortiﬁcamur.
2729 1164 3038 1238 Quicunque
3088 1173 3226 1225 enim
3274 1174 3466 1243 spiritu

1886 1243 1983 1297 Dei
2012 1257 2260 1316 aguntur,
2286 1248 2341 1302 hi
2385 1250 2487 1319 ﬁlii
2531 1263 2653 1307 sunt
2680 1253 2799 1309 Dei.
2833 1256 2943 1312 Hos
2972 1260 3102 1314 dicit
3148 1262 3339 1331 spiritu
3371 1265 3463 1319 Dei

1885 1337 1991 1404 agi,
2037 1337 2089 1391 in
2116 1354 2346 1408 quorum
2388 1343 2598 1398 actibus
2625 1347 2847 1401 consilia
2879 1350 3185 1419 principum
3221 1361 3278 1407 et
3309 1364 3464 1422 potes

1884 1434 2097 1497 statum.
2118 1428 2278 1499 hujus
2304 1432 2487 1487 mundi
2513 1449 2618 1488 non
2649 1435 2899 1491 videntur
2925 1457 2937 1491 :
2979 1440 3031 1493 in
3061 1455 3290 1510 quorum
3317 1445 3464 1500 enim

1884 1516 2152 1582 videntur,
2179 1532 2285 1572 non
2312 1527 2438 1574 sunt
2465 1520 2560 1575 lilii
2590 1522 2707 1587 Dei,
2737 1525 2829 1579 sed
2856 1526 3065 1581 Zabuli.

1955 1609 2080 1663 Non
2105 1610 2245 1664 enim
2272 1613 2543 1679 accepistis
2580 1615 2824 1686 spiritum
2866 1619 3130 1674 servitutis
3173 1622 3363 1677 iterum
3407 1626 3463 1679 in

1880 1701 2083 1754 timore.
2113 1700 2285 1756 Judaei
2329 1713 2658 1772 acceperunt
2684 1706 2934 1777 spiritum
2968 1710 3059 1778 qui
3099 1711 3221 1767 illos
3249 1714 3317 1767 ad
3349 1730 3466 1770 ser—

1879 1792 2105 1847 vitutem
2140 1802 2357 1863 cogeret
2384 1810 2482 1864 per
2525 1798 2796 1852 timorem.
2842 1799 3060 1857 Timere
3090 1803 3234 1858 enim
3269 1819 3461 1861 servo-

196 1899 439 1954 qumque,
488 1899 611 1953 quae
634 1883 884 1939 Christus
911 1900 1032 1941 esse
1060 1886 1328 1952 dicuntur,
1382 1887 1472 1943 hic
1496 1889 1586 1957 qui
1612 1888 1774 1942 habet
1800 1883 1846 1941 B
1876 1898 1993 1936 rum
2016 1890 2129 1948 est;
2161 1883 2404 1955 diligere,
2443 1885 2699 1940 ﬁliorum.
2730 1887 2832 1955 Qui
2858 1905 2989 1961 ergo
3022 1905 3186 1960 opera
3222 1894 3462 1950 cbarita-

196 1976 438 2044 spiritum
466 1974 694 2040 Christi,
726 1976 783 2029 in
840 1989 900 2031 se
948 1976 1150 2031 habere
1200 1977 1502 2033 credendus
1557 1986 1656 2043 est,
1717 1987 1772 2033 et

193 2082 409 2136 sperare
441 2066 590 2136 quod
638 2066 920 2136 corporale
950 2081 1147 2137 corpus
1182 2083 1338 2123 suum
1390 2069 1767 2132 vivilicabitur,

192 2167 405 2227 pmpter
446 2157 844 2211 iuhabitantem
872 2157 927 2211 in
962 2172 1019 2212 se
1047 2159 1299 2229 Spiritum
1325 2158 1549 2215 Christi.

255 2249 324 2303 Et
351 2248 603 2303 mortalia
628 2248 905 2318 viviﬁcabit
947 2266 1165 2320 corpora
1193 2260 1382 2305 vestra.
1424 2251 1562 2319 Quia
1603 2266 1768 2324 supra

192 2352 406 2411 propter
436 2349 727 2409 peccatum
752 2354 950 2408 corpus
985 2339 1198 2394 dixerat
1218 2340 1355 2395 mori
1383 2349 1557 2397 morte
1581 2358 1770 2398 secun-

193 2431 275 2496 da,
311 2429 367 2485 id
390 2438 481 2485 est
509 2438 682 2484 totum
731 2429 1028 2495 hominem,
1060 2429 1148 2485 hic
1194 2430 1388 2486 iterum
1431 2440 1653 2501 propter
1678 2435 1772 2489 bo-

194 2537 310 2575 nam
350 2521 521 2574 vitam
545 2517 797 2573 mortalia
829 2534 1062 2589 corpora
1099 2519 1377 2575 vivificare
1417 2520 1683 2591 promisit,
1717 2522 1772 2576 id

193 2619 269 2663 est
298 2618 468 2664 totum
500 2610 800 2663 hominem.
844 2607 962 2662 Non
1011 2617 1189 2664 autem
1243 2610 1320 2663 ait
1364 2612 1456 2681 qui
1502 2611 1770 2665 suscitavit

193 2698 369 2753 Iesum
410 2698 681 2754 Christum
711 2715 776 2752 ea:
800 2700 1042 2764 mortuis,
1076 2698 1371 2754 viviﬁcabit
1407 2708 1617 2754 mortua
1645 2716 1767 2755 cor-

194 2805 317 2860 pora
341 2800 546 2854 vestra,
590 2805 715 2844 cum
762 2806 924 2860 supra
967 2791 1193 2846 dixisset
1223 2808 1408 2862 corpus
1461 2801 1767 2857 mortuum;

194 2882 284 2936 sed
308 2881 610 2945 virilicabit,
650 2881 846 2951 inquit,
879 2890 928 2935 et
970 2881 1216 2936 mortalia
1245 2899 1463 2953 corpora
1492 2892 1680 2949 vestra,
1710 2892 1770 2937 ut

194 2976 391 3032 scilicet
426 2974 543 3044 jam
599 2990 705 3031 non
751 2975 926 3031 solum
974 2991 1079 3030 non
1132 2977 1241 3030 sint
1270 2985 1503 3044 mortua,
1542 2976 1637 3032 sed
1666 2993 1767 3033 nec

196 3066 457 3130 mortalia,
488 3082 611 3121 cum
641 3066 872 3120 animale
907 3075 1152 3138 resurget
1195 3067 1496 3137 spirituale,
1541 3076 1596 3123 et
1625 3083 1770 3124 mor-

197 3155 293 3208 tale
319 3155 425 3210 hoc
466 3155 720 3210 induetur
756 3155 1080 3223 immortali,
1128 3156 1505 3212 absorbebitur
1540 3158 1770 3214 mortale

197 3260 224 3296 a
262 3245 393 3298 vita.

259 3333 425 3404 Ergo,
457 3333 673 3403 fratres,
702 3333 959 3389 debitores
988 3351 1171 3390 sumus
1201 3352 1306 3390 non
1331 3337 1500 3391 carni.
1539 3335 1655 3394 Hoc
1685 3346 1770 3394 to-

193 3435 300 3480 tum
333 3426 436 3492 ait,
476 3435 537 3480 ut
578 3426 829 3481 ostendat
862 3427 941 3482 eis
970 3427 1144 3499 legem
1195 3443 1301 3483 non
1349 3444 1470 3485 esse
1516 3444 1772 3485 necessa-

191 3518 345 3581 riam,
371 3531 498 3586 qua:
521 3516 830 3572 carnalibus
860 3517 985 3572 data
1013 3526 1115 3573 est.
1150 3517 1413 3590 Spiritum
1434 3518 1636 3574 Christi
1673 3521 1770 3575 ha-

188 3607 360 3662 bitare
382 3606 439 3661 in
466 3607 648 3672 nobis,
677 3615 734 3660 et
766 3606 905 3661 dona
934 3607 1157 3677 spiritus
1184 3609 1239 3662 in
1270 3609 1426 3664 nobis
1457 3609 1649 3664 collata
1680 3626 1770 3665 su-

187 3700 370 3771 perius
393 3700 610 3753 docuit:
640 3708 1037 3769 consequenter
1056 3716 1186 3770 ergo
1210 3715 1356 3756 nunc
1385 3702 1614 3766 addidit,
1640 3702 1767 3773 quia

190 3789 459 3844 debitores
481 3804 670 3845 eorum
698 3790 815 3844 sine
844 3789 1005 3845 dubio
1026 3806 1143 3860 quae
1185 3806 1215 3844 a
1256 3791 1450 3861 spiritu
1492 3792 1767 3847 consecuti

191 3894 391 3935 sumus.
436 3878 606 3934 Carni
654 3888 859 3946 autem,
896 3880 1089 3950 inquit,
1119 3896 1224 3935 non
1254 3896 1441 3936 sumus
1474 3882 1764 3947 debitores,

191 3983 361 4040 neque
393 3968 541 4024 enim
570 3978 853 4040 propterea
888 3968 1015 4025 fecit
1062 3986 1160 4025 nos
1190 3971 1333 4025 Deus
1364 3972 1431 4027 ad
1477 3970 1766 4041 imaginem

190 4073 360 4123 suam,
390 4068 457 4112 ut
480 4059 664 4113 carnis
690 4058 915 4114 servitio
936 4074 1183 4114 essemus
1206 4060 1445 4124 obnoxii,
1479 4060 1572 4115 sed
1597 4068 1655 4113 ut
1674 4074 1770 4129 po-

193 4149 294 4203 tius
323 4149 565 4204 creatori
610 4165 707 4204 suo
740 4150 920 4204 anima
948 4150 1281 4216 deserviens,
1315 4151 1428 4220 ipsa
1458 4152 1680 4207 servitio
1702 4167 1767 4206 ac

191 4238 496 4293 ministerio
525 4239 709 4294 carnis
737 4247 939 4293 utatur.
972 4238 1078 4293 Sed
1109 4239 1341 4295 fortasse
1362 4241 1507 4295 dicat
1528 4240 1721 4310 aliquis
1748 4258 1761 4294 :

190 4328 472 4396 Quomodo
493 4343 600 4383 non
626 4344 812 4384 sumus
841 4329 1111 4384 debitores
1140 4330 1313 4395 carni,
1340 4346 1464 4385 cum
1490 4331 1691 4386 victum
1714 4331 1762 4386 ei

186 4427 239 4471 et
268 4418 647 4472 indumentum
675 4417 956 4488 providere
982 4426 1191 4474 natura:
1233 4421 1561 4476 necessitate
1606 4438 1766 4493 coga-

189 4509 341 4560 mur?
379 4506 500 4564 Non
536 4520 667 4575 ergo
695 4508 798 4562 hoc
839 4514 1000 4578 negat
1025 4523 1122 4563 nos
1160 4523 1281 4564 esse
1302 4510 1591 4576 debitores,
1625 4511 1764 4566 sicut

188 4598 309 4652 alibi
340 4598 510 4652 dicit:
551 4595 622 4651 Et
648 4598 822 4652 carnis
867 4614 1047 4652 curam
1091 4616 1153 4653 ne
1181 4599 1406 4669 feceritis
1435 4601 1490 4654 in
1516 4603 1759 4673 concupi-

186 4691 411 4744 scentiis.
456 4686 577 4744 Non
604 4689 790 4759 utique
819 4697 981 4758 negat
1020 4705 1208 4745 curam
1249 4690 1430 4745 carnis
1458 4690 1756 4746 habendam

188 4779 237 4831 in
266 4779 618 4844 necessariis,
650 4779 745 4833 sed
772 4779 828 4833 in
849 4779 1319 4849 concupiscentiis.

253 4868 314 4924 Si
363 4871 504 4924 enim
558 4869 843 4923 secundum
889 4885 1097 4923 carnem
1144 4870 1400 4934 vixeritis,
1444 4870 1755 4924 moriemini.

189 4961 329 5017 Nihil
350 4960 535 5015 verius
564 4975 728 5030 quam
775 4960 821 5015 si
855 4961 1149 5015 secundum
1187 4974 1403 5015 carnem
1437 4960 1758 5025 vixerimus,

187 5053 499 5106 moriemur.
523 5051 695 5105 Adam
720 5052 862 5106 enim
892 5052 1254 5123 praevaricans
1282 5052 1522 5107 vendidit
1559 5066 1618 5106 se
1640 5066 1761 5121 pec-

184 5152 326 5205 ratu,
358 5142 508 5196 carni
560 5142 867 5211 deputatus.
917 5141 1088 5198 O.nne
1113 5142 1256 5197 enim
1297 5150 1580 5211 peccatum
1632 5155 1763 5196 caro

184 5243 289 5297 est,
318 5241 607 5303 propterea
631 5233 777 5286 enim
800 5233 944 5301 quod
987 5232 1189 5287 deforis
1233 5242 1515 5301 peccatum
1550 5239 1761 5285 tantum

184 5335 282 5378 est.
316 5323 375 5379 Si
400 5334 577 5378 autem
602 5338 698 5394 per
719 5324 961 5392 spiritum
990 5323 1131 5392 facta
1158 5324 1334 5377 carnis
1365 5321 1759 5390 mortiﬁcaveri-

185 5417 268 5475 tis,
298 5415 493 5469 rit-etis.
522 5412 634 5468 [loc
660 5420 765 5478 est,
794 5412 840 5467 si
868 5410 1239 5482 spiritualibus
1258 5411 1559 5467 actionibus
1581 5410 1762 5465 carnis

185 5520 343 5574 opera
391 5503 754 5575 subjeceritis,
802 5503 1018 5558 vivetis.
1070 5501 1374 5556 Notandum
1424 5516 1555 5557 sane
1597 5515 1761 5570 opera

188 5596 380 5662 carnis,
413 5611 521 5651 non
554 5593 916 5651 substantiam
944 5592 1323 5657 condemnari;
1354 5590 1644 5646 mortiﬁeat
1670 5605 1763 5644 au-

189 5698 291 5744 tem
312 5689 440 5759 quis
464 5688 568 5745 hoc
599 5688 764 5745 modo
790 5695 945 5741 actus
973 5684 1173 5741 carnis.
1205 5683 1437 5739 Fructus
1475 5691 1561 5738 est
1598 5683 1759 5753 spiri-

191 5788 269 5833 tus
289 5779 567 5844 charitas;
608 5779 796 5834 odium
826 5775 1007 5832 carnis
1038 5783 1123 5831 est
1156 5783 1310 5831 actus
1337 5791 1351 5828 :
1382 5774 1566 5830 odium
1596 5775 1758 5845 igitur

588 5874 865 5935 ιἈτιιοι..
922 5868 1082 5930 Clll.

1787 4569 1845 4627 D

1876 1971 1945 2025 tis
1973 1971 2249 2027 voluntate
2294 1974 2568 2039 nolebant,
2603 1975 2812 2032 timoris
2839 1978 3093 2034 vindictae
3131 1983 3459 2040 necessitate

1875 2074 2161 2136 coguntur.
2208 2066 2316 2122 Nos
2352 2082 2479 2122 vero
2508 2067 2688 2121 omnia
2717 2067 3020 2124 voluntarie
3048 2086 3355 2141 operemur,
3400 2084 3464 2129 ut

1877 2153 2014 2209 lilios
2043 2170 2142 2211 nos
2183 2157 2492 2225 probemus.
2541 2155 2655 2211 Hoc
2680 2171 2809 2227 ergo
2850 2158 2934 2213 est
2961 2160 3104 2228 quod
3129 2160 3287 2216 docet
3313 2162 3460 2218 Pau-

1876 2246 1957 2301 lus
1991 2264 2003 2300 :
2044 2246 2146 2315 Qui
2176 2255 2524 2318 posteaquam
2565 2251 2888 2304 commortui
2920 2266 3106 2306 sumus
3129 2252 3366 2320 Christo,
3400 2264 3461 2311 et

1875 2339 2097 2409 spiritus
2125 2338 2242 2408 ejus
2265 2340 2443 2396 factus
2472 2348 2556 2396 est
2578 2341 2631 2395 in
2653 2341 2833 2408 nobis,
2855 2358 2961 2398 non
2984 2344 3183 2400 iterum
3210 2347 3461 2418 spiritum

1873 2431 2151 2487 servitutis
2179 2431 2233 2486 in
2273 2433 2539 2497 timorem,
2569 2433 2670 2489 hoc
2694 2441 2799 2500 est,
2843 2449 2953 2489 non
3000 2452 3215 2492 rursum
3245 2437 3460 2507 parvuli

1872 2528 1928 2574 et
1977 2521 2130 2576 initia
2188 2522 2450 2577 habentes
2511 2521 2684 2578 eﬂ’ecti
2728 2524 2930 2591 simus,
2976 2526 3070 2581 sed
3127 2528 3284 2597 quasi
3328 2543 3459 2598 per-

1874 2608 2004 2665 fecti
2033 2610 2221 2665 semel.

1943 2699 2069 2753 Iam
2100 2702 2394 2771 accepimus
2424 2702 2665 2772 spiritum
2692 2704 3009 2774 adoptionis,
3036 2704 3093 2759 in
3120 2722 3224 2775 quo
3254 2706 3457 2762 clama-

1874 2805 1990 2843 mus
2012 2805 2031 2843 :
2055 2788 2201 2843 Abba
2219 2800 2386 2860 pater.
2419 2791 2603 2861 Neque
2636 2791 2782 2846 enim
2801 2800 2958 2862 pater
2982 2794 3121 2850 alius
3137 2796 3451 2867 quisquam,

1875 2878 1980 2933 nisi
2000 2877 2164 2944 illius,
2180 2891 2334 2934 vocat
2356 2898 2369 2932 :
2385 2879 2538 2935 Abba
2554 2889 2725 2951 pater.
2749 2881 2851 2948 Qui
2865 2892 3023 2938 vocat
3034 2891 3264 2954 patrem,
3285 2885 3455 2943 lilium

1874 2985 1934 3026 se
1960 2970 2287 3041 proﬁtetur:
2334 2972 2493 3028 debet
2520 2988 2649 3043 ergo
2678 2974 2732 3028 in
2762 2974 3004 3030 moribus
3051 2976 3246 3033 similis
3297 2977 3451 3033 inve-

1874 3059 2000 3124 niri,
2029 3076 2095 3115 ne
2120 3075 2219 3131 pro
2254 3061 2475 3118 nomine
2517 3052 2731 3134 quoque
2781 3062 2839 3118 in
2885 3077 3116 3120 vacuum
3172 3076 3452 3139 usurpato,

1876 3149 2069 3219 majori
2086 3164 2260 3221 paena:
2290 3151 2584 3223 subiaceat.
2619 3153 2767 3207 Abba
2810 3162 2979 3223 pater,
3027 3155 3117 3211 hic
3158 3157 3265 3214 duo
3291 3159 3456 3215 verba

1796 3223 1845 3288 C
1873 3255 2043 3295 unum
2086 3241 2442 3313 signiﬁcantia
2481 3243 2684 3314 posuit,
2728 3252 2947 3314 propter
2978 3246 3111 3302 duos
3136 3247 3363 3317 populos
3398 3251 3455 3306 in

1873 3346 2042 3386 unum
2066 3332 2335 3397 redactos,
2365 3341 2426 3387 ut
2446 3348 2610 3388 unum
2632 3348 2817 3389 semen
2840 3334 3073 3390 Abrahae
3096 3334 3309 3393 ﬁerent.

1944 3423 2065 3495 Ipse
2094 3425 2310 3495 spiritus
2354 3426 2707 3479 testimonium
2735 3425 2963 3482 reddidit
3007 3427 3219 3498 spiritui
3249 3439 3453 3498 nostro,

1870 3513 2011 3583 quod
2049 3529 2231 3567 sumus
2259 3512 2377 3583 ﬁlii.
2424 3514 2814 3571 Testimonium
2846 3515 3150 3588 adoptionis
3175 3521 3319 3588 qum]
3354 3520 3456 3576 ha-

1869 3604 2064 3657 bemus
2121 3603 2409 3673 spiritum,
2461 3619 2560 3674 per
2608 3620 2769 3675 quem
2821 3606 2898 3660 ita
2947 3621 3208 3663 oramus:
3246 3616 3451 3666 tantam

1868 3696 2013 3751 enim
2033 3696 2251 3750 arrham
2282 3711 2389 3751 non
2414 3706 2685 3766 poterant,
2720 3698 2828 3753 nisi
2860 3698 2956 3753 lilii
2999 3698 3272 3768 accipere.

1940 3783 2002 3839 Si
2028 3794 2203 3838 autem
2226 3784 2347 3852 filii,
2377 3794 2425 3838 et
2468 3785 2723 3839 hwredes.
2750 3785 2885 3840 Cum
2926 3786 3069 3841 Deus
3110 3785 3274 3842 Pater
3300 3787 3454 3845 nullo

1868 3877 2028 3930 modo
2051 3884 2300 3930 mortuus
2321 3875 2426 3930 dici
2451 3875 2646 3944 possit,
2679 3875 2929 3931 Christus
2952 3877 3070 3947 ejus
3097 3876 3268 3935 Filius
3302 3894 3451 3937 mor-

1868 3973 1994 4018 tuus
2018 3963 2238 4019 dicitur.
2264 3963 2439 4018 Causa
2482 3963 2871 4019 incarnationis
2898 3964 3114 4034 quidem
3138 3974 3242 4034 est,
3276 3975 3340 4023 ut
3360 3968 3454 4025 hic

1867 4058 1959 4128 qui
1980 4065 2225 4113 mortuus
2251 4065 2357 4124 est,
2378 4070 2593 4126 semper
2610 4056 2840 4112 viventis
2868 4057 3041 4113 haeres
3059 4073 3182 4115 esse
3203 4059 3441 4126 dicatur,

1867 4166 1991 4206 cum
2022 4151 2265 4206 hzeredes
2292 4150 2479 4221 utique
2523 4163 2629 4204 non
2674 4149 2780 4205 nisi
2810 4158 3144 4207 mortuorum
3172 4152 3300 4208 sint.
3341 4150 3452 4208 Sed

1866 4239 1984 4295 haec
2024 4253 2191 4296 causa
2219 4238 2573 4294 humanitatis
2606 4247 2728 4294 est:
2762 4254 2887 4293 nam
2921 4241 3063 4310 apud
3099 4241 3292 4308 Deum,
3330 4258 3451 4313 qua:

1867 4330 2007 4401 apud
2030 4344 2129 4384 nos
2163 4328 2450 4385 haereditas
2490 4329 2709 4394 dicitur,
2739 4329 2939 4384 donum
2985 4338 3070 4386 est
3090 4333 3262 4400 patris
3302 4333 3357 4387 in
3383 4333 3450 4388 li-

1866 4420 1969 4475 lios
1992 4420 2306 4475 obedientes
2340 4418 2690 4474 transfusum.
2715 4417 2900 4475 Haeres
2926 4420 3048 4488 quis
3068 4419 3301 4476 edicitur
3321 4421 3441 4489 Dei,

1867 4527 1989 4567 cum
2011 4527 2131 4584 quae
2158 4511 2255 4566 Dei
2297 4518 2425 4565 sunt
2461 4517 2702 4564 meretur
2740 4509 3007 4579 accipere,
3037 4511 3094 4565 id
3134 4519 3238 4577 est,
3265 4510 3449 4567 ineor-

1865 4600 2129 4670 ruptionis
2155 4607 2209 4654 et
2257 4597 2679 4653 immortalitatis
2734 4597 2983 4668 gloriam,
3032 4597 3318 4656 thesauros
3361 4615 3450 4657 sa-

1858 4689 2074 4759 pientiae
2110 4696 2166 4743 et
2202 4688 2441 4743 scientiae
2476 4687 2803 4743 reconditos.

1933 4764 2243 4832 Cohaeredes
2290 4792 2409 4830 vero
2456 4774 2675 4830 Christi.
2718 4775 2853 4832 Cum
2886 4775 3283 4846 transformabit
3329 4792 3447 4831 cor—

1859 4888 1958 4943 pus
1983 4870 2295 4926 humilitatis
2319 4880 2532 4936 nostra,
2563 4870 2827 4941 conforme
2851 4870 3057 4941 corpori
3097 4867 3280 4940 gloria:
3302 4883 3437 4932 suta,

1860 4962 2001 5018 sicut
2020 4962 2309 5033 Apostolus
2327 4961 2395 5017 ad
2421 4961 2676 5018 Hebrteos
2697 4962 2848 5028 dicit,
2875 4960 3261 5015 Testamentum
3289 4966 3446 5013 testa-

1862 5053 1992 5107 toris
2015 5062 2183 5107 morte
2232 5053 2481 5123 ﬁrmatur
2509 5051 2668 5123 (Heb.
2718 5050 2834 5124 ix):
2886 5056 3172 5119 propterea
3224 5055 3443 5103 mortuo

1862 5157 1962 5212 pro
1987 5143 2143 5197 nobis
2167 5140 2402 5208 Christo,
2432 5156 2629 5197 novum
2656 5145 3040 5195 testamentum
3065 5152 3188 5194 esse
3226 5140 3441 5205 asserit,

1868 5232 2026 5303 cuius
2072 5233 2371 5289 similitudo
2403 5242 2560 5288 vetus
2610 5236 2993 5286 testamentum
3042 5238 3183 5295 erat,
3235 5229 3291 5284 in
3333 5245 3444 5301 quo

1862 5337 2010 5378 mers
2051 5324 2328 5377 testatnris
2377 5337 2476 5392 per
2535 5320 2816 5375 victimam
2855 5317 3325 5390 pmﬁgurabatur.
3382 5318 3439 5376 Si

1862 5427 1994 5484 ergo
2039 5421 2318 5483 quaeratur
2363 5410 2633 5481 quomodo
2700 5408 2872 5466 simus
2927 5410 3223 5467 secundum
3275 5412 3442 5466 verba

1862 5502 2102 5570 ejusdem
2127 5500 2370 5572 Apostoli
2413 5500 2724 5555 eohatredes
2764 5498 2991 5565 Christi,
3022 5499 3222 5569 ﬁatque
3262 5499 3440 5557 haeres

1860 5592 1978 5657 Dei,
2008 5606 2131 5647 cum
2160 5591 2449 5647 haereditas
2489 5598 2663 5646 morte
2702 5589 3005 5646 decessoris
3057 5587 3212 5643 llrma
3249 5595 3439 5645 tenea-

1860 5692 1972 5747 tur,
2022 5697 2124 5743 nec
2164 5681 2275 5737 ullo
2310 5681 2418 5736 alio
2450 5680 2612 5737 modo
2650 5679 2940 5735 hiereditas
2975 5677 3145 5749 possit
3182 5678 3434 5750 intelligi,

1854 5775 2230 5845 respondetur,
2264 5776 2382 5845 ipso
2426 5772 2646 5844 quidem
2696 5778 2909 5828 mortuo
2972 5784 3073 5826 nos
3119 5768 3290 5826 factos
3316 5783 3436 5826 esse
