  <div class='ocr_page' id='page_1' title='image "/cluster/home/n/w/nwhite01/storage/ocr_20150623/103/hvd.32044054759691/043.png"; bbox 0 0 3974 6202; ppageno 0'>
   <div class='ocr_carea' id='block_1_1' title="bbox 465 377 3691 443">
    <p class='ocr_par' dir='ltr' id='par_1_1' title="bbox 465 377 3691 443">
     <span class='ocr_line' id='line_1_1' title="bbox 465 377 3691 443; baseline 0 -5"><span class='ocrx_word' id='word_1_1' title='bbox 465 385 531 440; x_wconf 74' lang='grc'><strong>75</strong></span> <span class='ocrx_word' id='word_1_2' title='bbox 956 434 967 443; x_wconf 80' lang='grc'><strong><em>,</em></strong></span> <span class='ocrx_word' id='word_1_3' title='bbox 1877 377 2143 433; x_wconf 81' lang='lat' dir='ltr'><strong>SEDULII</strong></span> <span class='ocrx_word' id='word_1_4' title='bbox 2183 380 2378 437; x_wconf 81' lang='lat' dir='ltr'><strong>SCOTI</strong></span> <span class='ocrx_word' id='word_1_5' title='bbox 3629 380 3691 438; x_wconf 80' lang='lat'><strong>76</strong></span> 
     </span>
    </p>
   </div>
   <div class='ocr_carea' id='block_1_2' title="bbox 462 488 3692 568">
    <p class='ocr_par' dir='ltr' id='par_1_2' title="bbox 462 488 3692 568">
     <span class='ocr_line' id='line_1_2' title="bbox 462 488 3692 568; baseline 0.001 -18"><span class='ocrx_word' id='word_1_6' title='bbox 462 494 724 560; x_wconf 62' lang='lat' dir='ltr'><strong>laet-cdes,</strong></span> <span class='ocrx_word' id='word_1_7' title='bbox 757 508 864 563; x_wconf 89' lang='lat' dir='ltr'><strong>quo</strong></span> <span class='ocrx_word' id='word_1_8' title='bbox 895 492 986 549; x_wconf 85' lang='lat' dir='ltr'><strong>lilii</strong></span> <span class='ocrx_word' id='word_1_9' title='bbox 1010 492 1171 547; x_wconf 86' lang='lat' dir='ltr'><strong>etiam</strong></span> <span class='ocrx_word' id='word_1_10' title='bbox 1193 488 1308 559; x_wconf 83' lang='lat' dir='ltr'><strong>ejus</strong></span> <span class='ocrx_word' id='word_1_11' title='bbox 1336 490 1463 544; x_wconf 92' lang='lat' dir='ltr'><strong>dicti</strong></span> <span class='ocrx_word' id='word_1_12' title='bbox 1502 504 1706 544; x_wconf 85' lang='lat' dir='ltr'><strong>sumus.</strong></span> <span class='ocrx_word' id='word_1_13' title='bbox 1736 489 1858 542; x_wconf 85' lang='lat' dir='ltr'><strong>Non</strong></span> <span class='ocrx_word' id='word_1_14' title='bbox 1876 489 2025 557; x_wconf 80' lang='lat' dir='ltr'><strong>jeju—</strong></span> <span class='ocrx_word' id='word_1_15' title='bbox 2055 488 2104 546; x_wconf 81' lang='grc' dir='ltr'><strong>Α</strong></span> <span class='ocrx_word' id='word_1_16' title='bbox 2131 489 2339 545; x_wconf 78' lang='lat' dir='ltr'><strong>sianum</strong></span> <span class='ocrx_word' id='word_1_17' title='bbox 2367 510 2378 542; x_wconf 75' lang='grc' dir='ltr'>ε</span> <span class='ocrx_word' id='word_1_18' title='bbox 2412 489 2537 543; x_wconf 83' lang='lat' dir='ltr'><strong>Non</strong></span> <span class='ocrx_word' id='word_1_19' title='bbox 2578 491 2717 545; x_wconf 86' lang='lat' dir='ltr'><strong>enim</strong></span> <span class='ocrx_word' id='word_1_20' title='bbox 2745 491 3015 559; x_wconf 80' lang='lat' dir='ltr'><strong>condigme</strong></span> <span class='ocrx_word' id='word_1_21' title='bbox 3064 501 3184 546; x_wconf 78' lang='lat' dir='ltr'><strong>sunt</strong></span> <span class='ocrx_word' id='word_1_22' title='bbox 3231 509 3497 561; x_wconf 77' lang='lat' dir='ltr'><strong>passiones</strong></span> <span class='ocrx_word' id='word_1_23' title='bbox 3549 495 3692 568; x_wconf 89' lang='lat' dir='ltr'><strong>hujus</strong></span> 
     </span>
    </p>
   </div>
   <div class='ocr_carea' id='block_1_3' title="bbox 464 579 2029 653">
    <p class='ocr_par' dir='ltr' id='par_1_3' title="bbox 464 579 2029 653">
     <span class='ocr_line' id='line_1_3' title="bbox 464 579 2029 653; baseline -0.008 -10"><span class='ocrx_word' id='word_1_24' title='bbox 464 595 610 653; x_wconf 88' lang='lat' dir='ltr'><strong>nant,</strong></span> <span class='ocrx_word' id='word_1_25' title='bbox 637 585 830 653; x_wconf 95' lang='lat' dir='ltr'><strong>inquit,</strong></span> <span class='ocrx_word' id='word_1_26' title='bbox 856 582 953 651; x_wconf 78' lang='lat' dir='ltr'><strong>ﬁlii</strong></span> <span class='ocrx_word' id='word_1_27' title='bbox 982 583 1178 652; x_wconf 78' lang='lat' dir='ltr'><strong>sponsi,</strong></span> <span class='ocrx_word' id='word_1_28' title='bbox 1226 580 1459 651; x_wconf 86' lang='lat' dir='ltr'><strong>quandiu</strong></span> <span class='ocrx_word' id='word_1_29' title='bbox 1490 596 1606 633; x_wconf 88' lang='lat' dir='ltr'><strong>cum</strong></span> <span class='ocrx_word' id='word_1_30' title='bbox 1637 579 1742 632; x_wconf 88' lang='lat' dir='ltr'><strong>illis</strong></span> <span class='ocrx_word' id='word_1_31' title='bbox 1772 588 1846 632; x_wconf 89' lang='lat' dir='ltr'><strong>est</strong></span> <span class='ocrx_word' id='word_1_32' title='bbox 1873 595 2029 647; x_wconf 86' lang='lat' dir='ltr'><strong>spon-</strong></span> 
     </span>
    </p>
   </div>
   <div class='ocr_carea' id='block_1_4' title="bbox 461 672 2029 747">
    <p class='ocr_par' dir='ltr' id='par_1_4' title="bbox 461 672 2029 747">
     <span class='ocr_line' id='line_1_4' title="bbox 461 672 2029 747; baseline -0.005 -14"><span class='ocrx_word' id='word_1_33' title='bbox 461 698 569 736; x_wconf 84' lang='lat' dir='ltr'><strong>sus.</strong></span> <span class='ocrx_word' id='word_1_34' title='bbox 598 678 850 734; x_wconf 66' lang='lat' dir='ltr'><strong>Hmredes</strong></span> <span class='ocrx_word' id='word_1_35' title='bbox 875 691 1002 747; x_wconf 73' lang='lat' dir='ltr'><strong>ergo</strong></span> <span class='ocrx_word' id='word_1_36' title='bbox 1027 674 1143 744; x_wconf 85' lang='lat' dir='ltr'><strong>ejus</strong></span> <span class='ocrx_word' id='word_1_37' title='bbox 1167 676 1431 740; x_wconf 88' lang='lat' dir='ltr'><strong>dicemur,</strong></span> <span class='ocrx_word' id='word_1_38' title='bbox 1470 675 1596 743; x_wconf 85' lang='lat' dir='ltr'><strong>quia</strong></span> <span class='ocrx_word' id='word_1_39' title='bbox 1622 674 1841 742; x_wconf 88' lang='lat' dir='ltr'><strong>reliquit</strong></span> <span class='ocrx_word' id='word_1_40' title='bbox 1874 672 2029 726; x_wconf 86' lang='lat' dir='ltr'><strong>nobis</strong></span> 
     </span>
    </p>
   </div>
   <div class='ocr_carea' id='block_1_5' title="bbox 460 766 2028 839">
    <p class='ocr_par' dir='ltr' id='par_1_5' title="bbox 460 766 2028 839">
     <span class='ocr_line' id='line_1_5' title="bbox 460 766 2028 839; baseline -0.003 -17"><span class='ocrx_word' id='word_1_41' title='bbox 460 770 606 839; x_wconf 82' lang='lat' dir='ltr'><strong>pacis</strong></span> <span class='ocrx_word' id='word_1_42' title='bbox 633 767 1014 825; x_wconf 67' lang='lat' dir='ltr'><strong>ecclesiasticm</strong></span> <span class='ocrx_word' id='word_1_43' title='bbox 1042 767 1456 836; x_wconf 85' lang='lat' dir='ltr'><strong>possessionem,</strong></span> <span class='ocrx_word' id='word_1_44' title='bbox 1504 766 1646 835; x_wconf 90' lang='lat' dir='ltr'><strong>quod</strong></span> <span class='ocrx_word' id='word_1_45' title='bbox 1681 773 1906 819; x_wconf 87' lang='lat' dir='ltr'><strong>testatus</strong></span> <span class='ocrx_word' id='word_1_46' title='bbox 1944 774 2028 818; x_wconf 86' lang='lat' dir='ltr'><strong>est</strong></span> 
     </span>
    </p>
   </div>
   <div class='ocr_carea' id='block_1_6' title="bbox 459 854 2026 926">
    <p class='ocr_par' dir='ltr' id='par_1_6' title="bbox 459 854 2026 926">
     <span class='ocr_line' id='line_1_6' title="bbox 459 854 2026 926; baseline -0.006 -11"><span class='ocrx_word' id='word_1_47' title='bbox 459 862 679 914; x_wconf 83' lang='lat' dir='ltr'><strong>dicens:</strong></span> <span class='ocrx_word' id='word_1_48' title='bbox 711 854 903 910; x_wconf 81' lang='lat' dir='ltr'><strong><em>Pacem</em></strong></span> <span class='ocrx_word' id='word_1_49' title='bbox 944 873 1111 910; x_wconf 85' lang='lat' dir='ltr'><strong>meam</strong></span> <span class='ocrx_word' id='word_1_50' title='bbox 1137 856 1204 909; x_wconf 82' lang='lat' dir='ltr'><strong>do</strong></span> <span class='ocrx_word' id='word_1_51' title='bbox 1229 856 1392 919; x_wconf 83' lang='lat' dir='ltr'><strong>vobis,</strong></span> <span class='ocrx_word' id='word_1_52' title='bbox 1419 872 1597 926; x_wconf 86' lang='lat' dir='ltr'><strong>pacem</strong></span> <span class='ocrx_word' id='word_1_53' title='bbox 1628 856 1863 923; x_wconf 81' lang='lat' dir='ltr'><strong>relinquo</strong></span> <span class='ocrx_word' id='word_1_54' title='bbox 1890 854 2026 907; x_wconf 76' lang='lat' dir='ltr'><strong>vobis</strong></span> 
     </span>
    </p>
   </div>
   <div class='ocr_carea' id='block_1_7' title="bbox 459 944 2029 1020">
    <p class='ocr_par' dir='ltr' id='par_1_7' title="bbox 459 944 2029 1020">
     <span class='ocr_line' id='line_1_7' title="bbox 459 944 2029 1020; baseline -0.003 -18"><span class='ocrx_word' id='word_1_55' title='bbox 459 948 641 1020; x_wconf 82' lang='lat' dir='ltr'><strong>(Joan.</strong></span> <span class='ocrx_word' id='word_1_56' title='bbox 673 947 806 1015; x_wconf 72' lang='lat' dir='ltr'><strong>xxv).</strong></span> <span class='ocrx_word' id='word_1_57' title='bbox 849 945 1169 1003; x_wconf 63' lang='lat' dir='ltr'><strong>Cohaeredes</strong></span> <span class='ocrx_word' id='word_1_58' title='bbox 1208 954 1388 1000; x_wconf 89' lang='lat' dir='ltr'><strong>autem</strong></span> <span class='ocrx_word' id='word_1_59' title='bbox 1421 945 1537 1013; x_wconf 88' lang='lat' dir='ltr'><strong>ejus</strong></span> <span class='ocrx_word' id='word_1_60' title='bbox 1577 944 1862 1010; x_wconf 79' lang='lat' dir='ltr'><strong>ellicimur,</strong></span> <span class='ocrx_word' id='word_1_61' title='bbox 1895 960 2029 1013; x_wconf 79' lang='lat' dir='ltr'><strong>quo-</strong></span> 
     </span>
    </p>
   </div>
   <div class='ocr_carea' id='block_1_8' title="bbox 460 1035 2029 1095">
    <p class='ocr_par' dir='ltr' id='par_1_8' title="bbox 460 1035 2029 1095">
     <span class='ocr_line' id='line_1_8' title="bbox 460 1035 2029 1095; baseline -0.004 -1"><span class='ocrx_word' id='word_1_62' title='bbox 460 1042 602 1095; x_wconf 90' lang='lat' dir='ltr'><strong>niam</strong></span> <span class='ocrx_word' id='word_1_63' title='bbox 634 1038 936 1093; x_wconf 78' lang='lat' dir='ltr'><strong>videbimus</strong></span> <span class='ocrx_word' id='word_1_64' title='bbox 973 1052 1095 1091; x_wconf 89' lang='lat' dir='ltr'><strong>eum</strong></span> <span class='ocrx_word' id='word_1_65' title='bbox 1148 1037 1304 1091; x_wconf 91' lang='lat' dir='ltr'><strong>sicuti</strong></span> <span class='ocrx_word' id='word_1_66' title='bbox 1349 1045 1451 1091; x_wconf 92' lang='lat' dir='ltr'><strong>est.</strong></span> <span class='ocrx_word' id='word_1_67' title='bbox 1510 1035 1881 1089; x_wconf 65' lang='lat' dir='ltr'><strong>Haereditatem</strong></span> <span class='ocrx_word' id='word_1_68' title='bbox 1931 1050 2029 1089; x_wconf 89' lang='lat' dir='ltr'><strong>nos</strong></span> 
     </span>
    </p>
   </div>
   <div class='ocr_carea' id='block_1_9' title="bbox 457 1124 2024 1199">
    <p class='ocr_par' dir='ltr' id='par_1_9' title="bbox 457 1124 2024 1199">
     <span class='ocr_line' id='line_1_9' title="bbox 457 1124 2024 1199; baseline -0.004 -16"><span class='ocrx_word' id='word_1_69' title='bbox 457 1130 573 1198; x_wconf 88' lang='lat' dir='ltr'><strong>ejus</strong></span> <span class='ocrx_word' id='word_1_70' title='bbox 608 1128 780 1199; x_wconf 89' lang='lat' dir='ltr'><strong>patris</strong></span> <span class='ocrx_word' id='word_1_71' title='bbox 813 1128 1082 1197; x_wconf 88' lang='lat' dir='ltr'><strong>quomodo</strong></span> <span class='ocrx_word' id='word_1_72' title='bbox 1111 1133 1284 1181; x_wconf 89' lang='lat' dir='ltr'><strong>morte</strong></span> <span class='ocrx_word' id='word_1_73' title='bbox 1325 1125 1707 1194; x_wconf 76' lang='lat' dir='ltr'><strong>adipiscimur?</strong></span> <span class='ocrx_word' id='word_1_74' title='bbox 1732 1125 1859 1193; x_wconf 87' lang='lat' dir='ltr'><strong>quia</strong></span> <span class='ocrx_word' id='word_1_75' title='bbox 1888 1124 2024 1177; x_wconf 92' lang='lat' dir='ltr'><strong>mori</strong></span> 
     </span>
    </p>
   </div>
   <div class='ocr_carea' id='block_1_10' title="bbox 459 1216 2028 1289">
    <p class='ocr_par' dir='ltr' id='par_1_10' title="bbox 459 1216 2028 1289">
     <span class='ocr_line' id='line_1_10' title="bbox 459 1216 2028 1289; baseline -0.005 -13"><span class='ocrx_word' id='word_1_76' title='bbox 459 1238 563 1277; x_wconf 88' lang='lat' dir='ltr'><strong>non</strong></span> <span class='ocrx_word' id='word_1_77' title='bbox 593 1227 789 1289; x_wconf 90' lang='lat' dir='ltr'><strong>potest,</strong></span> <span class='ocrx_word' id='word_1_78' title='bbox 811 1217 1266 1288; x_wconf 86' lang='lat' dir='ltr'><strong>quandoquidem,</strong></span> <span class='ocrx_word' id='word_1_79' title='bbox 1299 1216 1493 1285; x_wconf 88' lang='lat' dir='ltr'><strong>inquit,</strong></span> <span class='ocrx_word' id='word_1_80' title='bbox 1513 1216 1629 1285; x_wconf 83' lang='lat' dir='ltr'><strong>ipse</strong></span> <span class='ocrx_word' id='word_1_81' title='bbox 1658 1216 1716 1269; x_wconf 87' lang='lat' dir='ltr'><strong>lit</strong></span> <span class='ocrx_word' id='word_1_82' title='bbox 1744 1216 2028 1269; x_wconf 72' lang='lat' dir='ltr'><strong>haereditas</strong></span> 
     </span>
    </p>
   </div>
   <div class='ocr_carea' id='block_1_11' title="bbox 458 1304 2025 1376">
    <p class='ocr_par' dir='ltr' id='par_1_11' title="bbox 458 1304 2025 1376">
     <span class='ocr_line' id='line_1_11' title="bbox 458 1304 2025 1376; baseline -0.004 -11"><span class='ocrx_word' id='word_1_83' title='bbox 458 1320 661 1373; x_wconf 84' lang='lat' dir='ltr'><strong>nostra,</strong></span> <span class='ocrx_word' id='word_1_84' title='bbox 690 1309 983 1363; x_wconf 89' lang='lat' dir='ltr'><strong>secundum</strong></span> <span class='ocrx_word' id='word_1_85' title='bbox 1008 1307 1134 1361; x_wconf 88' lang='lat' dir='ltr'><strong>illud</strong></span> <span class='ocrx_word' id='word_1_86' title='bbox 1160 1305 1303 1376; x_wconf 91' lang='lat' dir='ltr'><strong>quod</strong></span> <span class='ocrx_word' id='word_1_87' title='bbox 1330 1306 1589 1375; x_wconf 90' lang='lat' dir='ltr'><strong>scriptum</strong></span> <span class='ocrx_word' id='word_1_88' title='bbox 1619 1313 1701 1359; x_wconf 89' lang='lat' dir='ltr'><strong>est</strong></span> <span class='ocrx_word' id='word_1_89' title='bbox 1727 1324 1739 1358; x_wconf 95' lang='lat'>:</span> <span class='ocrx_word' id='word_1_90' title='bbox 1768 1304 2025 1359; x_wconf 77' lang='lat' dir='ltr'><strong>Dominus</strong></span> 
     </span>
    </p>
   </div>
   <div class='ocr_carea' id='block_1_12' title="bbox 455 1395 2024 1471">
    <p class='ocr_par' dir='ltr' id='par_1_12' title="bbox 455 1395 2024 1471">
     <span class='ocr_line' id='line_1_12' title="bbox 455 1395 2024 1471; baseline -0.003 -16"><span class='ocrx_word' id='word_1_91' title='bbox 455 1419 576 1471; x_wconf 80' lang='lat' dir='ltr'><strong>pars</strong></span> <span class='ocrx_word' id='word_1_92' title='bbox 602 1400 922 1455; x_wconf 75' lang='lat' dir='ltr'><strong>hwreditatis</strong></span> <span class='ocrx_word' id='word_1_93' title='bbox 953 1415 1079 1452; x_wconf 72' lang='lat' dir='ltr'><strong>mete</strong></span> <span class='ocrx_word' id='word_1_94' title='bbox 1104 1395 1275 1468; x_wconf 80' lang='lat' dir='ltr'><strong>(l‘sal.</strong></span> <span class='ocrx_word' id='word_1_95' title='bbox 1304 1396 1415 1466; x_wconf 75' lang='lat' dir='ltr'><strong>xv).</strong></span> <span class='ocrx_word' id='word_1_96' title='bbox 1452 1395 1558 1451; x_wconf 89' lang='lat' dir='ltr'><strong>Sed</strong></span> <span class='ocrx_word' id='word_1_97' title='bbox 1599 1396 1869 1465; x_wconf 86' lang='lat' dir='ltr'><strong>quomodo</strong></span> <span class='ocrx_word' id='word_1_98' title='bbox 1896 1412 2024 1452; x_wconf 87' lang='lat' dir='ltr'><strong>con-</strong></span> 
     </span>
    </p>
   </div>
   <div class='ocr_carea' id='block_1_13' title="bbox 455 1483 2027 1558">
    <p class='ocr_par' dir='ltr' id='par_1_13' title="bbox 455 1483 2027 1558">
     <span class='ocr_line' id='line_1_13' title="bbox 455 1483 2027 1558; baseline -0.002 -15"><span class='ocrx_word' id='word_1_99' title='bbox 455 1493 630 1547; x_wconf 84' lang='lat' dir='ltr'><strong>vocati</strong></span> <span class='ocrx_word' id='word_1_100' title='bbox 659 1507 844 1548; x_wconf 87' lang='lat' dir='ltr'><strong>sumus</strong></span> <span class='ocrx_word' id='word_1_101' title='bbox 883 1491 1060 1545; x_wconf 91' lang='lat' dir='ltr'><strong>adhuc</strong></span> <span class='ocrx_word' id='word_1_102' title='bbox 1089 1488 1318 1558; x_wconf 80' lang='lat' dir='ltr'><strong>parvuli,</strong></span> <span class='ocrx_word' id='word_1_103' title='bbox 1356 1496 1412 1542; x_wconf 89' lang='lat' dir='ltr'><strong>et</strong></span> <span class='ocrx_word' id='word_1_104' title='bbox 1453 1485 1519 1540; x_wconf 91' lang='lat' dir='ltr'><strong>ad</strong></span> <span class='ocrx_word' id='word_1_105' title='bbox 1567 1483 1868 1555; x_wconf 78' lang='lat' dir='ltr'><strong>spiritualia</strong></span> <span class='ocrx_word' id='word_1_106' title='bbox 1898 1501 2027 1541; x_wconf 91' lang='lat' dir='ltr'><strong>con-</strong></span> 
     </span>
    </p>
   </div>
   <div class='ocr_carea' id='block_1_14' title="bbox 458 1576 2025 1652">
    <p class='ocr_par' dir='ltr' id='par_1_14' title="bbox 458 1576 2025 1652">
     <span class='ocr_line' id='line_1_14' title="bbox 458 1576 2025 1652; baseline -0.003 -16"><span class='ocrx_word' id='word_1_107' title='bbox 458 1582 762 1652; x_wconf 80' lang='lat' dir='ltr'><strong>temptanda</strong></span> <span class='ocrx_word' id='word_1_108' title='bbox 789 1581 969 1635; x_wconf 88' lang='lat' dir='ltr'><strong>minus</strong></span> <span class='ocrx_word' id='word_1_109' title='bbox 994 1578 1207 1643; x_wconf 83' lang='lat' dir='ltr'><strong>idonei?</strong></span> <span class='ocrx_word' id='word_1_110' title='bbox 1241 1578 1422 1647; x_wconf 84' lang='lat' dir='ltr'><strong>Usque</strong></span> <span class='ocrx_word' id='word_1_111' title='bbox 1467 1577 1533 1632; x_wconf 89' lang='lat' dir='ltr'><strong>ad</strong></span> <span class='ocrx_word' id='word_1_112' title='bbox 1575 1576 1904 1631; x_wconf 78' lang='lat' dir='ltr'><strong>humillimas</strong></span> <span class='ocrx_word' id='word_1_113' title='bbox 1931 1593 2025 1631; x_wconf 92' lang='lat' dir='ltr'><strong>no—</strong></span> 
     </span>
    </p>
   </div>
   <div class='ocr_carea' id='block_1_15' title="bbox 456 1667 2020 1742">
    <p class='ocr_par' dir='ltr' id='par_1_15' title="bbox 456 1667 2020 1742">
     <span class='ocr_line' id='line_1_15' title="bbox 456 1667 2020 1742; baseline -0.004 -16"><span class='ocrx_word' id='word_1_114' title='bbox 456 1682 595 1727; x_wconf 80' lang='lat' dir='ltr'><strong>stras</strong></span> <span class='ocrx_word' id='word_1_115' title='bbox 638 1670 992 1742; x_wconf 81' lang='lat' dir='ltr'><strong>cogitationes</strong></span> <span class='ocrx_word' id='word_1_116' title='bbox 1021 1683 1079 1724; x_wconf 88' lang='lat' dir='ltr'><strong>se</strong></span> <span class='ocrx_word' id='word_1_117' title='bbox 1121 1667 1489 1722; x_wconf 81' lang='lat' dir='ltr'><strong>misericordia</strong></span> <span class='ocrx_word' id='word_1_118' title='bbox 1536 1667 1713 1722; x_wconf 88' lang='lat' dir='ltr'><strong>divina</strong></span> <span class='ocrx_word' id='word_1_119' title='bbox 1761 1667 2020 1736; x_wconf 77' lang='lat' dir='ltr'><strong>porrexit.</strong></span> 
     </span>
    </p>
   </div>
   <div class='ocr_carea' id='block_1_16' title="bbox 455 1756 2023 1834">
    <p class='ocr_par' dir='ltr' id='par_1_16' title="bbox 455 1756 2023 1834">
     <span class='ocr_line' id='line_1_16' title="bbox 455 1756 2023 1834; baseline -0.002 -21"><span class='ocrx_word' id='word_1_120' title='bbox 455 1765 583 1816; x_wconf 69' lang='lat' dir='ltr'><strong>lium</strong></span> <span class='ocrx_word' id='word_1_121' title='bbox 610 1772 781 1816; x_wconf 80' lang='lat' dir='ltr'><strong>autem</strong></span> <span class='ocrx_word' id='word_1_122' title='bbox 807 1761 999 1815; x_wconf 80' lang='lat' dir='ltr'><strong>venerit</strong></span> <span class='ocrx_word' id='word_1_123' title='bbox 1022 1758 1157 1830; x_wconf 80' lang='lat' dir='ltr'><strong>quod</strong></span> <span class='ocrx_word' id='word_1_124' title='bbox 1177 1758 1459 1827; x_wconf 72' lang='lat' dir='ltr'><strong>perfectum</strong></span> <span class='ocrx_word' id='word_1_125' title='bbox 1482 1766 1579 1821; x_wconf 86' lang='lat' dir='ltr'><strong>est,</strong></span> <span class='ocrx_word' id='word_1_126' title='bbox 1606 1756 1873 1834; x_wconf 75' lang='lat' dir='ltr'><strong>auferetur</strong></span> <span class='ocrx_word' id='word_1_127' title='bbox 1885 1758 2023 1827; x_wconf 85' lang='lat' dir='ltr'><strong>quod</strong></span> 
     </span>
    </p>
   </div>
   <div class='ocr_carea' id='block_1_17' title="bbox 2132 582 2991 653">
    <p class='ocr_par' dir='ltr' id='par_1_17' title="bbox 2132 582 2991 653">
     <span class='ocr_line' id='line_1_17' title="bbox 2132 582 2991 653; baseline 0.002 -21"><span class='ocrx_word' id='word_1_128' title='bbox 2132 584 2380 650; x_wconf 83' lang='lat' dir='ltr'><strong>temporis</strong></span> <span class='ocrx_word' id='word_1_129' title='bbox 2396 582 2465 635; x_wconf 86' lang='lat' dir='ltr'><strong>ad</strong></span> <span class='ocrx_word' id='word_1_130' title='bbox 2489 582 2725 650; x_wconf 82' lang='lat' dir='ltr'><strong>futuram</strong></span> <span class='ocrx_word' id='word_1_131' title='bbox 2748 582 2991 653; x_wconf 81' lang='lat' dir='ltr'><strong>gloriam.</strong></span> 
     </span>
    </p>
   </div>
   <div class='ocr_carea' id='block_1_18' title="bbox 2202 668 3695 744">
    <p class='ocr_par' dir='ltr' id='par_1_18' title="bbox 2202 668 3695 744">
     <span class='ocr_line' id='line_1_18' title="bbox 2202 668 3695 744; baseline 0.006 -21"><span class='ocrx_word' id='word_1_132' title='bbox 2202 668 2346 723; x_wconf 90' lang='lat' dir='ltr'><strong>Nam</strong></span> <span class='ocrx_word' id='word_1_133' title='bbox 2393 672 2706 741; x_wconf 68' lang='lat' dir='ltr'><strong>exspectatio</strong></span> <span class='ocrx_word' id='word_1_134' title='bbox 2750 681 3010 727; x_wconf 69' lang='lat' dir='ltr'><strong>creatura!</strong></span> <span class='ocrx_word' id='word_1_135' title='bbox 3068 673 3430 728; x_wconf 71' lang='lat' dir='ltr'><strong>reuelationem</strong></span> <span class='ocrx_word' id='word_1_136' title='bbox 3473 675 3695 744; x_wconf 81' lang='lat' dir='ltr'><strong>ﬁliorum</strong></span> 
     </span>
    </p>
   </div>
   <div class='ocr_carea' id='block_1_19' title="bbox 2130 756 3694 829">
    <p class='ocr_par' dir='ltr' id='par_1_19' title="bbox 2130 756 3694 829">
     <span class='ocr_line' id='line_1_19' title="bbox 2130 756 3694 829; baseline 0.007 -19"><span class='ocrx_word' id='word_1_137' title='bbox 2130 756 2228 812; x_wconf 83' lang='lat' dir='ltr'><strong>Det</strong></span> <span class='ocrx_word' id='word_1_138' title='bbox 2248 767 2533 829; x_wconf 74' lang='lat' dir='ltr'><strong>exspectat.</strong></span> <span class='ocrx_word' id='word_1_139' title='bbox 2585 760 2791 815; x_wconf 82' lang='lat' dir='ltr'><strong>Diversi</strong></span> <span class='ocrx_word' id='word_1_140' title='bbox 2842 765 2985 815; x_wconf 91' lang='lat' dir='ltr'><strong>hunc</strong></span> <span class='ocrx_word' id='word_1_141' title='bbox 3028 762 3204 816; x_wconf 90' lang='lat' dir='ltr'><strong>locum</strong></span> <span class='ocrx_word' id='word_1_142' title='bbox 3249 764 3478 820; x_wconf 83' lang='lat' dir='ltr'><strong>diversis</strong></span> <span class='ocrx_word' id='word_1_143' title='bbox 3534 767 3694 822; x_wconf 91' lang='lat' dir='ltr'><strong>modis</strong></span> 
     </span>
    </p>
   </div>
   <div class='ocr_carea' id='block_1_20' title="bbox 2128 841 3695 918">
    <p class='ocr_par' dir='ltr' id='par_1_20' title="bbox 2128 841 3695 918">
     <span class='ocr_line' id='line_1_20' title="bbox 2128 841 3695 918; baseline 0.006 -16"><span class='ocrx_word' id='word_1_144' title='bbox 2128 857 2421 918; x_wconf 78' lang='lat' dir='ltr'><strong>exponunt.</strong></span> <span class='ocrx_word' id='word_1_145' title='bbox 2452 848 2579 904; x_wconf 86' lang='lat' dir='ltr'><strong>Sive</strong></span> <span class='ocrx_word' id='word_1_146' title='bbox 2622 852 2801 905; x_wconf 90' lang='lat' dir='ltr'><strong>omnis</strong></span> <span class='ocrx_word' id='word_1_147' title='bbox 2839 841 3088 906; x_wconf 84' lang='lat' dir='ltr'><strong>creatura</strong></span> <span class='ocrx_word' id='word_1_148' title='bbox 3132 856 3549 913; x_wconf 84' lang='lat' dir='ltr'><strong>resurrectionis</strong></span> <span class='ocrx_word' id='word_1_149' title='bbox 3573 865 3695 913; x_wconf 88' lang='lat' dir='ltr'><strong>tem-</strong></span> 
     </span>
    </p>
   </div>
   <div class='ocr_carea' id='block_1_21' title="bbox 2128 943 3690 1016">
    <p class='ocr_par' dir='ltr' id='par_1_21' title="bbox 2128 943 3690 1016">
     <span class='ocr_line' id='line_1_21' title="bbox 2128 943 3690 1016; baseline 0.006 -22"><span class='ocrx_word' id='word_1_150' title='bbox 2128 954 2230 1007; x_wconf 85' lang='lat' dir='ltr'><strong>pus</strong></span> <span class='ocrx_word' id='word_1_151' title='bbox 2259 950 2561 1009; x_wconf 77' lang='lat' dir='ltr'><strong>exspectat,</strong></span> <span class='ocrx_word' id='word_1_152' title='bbox 2594 943 2720 1010; x_wconf 83' lang='lat' dir='ltr'><strong>quia</strong></span> <span class='ocrx_word' id='word_1_153' title='bbox 2761 951 2889 998; x_wconf 89' lang='lat' dir='ltr'><strong>tunc</strong></span> <span class='ocrx_word' id='word_1_154' title='bbox 2930 945 2984 997; x_wconf 91' lang='lat' dir='ltr'><strong>in</strong></span> <span class='ocrx_word' id='word_1_155' title='bbox 3031 946 3222 999; x_wconf 90' lang='lat' dir='ltr'><strong>melius</strong></span> <span class='ocrx_word' id='word_1_156' title='bbox 3246 950 3690 1016; x_wconf 82' lang='lat' dir='ltr'><strong>commutabitur;</strong></span> 
     </span>
    </p>
   </div>
   <div class='ocr_carea' id='block_1_22' title="bbox 2128 1031 3695 1103">
    <p class='ocr_par' dir='ltr' id='par_1_22' title="bbox 2128 1031 3695 1103">
     <span class='ocr_line' id='line_1_22' title="bbox 2128 1031 3695 1103; baseline 0.008 -19"><span class='ocrx_word' id='word_1_157' title='bbox 2128 1031 2242 1085; x_wconf 86' lang='lat' dir='ltr'><strong>sive</strong></span> <span class='ocrx_word' id='word_1_158' title='bbox 2268 1032 2511 1103; x_wconf 82' lang='lat' dir='ltr'><strong>angelica</strong></span> <span class='ocrx_word' id='word_1_159' title='bbox 2552 1034 2830 1088; x_wconf 82' lang='lat' dir='ltr'><strong>rationalis</strong></span> <span class='ocrx_word' id='word_1_160' title='bbox 2858 1044 3108 1090; x_wconf 85' lang='lat' dir='ltr'><strong>creatura</strong></span> <span class='ocrx_word' id='word_1_161' title='bbox 3135 1052 3149 1090; x_wconf 89' lang='lat'><strong>:</strong></span> <span class='ocrx_word' id='word_1_162' title='bbox 3178 1037 3372 1093; x_wconf 87' lang='lat' dir='ltr'><strong>Petrus</strong></span> <span class='ocrx_word' id='word_1_163' title='bbox 3402 1041 3548 1094; x_wconf 85' lang='lat' dir='ltr'><strong>enim</strong></span> <span class='ocrx_word' id='word_1_164' title='bbox 3573 1042 3695 1097; x_wconf 81' lang='lat' dir='ltr'><strong>dicit</strong></span> 
     </span>
    </p>
   </div>
   <div class='ocr_carea' id='block_1_23' title="bbox 2126 1119 3694 1194">
    <p class='ocr_par' dir='ltr' id='par_1_23' title="bbox 2126 1119 3694 1194">
     <span class='ocr_line' id='line_1_23' title="bbox 2126 1119 3694 1194; baseline 0.009 -22"><span class='ocrx_word' id='word_1_165' title='bbox 2126 1119 2292 1174; x_wconf 88' lang='lat' dir='ltr'><strong>etiam</strong></span> <span class='ocrx_word' id='word_1_166' title='bbox 2329 1122 2549 1192; x_wconf 83' lang='lat' dir='ltr'><strong>angelos</strong></span> <span class='ocrx_word' id='word_1_167' title='bbox 2578 1124 2885 1178; x_wconf 85' lang='lat' dir='ltr'><strong>desiderare</strong></span> <span class='ocrx_word' id='word_1_168' title='bbox 2910 1125 3135 1194; x_wconf 81' lang='lat' dir='ltr'><strong>gloriam</strong></span> <span class='ocrx_word' id='word_1_169' title='bbox 3166 1138 3500 1183; x_wconf 86' lang='lat' dir='ltr'><strong>sanctorum.</strong></span> <span class='ocrx_word' id='word_1_170' title='bbox 3544 1130 3694 1185; x_wconf 78' lang='lat' dir='ltr'><strong>Rere-</strong></span> 
     </span>
    </p>
   </div>
   <div class='ocr_carea' id='block_1_24' title="bbox 2126 1211 3694 1286">
    <p class='ocr_par' dir='ltr' id='par_1_24' title="bbox 2126 1211 3694 1286">
     <span class='ocr_line' id='line_1_24' title="bbox 2126 1211 3694 1286; baseline 0.01 -23"><span class='ocrx_word' id='word_1_171' title='bbox 2126 1211 2372 1266; x_wconf 82' lang='lat' dir='ltr'><strong>lationem</strong></span> <span class='ocrx_word' id='word_1_172' title='bbox 2396 1212 2625 1281; x_wconf 72' lang='lat' dir='ltr'><strong>filiorum</strong></span> <span class='ocrx_word' id='word_1_173' title='bbox 2647 1214 2746 1269; x_wconf 86' lang='lat' dir='ltr'><strong>Dei</strong></span> <span class='ocrx_word' id='word_1_174' title='bbox 2765 1226 3048 1286; x_wconf 72' lang='lat' dir='ltr'><strong>exspectat.</strong></span> <span class='ocrx_word' id='word_1_175' title='bbox 3079 1218 3191 1274; x_wconf 80' lang='lat' dir='ltr'><strong>Hoc</strong></span> <span class='ocrx_word' id='word_1_176' title='bbox 3215 1228 3316 1281; x_wconf 87' lang='lat' dir='ltr'><strong>est,</strong></span> <span class='ocrx_word' id='word_1_177' title='bbox 3350 1236 3472 1274; x_wconf 90' lang='lat' dir='ltr'><strong>cum</strong></span> <span class='ocrx_word' id='word_1_178' title='bbox 3500 1238 3582 1276; x_wconf 67' lang='lat' dir='ltr'><strong>rei</strong></span> <span class='ocrx_word' id='word_1_179' title='bbox 3594 1223 3694 1279; x_wconf 89' lang='lat' dir='ltr'><strong>ela—</strong></span> 
     </span>
    </p>
   </div>
   <div class='ocr_carea' id='block_1_25' title="bbox 2127 1303 3692 1379">
    <p class='ocr_par' dir='ltr' id='par_1_25' title="bbox 2127 1303 3692 1379">
     <span class='ocr_line' id='line_1_25' title="bbox 2127 1303 3692 1379; baseline 0.01 -24"><span class='ocrx_word' id='word_1_180' title='bbox 2127 1303 2328 1358; x_wconf 83' lang='lat' dir='ltr'><strong>buntur</strong></span> <span class='ocrx_word' id='word_1_181' title='bbox 2352 1320 2415 1359; x_wconf 89' lang='lat' dir='ltr'><strong>ea</strong></span> <span class='ocrx_word' id='word_1_182' title='bbox 2447 1322 2567 1374; x_wconf 78' lang='lat' dir='ltr'><strong>qua:</strong></span> <span class='ocrx_word' id='word_1_183' title='bbox 2596 1316 2895 1375; x_wconf 64' lang='lat' dir='ltr'><strong>prieparata</strong></span> <span class='ocrx_word' id='word_1_184' title='bbox 2938 1318 3065 1362; x_wconf 91' lang='lat' dir='ltr'><strong>sunt</strong></span> <span class='ocrx_word' id='word_1_185' title='bbox 3088 1310 3176 1365; x_wconf 89' lang='lat' dir='ltr'><strong>his</strong></span> <span class='ocrx_word' id='word_1_186' title='bbox 3219 1312 3311 1379; x_wconf 92' lang='lat' dir='ltr'><strong>qui</strong></span> <span class='ocrx_word' id='word_1_187' title='bbox 3347 1311 3440 1365; x_wconf 83' lang='lat' dir='ltr'><strong>lilii</strong></span> <span class='ocrx_word' id='word_1_188' title='bbox 3468 1312 3562 1369; x_wconf 86' lang='lat' dir='ltr'><strong>Dei</strong></span> <span class='ocrx_word' id='word_1_189' title='bbox 3588 1332 3692 1370; x_wconf 91' lang='lat' dir='ltr'><strong>mc-</strong></span> 
     </span>
    </p>
   </div>
   <div class='ocr_carea' id='block_1_26' title="bbox 2126 1394 3695 1461">
    <p class='ocr_par' dir='ltr' id='par_1_26' title="bbox 2126 1394 3695 1461">
     <span class='ocr_line' id='line_1_26' title="bbox 2126 1394 3695 1461; baseline 0.01 -17"><span class='ocrx_word' id='word_1_190' title='bbox 2126 1394 2387 1447; x_wconf 89' lang='lat' dir='ltr'><strong>rcbuntur</strong></span> <span class='ocrx_word' id='word_1_191' title='bbox 2427 1411 2575 1461; x_wconf 86' lang='lat' dir='ltr'><strong>esse;</strong></span> <span class='ocrx_word' id='word_1_192' title='bbox 2617 1405 2707 1449; x_wconf 89' lang='lat' dir='ltr'><strong>aut</strong></span> <span class='ocrx_word' id='word_1_193' title='bbox 2737 1406 2886 1452; x_wconf 89' lang='lat' dir='ltr'><strong>certe</strong></span> <span class='ocrx_word' id='word_1_194' title='bbox 2927 1413 3069 1459; x_wconf 88' lang='lat' dir='ltr'><strong>cum,</strong></span> <span class='ocrx_word' id='word_1_195' title='bbox 3101 1399 3316 1455; x_wconf 90' lang='lat' dir='ltr'><strong>sublato</strong></span> <span class='ocrx_word' id='word_1_196' title='bbox 3351 1401 3418 1455; x_wconf 88' lang='lat' dir='ltr'><strong>ab</strong></span> <span class='ocrx_word' id='word_1_197' title='bbox 3448 1402 3532 1457; x_wconf 88' lang='lat' dir='ltr'><strong>his</strong></span> <span class='ocrx_word' id='word_1_198' title='bbox 3561 1403 3695 1459; x_wconf 84' lang='lat' dir='ltr'><strong>vela-</strong></span> 
     </span>
    </p>
   </div>
   <div class='ocr_carea' id='block_1_27' title="bbox 2126 1481 3695 1561">
    <p class='ocr_par' dir='ltr' id='par_1_27' title="bbox 2126 1481 3695 1561">
     <span class='ocr_line' id='line_1_27' title="bbox 2126 1481 3695 1561; baseline 0.009 -28"><span class='ocrx_word' id='word_1_199' title='bbox 2126 1481 2271 1535; x_wconf 87' lang='lat' dir='ltr'><strong>mine</strong></span> <span class='ocrx_word' id='word_1_200' title='bbox 2294 1497 2401 1551; x_wconf 89' lang='lat' dir='ltr'><strong>quo</strong></span> <span class='ocrx_word' id='word_1_201' title='bbox 2425 1484 2768 1554; x_wconf 82' lang='lat' dir='ltr'><strong>obteguntur,</strong></span> <span class='ocrx_word' id='word_1_202' title='bbox 2797 1486 3067 1541; x_wconf 84' lang='lat' dir='ltr'><strong>manifesti</strong></span> <span class='ocrx_word' id='word_1_203' title='bbox 3104 1487 3305 1542; x_wconf 80' lang='lat' dir='ltr'><strong>fuerint</strong></span> <span class='ocrx_word' id='word_1_204' title='bbox 3338 1489 3440 1560; x_wconf 89' lang='lat' dir='ltr'><strong>ipsi</strong></span> <span class='ocrx_word' id='word_1_205' title='bbox 3473 1492 3563 1561; x_wconf 87' lang='lat' dir='ltr'><strong>qui</strong></span> <span class='ocrx_word' id='word_1_206' title='bbox 3606 1492 3695 1547; x_wconf 87' lang='lat' dir='ltr'><strong>lilii</strong></span> 
     </span>
    </p>
   </div>
   <div class='ocr_carea' id='block_1_28' title="bbox 2126 1574 3689 1652">
    <p class='ocr_par' dir='ltr' id='par_1_28' title="bbox 2126 1574 3689 1652">
     <span class='ocr_line' id='line_1_28' title="bbox 2126 1574 3689 1652; baseline 0.009 -25"><span class='ocrx_word' id='word_1_207' title='bbox 2126 1574 2218 1629; x_wconf 86' lang='lat' dir='ltr'><strong>Dei</strong></span> <span class='ocrx_word' id='word_1_208' title='bbox 2250 1583 2392 1630; x_wconf 81' lang='lat' dir='ltr'><strong>sunt.</strong></span> <span class='ocrx_word' id='word_1_209' title='bbox 2424 1576 2553 1643; x_wconf 66' lang='lat' dir='ltr'><strong>Quae</strong></span> <span class='ocrx_word' id='word_1_210' title='bbox 2576 1585 2752 1633; x_wconf 88' lang='lat' dir='ltr'><strong>autem</strong></span> <span class='ocrx_word' id='word_1_211' title='bbox 2783 1589 2867 1635; x_wconf 89' lang='lat' dir='ltr'><strong>est</strong></span> <span class='ocrx_word' id='word_1_212' title='bbox 2886 1589 3135 1635; x_wconf 87' lang='lat' dir='ltr'><strong>creatura</strong></span> <span class='ocrx_word' id='word_1_213' title='bbox 3168 1597 3289 1652; x_wconf 72' lang='lat' dir='ltr'><strong>quae</strong></span> <span class='ocrx_word' id='word_1_214' title='bbox 3317 1584 3689 1641; x_wconf 89' lang='lat' dir='ltr'><strong>revelationem</strong></span> 
     </span>
    </p>
   </div>
   <div class='ocr_carea' id='block_1_29' title="bbox 2128 1662 3696 1743">
    <p class='ocr_par' dir='ltr' id='par_1_29' title="bbox 2128 1662 3696 1743">
     <span class='ocr_line' id='line_1_29' title="bbox 2128 1662 3696 1743; baseline 0.01 -27"><span class='ocrx_word' id='word_1_215' title='bbox 2128 1662 2357 1719; x_wconf 83' lang='lat' dir='ltr'><strong>filiorum</strong></span> <span class='ocrx_word' id='word_1_216' title='bbox 2402 1666 2494 1720; x_wconf 82' lang='lat' dir='ltr'><strong>Dei</strong></span> <span class='ocrx_word' id='word_1_217' title='bbox 2530 1670 2842 1738; x_wconf 77' lang='lat' dir='ltr'><strong>exspectat?</strong></span> <span class='ocrx_word' id='word_1_218' title='bbox 2870 1669 3015 1736; x_wconf 64' lang='lat' dir='ltr'><strong>Haec,</strong></span> <span class='ocrx_word' id='word_1_219' title='bbox 3067 1671 3270 1741; x_wconf 86' lang='lat' dir='ltr'><strong>inquit,</strong></span> <span class='ocrx_word' id='word_1_220' title='bbox 3317 1689 3438 1743; x_wconf 80' lang='lat' dir='ltr'><strong>qua:</strong></span> <span class='ocrx_word' id='word_1_221' title='bbox 3480 1676 3696 1731; x_wconf 84' lang='lat' dir='ltr'><strong>vanitati</strong></span> 
     </span>
    </p>
   </div>
   <div class='ocr_carea' id='block_1_30' title="bbox 2125 1757 3696 1836">
    <p class='ocr_par' dir='ltr' id='par_1_30' title="bbox 2125 1757 3696 1836">
     <span class='ocr_line' id='line_1_30' title="bbox 2125 1757 3696 1836; baseline 0.009 -26"><span class='ocrx_word' id='word_1_222' title='bbox 2125 1757 2367 1824; x_wconf 87' lang='lat' dir='ltr'><strong>subjecta</strong></span> <span class='ocrx_word' id='word_1_223' title='bbox 2410 1768 2511 1813; x_wconf 87' lang='lat' dir='ltr'><strong>est.</strong></span> <span class='ocrx_word' id='word_1_224' title='bbox 2566 1760 2817 1829; x_wconf 73' lang='lat' dir='ltr'><strong>Subiecta</strong></span> <span class='ocrx_word' id='word_1_225' title='bbox 2871 1772 3053 1819; x_wconf 90' lang='lat' dir='ltr'><strong>autem</strong></span> <span class='ocrx_word' id='word_1_226' title='bbox 3100 1780 3207 1819; x_wconf 90' lang='lat' dir='ltr'><strong>non</strong></span> <span class='ocrx_word' id='word_1_227' title='bbox 3262 1780 3323 1820; x_wconf 80' lang='lat' dir='ltr'><strong>ea</strong></span> <span class='ocrx_word' id='word_1_228' title='bbox 3373 1767 3696 1836; x_wconf 70' lang='lat' dir='ltr'><strong>conditione,</strong></span> 
     </span>
    </p>
   </div>
   <div class='ocr_carea' id='block_1_31' title="bbox 453 1838 3698 1929">
    <p class='ocr_par' dir='ltr' id='par_1_31' title="bbox 453 1838 3698 1929">
     <span class='ocr_line' id='line_1_31' title="bbox 453 1838 3698 1929; baseline 0.003 -24"><span class='ocrx_word' id='word_1_229' title='bbox 453 1869 516 1906; x_wconf 70' lang='lat' dir='ltr'><strong>ex</strong></span> <span class='ocrx_word' id='word_1_230' title='bbox 541 1860 686 1921; x_wconf 86' lang='lat' dir='ltr'><strong>parte</strong></span> <span class='ocrx_word' id='word_1_231' title='bbox 713 1859 807 1903; x_wconf 86' lang='lat' dir='ltr'><strong>est.</strong></span> <span class='ocrx_word' id='word_1_232' title='bbox 862 1847 1255 1903; x_wconf 85' lang='lat' dir='ltr'><strong>Convenienter</strong></span> <span class='ocrx_word' id='word_1_233' title='bbox 1283 1846 1426 1900; x_wconf 88' lang='lat' dir='ltr'><strong>enim</strong></span> <span class='ocrx_word' id='word_1_234' title='bbox 1465 1846 1660 1902; x_wconf 88' lang='lat' dir='ltr'><strong>dicitur</strong></span> <span class='ocrx_word' id='word_1_235' title='bbox 1696 1846 2019 1901; x_wconf 89' lang='lat' dir='ltr'><strong>moriturum</strong></span> <span class='ocrx_word' id='word_1_236' title='bbox 2050 1838 2097 1896; x_wconf 90' lang='lat' dir='ltr'><strong>B</strong></span> <span class='ocrx_word' id='word_1_237' title='bbox 2123 1856 2182 1900; x_wconf 91' lang='lat' dir='ltr'><strong>ut</strong></span> <span class='ocrx_word' id='word_1_238' title='bbox 2212 1856 2427 1903; x_wconf 88' lang='lat' dir='ltr'><strong>maneat</strong></span> <span class='ocrx_word' id='word_1_239' title='bbox 2455 1866 2668 1920; x_wconf 89' lang='lat' dir='ltr'><strong>semper</strong></span> <span class='ocrx_word' id='word_1_240' title='bbox 2705 1852 2943 1923; x_wconf 88' lang='lat' dir='ltr'><strong>subjecta</strong></span> <span class='ocrx_word' id='word_1_241' title='bbox 2977 1855 3221 1920; x_wconf 87' lang='lat' dir='ltr'><strong>vanitati,</strong></span> <span class='ocrx_word' id='word_1_242' title='bbox 3275 1855 3370 1911; x_wconf 89' lang='lat' dir='ltr'><strong>sed</strong></span> <span class='ocrx_word' id='word_1_243' title='bbox 3416 1872 3541 1913; x_wconf 90' lang='lat' dir='ltr'><strong>cum</strong></span> <span class='ocrx_word' id='word_1_244' title='bbox 3569 1876 3698 1929; x_wconf 86' lang='lat' dir='ltr'><strong>qua-</strong></span> 
     </span>
    </p>
   </div>
   <div class='ocr_carea' id='block_1_32' title="bbox 451 1938 2022 2011">
    <p class='ocr_par' dir='ltr' id='par_1_32' title="bbox 451 1938 2022 2011">
     <span class='ocr_line' id='line_1_32' title="bbox 451 1938 2022 2011; baseline -0.003 -15"><span class='ocrx_word' id='word_1_245' title='bbox 451 1957 571 1997; x_wconf 89' lang='lat' dir='ltr'><strong>esse</strong></span> <span class='ocrx_word' id='word_1_246' title='bbox 603 1941 744 2011; x_wconf 90' lang='lat' dir='ltr'><strong>quod</strong></span> <span class='ocrx_word' id='word_1_247' title='bbox 768 1938 1044 1995; x_wconf 82' lang='lat' dir='ltr'><strong>auferetur</strong></span> <span class='ocrx_word' id='word_1_248' title='bbox 1069 1953 1084 1990; x_wconf 91' lang='lat'><strong>:</strong></span> <span class='ocrx_word' id='word_1_249' title='bbox 1116 1944 1174 1991; x_wconf 92' lang='lat' dir='ltr'><strong>ut</strong></span> <span class='ocrx_word' id='word_1_250' title='bbox 1193 1938 1460 2006; x_wconf 89' lang='lat' dir='ltr'><strong>quomodo</strong></span> <span class='ocrx_word' id='word_1_251' title='bbox 1481 1952 1603 1992; x_wconf 91' lang='lat' dir='ltr'><strong>cum</strong></span> <span class='ocrx_word' id='word_1_252' title='bbox 1629 1952 1854 1992; x_wconf 89' lang='lat' dir='ltr'><strong>cernere</strong></span> <span class='ocrx_word' id='word_1_253' title='bbox 1884 1939 2022 1992; x_wconf 86' lang='lat' dir='ltr'><strong>nite-</strong></span> 
     </span>
    </p>
   </div>
   <div class='ocr_carea' id='block_1_33' title="bbox 456 2026 2023 2101">
    <p class='ocr_par' dir='ltr' id='par_1_33' title="bbox 456 2026 2023 2101">
     <span class='ocr_line' id='line_1_33' title="bbox 456 2026 2023 2101; baseline -0.003 -16"><span class='ocrx_word' id='word_1_254' title='bbox 456 2048 641 2087; x_wconf 86' lang='lat' dir='ltr'><strong>remur</strong></span> <span class='ocrx_word' id='word_1_255' title='bbox 672 2030 813 2101; x_wconf 89' lang='lat' dir='ltr'><strong>quod</strong></span> <span class='ocrx_word' id='word_1_256' title='bbox 839 2044 944 2084; x_wconf 90' lang='lat' dir='ltr'><strong>non</strong></span> <span class='ocrx_word' id='word_1_257' title='bbox 987 2027 1263 2083; x_wconf 86' lang='lat' dir='ltr'><strong>evidenter</strong></span> <span class='ocrx_word' id='word_1_258' title='bbox 1286 2035 1446 2095; x_wconf 89' lang='lat' dir='ltr'><strong>atque</strong></span> <span class='ocrx_word' id='word_1_259' title='bbox 1468 2026 1751 2095; x_wconf 89' lang='lat' dir='ltr'><strong>perspicue</strong></span> <span class='ocrx_word' id='word_1_260' title='bbox 1779 2040 2023 2096; x_wconf 67' lang='lat' dir='ltr'><strong>coepera-</strong></span> 
     </span>
    </p>
   </div>
   <div class='ocr_carea' id='block_1_34' title="bbox 454 2115 2021 2188">
    <p class='ocr_par' dir='ltr' id='par_1_34' title="bbox 454 2115 2021 2188">
     <span class='ocr_line' id='line_1_34' title="bbox 454 2115 2021 2188; baseline -0.004 -12"><span class='ocrx_word' id='word_1_261' title='bbox 454 2138 617 2187; x_wconf 89' lang='lat' dir='ltr'><strong>mus,</strong></span> <span class='ocrx_word' id='word_1_262' title='bbox 678 2122 749 2175; x_wconf 92' lang='lat' dir='ltr'><strong>ita</strong></span> <span class='ocrx_word' id='word_1_263' title='bbox 801 2119 956 2174; x_wconf 90' lang='lat' dir='ltr'><strong>nobis</strong></span> <span class='ocrx_word' id='word_1_264' title='bbox 1015 2117 1409 2188; x_wconf 87' lang='lat' dir='ltr'><strong>quodammodo</strong></span> <span class='ocrx_word' id='word_1_265' title='bbox 1464 2117 1697 2171; x_wconf 87' lang='lat' dir='ltr'><strong>moritur</strong></span> <span class='ocrx_word' id='word_1_266' title='bbox 1755 2115 1915 2169; x_wconf 87' lang='lat' dir='ltr'><strong>Pater</strong></span> <span class='ocrx_word' id='word_1_267' title='bbox 1969 2117 2021 2169; x_wconf 93' lang='lat' dir='ltr'><strong>in</strong></span> 
     </span>
    </p>
   </div>
   <div class='ocr_carea' id='block_1_35' title="bbox 454 2207 2023 2283">
    <p class='ocr_par' dir='ltr' id='par_1_35' title="bbox 454 2207 2023 2283">
     <span class='ocr_line' id='line_1_35' title="bbox 454 2207 2023 2283; baseline -0.003 -16"><span class='ocrx_word' id='word_1_268' title='bbox 454 2214 756 2283; x_wconf 60' lang='lat' dir='ltr'><strong>nauigante,</strong></span> <span class='ocrx_word' id='word_1_269' title='bbox 787 2219 843 2266; x_wconf 90' lang='lat' dir='ltr'><strong>et</strong></span> <span class='ocrx_word' id='word_1_270' title='bbox 874 2211 1016 2266; x_wconf 86' lang='lat' dir='ltr'><strong>idem</strong></span> <span class='ocrx_word' id='word_1_271' title='bbox 1040 2211 1151 2278; x_wconf 85' lang='lat' dir='ltr'><strong>ipse</strong></span> <span class='ocrx_word' id='word_1_272' title='bbox 1181 2208 1241 2263; x_wconf 83' lang='lat' dir='ltr'><strong>ﬁt</strong></span> <span class='ocrx_word' id='word_1_273' title='bbox 1271 2208 1579 2275; x_wconf 77' lang='lat' dir='ltr'><strong>baereditas,</strong></span> <span class='ocrx_word' id='word_1_274' title='bbox 1625 2223 1748 2262; x_wconf 89' lang='lat' dir='ltr'><strong>cum</strong></span> <span class='ocrx_word' id='word_1_275' title='bbox 1791 2207 1932 2263; x_wconf 88' lang='lat' dir='ltr'><strong>facie</strong></span> <span class='ocrx_word' id='word_1_276' title='bbox 1954 2209 2023 2264; x_wconf 89' lang='lat' dir='ltr'><strong>ad</strong></span> 
     </span>
    </p>
   </div>
   <div class='ocr_carea' id='block_1_36' title="bbox 449 2300 2022 2374">
    <p class='ocr_par' dir='ltr' id='par_1_36' title="bbox 449 2300 2022 2374">
     <span class='ocr_line' id='line_1_36' title="bbox 449 2300 2022 2374; baseline -0.003 -14"><span class='ocrx_word' id='word_1_277' title='bbox 449 2307 642 2362; x_wconf 83' lang='lat' dir='ltr'><strong>faciem</strong></span> <span class='ocrx_word' id='word_1_278' title='bbox 687 2304 1034 2374; x_wconf 83' lang='lat' dir='ltr'><strong>possidetur:</strong></span> <span class='ocrx_word' id='word_1_279' title='bbox 1096 2316 1203 2355; x_wconf 92' lang='lat' dir='ltr'><strong>non</strong></span> <span class='ocrx_word' id='word_1_280' title='bbox 1253 2302 1381 2370; x_wconf 90' lang='lat' dir='ltr'><strong>quia</strong></span> <span class='ocrx_word' id='word_1_281' title='bbox 1417 2300 1531 2370; x_wconf 86' lang='lat' dir='ltr'><strong>ipse</strong></span> <span class='ocrx_word' id='word_1_282' title='bbox 1582 2300 1869 2363; x_wconf 84' lang='lat' dir='ltr'><strong>moriatur,</strong></span> <span class='ocrx_word' id='word_1_283' title='bbox 1925 2301 2022 2355; x_wconf 88' lang='lat' dir='ltr'><strong>sed</strong></span> 
     </span>
    </p>
   </div>
   <div class='ocr_carea' id='block_1_37' title="bbox 448 2389 2020 2469">
    <p class='ocr_par' dir='ltr' id='par_1_37' title="bbox 448 2389 2020 2469">
     <span class='ocr_line' id='line_1_37' title="bbox 448 2389 2020 2469; baseline -0.005 -17"><span class='ocrx_word' id='word_1_284' title='bbox 448 2398 571 2469; x_wconf 87' lang='lat' dir='ltr'><strong>quia</strong></span> <span class='ocrx_word' id='word_1_285' title='bbox 598 2393 909 2465; x_wconf 85' lang='lat' dir='ltr'><strong>imperfecta</strong></span> <span class='ocrx_word' id='word_1_286' title='bbox 931 2393 987 2447; x_wconf 92' lang='lat' dir='ltr'><strong>in</strong></span> <span class='ocrx_word' id='word_1_287' title='bbox 1007 2407 1128 2448; x_wconf 90' lang='lat' dir='ltr'><strong>eum</strong></span> <span class='ocrx_word' id='word_1_288' title='bbox 1155 2400 1339 2447; x_wconf 89' lang='lat' dir='ltr'><strong>nostra</strong></span> <span class='ocrx_word' id='word_1_289' title='bbox 1363 2391 1501 2446; x_wconf 88' lang='lat' dir='ltr'><strong>visio</strong></span> <span class='ocrx_word' id='word_1_290' title='bbox 1543 2389 1781 2460; x_wconf 85' lang='lat' dir='ltr'><strong>perfecta</strong></span> <span class='ocrx_word' id='word_1_291' title='bbox 1809 2389 2020 2445; x_wconf 85' lang='lat' dir='ltr'><strong>visione</strong></span> 
     </span>
    </p>
   </div>
   <div class='ocr_carea' id='block_1_38' title="bbox 448 2480 2019 2560">
    <p class='ocr_par' dir='ltr' id='par_1_38' title="bbox 448 2480 2019 2560">
     <span class='ocr_line' id='line_1_38' title="bbox 448 2480 2019 2560; baseline -0.004 -20"><span class='ocrx_word' id='word_1_292' title='bbox 448 2485 755 2560; x_wconf 80' lang='lat' dir='ltr'><strong>perimitur,</strong></span> <span class='ocrx_word' id='word_1_293' title='bbox 799 2492 853 2538; x_wconf 91' lang='lat' dir='ltr'><strong>et</strong></span> <span class='ocrx_word' id='word_1_294' title='bbox 879 2492 1058 2538; x_wconf 83' lang='lat' dir='ltr'><strong>tamen</strong></span> <span class='ocrx_word' id='word_1_295' title='bbox 1090 2481 1195 2536; x_wconf 88' lang='lat' dir='ltr'><strong>nisi</strong></span> <span class='ocrx_word' id='word_1_296' title='bbox 1241 2481 1330 2535; x_wconf 88' lang='lat' dir='ltr'><strong>illa</strong></span> <span class='ocrx_word' id='word_1_297' title='bbox 1358 2481 1508 2550; x_wconf 89' lang='lat' dir='ltr'><strong>prior</strong></span> <span class='ocrx_word' id='word_1_298' title='bbox 1546 2495 1645 2535; x_wconf 90' lang='lat' dir='ltr'><strong>nos</strong></span> <span class='ocrx_word' id='word_1_299' title='bbox 1674 2480 1922 2543; x_wconf 83' lang='lat' dir='ltr'><strong>nutriret,</strong></span> <span class='ocrx_word' id='word_1_300' title='bbox 1953 2481 2019 2534; x_wconf 88' lang='lat' dir='ltr'><strong>ad</strong></span> 
     </span>
    </p>
   </div>
   <div class='ocr_carea' id='block_1_39' title="bbox 449 2568 2021 2647">
    <p class='ocr_par' dir='ltr' id='par_1_39' title="bbox 449 2568 2021 2647">
     <span class='ocr_line' id='line_1_39' title="bbox 449 2568 2021 2647; baseline -0.005 -15"><span class='ocrx_word' id='word_1_301' title='bbox 449 2579 597 2632; x_wconf 86' lang='lat' dir='ltr'><strong>illam</strong></span> <span class='ocrx_word' id='word_1_302' title='bbox 637 2576 1005 2647; x_wconf 89' lang='lat' dir='ltr'><strong>plenissimam</strong></span> <span class='ocrx_word' id='word_1_303' title='bbox 1036 2580 1091 2629; x_wconf 88' lang='lat' dir='ltr'><strong>et</strong></span> <span class='ocrx_word' id='word_1_304' title='bbox 1137 2571 1593 2626; x_wconf 88' lang='lat' dir='ltr'><strong>evidentissimam</strong></span> <span class='ocrx_word' id='word_1_305' title='bbox 1634 2585 1742 2624; x_wconf 93' lang='lat' dir='ltr'><strong>non</strong></span> <span class='ocrx_word' id='word_1_306' title='bbox 1786 2568 2021 2624; x_wconf 51' lang='lat' dir='ltr'><strong>edicere-</strong></span> 
     </span>
    </p>
   </div>
   <div class='ocr_carea' id='block_1_40' title="bbox 447 2658 2017 2733">
    <p class='ocr_par' dir='ltr' id='par_1_40' title="bbox 447 2658 2017 2733">
     <span class='ocr_line' id='line_1_40' title="bbox 447 2658 2017 2733; baseline -0.006 -10"><span class='ocrx_word' id='word_1_307' title='bbox 447 2685 570 2723; x_wconf 87' lang='lat' dir='ltr'><strong>mur</strong></span> <span class='ocrx_word' id='word_1_308' title='bbox 600 2666 795 2722; x_wconf 86' lang='lat' dir='ltr'><strong>idonei.</strong></span> <span class='ocrx_word' id='word_1_309' title='bbox 830 2663 979 2733; x_wconf 85' lang='lat' dir='ltr'><strong>Quod</strong></span> <span class='ocrx_word' id='word_1_310' title='bbox 1008 2663 1054 2718; x_wconf 91' lang='lat' dir='ltr'><strong>si</strong></span> <span class='ocrx_word' id='word_1_311' title='bbox 1080 2662 1239 2717; x_wconf 90' lang='lat' dir='ltr'><strong>etiam</strong></span> <span class='ocrx_word' id='word_1_312' title='bbox 1272 2662 1337 2716; x_wconf 92' lang='lat' dir='ltr'><strong>de</strong></span> <span class='ocrx_word' id='word_1_313' title='bbox 1382 2661 1609 2714; x_wconf 90' lang='lat' dir='ltr'><strong>Domino</strong></span> <span class='ocrx_word' id='word_1_314' title='bbox 1658 2668 1844 2714; x_wconf 89' lang='lat' dir='ltr'><strong>nostro</strong></span> <span class='ocrx_word' id='word_1_315' title='bbox 1889 2658 2017 2714; x_wconf 88' lang='lat' dir='ltr'><strong>Jesu</strong></span> 
     </span>
    </p>
   </div>
   <div class='ocr_carea' id='block_1_41' title="bbox 447 2751 2016 2824">
    <p class='ocr_par' dir='ltr' id='par_1_41' title="bbox 447 2751 2016 2824">
     <span class='ocr_line' id='line_1_41' title="bbox 447 2751 2016 2824; baseline -0.006 -10"><span class='ocrx_word' id='word_1_316' title='bbox 447 2760 681 2824; x_wconf 83' lang='lat' dir='ltr'><strong>Christo,</strong></span> <span class='ocrx_word' id='word_1_317' title='bbox 710 2772 816 2812; x_wconf 91' lang='lat' dir='ltr'><strong>non</strong></span> <span class='ocrx_word' id='word_1_318' title='bbox 844 2756 1133 2810; x_wconf 89' lang='lat' dir='ltr'><strong>secundum</strong></span> <span class='ocrx_word' id='word_1_319' title='bbox 1168 2754 1404 2807; x_wconf 88' lang='lat' dir='ltr'><strong>Verbum</strong></span> <span class='ocrx_word' id='word_1_320' title='bbox 1448 2753 1502 2805; x_wconf 91' lang='lat' dir='ltr'><strong>in</strong></span> <span class='ocrx_word' id='word_1_321' title='bbox 1539 2751 1807 2820; x_wconf 88' lang='lat' dir='ltr'><strong>principio</strong></span> <span class='ocrx_word' id='word_1_322' title='bbox 1848 2751 2016 2805; x_wconf 88' lang='lat' dir='ltr'><strong>Deum</strong></span> 
     </span>
    </p>
   </div>
   <div class='ocr_carea' id='block_1_42' title="bbox 447 2845 2018 2926">
    <p class='ocr_par' dir='ltr' id='par_1_42' title="bbox 447 2845 2018 2926">
     <span class='ocr_line' id='line_1_42' title="bbox 447 2845 2018 2926; baseline -0.007 -18"><span class='ocrx_word' id='word_1_323' title='bbox 447 2855 587 2926; x_wconf 80' lang='lat' dir='ltr'><strong>apud</strong></span> <span class='ocrx_word' id='word_1_324' title='bbox 618 2855 813 2917; x_wconf 89' lang='lat' dir='ltr'><strong>Deum,</strong></span> <span class='ocrx_word' id='word_1_325' title='bbox 855 2851 949 2906; x_wconf 94' lang='lat' dir='ltr'><strong>scd</strong></span> <span class='ocrx_word' id='word_1_326' title='bbox 996 2848 1289 2905; x_wconf 88' lang='lat' dir='ltr'><strong>secundum</strong></span> <span class='ocrx_word' id='word_1_327' title='bbox 1316 2862 1568 2917; x_wconf 81' lang='lat' dir='ltr'><strong>puerum,</strong></span> <span class='ocrx_word' id='word_1_328' title='bbox 1603 2847 1693 2916; x_wconf 81' lang='lat' dir='ltr'><strong>qui</strong></span> <span class='ocrx_word' id='word_1_329' title='bbox 1716 2845 2018 2915; x_wconf 80' lang='lat' dir='ltr'><strong>proﬁciebat</strong></span> 
     </span>
    </p>
   </div>
   <div class='ocr_carea' id='block_1_43' title="bbox 446 2937 2014 3013">
    <p class='ocr_par' dir='ltr' id='par_1_43' title="bbox 446 2937 2014 3013">
     <span class='ocr_line' id='line_1_43' title="bbox 446 2937 2014 3013; baseline -0.006 -14"><span class='ocrx_word' id='word_1_330' title='bbox 446 2955 599 3000; x_wconf 74' lang='lat' dir='ltr'><strong>relate</strong></span> <span class='ocrx_word' id='word_1_331' title='bbox 620 2956 665 3000; x_wconf 90' lang='lat' dir='ltr'><strong>et</strong></span> <span class='ocrx_word' id='word_1_332' title='bbox 691 2944 945 3013; x_wconf 78' lang='lat' dir='ltr'><strong>sapientia</strong></span> <span class='ocrx_word' id='word_1_333' title='bbox 976 2940 1126 3012; x_wconf 89' lang='lat' dir='ltr'><strong>(Luc.</strong></span> <span class='ocrx_word' id='word_1_334' title='bbox 1156 2939 1239 3010; x_wconf 83' lang='lat' dir='ltr'><strong>ll),</strong></span> <span class='ocrx_word' id='word_1_335' title='bbox 1268 2939 1387 3008; x_wconf 91' lang='lat' dir='ltr'><strong>pius</strong></span> <span class='ocrx_word' id='word_1_336' title='bbox 1422 2937 1726 2991; x_wconf 82' lang='lat' dir='ltr'><strong>intellectus</strong></span> <span class='ocrx_word' id='word_1_337' title='bbox 1757 2937 2014 3001; x_wconf 86' lang='lat' dir='ltr'><strong>admittit,</strong></span> 
     </span>
    </p>
   </div>
   <div class='ocr_carea' id='block_1_44' title="bbox 446 3025 2014 3106">
    <p class='ocr_par' dir='ltr' id='par_1_44' title="bbox 446 3025 2014 3106">
     <span class='ocr_line' id='line_1_44' title="bbox 446 3025 2014 3106; baseline -0.006 -17"><span class='ocrx_word' id='word_1_338' title='bbox 446 3036 661 3106; x_wconf 89' lang='lat' dir='ltr'><strong>propria</strong></span> <span class='ocrx_word' id='word_1_339' title='bbox 701 3034 790 3088; x_wconf 87' lang='lat' dir='ltr'><strong>illa</strong></span> <span class='ocrx_word' id='word_1_340' title='bbox 833 3031 1175 3099; x_wconf 87' lang='lat' dir='ltr'><strong>susceptione</strong></span> <span class='ocrx_word' id='word_1_341' title='bbox 1223 3034 1458 3089; x_wconf 88' lang='lat' dir='ltr'><strong>servata,</strong></span> <span class='ocrx_word' id='word_1_342' title='bbox 1492 3041 1611 3095; x_wconf 67' lang='lat' dir='ltr'><strong>quie</strong></span> <span class='ocrx_word' id='word_1_343' title='bbox 1637 3025 1940 3081; x_wconf 88' lang='lat' dir='ltr'><strong>communis</strong></span> <span class='ocrx_word' id='word_1_344' title='bbox 1965 3027 2014 3080; x_wconf 86' lang='lat' dir='ltr'><strong>ei</strong></span> 
     </span>
    </p>
   </div>
   <div class='ocr_carea' id='block_1_45' title="bbox 444 3114 2014 3180">
    <p class='ocr_par' dir='ltr' id='par_1_45' title="bbox 444 3114 2014 3180">
     <span class='ocr_line' id='line_1_45' title="bbox 444 3114 2014 3180; baseline -0.007 -1"><span class='ocrx_word' id='word_1_345' title='bbox 444 3140 568 3180; x_wconf 88' lang='lat' dir='ltr'><strong>cum</strong></span> <span class='ocrx_word' id='word_1_346' title='bbox 602 3122 815 3177; x_wconf 71' lang='lat' dir='ltr'><strong>czcteris</strong></span> <span class='ocrx_word' id='word_1_347' title='bbox 858 3119 1167 3174; x_wconf 85' lang='lat' dir='ltr'><strong>hominibus</strong></span> <span class='ocrx_word' id='word_1_348' title='bbox 1219 3131 1324 3170; x_wconf 93' lang='lat' dir='ltr'><strong>non</strong></span> <span class='ocrx_word' id='word_1_349' title='bbox 1384 3124 1488 3179; x_wconf 89' lang='lat' dir='ltr'><strong>est,</strong></span> <span class='ocrx_word' id='word_1_350' title='bbox 1542 3114 1887 3170; x_wconf 80' lang='lat' dir='ltr'><strong>manifestum</strong></span> <span class='ocrx_word' id='word_1_351' title='bbox 1934 3122 2014 3169; x_wconf 84' lang='lat' dir='ltr'><strong>est</strong></span> 
     </span>
    </p>
   </div>
   <div class='ocr_carea' id='block_1_46' title="bbox 445 3208 2016 3288">
    <p class='ocr_par' dir='ltr' id='par_1_46' title="bbox 445 3208 2016 3288">
     <span class='ocr_line' id='line_1_46' title="bbox 445 3208 2016 3288; baseline -0.008 -15"><span class='ocrx_word' id='word_1_352' title='bbox 445 3218 599 3288; x_wconf 83' lang='lat' dir='ltr'><strong>cujus</strong></span> <span class='ocrx_word' id='word_1_353' title='bbox 624 3226 876 3284; x_wconf 88' lang='lat' dir='ltr'><strong>tanquam</strong></span> <span class='ocrx_word' id='word_1_354' title='bbox 918 3222 1094 3267; x_wconf 88' lang='lat' dir='ltr'><strong>morte</strong></span> <span class='ocrx_word' id='word_1_355' title='bbox 1143 3208 1417 3281; x_wconf 84' lang='lat' dir='ltr'><strong>possideat</strong></span> <span class='ocrx_word' id='word_1_356' title='bbox 1456 3208 1862 3271; x_wconf 77' lang='lat' dir='ltr'><strong>haereditatem;</strong></span> <span class='ocrx_word' id='word_1_357' title='bbox 1912 3222 2016 3261; x_wconf 91' lang='lat' dir='ltr'><strong>non</strong></span> 
     </span>
    </p>
   </div>
   <div class='ocr_carea' id='block_1_47' title="bbox 443 3297 2018 3371">
    <p class='ocr_par' dir='ltr' id='par_1_47' title="bbox 443 3297 2018 3371">
     <span class='ocr_line' id='line_1_47' title="bbox 443 3297 2018 3371; baseline -0.008 -9"><span class='ocrx_word' id='word_1_358' title='bbox 443 3308 584 3362; x_wconf 88' lang='lat' dir='ltr'><strong>enim</strong></span> <span class='ocrx_word' id='word_1_359' title='bbox 615 3319 714 3361; x_wconf 90' lang='lat' dir='ltr'><strong>nos</strong></span> <span class='ocrx_word' id='word_1_360' title='bbox 740 3302 1047 3358; x_wconf 73' lang='lat' dir='ltr'><strong>cohiercdes</strong></span> <span class='ocrx_word' id='word_1_361' title='bbox 1065 3301 1182 3371; x_wconf 85' lang='lat' dir='ltr'><strong>ejus</strong></span> <span class='ocrx_word' id='word_1_362' title='bbox 1210 3314 1329 3355; x_wconf 89' lang='lat' dir='ltr'><strong>esse</strong></span> <span class='ocrx_word' id='word_1_363' title='bbox 1349 3313 1657 3367; x_wconf 89' lang='lat' dir='ltr'><strong>possumus,</strong></span> <span class='ocrx_word' id='word_1_364' title='bbox 1684 3298 1789 3350; x_wconf 88' lang='lat' dir='ltr'><strong>nisi</strong></span> <span class='ocrx_word' id='word_1_365' title='bbox 1821 3306 1875 3351; x_wconf 90' lang='lat' dir='ltr'><strong>et</strong></span> <span class='ocrx_word' id='word_1_366' title='bbox 1905 3297 2018 3366; x_wconf 88' lang='lat' dir='ltr'><strong>ipse</strong></span> 
     </span>
    </p>
   </div>
   <div class='ocr_carea' id='block_1_48' title="bbox 446 3388 2017 3463">
    <p class='ocr_par' dir='ltr' id='par_1_48' title="bbox 446 3388 2017 3463">
     <span class='ocr_line' id='line_1_48' title="bbox 446 3388 2017 3463; baseline -0.01 -8"><span class='ocrx_word' id='word_1_367' title='bbox 446 3402 619 3455; x_wconf 73' lang='lat' dir='ltr'><strong>haeres</strong></span> <span class='ocrx_word' id='word_1_368' title='bbox 645 3397 733 3452; x_wconf 90' lang='lat' dir='ltr'><strong>sit.</strong></span> <span class='ocrx_word' id='word_1_369' title='bbox 767 3394 823 3450; x_wconf 93' lang='lat' dir='ltr'><strong>Si</strong></span> <span class='ocrx_word' id='word_1_370' title='bbox 865 3403 1041 3449; x_wconf 89' lang='lat' dir='ltr'><strong>autem</strong></span> <span class='ocrx_word' id='word_1_371' title='bbox 1086 3395 1259 3463; x_wconf 84' lang='lat' dir='ltr'><strong>pietas</strong></span> <span class='ocrx_word' id='word_1_372' title='bbox 1309 3405 1414 3444; x_wconf 92' lang='lat' dir='ltr'><strong>non</strong></span> <span class='ocrx_word' id='word_1_373' title='bbox 1459 3388 1698 3443; x_wconf 89' lang='lat' dir='ltr'><strong>admittit</strong></span> <span class='ocrx_word' id='word_1_374' title='bbox 1739 3396 1799 3441; x_wconf 91' lang='lat' dir='ltr'><strong>ut</strong></span> <span class='ocrx_word' id='word_1_375' title='bbox 1844 3388 2017 3456; x_wconf 87' lang='lat' dir='ltr'><strong>primo</strong></span> 
     </span>
    </p>
   </div>
   <div class='ocr_carea' id='block_1_49' title="bbox 445 3477 2014 3559">
    <p class='ocr_par' dir='ltr' id='par_1_49' title="bbox 445 3477 2014 3559">
     <span class='ocr_line' id='line_1_49' title="bbox 445 3477 2014 3559; baseline -0.01 -15"><span class='ocrx_word' id='word_1_376' title='bbox 445 3507 511 3544; x_wconf 72' lang='lat' dir='ltr'><strong>ex</strong></span> <span class='ocrx_word' id='word_1_377' title='bbox 554 3499 710 3559; x_wconf 88' lang='lat' dir='ltr'><strong>parte</strong></span> <span class='ocrx_word' id='word_1_378' title='bbox 734 3486 945 3540; x_wconf 84' lang='lat' dir='ltr'><strong>videret</strong></span> <span class='ocrx_word' id='word_1_379' title='bbox 980 3484 1142 3537; x_wconf 89' lang='lat' dir='ltr'><strong>homo</strong></span> <span class='ocrx_word' id='word_1_380' title='bbox 1189 3479 1520 3543; x_wconf 87' lang='lat' dir='ltr'><strong>Dominicus,</strong></span> <span class='ocrx_word' id='word_1_381' title='bbox 1544 3528 1545 3531; x_wconf 45' lang='grc' dir='ltr'><strong>η</strong></span> <span class='ocrx_word' id='word_1_382' title='bbox 1572 3477 1763 3533; x_wconf 88' lang='lat' dir='ltr'><strong>deinde</strong></span> <span class='ocrx_word' id='word_1_383' title='bbox 1792 3492 1855 3532; x_wconf 83' lang='lat' dir='ltr'><strong>ex</strong></span> <span class='ocrx_word' id='word_1_384' title='bbox 1884 3485 2014 3541; x_wconf 84' lang='lat' dir='ltr'><strong>toto,</strong></span> 
     </span>
    </p>
   </div>
   <div class='ocr_carea' id='block_1_50' title="bbox 442 3568 2015 3650">
    <p class='ocr_par' dir='ltr' id='par_1_50' title="bbox 442 3568 2015 3650">
     <span class='ocr_line' id='line_1_50' title="bbox 442 3568 2015 3650; baseline -0.01 -15"><span class='ocrx_word' id='word_1_385' title='bbox 442 3593 746 3650; x_wconf 89' lang='lat' dir='ltr'><strong>quanquam</strong></span> <span class='ocrx_word' id='word_1_386' title='bbox 771 3577 826 3631; x_wconf 91' lang='lat' dir='ltr'><strong>in</strong></span> <span class='ocrx_word' id='word_1_387' title='bbox 857 3573 1117 3643; x_wconf 85' lang='lat' dir='ltr'><strong>sapientia</strong></span> <span class='ocrx_word' id='word_1_388' title='bbox 1148 3569 1413 3641; x_wconf 84' lang='lat' dir='ltr'><strong>prolicere</strong></span> <span class='ocrx_word' id='word_1_389' title='bbox 1441 3569 1620 3623; x_wconf 91' lang='lat' dir='ltr'><strong>dictus</strong></span> <span class='ocrx_word' id='word_1_390' title='bbox 1649 3568 1739 3631; x_wconf 89' lang='lat' dir='ltr'><strong>sit,</strong></span> <span class='ocrx_word' id='word_1_391' title='bbox 1782 3582 2015 3637; x_wconf 87' lang='lat' dir='ltr'><strong>corpore</strong></span> 
     </span>
    </p>
   </div>
   <div class='ocr_carea' id='block_1_51' title="bbox 444 3657 2016 3737">
    <p class='ocr_par' dir='ltr' id='par_1_51' title="bbox 444 3657 2016 3737">
     <span class='ocr_line' id='line_1_51' title="bbox 444 3657 2016 3737; baseline -0.01 -12"><span class='ocrx_word' id='word_1_392' title='bbox 444 3686 541 3726; x_wconf 91' lang='lat' dir='ltr'><strong>suo</strong></span> <span class='ocrx_word' id='word_1_393' title='bbox 567 3666 883 3737; x_wconf 82' lang='lat' dir='ltr'><strong>intelligitur</strong></span> <span class='ocrx_word' id='word_1_394' title='bbox 916 3667 1108 3728; x_wconf 65' lang='lat' dir='ltr'><strong>haeres,</strong></span> <span class='ocrx_word' id='word_1_395' title='bbox 1141 3662 1193 3717; x_wconf 88' lang='lat' dir='ltr'><strong>id</strong></span> <span class='ocrx_word' id='word_1_396' title='bbox 1238 3668 1341 3724; x_wconf 87' lang='lat' dir='ltr'><strong>est,</strong></span> <span class='ocrx_word' id='word_1_397' title='bbox 1368 3658 1628 3723; x_wconf 86' lang='lat' dir='ltr'><strong>Ecclesia,</strong></span> <span class='ocrx_word' id='word_1_398' title='bbox 1660 3657 1815 3726; x_wconf 89' lang='lat' dir='ltr'><strong>cujus</strong></span> <span class='ocrx_word' id='word_1_399' title='bbox 1840 3658 2016 3712; x_wconf 61' lang='lat' dir='ltr'><strong>cohaz-</strong></span> 
     </span>
    </p>
   </div>
   <div class='ocr_carea' id='block_1_52' title="bbox 445 3745 2017 3824">
    <p class='ocr_par' dir='ltr' id='par_1_52' title="bbox 445 3745 2017 3824">
     <span class='ocr_line' id='line_1_52' title="bbox 445 3745 2017 3824; baseline -0.009 -11"><span class='ocrx_word' id='word_1_400' title='bbox 445 3759 601 3813; x_wconf 87' lang='lat' dir='ltr'><strong>redes</strong></span> <span class='ocrx_word' id='word_1_401' title='bbox 649 3771 856 3821; x_wconf 86' lang='lat' dir='ltr'><strong>sumus,</strong></span> <span class='ocrx_word' id='word_1_402' title='bbox 885 3752 1134 3824; x_wconf 87' lang='lat' dir='ltr'><strong>quamvis</strong></span> <span class='ocrx_word' id='word_1_403' title='bbox 1177 3765 1241 3805; x_wconf 83' lang='lat' dir='ltr'><strong>ex</strong></span> <span class='ocrx_word' id='word_1_404' title='bbox 1280 3750 1438 3805; x_wconf 87' lang='lat' dir='ltr'><strong>nobis</strong></span> <span class='ocrx_word' id='word_1_405' title='bbox 1467 3755 1695 3804; x_wconf 90' lang='lat' dir='ltr'><strong>constet.</strong></span> <span class='ocrx_word' id='word_1_406' title='bbox 1746 3745 1853 3803; x_wconf 90' lang='lat' dir='ltr'><strong>Sed</strong></span> <span class='ocrx_word' id='word_1_407' title='bbox 1898 3763 2017 3801; x_wconf 87' lang='lat' dir='ltr'><strong>rur-</strong></span> 
     </span>
    </p>
   </div>
   <div class='ocr_carea' id='block_1_53' title="bbox 445 3840 2015 3916">
    <p class='ocr_par' dir='ltr' id='par_1_53' title="bbox 445 3840 2015 3916">
     <span class='ocr_line' id='line_1_53' title="bbox 445 3840 2015 3916; baseline -0.005 -15"><span class='ocrx_word' id='word_1_408' title='bbox 445 3863 563 3903; x_wconf 89' lang='lat' dir='ltr'><strong>sum</strong></span> <span class='ocrx_word' id='word_1_409' title='bbox 591 3846 760 3915; x_wconf 72' lang='lat' dir='ltr'><strong>quzeri</strong></span> <span class='ocrx_word' id='word_1_410' title='bbox 782 3855 962 3916; x_wconf 88' lang='lat' dir='ltr'><strong>potest</strong></span> <span class='ocrx_word' id='word_1_411' title='bbox 985 3843 1138 3913; x_wconf 88' lang='lat' dir='ltr'><strong>cujus</strong></span> <span class='ocrx_word' id='word_1_412' title='bbox 1169 3848 1345 3897; x_wconf 88' lang='lat' dir='ltr'><strong>morte</strong></span> <span class='ocrx_word' id='word_1_413' title='bbox 1372 3840 1542 3895; x_wconf 90' lang='lat' dir='ltr'><strong>simus</strong></span> <span class='ocrx_word' id='word_1_414' title='bbox 1578 3855 1676 3895; x_wconf 88' lang='lat' dir='ltr'><strong>nos</strong></span> <span class='ocrx_word' id='word_1_415' title='bbox 1703 3840 1866 3895; x_wconf 89' lang='lat' dir='ltr'><strong>etiam</strong></span> <span class='ocrx_word' id='word_1_416' title='bbox 1904 3841 2015 3894; x_wconf 70' lang='lat' dir='ltr'><strong>hce-</strong></span> 
     </span>
    </p>
   </div>
   <div class='ocr_carea' id='block_1_54' title="bbox 444 3931 2015 4001">
    <p class='ocr_par' dir='ltr' id='par_1_54' title="bbox 444 3931 2015 4001">
     <span class='ocr_line' id='line_1_54' title="bbox 444 3931 2015 4001; baseline -0.005 -9"><span class='ocrx_word' id='word_1_417' title='bbox 444 3939 647 3993; x_wconf 87' lang='lat' dir='ltr'><strong>reditas</strong></span> <span class='ocrx_word' id='word_1_418' title='bbox 674 3937 792 4001; x_wconf 86' lang='lat' dir='ltr'><strong>Dei,</strong></span> <span class='ocrx_word' id='word_1_419' title='bbox 815 3936 1107 3991; x_wconf 88' lang='lat' dir='ltr'><strong>secundum</strong></span> <span class='ocrx_word' id='word_1_420' title='bbox 1133 3933 1305 3987; x_wconf 88' lang='lat' dir='ltr'><strong>illud:</strong></span> <span class='ocrx_word' id='word_1_421' title='bbox 1338 3932 1406 3985; x_wconf 89' lang='lat' dir='ltr'><strong>Et</strong></span> <span class='ocrx_word' id='word_1_422' title='bbox 1443 3931 1577 3985; x_wconf 86' lang='lat' dir='ltr'><strong>dabo</strong></span> <span class='ocrx_word' id='word_1_423' title='bbox 1618 3931 1709 3984; x_wconf 87' lang='lat' dir='ltr'><strong>tibi</strong></span> <span class='ocrx_word' id='word_1_424' title='bbox 1749 3941 1922 4001; x_wconf 85' lang='lat' dir='ltr'><strong>gentes</strong></span> <span class='ocrx_word' id='word_1_425' title='bbox 1963 3931 2015 3983; x_wconf 87' lang='lat' dir='ltr'><strong>in</strong></span> 
     </span>
    </p>
   </div>
   <div class='ocr_carea' id='block_1_55' title="bbox 446 4019 2016 4094">
    <p class='ocr_par' dir='ltr' id='par_1_55' title="bbox 446 4019 2016 4094">
     <span class='ocr_line' id='line_1_55' title="bbox 446 4019 2016 4094; baseline -0.006 -11"><span class='ocrx_word' id='word_1_426' title='bbox 446 4028 799 4083; x_wconf 60' lang='lat' dir='ltr'><strong>hereditatem</strong></span> <span class='ocrx_word' id='word_1_427' title='bbox 841 4023 1013 4094; x_wconf 79' lang='lat' dir='ltr'><strong>(Psal.</strong></span> <span class='ocrx_word' id='word_1_428' title='bbox 1044 4023 1132 4091; x_wconf 87' lang='grc' dir='ltr'><strong>ιι),</strong></span> <span class='ocrx_word' id='word_1_429' title='bbox 1162 4022 1264 4075; x_wconf 88' lang='lat' dir='ltr'><strong>nisi</strong></span> <span class='ocrx_word' id='word_1_430' title='bbox 1310 4020 1451 4073; x_wconf 88' lang='lat' dir='ltr'><strong>forte</strong></span> <span class='ocrx_word' id='word_1_431' title='bbox 1480 4019 1639 4086; x_wconf 88' lang='lat' dir='ltr'><strong>hujus</strong></span> <span class='ocrx_word' id='word_1_432' title='bbox 1676 4022 1881 4085; x_wconf 90' lang='lat' dir='ltr'><strong>mundi,</strong></span> <span class='ocrx_word' id='word_1_433' title='bbox 1909 4037 2016 4089; x_wconf 90' lang='lat' dir='ltr'><strong>quo</strong></span> 
     </span>
    </p>
   </div>
   <div class='ocr_carea' id='block_1_56' title="bbox 444 4111 2014 4189">
    <p class='ocr_par' dir='ltr' id='par_1_56' title="bbox 444 4111 2014 4189">
     <span class='ocr_line' id='line_1_56' title="bbox 444 4111 2014 4189; baseline -0.007 -15"><span class='ocrx_word' id='word_1_434' title='bbox 444 4121 597 4189; x_wconf 87' lang='lat' dir='ltr'><strong>prius</strong></span> <span class='ocrx_word' id='word_1_435' title='bbox 639 4127 896 4184; x_wconf 87' lang='lat' dir='ltr'><strong>tanquam</strong></span> <span class='ocrx_word' id='word_1_436' title='bbox 933 4113 1243 4167; x_wconf 88' lang='lat' dir='ltr'><strong>dominante</strong></span> <span class='ocrx_word' id='word_1_437' title='bbox 1274 4111 1612 4165; x_wconf 84' lang='lat' dir='ltr'><strong>tenebamur.</strong></span> <span class='ocrx_word' id='word_1_438' title='bbox 1666 4111 1794 4165; x_wconf 88' lang='lat' dir='ltr'><strong>Post</strong></span> <span class='ocrx_word' id='word_1_439' title='bbox 1837 4121 2014 4165; x_wconf 86' lang='lat' dir='ltr'><strong>autem</strong></span> 
     </span>
    </p>
   </div>
   <div class='ocr_carea' id='block_1_57' title="bbox 445 4200 2015 4269">
    <p class='ocr_par' dir='ltr' id='par_1_57' title="bbox 445 4200 2015 4269">
     <span class='ocr_line' id='line_1_57' title="bbox 445 4200 2015 4269; baseline -0.006 -7"><span class='ocrx_word' id='word_1_440' title='bbox 445 4222 569 4263; x_wconf 89' lang='lat' dir='ltr'><strong>eum</strong></span> <span class='ocrx_word' id='word_1_441' title='bbox 606 4206 877 4260; x_wconf 87' lang='lat' dir='ltr'><strong>dicimus:</strong></span> <span class='ocrx_word' id='word_1_442' title='bbox 929 4201 1161 4257; x_wconf 81' lang='lat' dir='ltr'><strong>Mundus</strong></span> <span class='ocrx_word' id='word_1_443' title='bbox 1209 4201 1338 4255; x_wconf 85' lang='lat' dir='ltr'><strong>mihi</strong></span> <span class='ocrx_word' id='word_1_444' title='bbox 1385 4200 1669 4268; x_wconf 71' lang='lat' dir='ltr'><strong>cruciﬁxus</strong></span> <span class='ocrx_word' id='word_1_445' title='bbox 1716 4209 1789 4253; x_wconf 87' lang='lat' dir='ltr'><strong>est</strong></span> <span class='ocrx_word' id='word_1_446' title='bbox 1836 4209 1883 4253; x_wconf 87' lang='lat' dir='ltr'><strong>et</strong></span> <span class='ocrx_word' id='word_1_447' title='bbox 1924 4217 2015 4269; x_wconf 86' lang='lat' dir='ltr'><strong>ego</strong></span> 
     </span>
    </p>
   </div>
   <div class='ocr_carea' id='block_1_58' title="bbox 445 4288 2016 4365">
    <p class='ocr_par' dir='ltr' id='par_1_58' title="bbox 445 4288 2016 4365">
     <span class='ocr_line' id='line_1_58' title="bbox 445 4288 2016 4365; baseline -0.004 -16"><span class='ocrx_word' id='word_1_448' title='bbox 445 4296 641 4349; x_wconf 88' lang='lat' dir='ltr'><strong>mundo</strong></span> <span class='ocrx_word' id='word_1_449' title='bbox 668 4292 809 4365; x_wconf 82' lang='lat' dir='ltr'><strong>(Cal.</strong></span> <span class='ocrx_word' id='word_1_450' title='bbox 833 4292 931 4365; x_wconf 83' lang='lat' dir='ltr'><strong>vi),</strong></span> <span class='ocrx_word' id='word_1_451' title='bbox 965 4291 1204 4362; x_wconf 89' lang='lat' dir='ltr'><strong>possidet</strong></span> <span class='ocrx_word' id='word_1_452' title='bbox 1229 4305 1327 4344; x_wconf 91' lang='lat' dir='ltr'><strong>nos</strong></span> <span class='ocrx_word' id='word_1_453' title='bbox 1368 4288 1638 4352; x_wconf 86' lang='lat' dir='ltr'><strong>Christus,</strong></span> <span class='ocrx_word' id='word_1_454' title='bbox 1685 4296 1895 4343; x_wconf 91' lang='lat' dir='ltr'><strong>mortuo</strong></span> <span class='ocrx_word' id='word_1_455' title='bbox 1927 4289 2016 4343; x_wconf 89' lang='lat' dir='ltr'><strong>illo</strong></span> 
     </span>
    </p>
   </div>
   <div class='ocr_carea' id='block_1_59' title="bbox 445 4379 2015 4456">
    <p class='ocr_par' dir='ltr' id='par_1_59' title="bbox 445 4379 2015 4456">
     <span class='ocr_line' id='line_1_59' title="bbox 445 4379 2015 4456; baseline -0.004 -17"><span class='ocrx_word' id='word_1_456' title='bbox 445 4388 535 4456; x_wconf 85' lang='lat' dir='ltr'><strong>qui</strong></span> <span class='ocrx_word' id='word_1_457' title='bbox 567 4400 664 4439; x_wconf 90' lang='lat' dir='ltr'><strong>nos</strong></span> <span class='ocrx_word' id='word_1_458' title='bbox 692 4384 1019 4456; x_wconf 86' lang='lat' dir='ltr'><strong>possidebat,</strong></span> <span class='ocrx_word' id='word_1_459' title='bbox 1066 4396 1190 4436; x_wconf 90' lang='lat' dir='ltr'><strong>cum</strong></span> <span class='ocrx_word' id='word_1_460' title='bbox 1217 4381 1265 4434; x_wconf 90' lang='lat' dir='ltr'><strong>ei</strong></span> <span class='ocrx_word' id='word_1_461' title='bbox 1299 4379 1688 4443; x_wconf 80' lang='lat' dir='ltr'><strong>renuntiamus,</strong></span> <span class='ocrx_word' id='word_1_462' title='bbox 1736 4380 2015 4433; x_wconf 86' lang='lat' dir='ltr'><strong>morimur-</strong></span> 
     </span>
    </p>
   </div>
   <div class='ocr_carea' id='block_1_60' title="bbox 446 4476 1089 4550">
    <p class='ocr_par' dir='ltr' id='par_1_60' title="bbox 446 4476 1089 4550">
     <span class='ocr_line' id='line_1_60' title="bbox 446 4476 1089 4550; baseline -0.009 -15"><span class='ocrx_word' id='word_1_463' title='bbox 446 4496 549 4550; x_wconf 87' lang='lat' dir='ltr'><strong>que</strong></span> <span class='ocrx_word' id='word_1_464' title='bbox 580 4480 653 4533; x_wconf 88' lang='lat' dir='ltr'><strong>illi</strong></span> <span class='ocrx_word' id='word_1_465' title='bbox 676 4486 731 4533; x_wconf 90' lang='lat' dir='ltr'><strong>et</strong></span> <span class='ocrx_word' id='word_1_466' title='bbox 768 4478 882 4547; x_wconf 90' lang='lat' dir='ltr'><strong>ipse</strong></span> <span class='ocrx_word' id='word_1_467' title='bbox 911 4476 1089 4531; x_wconf 90' lang='lat' dir='ltr'><strong>nobis.</strong></span> 
     </span>
    </p>
   </div>
   <div class='ocr_carea' id='block_1_61' title="bbox 519 4562 2020 4635">
    <p class='ocr_par' dir='ltr' id='par_1_61' title="bbox 519 4562 2020 4635">
     <span class='ocr_line' id='line_1_61' title="bbox 519 4562 2020 4635; baseline -0.004 -12"><span class='ocrx_word' id='word_1_468' title='bbox 519 4569 579 4624; x_wconf 87' lang='lat' dir='ltr'><strong>Si</strong></span> <span class='ocrx_word' id='word_1_469' title='bbox 624 4578 796 4621; x_wconf 87' lang='lat' dir='ltr'><strong>tamen</strong></span> <span class='ocrx_word' id='word_1_470' title='bbox 843 4565 1204 4635; x_wconf 80' lang='lat' dir='ltr'><strong>rompatimur.</strong></span> <span class='ocrx_word' id='word_1_471' title='bbox 1258 4563 1546 4619; x_wconf 84' lang='lat' dir='ltr'><strong>Videamus</strong></span> <span class='ocrx_word' id='word_1_472' title='bbox 1591 4577 1721 4633; x_wconf 89' lang='lat' dir='ltr'><strong>ergo</strong></span> <span class='ocrx_word' id='word_1_473' title='bbox 1774 4562 1903 4631; x_wconf 90' lang='lat' dir='ltr'><strong>quid</strong></span> <span class='ocrx_word' id='word_1_474' title='bbox 1948 4563 2020 4617; x_wconf 90' lang='lat' dir='ltr'><strong>sit</strong></span> 
     </span>
    </p>
   </div>
   <div class='ocr_carea' id='block_1_62' title="bbox 447 4653 2020 4729">
    <p class='ocr_par' dir='ltr' id='par_1_62' title="bbox 447 4653 2020 4729">
     <span class='ocr_line' id='line_1_62' title="bbox 447 4653 2020 4729; baseline -0.005 -14"><span class='ocrx_word' id='word_1_475' title='bbox 447 4658 698 4729; x_wconf 88' lang='lat' dir='ltr'><strong>compati.</strong></span> <span class='ocrx_word' id='word_1_476' title='bbox 728 4655 970 4725; x_wconf 87' lang='lat' dir='ltr'><strong>Compati</strong></span> <span class='ocrx_word' id='word_1_477' title='bbox 998 4664 1082 4709; x_wconf 86' lang='lat' dir='ltr'><strong>est</strong></span> <span class='ocrx_word' id='word_1_478' title='bbox 1109 4654 1507 4723; x_wconf 88' lang='lat' dir='ltr'><strong>persecutiones</strong></span> <span class='ocrx_word' id='word_1_479' title='bbox 1534 4653 1785 4716; x_wconf 87' lang='lat' dir='ltr'><strong>tolerare,</strong></span> <span class='ocrx_word' id='word_1_480' title='bbox 1817 4662 1871 4708; x_wconf 89' lang='lat' dir='ltr'><strong>et</strong></span> <span class='ocrx_word' id='word_1_481' title='bbox 1897 4668 2020 4708; x_wconf 90' lang='lat' dir='ltr'><strong>car-</strong></span> 
     </span>
    </p>
   </div>
   <div class='ocr_carea' id='block_1_63' title="bbox 444 4742 2020 4817">
    <p class='ocr_par' dir='ltr' id='par_1_63' title="bbox 444 4742 2020 4817">
     <span class='ocr_line' id='line_1_63' title="bbox 444 4742 2020 4817; baseline -0.008 -10"><span class='ocrx_word' id='word_1_482' title='bbox 444 4768 570 4807; x_wconf 85' lang='lat' dir='ltr'><strong>nem</strong></span> <span class='ocrx_word' id='word_1_483' title='bbox 598 4747 913 4817; x_wconf 81' lang='lat' dir='ltr'><strong>cruciﬁgere</strong></span> <span class='ocrx_word' id='word_1_484' title='bbox 938 4760 1061 4799; x_wconf 91' lang='lat' dir='ltr'><strong>cum</strong></span> <span class='ocrx_word' id='word_1_485' title='bbox 1086 4744 1231 4798; x_wconf 89' lang='lat' dir='ltr'><strong>vitiis</strong></span> <span class='ocrx_word' id='word_1_486' title='bbox 1271 4751 1327 4797; x_wconf 89' lang='lat' dir='ltr'><strong>et</strong></span> <span class='ocrx_word' id='word_1_487' title='bbox 1373 4743 1840 4813; x_wconf 87' lang='lat' dir='ltr'><strong>concupiscentiis.</strong></span> <span class='ocrx_word' id='word_1_488' title='bbox 1890 4742 2020 4796; x_wconf 70' lang='lat' dir='ltr'><strong>Eari-</strong></span> 
     </span>
    </p>
   </div>
   <div class='ocr_carea' id='block_1_64' title="bbox 447 4832 2018 4911">
    <p class='ocr_par' dir='ltr' id='par_1_64' title="bbox 447 4832 2018 4911">
     <span class='ocr_line' id='line_1_64' title="bbox 447 4832 2018 4911; baseline -0.006 -15"><span class='ocrx_word' id='word_1_489' title='bbox 447 4846 597 4897; x_wconf 86' lang='lat' dir='ltr'><strong>stimo</strong></span> <span class='ocrx_word' id='word_1_490' title='bbox 619 4841 754 4896; x_wconf 82' lang='lat' dir='ltr'><strong>enim</strong></span> <span class='ocrx_word' id='word_1_491' title='bbox 782 4838 920 4911; x_wconf 85' lang='lat' dir='ltr'><strong>quod</strong></span> <span class='ocrx_word' id='word_1_492' title='bbox 947 4852 1049 4890; x_wconf 87' lang='lat' dir='ltr'><strong>non</strong></span> <span class='ocrx_word' id='word_1_493' title='bbox 1089 4836 1191 4889; x_wconf 85' lang='lat' dir='ltr'><strong>sint</strong></span> <span class='ocrx_word' id='word_1_494' title='bbox 1236 4832 1505 4903; x_wconf 69' lang='lat' dir='ltr'><strong>condigna:</strong></span> <span class='ocrx_word' id='word_1_495' title='bbox 1552 4835 1819 4903; x_wconf 78' lang='lat' dir='ltr'><strong>passiones</strong></span> <span class='ocrx_word' id='word_1_496' title='bbox 1860 4834 2018 4903; x_wconf 82' lang='lat' dir='ltr'><strong>hujus</strong></span> 
     </span>
    </p>
   </div>
   <div class='ocr_carea' id='block_1_65' title="bbox 445 4924 2018 5004">
    <p class='ocr_par' dir='ltr' id='par_1_65' title="bbox 445 4924 2018 5004">
     <span class='ocr_line' id='line_1_65' title="bbox 445 4924 2018 5004; baseline -0.006 -16"><span class='ocrx_word' id='word_1_497' title='bbox 445 4935 687 5004; x_wconf 82' lang='lat' dir='ltr'><strong>temporis</strong></span> <span class='ocrx_word' id='word_1_498' title='bbox 714 4932 781 4986; x_wconf 82' lang='lat' dir='ltr'><strong>ad</strong></span> <span class='ocrx_word' id='word_1_499' title='bbox 805 4930 1040 5000; x_wconf 83' lang='lat' dir='ltr'><strong>futuram</strong></span> <span class='ocrx_word' id='word_1_500' title='bbox 1068 4925 1310 4997; x_wconf 85' lang='lat' dir='ltr'><strong>gloriam.</strong></span> <span class='ocrx_word' id='word_1_501' title='bbox 1340 4924 1477 4980; x_wconf 88' lang='lat' dir='ltr'><strong>Hinc</strong></span> <span class='ocrx_word' id='word_1_502' title='bbox 1506 4926 1622 4979; x_wconf 87' lang='lat' dir='ltr'><strong>vult</strong></span> <span class='ocrx_word' id='word_1_503' title='bbox 1649 4926 1882 4981; x_wconf 88' lang='lat' dir='ltr'><strong>futuram</strong></span> <span class='ocrx_word' id='word_1_504' title='bbox 1906 4926 2018 4997; x_wconf 85' lang='lat' dir='ltr'><strong>glo-</strong></span> 
     </span>
    </p>
   </div>
   <div class='ocr_carea' id='block_1_66' title="bbox 449 5014 2020 5085">
    <p class='ocr_par' dir='ltr' id='par_1_66' title="bbox 449 5014 2020 5085">
     <span class='ocr_line' id='line_1_66' title="bbox 449 5014 2020 5085; baseline -0.004 -8"><span class='ocrx_word' id='word_1_505' title='bbox 449 5027 583 5077; x_wconf 84' lang='lat' dir='ltr'><strong>riam</strong></span> <span class='ocrx_word' id='word_1_506' title='bbox 615 5021 1012 5082; x_wconf 87' lang='lat' dir='ltr'><strong>commendare,</strong></span> <span class='ocrx_word' id='word_1_507' title='bbox 1056 5027 1116 5070; x_wconf 92' lang='lat' dir='ltr'><strong>ut</strong></span> <span class='ocrx_word' id='word_1_508' title='bbox 1154 5022 1446 5085; x_wconf 78' lang='lat' dir='ltr'><strong>praesentes</strong></span> <span class='ocrx_word' id='word_1_509' title='bbox 1484 5029 1767 5084; x_wconf 88' lang='lat' dir='ltr'><strong>pressuras</strong></span> <span class='ocrx_word' id='word_1_510' title='bbox 1809 5014 2020 5070; x_wconf 89' lang='lat' dir='ltr'><strong>facilius</strong></span> 
     </span>
    </p>
   </div>
   <div class='ocr_carea' id='block_1_67' title="bbox 450 5104 2018 5179">
    <p class='ocr_par' dir='ltr' id='par_1_67' title="bbox 450 5104 2018 5179">
     <span class='ocr_line' id='line_1_67' title="bbox 450 5104 2018 5179; baseline -0.005 -12"><span class='ocrx_word' id='word_1_511' title='bbox 450 5114 754 5169; x_wconf 84' lang='lat' dir='ltr'><strong>toleremus.</strong></span> <span class='ocrx_word' id='word_1_512' title='bbox 784 5111 927 5166; x_wconf 87' lang='lat' dir='ltr'><strong>Nihil</strong></span> <span class='ocrx_word' id='word_1_513' title='bbox 970 5108 1184 5179; x_wconf 86' lang='lat' dir='ltr'><strong>quidem</strong></span> <span class='ocrx_word' id='word_1_514' title='bbox 1226 5104 1451 5176; x_wconf 87' lang='lat' dir='ltr'><strong>dignum</strong></span> <span class='ocrx_word' id='word_1_515' title='bbox 1494 5104 1720 5159; x_wconf 87' lang='lat' dir='ltr'><strong>inveniri</strong></span> <span class='ocrx_word' id='word_1_516' title='bbox 1756 5105 1839 5160; x_wconf 87' lang='lat' dir='ltr'><strong>vel</strong></span> <span class='ocrx_word' id='word_1_517' title='bbox 1871 5120 2018 5161; x_wconf 86' lang='lat' dir='ltr'><strong>com-</strong></span> 
     </span>
    </p>
   </div>
   <div class='ocr_carea' id='block_1_68' title="bbox 448 5196 2016 5277">
    <p class='ocr_par' dir='ltr' id='par_1_68' title="bbox 448 5196 2016 5277">
     <span class='ocr_line' id='line_1_68' title="bbox 448 5196 2016 5277; baseline -0.006 -19"><span class='ocrx_word' id='word_1_518' title='bbox 448 5204 629 5277; x_wconf 86' lang='lat' dir='ltr'><strong>parari</strong></span> <span class='ocrx_word' id='word_1_519' title='bbox 683 5203 749 5257; x_wconf 90' lang='lat' dir='ltr'><strong>ad</strong></span> <span class='ocrx_word' id='word_1_520' title='bbox 796 5202 1034 5256; x_wconf 87' lang='lat' dir='ltr'><strong>futuram</strong></span> <span class='ocrx_word' id='word_1_521' title='bbox 1077 5198 1301 5270; x_wconf 75' lang='lat' dir='ltr'><strong>gloriam</strong></span> <span class='ocrx_word' id='word_1_522' title='bbox 1356 5203 1573 5266; x_wconf 85' lang='lat' dir='ltr'><strong>potest:</strong></span> <span class='ocrx_word' id='word_1_523' title='bbox 1627 5196 1681 5250; x_wconf 91' lang='lat' dir='ltr'><strong>in</strong></span> <span class='ocrx_word' id='word_1_524' title='bbox 1733 5210 1840 5264; x_wconf 91' lang='lat' dir='ltr'><strong>quo</strong></span> <span class='ocrx_word' id='word_1_525' title='bbox 1871 5196 2016 5250; x_wconf 89' lang='lat' dir='ltr'><strong>enim</strong></span> 
     </span>
    </p>
   </div>
   <div class='ocr_carea' id='block_1_69' title="bbox 449 5286 2024 5349">
    <p class='ocr_par' dir='ltr' id='par_1_69' title="bbox 449 5286 2024 5349">
     <span class='ocr_line' id='line_1_69' title="bbox 449 5286 2024 5349; baseline -0.004 0"><span class='ocrx_word' id='word_1_526' title='bbox 449 5291 676 5349; x_wconf 84' lang='lat' dir='ltr'><strong>mortale</strong></span> <span class='ocrx_word' id='word_1_527' title='bbox 706 5291 1103 5347; x_wconf 83' lang='lat' dir='ltr'><strong>immortalibus</strong></span> <span class='ocrx_word' id='word_1_528' title='bbox 1129 5287 1412 5345; x_wconf 88' lang='lat' dir='ltr'><strong>conferas?</strong></span> <span class='ocrx_word' id='word_1_529' title='bbox 1434 5294 1527 5340; x_wconf 88' lang='lat' dir='ltr'><strong>aut</strong></span> <span class='ocrx_word' id='word_1_530' title='bbox 1563 5286 1919 5343; x_wconf 90' lang='lat' dir='ltr'><strong>invisibilibus</strong></span> <span class='ocrx_word' id='word_1_531' title='bbox 1938 5294 2024 5344; x_wconf 90' lang='lat' dir='ltr'><strong>vi-</strong></span> 
     </span>
    </p>
   </div>
   <div class='ocr_carea' id='block_1_70' title="bbox 448 5378 2015 5449">
    <p class='ocr_par' dir='ltr' id='par_1_70' title="bbox 448 5378 2015 5449">
     <span class='ocr_line' id='line_1_70' title="bbox 448 5378 2015 5449; baseline -0.003 -11"><span class='ocrx_word' id='word_1_532' title='bbox 448 5383 658 5439; x_wconf 85' lang='lat' dir='ltr'><strong>sibilia?</strong></span> <span class='ocrx_word' id='word_1_533' title='bbox 703 5388 796 5435; x_wconf 90' lang='lat' dir='ltr'><strong>aut</strong></span> <span class='ocrx_word' id='word_1_534' title='bbox 839 5380 1056 5434; x_wconf 66' lang='lat' dir='ltr'><strong>internis</strong></span> <span class='ocrx_word' id='word_1_535' title='bbox 1104 5378 1456 5449; x_wconf 86' lang='lat' dir='ltr'><strong>temporalia?</strong></span> <span class='ocrx_word' id='word_1_536' title='bbox 1498 5385 1593 5432; x_wconf 88' lang='lat' dir='ltr'><strong>aut</strong></span> <span class='ocrx_word' id='word_1_537' title='bbox 1636 5380 2015 5448; x_wconf 89' lang='lat' dir='ltr'><strong>perpetuis</strong></span> 
     </span>
    </p>
   </div>
   <div class='ocr_carea' id='block_1_71' title="bbox 449 5468 2018 5539">
    <p class='ocr_par' dir='ltr' id='par_1_71' title="bbox 449 5468 2018 5539">
     <span class='ocr_line' id='line_1_71' title="bbox 449 5468 2018 5539; baseline -0.001 -13"><span class='ocrx_word' id='word_1_538' title='bbox 449 5474 621 5527; x_wconf 84' lang='lat' dir='ltr'><strong>duca?</strong></span> <span class='ocrx_word' id='word_1_539' title='bbox 664 5472 801 5526; x_wconf 82' lang='lat' dir='ltr'><strong>Puto</strong></span> <span class='ocrx_word' id='word_1_540' title='bbox 845 5469 986 5539; x_wconf 87' lang='lat' dir='ltr'><strong>quod</strong></span> <span class='ocrx_word' id='word_1_541' title='bbox 1039 5468 1092 5521; x_wconf 91' lang='lat' dir='ltr'><strong>in</strong></span> <span class='ocrx_word' id='word_1_542' title='bbox 1139 5469 1393 5537; x_wconf 68' lang='lat' dir='ltr'><strong>praesenti</strong></span> <span class='ocrx_word' id='word_1_543' title='bbox 1429 5469 1539 5523; x_wconf 90' lang='lat' dir='ltr'><strong>vita</strong></span> <span class='ocrx_word' id='word_1_544' title='bbox 1568 5469 1866 5524; x_wconf 90' lang='lat' dir='ltr'><strong>consolatio</strong></span> <span class='ocrx_word' id='word_1_545' title='bbox 1897 5484 2018 5538; x_wconf 58' lang='lat' dir='ltr'><strong>quae</strong></span> 
     </span>
    </p>
   </div>
   <div class='ocr_carea' id='block_1_72' title="bbox 452 5557 2019 5628">
    <p class='ocr_par' dir='ltr' id='par_1_72' title="bbox 452 5557 2019 5628">
     <span class='ocr_line' id='line_1_72' title="bbox 452 5557 2019 5628; baseline 0.001 -15"><span class='ocrx_word' id='word_1_546' title='bbox 452 5562 608 5615; x_wconf 88' lang='lat' dir='ltr'><strong>datur</strong></span> <span class='ocrx_word' id='word_1_547' title='bbox 635 5560 815 5628; x_wconf 88' lang='lat' dir='ltr'><strong>justis,</strong></span> <span class='ocrx_word' id='word_1_548' title='bbox 862 5557 1155 5614; x_wconf 83' lang='lat' dir='ltr'><strong>secundum</strong></span> <span class='ocrx_word' id='word_1_549' title='bbox 1199 5572 1507 5612; x_wconf 90' lang='lat' dir='ltr'><strong>mensuram</strong></span> <span class='ocrx_word' id='word_1_550' title='bbox 1546 5559 1883 5614; x_wconf 87' lang='lat' dir='ltr'><strong>cruciatuum</strong></span> <span class='ocrx_word' id='word_1_551' title='bbox 1925 5560 2019 5614; x_wconf 85' lang='lat' dir='ltr'><strong>de-</strong></span> 
     </span>
    </p>
   </div>
   <div class='ocr_carea' id='block_1_73' title="bbox 453 5649 2018 5721">
    <p class='ocr_par' dir='ltr' id='par_1_73' title="bbox 453 5649 2018 5721">
     <span class='ocr_line' id='line_1_73' title="bbox 453 5649 2018 5721; baseline 0.001 -15"><span class='ocrx_word' id='word_1_552' title='bbox 453 5661 555 5706; x_wconf 91' lang='lat' dir='ltr'><strong>tur.</strong></span> <span class='ocrx_word' id='word_1_553' title='bbox 581 5652 762 5706; x_wconf 83' lang='lat' dir='ltr'><strong>Gloria</strong></span> <span class='ocrx_word' id='word_1_554' title='bbox 791 5666 921 5706; x_wconf 85' lang='lat' dir='ltr'><strong>vero</strong></span> <span class='ocrx_word' id='word_1_555' title='bbox 955 5649 1153 5713; x_wconf 87' lang='lat' dir='ltr'><strong>futura,</strong></span> <span class='ocrx_word' id='word_1_556' title='bbox 1189 5649 1253 5703; x_wconf 90' lang='lat' dir='ltr'><strong>de</strong></span> <span class='ocrx_word' id='word_1_557' title='bbox 1273 5665 1380 5718; x_wconf 86' lang='lat' dir='ltr'><strong>qua</strong></span> <span class='ocrx_word' id='word_1_558' title='bbox 1408 5652 1539 5706; x_wconf 91' lang='lat' dir='ltr'><strong>dicit</strong></span> <span class='ocrx_word' id='word_1_559' title='bbox 1562 5652 1866 5720; x_wconf 85' lang='lat' dir='ltr'><strong>Apostolus,</strong></span> <span class='ocrx_word' id='word_1_560' title='bbox 1899 5669 2018 5721; x_wconf 75' lang='lat' dir='ltr'><strong>qua:</strong></span> 
     </span>
    </p>
   </div>
   <div class='ocr_carea' id='block_1_74' title="bbox 455 5745 2018 5817">
    <p class='ocr_par' dir='ltr' id='par_1_74' title="bbox 455 5745 2018 5817">
     <span class='ocr_line' id='line_1_74' title="bbox 455 5745 2018 5817; baseline 0.003 -20"><span class='ocrx_word' id='word_1_561' title='bbox 455 5745 778 5801; x_wconf 80' lang='lat' dir='ltr'><strong>revelabitur</strong></span> <span class='ocrx_word' id='word_1_562' title='bbox 806 5745 857 5799; x_wconf 92' lang='lat' dir='ltr'><strong>in</strong></span> <span class='ocrx_word' id='word_1_563' title='bbox 890 5745 1063 5807; x_wconf 81' lang='lat' dir='ltr'><strong>nobis,</strong></span> <span class='ocrx_word' id='word_1_564' title='bbox 1090 5759 1195 5798; x_wconf 91' lang='lat' dir='ltr'><strong>non</strong></span> <span class='ocrx_word' id='word_1_565' title='bbox 1230 5745 1521 5800; x_wconf 86' lang='lat' dir='ltr'><strong>secundum</strong></span> <span class='ocrx_word' id='word_1_566' title='bbox 1552 5761 1858 5801; x_wconf 88' lang='lat' dir='ltr'><strong>mensuram</strong></span> <span class='ocrx_word' id='word_1_567' title='bbox 1895 5762 2018 5817; x_wconf 87' lang='lat' dir='ltr'><strong>pas-</strong></span> 
     </span>
    </p>
   </div>
   <div class='ocr_carea' id='block_1_75' title="bbox 2044 4528 2097 4586">
    <p class='ocr_par' dir='ltr' id='par_1_75' title="bbox 2044 4528 2097 4586">
     <span class='ocr_line' id='line_1_75' title="bbox 2044 4528 2097 4586; baseline 0 0"><span class='ocrx_word' id='word_1_568' title='bbox 2044 4528 2097 4586; x_wconf 93' lang='lat' dir='ltr'><strong>D</strong></span> 
     </span>
    </p>
   </div>
   <div class='ocr_carea' id='block_1_76' title="bbox 2123 1937 3694 2013">
    <p class='ocr_par' dir='ltr' id='par_1_76' title="bbox 2123 1937 3694 2013">
     <span class='ocr_line' id='line_1_76' title="bbox 2123 1937 3694 2013; baseline 0.011 -24"><span class='ocrx_word' id='word_1_569' title='bbox 2123 1937 2244 1991; x_wconf 85' lang='lat' dir='ltr'><strong>dam</strong></span> <span class='ocrx_word' id='word_1_570' title='bbox 2272 1954 2382 2008; x_wconf 86' lang='lat' dir='ltr'><strong>spe.</strong></span> <span class='ocrx_word' id='word_1_571' title='bbox 2416 1940 2545 2006; x_wconf 81' lang='lat' dir='ltr'><strong>Quae</strong></span> <span class='ocrx_word' id='word_1_572' title='bbox 2566 1950 2744 1997; x_wconf 89' lang='lat' dir='ltr'><strong>autem</strong></span> <span class='ocrx_word' id='word_1_573' title='bbox 2771 1959 2911 2013; x_wconf 86' lang='lat' dir='ltr'><strong>spes,</strong></span> <span class='ocrx_word' id='word_1_574' title='bbox 2944 1945 3018 1999; x_wconf 90' lang='lat' dir='ltr'><strong>ita</strong></span> <span class='ocrx_word' id='word_1_575' title='bbox 3042 1956 3447 2013; x_wconf 87' lang='lat' dir='ltr'><strong>commemorat,</strong></span> <span class='ocrx_word' id='word_1_576' title='bbox 3477 1950 3694 2007; x_wconf 74' lang='lat' dir='ltr'><strong>dicens:</strong></span> 
     </span>
    </p>
   </div>
   <div class='ocr_carea' id='block_1_77' title="bbox 2126 2029 3694 2110">
    <p class='ocr_par' dir='ltr' id='par_1_77' title="bbox 2126 2029 3694 2110">
     <span class='ocr_line' id='line_1_77' title="bbox 2126 2029 3694 2110; baseline 0.009 -28"><span class='ocrx_word' id='word_1_577' title='bbox 2126 2029 2385 2095; x_wconf 84' lang='lat' dir='ltr'><strong>Quoniam</strong></span> <span class='ocrx_word' id='word_1_578' title='bbox 2407 2043 2452 2086; x_wconf 91' lang='lat' dir='ltr'><strong>et</strong></span> <span class='ocrx_word' id='word_1_579' title='bbox 2479 2035 2613 2104; x_wconf 81' lang='lat' dir='ltr'><strong>ipsa,</strong></span> <span class='ocrx_word' id='word_1_580' title='bbox 2642 2035 2835 2104; x_wconf 90' lang='lat' dir='ltr'><strong>inquit,</strong></span> <span class='ocrx_word' id='word_1_581' title='bbox 2869 2035 3177 2091; x_wconf 85' lang='lat' dir='ltr'><strong>liberabitur</strong></span> <span class='ocrx_word' id='word_1_582' title='bbox 3209 2057 3241 2092; x_wconf 95' lang='lat' dir='ltr'><strong>a</strong></span> <span class='ocrx_word' id='word_1_583' title='bbox 3263 2041 3525 2095; x_wconf 57' lang='lat' dir='ltr'><strong>servitute.</strong></span> <span class='ocrx_word' id='word_1_584' title='bbox 3561 2042 3694 2110; x_wconf 87' lang='lat' dir='ltr'><strong>Quid</strong></span> 
     </span>
    </p>
   </div>
   <div class='ocr_carea' id='block_1_78' title="bbox 2122 2126 3694 2203">
    <p class='ocr_par' dir='ltr' id='par_1_78' title="bbox 2122 2126 3694 2203">
     <span class='ocr_line' id='line_1_78' title="bbox 2122 2126 3694 2203; baseline 0.008 -27"><span class='ocrx_word' id='word_1_585' title='bbox 2122 2132 2207 2177; x_wconf 86' lang='lat' dir='ltr'><strong>est</strong></span> <span class='ocrx_word' id='word_1_586' title='bbox 2230 2139 2357 2193; x_wconf 88' lang='lat' dir='ltr'><strong>ergo</strong></span> <span class='ocrx_word' id='word_1_587' title='bbox 2401 2126 2543 2191; x_wconf 86' lang='lat' dir='ltr'><strong>quod</strong></span> <span class='ocrx_word' id='word_1_588' title='bbox 2583 2126 2809 2180; x_wconf 86' lang='lat' dir='ltr'><strong>vanitati</strong></span> <span class='ocrx_word' id='word_1_589' title='bbox 2851 2126 3090 2196; x_wconf 80' lang='lat' dir='ltr'><strong>subjecta</strong></span> <span class='ocrx_word' id='word_1_590' title='bbox 3132 2137 3235 2193; x_wconf 88' lang='lat' dir='ltr'><strong>est,</strong></span> <span class='ocrx_word' id='word_1_591' title='bbox 3286 2131 3389 2185; x_wconf 89' lang='lat' dir='ltr'><strong>nisi</strong></span> <span class='ocrx_word' id='word_1_592' title='bbox 3422 2132 3547 2201; x_wconf 90' lang='lat' dir='ltr'><strong>quia</strong></span> <span class='ocrx_word' id='word_1_593' title='bbox 3579 2150 3694 2203; x_wconf 64' lang='lat' dir='ltr'><strong>quin</strong></span> 
     </span>
    </p>
   </div>
   <div class='ocr_carea' id='block_1_79' title="bbox 2123 2213 3693 2285">
    <p class='ocr_par' dir='ltr' id='par_1_79' title="bbox 2123 2213 3693 2285">
     <span class='ocr_line' id='line_1_79' title="bbox 2123 2213 3693 2285; baseline 0.008 -20"><span class='ocrx_word' id='word_1_594' title='bbox 2123 2221 2343 2281; x_wconf 84' lang='lat' dir='ltr'><strong>generat</strong></span> <span class='ocrx_word' id='word_1_595' title='bbox 2375 2213 2574 2267; x_wconf 88' lang='lat' dir='ltr'><strong>caduca</strong></span> <span class='ocrx_word' id='word_1_596' title='bbox 2607 2223 2732 2268; x_wconf 91' lang='lat' dir='ltr'><strong>sunt</strong></span> <span class='ocrx_word' id='word_1_597' title='bbox 2760 2232 2772 2267; x_wconf 95' lang='lat'>:</span> <span class='ocrx_word' id='word_1_598' title='bbox 2805 2225 3058 2285; x_wconf 77' lang='lat' dir='ltr'><strong>operatur</strong></span> <span class='ocrx_word' id='word_1_599' title='bbox 3084 2218 3229 2272; x_wconf 90' lang='lat' dir='ltr'><strong>enim</strong></span> <span class='ocrx_word' id='word_1_600' title='bbox 3256 2227 3315 2272; x_wconf 92' lang='lat' dir='ltr'><strong>ut</strong></span> <span class='ocrx_word' id='word_1_601' title='bbox 3351 2218 3560 2276; x_wconf 86' lang='lat' dir='ltr'><strong>fructus</strong></span> <span class='ocrx_word' id='word_1_602' title='bbox 3616 2222 3693 2276; x_wconf 82' lang='lat' dir='ltr'><strong>fa-</strong></span> 
     </span>
    </p>
   </div>
   <div class='ocr_carea' id='block_1_80' title="bbox 2123 2302 3691 2377">
    <p class='ocr_par' dir='ltr' id='par_1_80' title="bbox 2123 2302 3691 2377">
     <span class='ocr_line' id='line_1_80' title="bbox 2123 2302 3691 2377; baseline 0.008 -21"><span class='ocrx_word' id='word_1_603' title='bbox 2123 2302 2229 2359; x_wconf 88' lang='lat' dir='ltr'><strong>ciat</strong></span> <span class='ocrx_word' id='word_1_604' title='bbox 2281 2305 2675 2374; x_wconf 88' lang='lat' dir='ltr'><strong>corruptibiles.</strong></span> <span class='ocrx_word' id='word_1_605' title='bbox 2723 2306 2914 2361; x_wconf 85' lang='lat' dir='ltr'><strong>Omnia</strong></span> <span class='ocrx_word' id='word_1_606' title='bbox 2963 2308 3107 2362; x_wconf 90' lang='lat' dir='ltr'><strong>enim</strong></span> <span class='ocrx_word' id='word_1_607' title='bbox 3156 2324 3277 2377; x_wconf 64' lang='lat' dir='ltr'><strong>quae</strong></span> <span class='ocrx_word' id='word_1_608' title='bbox 3312 2321 3608 2367; x_wconf 88' lang='lat' dir='ltr'><strong>nascuntur</strong></span> <span class='ocrx_word' id='word_1_609' title='bbox 3640 2314 3691 2368; x_wconf 87' lang='lat' dir='ltr'><strong>in</strong></span> 
     </span>
    </p>
   </div>
   <div class='ocr_carea' id='block_1_81' title="bbox 2124 2394 3696 2468">
    <p class='ocr_par' dir='ltr' id='par_1_81' title="bbox 2124 2394 3696 2468">
     <span class='ocr_line' id='line_1_81' title="bbox 2124 2394 3696 2468; baseline 0.006 -22"><span class='ocrx_word' id='word_1_610' title='bbox 2124 2394 2337 2453; x_wconf 86' lang='lat' dir='ltr'><strong>mundo,</strong></span> <span class='ocrx_word' id='word_1_611' title='bbox 2373 2395 2606 2460; x_wconf 83' lang='lat' dir='ltr'><strong>inﬁrma,</strong></span> <span class='ocrx_word' id='word_1_612' title='bbox 2631 2397 2853 2461; x_wconf 85' lang='lat' dir='ltr'><strong>caduca,</strong></span> <span class='ocrx_word' id='word_1_613' title='bbox 2881 2404 2934 2450; x_wconf 87' lang='lat' dir='ltr'><strong>et</strong></span> <span class='ocrx_word' id='word_1_614' title='bbox 2961 2398 3352 2466; x_wconf 89' lang='lat' dir='ltr'><strong>corruptibilia,</strong></span> <span class='ocrx_word' id='word_1_615' title='bbox 3379 2415 3443 2455; x_wconf 87' lang='lat' dir='ltr'><strong>ac</strong></span> <span class='ocrx_word' id='word_1_616' title='bbox 3475 2415 3572 2468; x_wconf 90' lang='lat' dir='ltr'><strong>per</strong></span> <span class='ocrx_word' id='word_1_617' title='bbox 3596 2402 3696 2456; x_wconf 91' lang='lat' dir='ltr'><strong>hoc</strong></span> 
     </span>
    </p>
   </div>
   <div class='ocr_carea' id='block_1_82' title="bbox 2121 2494 3689 2562">
    <p class='ocr_par' dir='ltr' id='par_1_82' title="bbox 2121 2494 3689 2562">
     <span class='ocr_line' id='line_1_82' title="bbox 2121 2494 3689 2562; baseline 0.007 -27"><span class='ocrx_word' id='word_1_618' title='bbox 2121 2498 2258 2536; x_wconf 86' lang='lat' dir='ltr'><strong>vana</strong></span> <span class='ocrx_word' id='word_1_619' title='bbox 2291 2495 2436 2548; x_wconf 86' lang='lat' dir='ltr'><strong>sunt,</strong></span> <span class='ocrx_word' id='word_1_620' title='bbox 2465 2502 2583 2555; x_wconf 77' lang='lat' dir='ltr'><strong>qua:</strong></span> <span class='ocrx_word' id='word_1_621' title='bbox 2613 2494 2813 2541; x_wconf 86' lang='lat' dir='ltr'><strong>statum</strong></span> <span class='ocrx_word' id='word_1_622' title='bbox 2859 2504 3014 2543; x_wconf 83' lang='lat' dir='ltr'><strong>suum</strong></span> <span class='ocrx_word' id='word_1_623' title='bbox 3059 2496 3245 2544; x_wconf 86' lang='lat' dir='ltr'><strong>tenere</strong></span> <span class='ocrx_word' id='word_1_624' title='bbox 3296 2505 3402 2544; x_wconf 90' lang='lat' dir='ltr'><strong>non</strong></span> <span class='ocrx_word' id='word_1_625' title='bbox 3451 2503 3689 2562; x_wconf 88' lang='lat' dir='ltr'><strong>possunt.</strong></span> 
     </span>
    </p>
   </div>
   <div class='ocr_carea' id='block_1_83' title="bbox 2124 2572 3691 2646">
    <p class='ocr_par' dir='ltr' id='par_1_83' title="bbox 2124 2572 3691 2646">
     <span class='ocr_line' id='line_1_83' title="bbox 2124 2572 3691 2646; baseline 0.007 -21"><span class='ocrx_word' id='word_1_626' title='bbox 2124 2572 2246 2627; x_wconf 89' lang='lat' dir='ltr'><strong>Non</strong></span> <span class='ocrx_word' id='word_1_627' title='bbox 2268 2582 2446 2628; x_wconf 86' lang='lat' dir='ltr'><strong>autem</strong></span> <span class='ocrx_word' id='word_1_628' title='bbox 2476 2587 2656 2644; x_wconf 85' lang='lat' dir='ltr'><strong>sponte</strong></span> <span class='ocrx_word' id='word_1_629' title='bbox 2680 2577 2912 2646; x_wconf 85' lang='lat' dir='ltr'><strong>subjecta</strong></span> <span class='ocrx_word' id='word_1_630' title='bbox 2937 2588 3010 2631; x_wconf 87' lang='lat' dir='ltr'><strong>est</strong></span> <span class='ocrx_word' id='word_1_631' title='bbox 3036 2580 3274 2645; x_wconf 84' lang='lat' dir='ltr'><strong>vanitati,</strong></span> <span class='ocrx_word' id='word_1_632' title='bbox 3298 2596 3405 2635; x_wconf 91' lang='lat' dir='ltr'><strong>non</strong></span> <span class='ocrx_word' id='word_1_633' title='bbox 3428 2582 3570 2635; x_wconf 90' lang='lat' dir='ltr'><strong>enim</strong></span> <span class='ocrx_word' id='word_1_634' title='bbox 3595 2582 3691 2636; x_wconf 86' lang='lat' dir='ltr'><strong>sibi</strong></span> 
     </span>
    </p>
   </div>
   <div class='ocr_carea' id='block_1_84' title="bbox 2119 2664 3688 2741">
    <p class='ocr_par' dir='ltr' id='par_1_84' title="bbox 2119 2664 3688 2741">
     <span class='ocr_line' id='line_1_84' title="bbox 2119 2664 3688 2741; baseline 0.006 -25"><span class='ocrx_word' id='word_1_635' title='bbox 2119 2664 2353 2732; x_wconf 87' lang='lat' dir='ltr'><strong>proderit</strong></span> <span class='ocrx_word' id='word_1_636' title='bbox 2382 2666 2521 2733; x_wconf 81' lang='lat' dir='ltr'><strong>quod</strong></span> <span class='ocrx_word' id='word_1_637' title='bbox 2546 2668 2783 2735; x_wconf 75' lang='lat' dir='ltr'><strong>subjecta</strong></span> <span class='ocrx_word' id='word_1_638' title='bbox 2812 2675 2915 2731; x_wconf 90' lang='lat' dir='ltr'><strong>est,</strong></span> <span class='ocrx_word' id='word_1_639' title='bbox 2944 2668 3038 2722; x_wconf 90' lang='lat' dir='ltr'><strong>scd</strong></span> <span class='ocrx_word' id='word_1_640' title='bbox 3062 2669 3236 2734; x_wconf 91' lang='lat' dir='ltr'><strong>nobis,</strong></span> <span class='ocrx_word' id='word_1_641' title='bbox 3265 2678 3316 2724; x_wconf 89' lang='lat' dir='ltr'><strong>et</strong></span> <span class='ocrx_word' id='word_1_642' title='bbox 3339 2682 3550 2741; x_wconf 88' lang='lat' dir='ltr'><strong>propter</strong></span> <span class='ocrx_word' id='word_1_643' title='bbox 3573 2688 3688 2725; x_wconf 88' lang='lat' dir='ltr'><strong>eum</strong></span> 
     </span>
    </p>
   </div>
   <div class='ocr_carea' id='block_1_85' title="bbox 2119 2756 3694 2827">
    <p class='ocr_par' dir='ltr' id='par_1_85' title="bbox 2119 2756 3694 2827">
     <span class='ocr_line' id='line_1_85' title="bbox 2119 2756 3694 2827; baseline 0.006 -20"><span class='ocrx_word' id='word_1_644' title='bbox 2119 2757 2206 2825; x_wconf 84' lang='lat' dir='ltr'><strong>qui</strong></span> <span class='ocrx_word' id='word_1_645' title='bbox 2234 2756 2450 2825; x_wconf 81' lang='lat' dir='ltr'><strong>subjecit</strong></span> <span class='ocrx_word' id='word_1_646' title='bbox 2482 2773 2596 2809; x_wconf 83' lang='lat' dir='ltr'><strong>eam</strong></span> <span class='ocrx_word' id='word_1_647' title='bbox 2640 2757 2693 2810; x_wconf 85' lang='lat' dir='ltr'><strong>in</strong></span> <span class='ocrx_word' id='word_1_648' title='bbox 2731 2774 2819 2827; x_wconf 85' lang='lat' dir='ltr'><strong>spe</strong></span> <span class='ocrx_word' id='word_1_649' title='bbox 2847 2774 2864 2810; x_wconf 91' lang='lat'><em>:</em></span> <span class='ocrx_word' id='word_1_650' title='bbox 2903 2759 3156 2826; x_wconf 89' lang='lat' dir='ltr'><strong>quoniam</strong></span> <span class='ocrx_word' id='word_1_651' title='bbox 3195 2760 3564 2815; x_wconf 85' lang='lat' dir='ltr'><strong>contradicere</strong></span> <span class='ocrx_word' id='word_1_652' title='bbox 3588 2776 3694 2815; x_wconf 89' lang='lat' dir='ltr'><strong>non</strong></span> 
     </span>
    </p>
   </div>
   <div class='ocr_carea' id='block_1_86' title="bbox 2120 2848 3695 2918">
    <p class='ocr_par' dir='ltr' id='par_1_86' title="bbox 2120 2848 3695 2918">
     <span class='ocr_line' id='line_1_86' title="bbox 2120 2848 3695 2918; baseline 0.004 -19"><span class='ocrx_word' id='word_1_653' title='bbox 2120 2854 2297 2915; x_wconf 92' lang='lat' dir='ltr'><strong>potest</strong></span> <span class='ocrx_word' id='word_1_654' title='bbox 2320 2854 2563 2900; x_wconf 87' lang='lat' dir='ltr'><strong>creatura</strong></span> <span class='ocrx_word' id='word_1_655' title='bbox 2594 2848 2824 2902; x_wconf 87' lang='lat' dir='ltr'><strong>creatori</strong></span> <span class='ocrx_word' id='word_1_656' title='bbox 2868 2863 2982 2911; x_wconf 88' lang='lat' dir='ltr'><strong>suo,</strong></span> <span class='ocrx_word' id='word_1_657' title='bbox 3011 2848 3128 2918; x_wconf 89' lang='lat' dir='ltr'><strong>ejus</strong></span> <span class='ocrx_word' id='word_1_658' title='bbox 3148 2864 3308 2904; x_wconf 88' lang='lat' dir='ltr'><strong>causa</strong></span> <span class='ocrx_word' id='word_1_659' title='bbox 3335 2848 3576 2918; x_wconf 86' lang='lat' dir='ltr'><strong>subjecta</strong></span> <span class='ocrx_word' id='word_1_660' title='bbox 3607 2863 3695 2907; x_wconf 87' lang='lat' dir='ltr'><strong>est</strong></span> 
     </span>
    </p>
   </div>
   <div class='ocr_carea' id='block_1_87' title="bbox 2120 2938 3692 3008">
    <p class='ocr_par' dir='ltr' id='par_1_87' title="bbox 2120 2938 3692 3008">
     <span class='ocr_line' id='line_1_87' title="bbox 2120 2938 3692 3008; baseline 0.003 -17"><span class='ocrx_word' id='word_1_661' title='bbox 2120 2939 2172 2991; x_wconf 89' lang='lat' dir='ltr'><strong>in</strong></span> <span class='ocrx_word' id='word_1_662' title='bbox 2206 2953 2321 3007; x_wconf 89' lang='lat' dir='ltr'><strong>spe.</strong></span> <span class='ocrx_word' id='word_1_663' title='bbox 2364 2938 2497 2992; x_wconf 84' lang='lat' dir='ltr'><strong>Vide</strong></span> <span class='ocrx_word' id='word_1_664' title='bbox 2528 2939 2697 3008; x_wconf 88' lang='lat' dir='ltr'><strong>ipsius</strong></span> <span class='ocrx_word' id='word_1_665' title='bbox 2728 2940 2857 2995; x_wconf 89' lang='lat' dir='ltr'><strong>solis</strong></span> <span class='ocrx_word' id='word_1_666' title='bbox 2884 2949 2938 2995; x_wconf 88' lang='lat' dir='ltr'><strong>et</strong></span> <span class='ocrx_word' id='word_1_667' title='bbox 2964 2940 3124 3006; x_wconf 66' lang='lat' dir='ltr'><strong>lunre,</strong></span> <span class='ocrx_word' id='word_1_668' title='bbox 3148 2956 3211 2996; x_wconf 91' lang='lat' dir='ltr'><strong>ac</strong></span> <span class='ocrx_word' id='word_1_669' title='bbox 3245 2942 3522 2997; x_wconf 89' lang='lat' dir='ltr'><strong>stellarum</strong></span> <span class='ocrx_word' id='word_1_670' title='bbox 3546 2943 3692 3008; x_wconf 63' lang='lat' dir='ltr'><strong>caeli,</strong></span> 
     </span>
    </p>
   </div>
   <div class='ocr_carea' id='block_1_88' title="bbox 2119 3029 3699 3101">
    <p class='ocr_par' dir='ltr' id='par_1_88' title="bbox 2119 3029 3699 3101">
     <span class='ocr_line' id='line_1_88' title="bbox 2119 3029 3699 3101; baseline 0.003 -18"><span class='ocrx_word' id='word_1_671' title='bbox 2119 3037 2173 3083; x_wconf 89' lang='lat' dir='ltr'><strong>et</strong></span> <span class='ocrx_word' id='word_1_672' title='bbox 2196 3030 2362 3084; x_wconf 90' lang='lat' dir='ltr'><strong>totius</strong></span> <span class='ocrx_word' id='word_1_673' title='bbox 2390 3029 2574 3083; x_wconf 85' lang='lat' dir='ltr'><strong>mundi</strong></span> <span class='ocrx_word' id='word_1_674' title='bbox 2608 3031 2927 3096; x_wconf 88' lang='lat' dir='ltr'><strong>ministeria,</strong></span> <span class='ocrx_word' id='word_1_675' title='bbox 2978 3034 3249 3101; x_wconf 87' lang='lat' dir='ltr'><strong>quomodo</strong></span> <span class='ocrx_word' id='word_1_676' title='bbox 3289 3032 3527 3101; x_wconf 85' lang='lat' dir='ltr'><strong>subjecta</strong></span> <span class='ocrx_word' id='word_1_677' title='bbox 3572 3045 3699 3089; x_wconf 88' lang='lat' dir='ltr'><strong>sunt</strong></span> 
     </span>
    </p>
   </div>
   <div class='ocr_carea' id='block_1_89' title="bbox 2120 3120 3699 3197">
    <p class='ocr_par' dir='ltr' id='par_1_89' title="bbox 2120 3120 3699 3197">
     <span class='ocr_line' id='line_1_89' title="bbox 2120 3120 3699 3197; baseline 0.006 -26"><span class='ocrx_word' id='word_1_678' title='bbox 2120 3120 2366 3184; x_wconf 87' lang='lat' dir='ltr'><strong>vanitati,</strong></span> <span class='ocrx_word' id='word_1_679' title='bbox 2411 3121 2848 3191; x_wconf 86' lang='lat' dir='ltr'><strong>corruptionique</strong></span> <span class='ocrx_word' id='word_1_680' title='bbox 2885 3123 3217 3197; x_wconf 83' lang='lat' dir='ltr'><strong>deserviunt.</strong></span> <span class='ocrx_word' id='word_1_681' title='bbox 3242 3124 3328 3179; x_wconf 82' lang='lat' dir='ltr'><strong>Ad</strong></span> <span class='ocrx_word' id='word_1_682' title='bbox 3359 3141 3510 3180; x_wconf 88' lang='lat' dir='ltr'><strong>usum</strong></span> <span class='ocrx_word' id='word_1_683' title='bbox 3546 3141 3699 3180; x_wconf 89' lang='lat' dir='ltr'><strong>nam-</strong></span> 
     </span>
    </p>
   </div>
   <div class='ocr_carea' id='block_1_90' title="bbox 2045 3186 3697 3284">
    <p class='ocr_par' dir='ltr' id='par_1_90' title="bbox 2045 3186 3697 3284">
     <span class='ocr_line' id='line_1_90' title="bbox 2045 3186 3697 3284; baseline 0.004 -22"><span class='ocrx_word' id='word_1_684' title='bbox 2045 3186 2088 3247; x_wconf 60' lang='grc' dir='ltr'><strong>(ἶ</strong></span> <span class='ocrx_word' id='word_1_685' title='bbox 2121 3225 2224 3278; x_wconf 85' lang='lat' dir='ltr'><strong>quc</strong></span> <span class='ocrx_word' id='word_1_686' title='bbox 2268 3211 2544 3264; x_wconf 88' lang='lat' dir='ltr'><strong>hominum</strong></span> <span class='ocrx_word' id='word_1_687' title='bbox 2576 3210 2731 3264; x_wconf 86' lang='lat' dir='ltr'><strong>alunt</strong></span> <span class='ocrx_word' id='word_1_688' title='bbox 2770 3220 3000 3283; x_wconf 88' lang='lat' dir='ltr'><strong>segetes,</strong></span> <span class='ocrx_word' id='word_1_689' title='bbox 3037 3194 3246 3269; x_wconf 84' lang='lat' dir='ltr'><strong>fruetus</strong></span> <span class='ocrx_word' id='word_1_690' title='bbox 3273 3216 3578 3284; x_wconf 88' lang='lat' dir='ltr'><strong>producunt</strong></span> <span class='ocrx_word' id='word_1_691' title='bbox 3603 3231 3697 3269; x_wconf 90' lang='lat' dir='ltr'><strong>ar-</strong></span> 
     </span>
    </p>
   </div>
   <div class='ocr_carea' id='block_1_91' title="bbox 2118 3302 3693 3375">
    <p class='ocr_par' dir='ltr' id='par_1_91' title="bbox 2118 3302 3693 3375">
     <span class='ocr_line' id='line_1_91' title="bbox 2118 3302 3693 3375; baseline 0.005 -21"><span class='ocrx_word' id='word_1_692' title='bbox 2118 3302 2332 3366; x_wconf 89' lang='lat' dir='ltr'><strong>borum,</strong></span> <span class='ocrx_word' id='word_1_693' title='bbox 2354 3302 2683 3371; x_wconf 79' lang='lat' dir='ltr'><strong>herbamque</strong></span> <span class='ocrx_word' id='word_1_694' title='bbox 2714 3318 3048 3372; x_wconf 90' lang='lat' dir='ltr'><strong>camporum,</strong></span> <span class='ocrx_word' id='word_1_695' title='bbox 3085 3313 3247 3375; x_wconf 90' lang='lat' dir='ltr'><strong>atque</strong></span> <span class='ocrx_word' id='word_1_696' title='bbox 3288 3307 3503 3362; x_wconf 79' lang='lat' dir='ltr'><strong>eosdem</strong></span> <span class='ocrx_word' id='word_1_697' title='bbox 3548 3306 3693 3362; x_wconf 89' lang='lat' dir='ltr'><strong>inse</strong></span> 
     </span>
    </p>
   </div>
   <div class='ocr_carea' id='block_1_92' title="bbox 2118 3393 3696 3465">
    <p class='ocr_par' dir='ltr' id='par_1_92' title="bbox 2118 3393 3696 3465">
     <span class='ocr_line' id='line_1_92' title="bbox 2118 3393 3696 3465; baseline 0.004 -21"><span class='ocrx_word' id='word_1_698' title='bbox 2118 3400 2447 3446; x_wconf 88' lang='lat' dir='ltr'><strong>revertentes</strong></span> <span class='ocrx_word' id='word_1_699' title='bbox 2492 3393 2619 3445; x_wconf 88' lang='lat' dir='ltr'><strong>anni</strong></span> <span class='ocrx_word' id='word_1_700' title='bbox 2671 3393 2902 3447; x_wconf 88' lang='lat' dir='ltr'><strong>circulos</strong></span> <span class='ocrx_word' id='word_1_701' title='bbox 2954 3395 3174 3449; x_wconf 89' lang='lat' dir='ltr'><strong>volvunt</strong></span> <span class='ocrx_word' id='word_1_702' title='bbox 3219 3404 3517 3465; x_wconf 89' lang='lat' dir='ltr'><strong>:reparant</strong></span> <span class='ocrx_word' id='word_1_703' title='bbox 3545 3397 3696 3451; x_wconf 88' lang='lat' dir='ltr'><strong>enim</strong></span> 
     </span>
    </p>
   </div>
   <div class='ocr_carea' id='block_1_93' title="bbox 2116 3486 3698 3557">
    <p class='ocr_par' dir='ltr' id='par_1_93' title="bbox 2116 3486 3698 3557">
     <span class='ocr_line' id='line_1_93' title="bbox 2116 3486 3698 3557; baseline 0.002 -20"><span class='ocrx_word' id='word_1_704' title='bbox 2116 3499 2235 3553; x_wconf 68' lang='lat' dir='ltr'><strong>quae</strong></span> <span class='ocrx_word' id='word_1_705' title='bbox 2255 3491 2602 3553; x_wconf 65' lang='lat' dir='ltr'><strong>praetereunt,</strong></span> <span class='ocrx_word' id='word_1_706' title='bbox 2630 3492 2686 3538; x_wconf 90' lang='lat' dir='ltr'><strong>et</strong></span> <span class='ocrx_word' id='word_1_707' title='bbox 2714 3486 2994 3554; x_wconf 66' lang='lat' dir='ltr'><strong>prmterire</strong></span> <span class='ocrx_word' id='word_1_708' title='bbox 3026 3502 3240 3541; x_wconf 90' lang='lat' dir='ltr'><strong>rursum</strong></span> <span class='ocrx_word' id='word_1_709' title='bbox 3288 3502 3406 3556; x_wconf 77' lang='lat' dir='ltr'><strong>qua:</strong></span> <span class='ocrx_word' id='word_1_710' title='bbox 3444 3496 3698 3557; x_wconf 81' lang='lat' dir='ltr'><strong>reparata</strong></span> 
     </span>
    </p>
   </div>
   <div class='ocr_carea' id='block_1_94' title="bbox 2116 3573 3700 3647">
    <p class='ocr_par' dir='ltr' id='par_1_94' title="bbox 2116 3573 3700 3647">
     <span class='ocr_line' id='line_1_94' title="bbox 2116 3573 3700 3647; baseline 0.004 -19"><span class='ocrx_word' id='word_1_711' title='bbox 2116 3583 2242 3628; x_wconf 91' lang='lat' dir='ltr'><strong>sunt</strong></span> <span class='ocrx_word' id='word_1_712' title='bbox 2300 3574 2504 3627; x_wconf 89' lang='lat' dir='ltr'><strong>sinunt.</strong></span> <span class='ocrx_word' id='word_1_713' title='bbox 2562 3573 2710 3644; x_wconf 80' lang='lat' dir='ltr'><strong>ipsos</strong></span> <span class='ocrx_word' id='word_1_714' title='bbox 2763 3590 2978 3645; x_wconf 92' lang='lat' dir='ltr'><strong>quoque</strong></span> <span class='ocrx_word' id='word_1_715' title='bbox 3039 3576 3258 3647; x_wconf 82' lang='lat' dir='ltr'><strong>angelos</strong></span> <span class='ocrx_word' id='word_1_716' title='bbox 3314 3578 3441 3633; x_wconf 89' lang='lat' dir='ltr'><strong>huic</strong></span> <span class='ocrx_word' id='word_1_717' title='bbox 3495 3580 3700 3634; x_wconf 88' lang='lat' dir='ltr'><strong>rationi</strong></span> 
     </span>
    </p>
   </div>
   <div class='ocr_carea' id='block_1_95' title="bbox 2116 3662 3705 3740">
    <p class='ocr_par' dir='ltr' id='par_1_95' title="bbox 2116 3662 3705 3740">
     <span class='ocr_line' id='line_1_95' title="bbox 2116 3662 3705 3740; baseline 0.004 -24"><span class='ocrx_word' id='word_1_718' title='bbox 2116 3664 2276 3718; x_wconf 88' lang='lat' dir='ltr'><strong>credo</strong></span> <span class='ocrx_word' id='word_1_719' title='bbox 2325 3662 2618 3731; x_wconf 83' lang='lat' dir='ltr'><strong>subjectos,</strong></span> <span class='ocrx_word' id='word_1_720' title='bbox 2657 3665 2820 3719; x_wconf 89' lang='lat' dir='ltr'><strong>etiam</strong></span> <span class='ocrx_word' id='word_1_721' title='bbox 2876 3681 2982 3720; x_wconf 90' lang='lat' dir='ltr'><strong>non</strong></span> <span class='ocrx_word' id='word_1_722' title='bbox 3028 3667 3290 3732; x_wconf 88' lang='lat' dir='ltr'><strong>volentes,</strong></span> <span class='ocrx_word' id='word_1_723' title='bbox 3342 3670 3435 3724; x_wconf 85' lang='lat' dir='ltr'><strong>sed</strong></span> <span class='ocrx_word' id='word_1_724' title='bbox 3485 3680 3705 3740; x_wconf 86' lang='lat' dir='ltr'><strong>prapter</strong></span> 
     </span>
    </p>
   </div>
   <div class='ocr_carea' id='block_1_96' title="bbox 2116 3753 3706 3830">
    <p class='ocr_par' dir='ltr' id='par_1_96' title="bbox 2116 3753 3706 3830">
     <span class='ocr_line' id='line_1_96' title="bbox 2116 3753 3706 3830; baseline 0.006 -24"><span class='ocrx_word' id='word_1_725' title='bbox 2116 3770 2230 3807; x_wconf 88' lang='lat' dir='ltr'><strong>eum</strong></span> <span class='ocrx_word' id='word_1_726' title='bbox 2256 3754 2345 3824; x_wconf 88' lang='lat' dir='ltr'><strong>qui</strong></span> <span class='ocrx_word' id='word_1_727' title='bbox 2370 3753 2585 3822; x_wconf 87' lang='lat' dir='ltr'><strong>subjecit</strong></span> <span class='ocrx_word' id='word_1_728' title='bbox 2610 3754 2664 3808; x_wconf 91' lang='lat' dir='ltr'><strong>in</strong></span> <span class='ocrx_word' id='word_1_729' title='bbox 2690 3772 2776 3825; x_wconf 84' lang='lat' dir='ltr'><strong>spe</strong></span> <span class='ocrx_word' id='word_1_730' title='bbox 2801 3770 2817 3806; x_wconf 93' lang='lat'><em>:</em></span> <span class='ocrx_word' id='word_1_731' title='bbox 2846 3755 3101 3810; x_wconf 84' lang='lat' dir='ltr'><strong>voluntati</strong></span> <span class='ocrx_word' id='word_1_732' title='bbox 3142 3759 3280 3811; x_wconf 88' lang='lat' dir='ltr'><strong>enim</strong></span> <span class='ocrx_word' id='word_1_733' title='bbox 3317 3759 3431 3828; x_wconf 83' lang='lat' dir='ltr'><strong>ejus</strong></span> <span class='ocrx_word' id='word_1_734' title='bbox 3457 3762 3578 3830; x_wconf 86' lang='lat' dir='ltr'><strong>quis</strong></span> <span class='ocrx_word' id='word_1_735' title='bbox 3621 3778 3706 3815; x_wconf 86' lang='lat' dir='ltr'><strong>re-</strong></span> 
     </span>
    </p>
   </div>
   <div class='ocr_carea' id='block_1_97' title="bbox 2116 3844 3701 3918">
    <p class='ocr_par' dir='ltr' id='par_1_97' title="bbox 2116 3844 3701 3918">
     <span class='ocr_line' id='line_1_97' title="bbox 2116 3844 3701 3918; baseline 0.006 -21"><span class='ocrx_word' id='word_1_736' title='bbox 2116 3845 2288 3898; x_wconf 83' lang='lat' dir='ltr'><strong>sistit?</strong></span> <span class='ocrx_word' id='word_1_737' title='bbox 2325 3845 2435 3914; x_wconf 85' lang='lat' dir='ltr'><strong>Ego</strong></span> <span class='ocrx_word' id='word_1_738' title='bbox 2464 3844 2628 3898; x_wconf 89' lang='lat' dir='ltr'><strong>etiam</strong></span> <span class='ocrx_word' id='word_1_739' title='bbox 2658 3845 2722 3899; x_wconf 86' lang='lat' dir='ltr'><strong>de</strong></span> <span class='ocrx_word' id='word_1_740' title='bbox 2748 3845 3085 3917; x_wconf 88' lang='lat' dir='ltr'><strong>archangelis</strong></span> <span class='ocrx_word' id='word_1_741' title='bbox 3111 3847 3218 3902; x_wconf 90' lang='lat' dir='ltr'><strong>tale</strong></span> <span class='ocrx_word' id='word_1_742' title='bbox 3261 3848 3462 3918; x_wconf 89' lang='lat' dir='ltr'><strong>aliquid</strong></span> <span class='ocrx_word' id='word_1_743' title='bbox 3492 3851 3701 3906; x_wconf 87' lang='lat' dir='ltr'><strong>intelli-</strong></span> 
     </span>
    </p>
   </div>
   <div class='ocr_carea' id='block_1_98' title="bbox 2118 3935 3703 4005">
    <p class='ocr_par' dir='ltr' id='par_1_98' title="bbox 2118 3935 3703 4005">
     <span class='ocr_line' id='line_1_98' title="bbox 2118 3935 3703 4005; baseline 0.004 -16"><span class='ocrx_word' id='word_1_744' title='bbox 2118 3950 2243 4003; x_wconf 83' lang='lat' dir='ltr'><strong>gere</strong></span> <span class='ocrx_word' id='word_1_745' title='bbox 2271 3935 2601 4005; x_wconf 88' lang='lat' dir='ltr'><strong>propheticis</strong></span> <span class='ocrx_word' id='word_1_746' title='bbox 2644 3935 2845 3989; x_wconf 85' lang='lat' dir='ltr'><strong>iuvitor</strong></span> <span class='ocrx_word' id='word_1_747' title='bbox 2872 3935 3119 4005; x_wconf 88' lang='lat' dir='ltr'><strong>eloquiis.</strong></span> <span class='ocrx_word' id='word_1_748' title='bbox 3163 3936 3303 4004; x_wconf 85' lang='lat' dir='ltr'><strong>Quid</strong></span> <span class='ocrx_word' id='word_1_749' title='bbox 3341 3939 3487 3993; x_wconf 89' lang='lat' dir='ltr'><strong>enim</strong></span> <span class='ocrx_word' id='word_1_750' title='bbox 3531 3948 3703 3996; x_wconf 71' lang='lat' dir='ltr'><strong>tanta:</strong></span> 
     </span>
    </p>
   </div>
   <div class='ocr_carea' id='block_1_99' title="bbox 2117 4025 3699 4097">
    <p class='ocr_par' dir='ltr' id='par_1_99' title="bbox 2117 4025 3699 4097">
     <span class='ocr_line' id='line_1_99' title="bbox 2117 4025 3699 4097; baseline 0.004 -18"><span class='ocrx_word' id='word_1_751' title='bbox 2117 4025 2372 4080; x_wconf 86' lang='lat' dir='ltr'><strong>vanitatis</strong></span> <span class='ocrx_word' id='word_1_752' title='bbox 2402 4035 2457 4079; x_wconf 87' lang='lat' dir='ltr'><strong>et</strong></span> <span class='ocrx_word' id='word_1_753' title='bbox 2483 4034 2644 4080; x_wconf 72' lang='lat' dir='ltr'><strong>tanta:</strong></span> <span class='ocrx_word' id='word_1_754' title='bbox 2674 4026 3038 4096; x_wconf 88' lang='lat' dir='ltr'><strong>corruptionis</strong></span> <span class='ocrx_word' id='word_1_755' title='bbox 3064 4027 3324 4093; x_wconf 91' lang='lat' dir='ltr'><strong>invenies,</strong></span> <span class='ocrx_word' id='word_1_756' title='bbox 3353 4042 3515 4097; x_wconf 84' lang='lat' dir='ltr'><strong>quam</strong></span> <span class='ocrx_word' id='word_1_757' title='bbox 3548 4029 3699 4085; x_wconf 83' lang='lat' dir='ltr'><strong>bella</strong></span> 
     </span>
    </p>
   </div>
   <div class='ocr_carea' id='block_1_100' title="bbox 2116 4117 3703 4192">
    <p class='ocr_par' dir='ltr' id='par_1_100' title="bbox 2116 4117 3703 4192">
     <span class='ocr_line' id='line_1_100' title="bbox 2116 4117 3703 4192; baseline 0.005 -23"><span class='ocrx_word' id='word_1_758' title='bbox 2116 4130 2306 4184; x_wconf 81' lang='lat' dir='ltr'><strong>gerere</strong></span> <span class='ocrx_word' id='word_1_759' title='bbox 2328 4118 2380 4171; x_wconf 92' lang='lat' dir='ltr'><strong>in</strong></span> <span class='ocrx_word' id='word_1_760' title='bbox 2407 4117 2510 4171; x_wconf 91' lang='lat' dir='ltr'><strong>hoc</strong></span> <span class='ocrx_word' id='word_1_761' title='bbox 2529 4118 2749 4181; x_wconf 89' lang='lat' dir='ltr'><strong>mundo,</strong></span> <span class='ocrx_word' id='word_1_762' title='bbox 2772 4133 2978 4187; x_wconf 88' lang='lat' dir='ltr'><strong>pugnas</strong></span> <span class='ocrx_word' id='word_1_763' title='bbox 2997 4120 3284 4175; x_wconf 89' lang='lat' dir='ltr'><strong>adversum</strong></span> <span class='ocrx_word' id='word_1_764' title='bbox 3308 4136 3412 4186; x_wconf 89' lang='lat' dir='ltr'><strong>me,</strong></span> <span class='ocrx_word' id='word_1_765' title='bbox 3438 4137 3703 4192; x_wconf 82' lang='lat' dir='ltr'><strong>regnum,</strong></span> 
     </span>
    </p>
   </div>
   <div class='ocr_carea' id='block_1_101' title="bbox 2115 4206 3711 4280">
    <p class='ocr_par' dir='ltr' id='par_1_101' title="bbox 2115 4206 3711 4280">
     <span class='ocr_line' id='line_1_101' title="bbox 2115 4206 3711 4280; baseline 0.004 -20"><span class='ocrx_word' id='word_1_766' title='bbox 2115 4213 2172 4260; x_wconf 87' lang='lat' dir='ltr'><strong>et</strong></span> <span class='ocrx_word' id='word_1_767' title='bbox 2197 4213 2382 4276; x_wconf 81' lang='lat' dir='ltr'><strong>gentes</strong></span> <span class='ocrx_word' id='word_1_768' title='bbox 2406 4207 2782 4261; x_wconf 88' lang='lat' dir='ltr'><strong>commovere?</strong></span> <span class='ocrx_word' id='word_1_769' title='bbox 2813 4206 2945 4261; x_wconf 91' lang='lat' dir='ltr'><strong>Vide</strong></span> <span class='ocrx_word' id='word_1_770' title='bbox 2974 4222 3103 4278; x_wconf 89' lang='lat' dir='ltr'><strong>ergo</strong></span> <span class='ocrx_word' id='word_1_771' title='bbox 3129 4210 3273 4278; x_wconf 91' lang='lat' dir='ltr'><strong>quod</strong></span> <span class='ocrx_word' id='word_1_772' title='bbox 3300 4210 3355 4263; x_wconf 94' lang='lat' dir='ltr'><strong>in</strong></span> <span class='ocrx_word' id='word_1_773' title='bbox 3390 4211 3475 4265; x_wconf 90' lang='lat' dir='ltr'><strong>his</strong></span> <span class='ocrx_word' id='word_1_774' title='bbox 3502 4213 3711 4280; x_wconf 58' lang='lat' dir='ltr'><strong>praeci-</strong></span> 
     </span>
    </p>
   </div>
   <div class='ocr_carea' id='block_1_102' title="bbox 2116 4296 3708 4368">
    <p class='ocr_par' dir='ltr' id='par_1_102' title="bbox 2116 4296 3708 4368">
     <span class='ocr_line' id='line_1_102' title="bbox 2116 4296 3708 4368; baseline 0.003 -18"><span class='ocrx_word' id='word_1_775' title='bbox 2116 4315 2280 4367; x_wconf 84' lang='lat' dir='ltr'><strong>puum</strong></span> <span class='ocrx_word' id='word_1_776' title='bbox 2328 4296 2687 4368; x_wconf 87' lang='lat' dir='ltr'><strong>archangelici</strong></span> <span class='ocrx_word' id='word_1_777' title='bbox 2734 4298 2914 4365; x_wconf 90' lang='lat' dir='ltr'><strong>operis</strong></span> <span class='ocrx_word' id='word_1_778' title='bbox 2966 4299 3197 4352; x_wconf 88' lang='lat' dir='ltr'><strong>habetur</strong></span> <span class='ocrx_word' id='word_1_779' title='bbox 3243 4298 3501 4361; x_wconf 82' lang='lat' dir='ltr'><strong>ollicium,</strong></span> <span class='ocrx_word' id='word_1_780' title='bbox 3550 4301 3708 4356; x_wconf 87' lang='lat' dir='ltr'><strong>sicut</strong></span> 
     </span>
    </p>
   </div>
   <div class='ocr_carea' id='block_1_103' title="bbox 2119 4387 3701 4459">
    <p class='ocr_par' dir='ltr' id='par_1_103' title="bbox 2119 4387 3701 4459">
     <span class='ocr_line' id='line_1_103' title="bbox 2119 4387 3701 4459; baseline 0.004 -20"><span class='ocrx_word' id='word_1_781' title='bbox 2119 4387 2304 4441; x_wconf 81' lang='lat' dir='ltr'><strong>Daniel</strong></span> <span class='ocrx_word' id='word_1_782' title='bbox 2332 4388 2591 4458; x_wconf 88' lang='lat' dir='ltr'><strong>propheta</strong></span> <span class='ocrx_word' id='word_1_783' title='bbox 2621 4394 2869 4450; x_wconf 89' lang='lat' dir='ltr'><strong>testatur,</strong></span> <span class='ocrx_word' id='word_1_784' title='bbox 2898 4402 3020 4441; x_wconf 89' lang='lat' dir='ltr'><strong>cum</strong></span> <span class='ocrx_word' id='word_1_785' title='bbox 3048 4388 3200 4452; x_wconf 90' lang='lat' dir='ltr'><strong>dicit,</strong></span> <span class='ocrx_word' id='word_1_786' title='bbox 3236 4389 3359 4457; x_wconf 89' lang='lat' dir='ltr'><strong>quia</strong></span> <span class='ocrx_word' id='word_1_787' title='bbox 3388 4391 3701 4459; x_wconf 84' lang='lat' dir='ltr'><strong>archange—</strong></span> 
     </span>
    </p>
   </div>
   <div class='ocr_carea' id='block_1_104' title="bbox 2122 4467 3709 4547">
    <p class='ocr_par' dir='ltr' id='par_1_104' title="bbox 2122 4467 3709 4547">
     <span class='ocr_line' id='line_1_104' title="bbox 2122 4467 3709 4547; baseline 0.004 -19"><span class='ocrx_word' id='word_1_788' title='bbox 2122 4476 2206 4530; x_wconf 92' lang='lat' dir='ltr'><strong>lus</strong></span> <span class='ocrx_word' id='word_1_789' title='bbox 2246 4477 2498 4545; x_wconf 90' lang='lat' dir='ltr'><strong>loquatur</strong></span> <span class='ocrx_word' id='word_1_790' title='bbox 2519 4467 2754 4538; x_wconf 59' lang='lat' dir='ltr'><strong>ad&#39;eum,</strong></span> <span class='ocrx_word' id='word_1_791' title='bbox 2793 4477 2884 4544; x_wconf 92' lang='lat' dir='ltr'><strong>qui</strong></span> <span class='ocrx_word' id='word_1_792' title='bbox 2912 4476 3116 4531; x_wconf 87' lang='lat' dir='ltr'><strong>diceret</strong></span> <span class='ocrx_word' id='word_1_793' title='bbox 3162 4476 3210 4531; x_wconf 92' lang='lat' dir='ltr'><strong>ei</strong></span> <span class='ocrx_word' id='word_1_794' title='bbox 3240 4476 3380 4545; x_wconf 89' lang='lat' dir='ltr'><strong>quod</strong></span> <span class='ocrx_word' id='word_1_795' title='bbox 3428 4490 3709 4547; x_wconf 85' lang='lat' dir='ltr'><strong>pugnaret</strong></span> 
     </span>
    </p>
   </div>
   <div class='ocr_carea' id='block_1_105' title="bbox 2124 4562 3707 4637">
    <p class='ocr_par' dir='ltr' id='par_1_105' title="bbox 2124 4562 3707 4637">
     <span class='ocr_line' id='line_1_105' title="bbox 2124 4562 3707 4637; baseline 0.002 -19"><span class='ocrx_word' id='word_1_796' title='bbox 2124 4566 2408 4620; x_wconf 88' lang='lat' dir='ltr'><strong>adversum</strong></span> <span class='ocrx_word' id='word_1_797' title='bbox 2433 4565 2731 4635; x_wconf 87' lang='lat' dir='ltr'><strong>principem</strong></span> <span class='ocrx_word' id='word_1_798' title='bbox 2754 4562 3041 4619; x_wconf 86' lang='lat' dir='ltr'><strong>Persarum</strong></span> <span class='ocrx_word' id='word_1_799' title='bbox 3066 4582 3079 4617; x_wconf 90' lang='lat'><strong>:</strong></span> <span class='ocrx_word' id='word_1_800' title='bbox 3108 4574 3155 4618; x_wconf 89' lang='lat' dir='ltr'><strong>et</strong></span> <span class='ocrx_word' id='word_1_801' title='bbox 3182 4581 3350 4630; x_wconf 86' lang='lat' dir='ltr'><strong>nemo,</strong></span> <span class='ocrx_word' id='word_1_802' title='bbox 3378 4565 3572 4635; x_wconf 89' lang='lat' dir='ltr'><strong>inquit,</strong></span> <span class='ocrx_word' id='word_1_803' title='bbox 3595 4568 3707 4637; x_wconf 80' lang='lat' dir='ltr'><strong>fuit</strong></span> 
     </span>
    </p>
   </div>
   <div class='ocr_carea' id='block_1_106' title="bbox 2121 4654 3706 4728">
    <p class='ocr_par' dir='ltr' id='par_1_106' title="bbox 2121 4654 3706 4728">
     <span class='ocr_line' id='line_1_106' title="bbox 2121 4654 3706 4728; baseline 0.003 -21"><span class='ocrx_word' id='word_1_804' title='bbox 2121 4657 2246 4709; x_wconf 88' lang='lat' dir='ltr'><strong>mihi</strong></span> <span class='ocrx_word' id='word_1_805' title='bbox 2270 4656 2324 4710; x_wconf 86' lang='lat' dir='ltr'><strong>in</strong></span> <span class='ocrx_word' id='word_1_806' title='bbox 2350 4656 2636 4726; x_wconf 80' lang='lat' dir='ltr'><strong>adjutorio,</strong></span> <span class='ocrx_word' id='word_1_807' title='bbox 2652 4659 2752 4713; x_wconf 88' lang='lat' dir='ltr'><strong>nisi</strong></span> <span class='ocrx_word' id='word_1_808' title='bbox 2767 4654 2993 4710; x_wconf 76' lang='lat' dir='ltr'><strong>Michael</strong></span> <span class='ocrx_word' id='word_1_809' title='bbox 3003 4656 3241 4725; x_wconf 88' lang='lat' dir='ltr'><strong>princeps</strong></span> <span class='ocrx_word' id='word_1_810' title='bbox 3255 4666 3417 4710; x_wconf 82' lang='lat' dir='ltr'><strong>vester</strong></span> <span class='ocrx_word' id='word_1_811' title='bbox 3430 4656 3599 4728; x_wconf 86' lang='lat' dir='ltr'><strong>(Dan.</strong></span> <span class='ocrx_word' id='word_1_812' title='bbox 3618 4658 3706 4728; x_wconf 73' lang='grc' dir='ltr'><strong>ιε).</strong></span> 
     </span>
    </p>
   </div>
   <div class='ocr_carea' id='block_1_107' title="bbox 2121 4745 3709 4818">
    <p class='ocr_par' dir='ltr' id='par_1_107' title="bbox 2121 4745 3709 4818">
     <span class='ocr_line' id='line_1_107' title="bbox 2121 4745 3709 4818; baseline 0 -20"><span class='ocrx_word' id='word_1_813' title='bbox 2121 4746 2261 4815; x_wconf 79' lang='lat' dir='ltr'><strong>Ergo</strong></span> <span class='ocrx_word' id='word_1_814' title='bbox 2282 4762 2377 4815; x_wconf 82' lang='lat' dir='ltr'><strong>per</strong></span> <span class='ocrx_word' id='word_1_815' title='bbox 2405 4747 2613 4818; x_wconf 88' lang='lat' dir='ltr'><strong>singula</strong></span> <span class='ocrx_word' id='word_1_816' title='bbox 2638 4747 3056 4818; x_wconf 86' lang='lat' dir='ltr'><strong>deprehenditur</strong></span> <span class='ocrx_word' id='word_1_817' title='bbox 3085 4745 3423 4799; x_wconf 88' lang='lat' dir='ltr'><strong>rationabilis</strong></span> <span class='ocrx_word' id='word_1_818' title='bbox 3447 4755 3709 4798; x_wconf 83' lang='lat' dir='ltr'><strong>creatura</strong></span> 
     </span>
    </p>
   </div>
   <div class='ocr_carea' id='block_1_108' title="bbox 2119 4835 3712 4909">
    <p class='ocr_par' dir='ltr' id='par_1_108' title="bbox 2119 4835 3712 4909">
     <span class='ocr_line' id='line_1_108' title="bbox 2119 4835 3712 4909; baseline -0.001 -20"><span class='ocrx_word' id='word_1_819' title='bbox 2119 4839 2339 4890; x_wconf 81' lang='lat' dir='ltr'><strong>ranitati</strong></span> <span class='ocrx_word' id='word_1_820' title='bbox 2366 4855 2475 4891; x_wconf 83' lang='lat' dir='ltr'><strong>esse</strong></span> <span class='ocrx_word' id='word_1_821' title='bbox 2500 4839 2756 4909; x_wconf 86' lang='lat' dir='ltr'><strong>subjecta,</strong></span> <span class='ocrx_word' id='word_1_822' title='bbox 2805 4854 2909 4890; x_wconf 91' lang='lat' dir='ltr'><strong>non</strong></span> <span class='ocrx_word' id='word_1_823' title='bbox 2953 4835 3145 4900; x_wconf 80' lang='lat' dir='ltr'><strong>volens,</strong></span> <span class='ocrx_word' id='word_1_824' title='bbox 3191 4835 3281 4888; x_wconf 86' lang='lat' dir='ltr'><strong>sed</strong></span> <span class='ocrx_word' id='word_1_825' title='bbox 3320 4844 3533 4904; x_wconf 87' lang='lat' dir='ltr'><strong>propter</strong></span> <span class='ocrx_word' id='word_1_826' title='bbox 3577 4851 3712 4888; x_wconf 85' lang='lat' dir='ltr'><strong>eum</strong></span> 
     </span>
    </p>
   </div>
   <div class='ocr_carea' id='block_1_109' title="bbox 2117 4922 3721 4998">
    <p class='ocr_par' dir='ltr' id='par_1_109' title="bbox 2117 4922 3721 4998">
     <span class='ocr_line' id='line_1_109' title="bbox 2117 4922 3721 4998; baseline -0.001 -19"><span class='ocrx_word' id='word_1_827' title='bbox 2117 4928 2206 4998; x_wconf 87' lang='lat' dir='ltr'><strong>qui</strong></span> <span class='ocrx_word' id='word_1_828' title='bbox 2239 4927 2455 4995; x_wconf 83' lang='lat' dir='ltr'><strong>subjecit</strong></span> <span class='ocrx_word' id='word_1_829' title='bbox 2495 4930 2550 4981; x_wconf 89' lang='lat' dir='ltr'><strong>in</strong></span> <span class='ocrx_word' id='word_1_830' title='bbox 2575 4944 2681 4998; x_wconf 86' lang='lat' dir='ltr'><strong>spe.</strong></span> <span class='ocrx_word' id='word_1_831' title='bbox 2717 4926 2850 4996; x_wconf 89' lang='lat' dir='ltr'><strong>Spes</strong></span> <span class='ocrx_word' id='word_1_832' title='bbox 2894 4939 3126 4994; x_wconf 88' lang='lat' dir='ltr'><strong>namque</strong></span> <span class='ocrx_word' id='word_1_833' title='bbox 3158 4932 3243 4978; x_wconf 89' lang='lat' dir='ltr'><strong>est</strong></span> <span class='ocrx_word' id='word_1_834' title='bbox 3284 4922 3353 4976; x_wconf 91' lang='lat' dir='ltr'><strong>ab</strong></span> <span class='ocrx_word' id='word_1_835' title='bbox 3406 4923 3490 4976; x_wconf 90' lang='lat' dir='ltr'><strong>bis</strong></span> <span class='ocrx_word' id='word_1_836' title='bbox 3532 4922 3721 4977; x_wconf 76' lang='lat' dir='ltr'><strong>rebus</strong></span> 
     </span>
    </p>
   </div>
   <div class='ocr_carea' id='block_1_110' title="bbox 2123 5015 3712 5088">
    <p class='ocr_par' dir='ltr' id='par_1_110' title="bbox 2123 5015 3712 5088">
     <span class='ocr_line' id='line_1_110' title="bbox 2123 5015 3712 5088; baseline 0.001 -18"><span class='ocrx_word' id='word_1_837' title='bbox 2123 5019 2398 5087; x_wconf 83' lang='lat' dir='ltr'><strong>corporeis</strong></span> <span class='ocrx_word' id='word_1_838' title='bbox 2421 5027 2474 5072; x_wconf 90' lang='lat' dir='ltr'><strong>et</strong></span> <span class='ocrx_word' id='word_1_839' title='bbox 2516 5017 2956 5088; x_wconf 85' lang='lat' dir='ltr'><strong>corruptibilibus</strong></span> <span class='ocrx_word' id='word_1_840' title='bbox 2998 5015 3284 5086; x_wconf 88' lang='lat' dir='ltr'><strong>aliquando</strong></span> <span class='ocrx_word' id='word_1_841' title='bbox 3326 5015 3659 5070; x_wconf 82' lang='lat' dir='ltr'><strong>cessandum</strong></span> <span class='ocrx_word' id='word_1_842' title='bbox 3696 5036 3712 5071; x_wconf 89' lang='lat'><strong>:</strong></span> 
     </span>
    </p>
   </div>
   <div class='ocr_carea' id='block_1_111' title="bbox 2124 5104 3721 5176">
    <p class='ocr_par' dir='ltr' id='par_1_111' title="bbox 2124 5104 3721 5176">
     <span class='ocr_line' id='line_1_111' title="bbox 2124 5104 3721 5176; baseline -0.003 -13"><span class='ocrx_word' id='word_1_843' title='bbox 2124 5109 2264 5163; x_wconf 91' lang='lat' dir='ltr'><strong>hanc</strong></span> <span class='ocrx_word' id='word_1_844' title='bbox 2295 5108 2439 5161; x_wconf 90' lang='lat' dir='ltr'><strong>enim</strong></span> <span class='ocrx_word' id='word_1_845' title='bbox 2470 5107 2632 5161; x_wconf 88' lang='lat' dir='ltr'><strong>habet</strong></span> <span class='ocrx_word' id='word_1_846' title='bbox 2675 5107 3132 5176; x_wconf 77' lang='lat' dir='ltr'><strong>exspectationem</strong></span> <span class='ocrx_word' id='word_1_847' title='bbox 3177 5104 3566 5170; x_wconf 37' lang='lat' dir='ltr'><strong>creatura‘ista</strong></span> <span class='ocrx_word' id='word_1_848' title='bbox 3619 5120 3721 5159; x_wconf 87' lang='lat' dir='ltr'><strong>ra-</strong></span> 
     </span>
    </p>
   </div>
   <div class='ocr_carea' id='block_1_112' title="bbox 2121 5194 3723 5264">
    <p class='ocr_par' dir='ltr' id='par_1_112' title="bbox 2121 5194 3723 5264">
     <span class='ocr_line' id='line_1_112' title="bbox 2121 5194 3723 5264; baseline -0.002 -11"><span class='ocrx_word' id='word_1_849' title='bbox 2121 5199 2355 5263; x_wconf 89' lang='lat' dir='ltr'><strong>tionalis,</strong></span> <span class='ocrx_word' id='word_1_850' title='bbox 2389 5206 2450 5252; x_wconf 90' lang='lat' dir='ltr'><strong>ut</strong></span> <span class='ocrx_word' id='word_1_851' title='bbox 2478 5197 2734 5252; x_wconf 85' lang='lat' dir='ltr'><strong>revelatio</strong></span> <span class='ocrx_word' id='word_1_852' title='bbox 2764 5198 2855 5251; x_wconf 84' lang='lat' dir='ltr'><strong>ﬁat</strong></span> <span class='ocrx_word' id='word_1_853' title='bbox 2877 5196 3109 5250; x_wconf 81' lang='lat' dir='ltr'><strong>ﬁliorum</strong></span> <span class='ocrx_word' id='word_1_854' title='bbox 3151 5194 3265 5259; x_wconf 87' lang='lat' dir='ltr'><strong>Dei,</strong></span> <span class='ocrx_word' id='word_1_855' title='bbox 3306 5202 3529 5263; x_wconf 88' lang='lat' dir='ltr'><strong>propter</strong></span> <span class='ocrx_word' id='word_1_856' title='bbox 3559 5210 3723 5264; x_wconf 84' lang='lat' dir='ltr'><strong>quos</strong></span> 
     </span>
    </p>
   </div>
   <div class='ocr_carea' id='block_1_113' title="bbox 2119 5282 3728 5360">
    <p class='ocr_par' dir='ltr' id='par_1_113' title="bbox 2119 5282 3728 5360">
     <span class='ocr_line' id='line_1_113' title="bbox 2119 5282 3728 5360; baseline -0.002 -17"><span class='ocrx_word' id='word_1_857' title='bbox 2119 5291 2292 5360; x_wconf 89' lang='lat' dir='ltr'><strong>angeli</strong></span> <span class='ocrx_word' id='word_1_858' title='bbox 2332 5290 2617 5343; x_wconf 88' lang='lat' dir='ltr'><strong>mittuntur</strong></span> <span class='ocrx_word' id='word_1_859' title='bbox 2644 5289 2700 5343; x_wconf 91' lang='lat' dir='ltr'><strong>in</strong></span> <span class='ocrx_word' id='word_1_860' title='bbox 2733 5286 3114 5349; x_wconf 86' lang='lat' dir='ltr'><strong>ministerium,</strong></span> <span class='ocrx_word' id='word_1_861' title='bbox 3142 5290 3279 5340; x_wconf 88' lang='lat' dir='ltr'><strong>utet</strong></span> <span class='ocrx_word' id='word_1_862' title='bbox 3305 5282 3405 5354; x_wconf 89' lang='lat' dir='ltr'><strong>ipsi</strong></span> <span class='ocrx_word' id='word_1_863' title='bbox 3446 5299 3574 5338; x_wconf 87' lang='lat' dir='ltr'><strong>cum</strong></span> <span class='ocrx_word' id='word_1_864' title='bbox 3617 5285 3728 5340; x_wconf 85' lang='lat' dir='ltr'><strong>bis</strong></span> 
     </span>
    </p>
   </div>
   <div class='ocr_carea' id='block_1_114' title="bbox 2124 5370 3727 5449">
    <p class='ocr_par' dir='ltr' id='par_1_114' title="bbox 2124 5370 3727 5449">
     <span class='ocr_line' id='line_1_114' title="bbox 2124 5370 3727 5449; baseline -0.004 -15"><span class='ocrx_word' id='word_1_865' title='bbox 2124 5381 2318 5449; x_wconf 89' lang='lat' dir='ltr'><strong>quibus</strong></span> <span class='ocrx_word' id='word_1_866' title='bbox 2346 5379 2789 5434; x_wconf 88' lang='lat' dir='ltr'><strong>ministraverunt</strong></span> <span class='ocrx_word' id='word_1_867' title='bbox 2834 5374 3203 5430; x_wconf 74' lang='lat' dir='ltr'><strong>hmrcditatem</strong></span> <span class='ocrx_word' id='word_1_868' title='bbox 3230 5374 3445 5444; x_wconf 88' lang='lat' dir='ltr'><strong>capiant</strong></span> <span class='ocrx_word' id='word_1_869' title='bbox 3480 5370 3727 5441; x_wconf 87' lang='lat' dir='ltr'><strong>salutis,</strong></span> 
     </span>
    </p>
   </div>
   <div class='ocr_carea' id='block_1_115' title="bbox 2123 5466 3729 5536">
    <p class='ocr_par' dir='ltr' id='par_1_115' title="bbox 2123 5466 3729 5536">
     <span class='ocr_line' id='line_1_115' title="bbox 2123 5466 3729 5536; baseline -0.001 -11"><span class='ocrx_word' id='word_1_870' title='bbox 2123 5481 2181 5526; x_wconf 90' lang='lat' dir='ltr'><strong>ut</strong></span> <span class='ocrx_word' id='word_1_871' title='bbox 2206 5471 2504 5528; x_wconf 65' lang='lat' dir='ltr'><strong>caelestium</strong></span> <span class='ocrx_word' id='word_1_872' title='bbox 2532 5478 2587 5525; x_wconf 89' lang='lat' dir='ltr'><strong>et</strong></span> <span class='ocrx_word' id='word_1_873' title='bbox 2616 5468 2955 5526; x_wconf 88' lang='lat' dir='ltr'><strong>terrestrium</strong></span> <span class='ocrx_word' id='word_1_874' title='bbox 2999 5466 3096 5521; x_wconf 83' lang='lat' dir='ltr'><strong>ﬁat</strong></span> <span class='ocrx_word' id='word_1_875' title='bbox 3128 5480 3266 5520; x_wconf 89' lang='lat' dir='ltr'><strong>unus</strong></span> <span class='ocrx_word' id='word_1_876' title='bbox 3298 5479 3427 5536; x_wconf 76' lang='lat' dir='ltr'><strong>grex</strong></span> <span class='ocrx_word' id='word_1_877' title='bbox 3456 5471 3512 5518; x_wconf 89' lang='lat' dir='ltr'><strong>et</strong></span> <span class='ocrx_word' id='word_1_878' title='bbox 3554 5480 3729 5523; x_wconf 87' lang='lat' dir='ltr'><strong>unus</strong></span> 
     </span>
    </p>
   </div>
   <div class='ocr_carea' id='block_1_116' title="bbox 2120 5552 3729 5632">
    <p class='ocr_par' dir='ltr' id='par_1_116' title="bbox 2120 5552 3729 5632">
     <span class='ocr_line' id='line_1_116' title="bbox 2120 5552 3729 5632; baseline -0.003 -17"><span class='ocrx_word' id='word_1_879' title='bbox 2120 5569 2329 5632; x_wconf 87' lang='lat' dir='ltr'><strong>pastor,</strong></span> <span class='ocrx_word' id='word_1_880' title='bbox 2359 5570 2414 5614; x_wconf 88' lang='lat' dir='ltr'><strong>ut</strong></span> <span class='ocrx_word' id='word_1_881' title='bbox 2462 5562 2527 5613; x_wconf 84' lang='lat' dir='ltr'><strong>sit</strong></span> <span class='ocrx_word' id='word_1_882' title='bbox 2554 5558 2697 5613; x_wconf 84' lang='lat' dir='ltr'><strong>Deus</strong></span> <span class='ocrx_word' id='word_1_883' title='bbox 2727 5557 2900 5613; x_wconf 88' lang='lat' dir='ltr'><strong>omnia</strong></span> <span class='ocrx_word' id='word_1_884' title='bbox 2925 5557 2981 5610; x_wconf 89' lang='lat' dir='ltr'><strong>in</strong></span> <span class='ocrx_word' id='word_1_885' title='bbox 3024 5554 3280 5609; x_wconf 86' lang='lat' dir='ltr'><strong>omnibus.</strong></span> <span class='ocrx_word' id='word_1_886' title='bbox 3329 5552 3511 5608; x_wconf 81' lang='lat' dir='ltr'><strong>Omnis</strong></span> <span class='ocrx_word' id='word_1_887' title='bbox 3557 5555 3729 5610; x_wconf 87' lang='lat' dir='ltr'><strong>enim</strong></span> 
     </span>
    </p>
   </div>
   <div class='ocr_carea' id='block_1_117' title="bbox 2122 5642 3733 5719">
    <p class='ocr_par' dir='ltr' id='par_1_117' title="bbox 2122 5642 3733 5719">
     <span class='ocr_line' id='line_1_117' title="bbox 2122 5642 3733 5719; baseline -0.003 -15"><span class='ocrx_word' id='word_1_888' title='bbox 2122 5658 2363 5704; x_wconf 88' lang='lat' dir='ltr'><strong>creatura</strong></span> <span class='ocrx_word' id='word_1_889' title='bbox 2386 5649 2736 5719; x_wconf 86' lang='lat' dir='ltr'><strong>congemiscit,</strong></span> <span class='ocrx_word' id='word_1_890' title='bbox 2763 5656 2810 5701; x_wconf 86' lang='lat' dir='ltr'><strong>et</strong></span> <span class='ocrx_word' id='word_1_891' title='bbox 2838 5645 3196 5716; x_wconf 87' lang='lat' dir='ltr'><strong>comparturit,</strong></span> <span class='ocrx_word' id='word_1_892' title='bbox 3243 5654 3293 5698; x_wconf 84' lang='lat' dir='ltr'><strong>et</strong></span> <span class='ocrx_word' id='word_1_893' title='bbox 3329 5642 3489 5697; x_wconf 83' lang='lat' dir='ltr'><strong>dolet.</strong></span> <span class='ocrx_word' id='word_1_894' title='bbox 3541 5642 3733 5699; x_wconf 79' lang='lat' dir='ltr'><strong>Sicut</strong></span> 
     </span>
    </p>
   </div>
   <div class='ocr_carea' id='block_1_118' title="bbox 2123 5730 3730 5816">
    <p class='ocr_par' dir='ltr' id='par_1_118' title="bbox 2123 5730 3730 5816">
     <span class='ocr_line' id='line_1_118' title="bbox 2123 5730 3730 5816; baseline -0.006 -14"><span class='ocrx_word' id='word_1_895' title='bbox 2123 5744 2359 5816; x_wconf 79' lang='lat' dir='ltr'><strong>gaudent</strong></span> <span class='ocrx_word' id='word_1_896' title='bbox 2381 5741 2560 5811; x_wconf 88' lang='lat' dir='ltr'><strong>angeli</strong></span> <span class='ocrx_word' id='word_1_897' title='bbox 2605 5756 2767 5810; x_wconf 86' lang='lat' dir='ltr'><strong>super</strong></span> <span class='ocrx_word' id='word_1_898' title='bbox 2812 5740 3156 5810; x_wconf 71' lang='lat' dir='ltr'><strong>pienitentes,</strong></span> <span class='ocrx_word' id='word_1_899' title='bbox 3200 5736 3273 5790; x_wconf 87' lang='lat' dir='ltr'><strong>ita</strong></span> <span class='ocrx_word' id='word_1_900' title='bbox 3318 5735 3499 5791; x_wconf 88' lang='lat' dir='ltr'><strong>dolent</strong></span> <span class='ocrx_word' id='word_1_901' title='bbox 3531 5730 3730 5806; x_wconf 81' lang='lat' dir='ltr'><strong>super</strong></span> 
     </span>
    </p>
   </div>
  </div>
