3974 6202
275 349 340 403 77
1117 400 1129 415 ,
1381 349 1710 405 COLLECT.
1752 350 1819 404 ΙΝ
1856 350 2072 406 EPIST.
2111 353 2201 407 AD
2240 352 2400 409 R011.
3461 374 3528 430 78

273 465 517 514 converti
545 457 809 512 nolentes.
844 458 1242 528 Requirendum
1286 469 1368 515 est
1402 478 1499 516 cur
1528 463 1583 517 in
1611 464 1850 531 superio—
1877 466 1929 524 Α
1954 465 2107 532 quasi
2128 463 2239 532 jam
2268 468 2551 536 acceperit,
2586 470 2658 524 ita
2686 486 2876 528 secura
2900 485 2983 531 est
3009 476 3075 534 de
3099 482 3335 539 nondum
3364 502 3524 544 acce-

276 548 425 602 rihus
468 547 831 601 nominaverit
860 559 1183 611 creaturam,
1221 560 1274 604 et
1316 569 1589 621 nunquam
1632 554 1851 620 dixerit,

273 636 437 690 omnis
478 645 742 699 creatura,
799 637 866 689 ad
916 637 1161 691 ultimum
1211 655 1340 694 vero
1395 642 1537 696 dicat
1579 660 1590 694 :
1646 640 1850 697 Scimus

269 728 406 779 enim
436 726 689 793 quoniam
721 728 891 780 omnis
918 738 1157 781 creatura
1191 732 1544 800 congcmiscit,
1579 742 1626 786 et
1652 734 1847 786 condo-

270 819 358 881 tet,
404 817 509 871 hoc
544 825 646 879 est,
693 833 816 887 quae
844 818 1158 873 necessitati
1204 820 1570 889 corruptibilis
1603 823 1849 893 corporis

266 908 532 978 subiacet.
581 907 773 962 Omnis
806 916 987 962 autem
1033 917 1284 963 creatura
1331 920 1433 977 est,
1467 926 1586 981 qua:
1618 911 1848 966 dolenti-

266 1003 364 1055 bus
394 1000 664 1064 condolet,
703 1009 760 1055 et
802 1015 922 1069 qua:
956 1001 1295 1069 gementibus
1322 1002 1691 1072 congemiscit.
1722 1001 1847 1057 Om-

268 1094 349 1146 nis
394 1100 580 1144 autem
630 1098 881 1144 creatura
933 1092 1179 1161 superior
1226 1108 1425 1162 agones
1454 1100 1507 1146 et
1552 1094 1846 1147 certamina

267 1196 445 1239 nostra
475 1191 714 1253 spectat,
748 1191 802 1237 ct
829 1184 1078 1238 condolet
1111 1199 1231 1239 cum
1258 1184 1546 1249 vincimur,
1575 1200 1696 1239 cum
1724 1185 1841 1238 vin-

265 1279 435 1330 cimus
468 1276 794 1345 congaudet.
824 1275 941 1344 Ipsa
966 1276 1130 1346 igitur
1150 1276 1415 1333 elementa
1439 1293 1561 1332 cum
1585 1278 1843 1332 sollicitu-

265 1368 384 1420 dine
411 1381 577 1435 Opera
621 1382 719 1420 sua
751 1366 1027 1431 exhibent,
1069 1367 1196 1436 quia
1238 1376 1292 1422 ct
1339 1367 1419 1424 sol
1459 1376 1514 1422 et
1562 1368 1687 1421 luna
1736 1385 1843 1424 non

264 1460 376 1511 sine
404 1458 588 1512 labore
625 1466 825 1513 statuta
855 1458 957 1513 sibi
998 1460 1174 1527 spatia
1223 1459 1468 1529 implent,
1519 1468 1575 1515 et
1618 1461 1845 1530 spiritus

262 1548 572 1602 animalium
628 1565 824 1619 magno
876 1550 1081 1619 gemitu
1128 1558 1370 1605 arctatur
1420 1552 1488 1607 ad
1542 1552 1844 1607 exhibenda

262 1640 501 1704 servitia,
532 1640 669 1694 satis
696 1640 763 1693 de
794 1650 978 1693 nostra
1003 1641 1175 1694 salute
1219 1640 1451 1695 sollicita
1480 1650 1626 1707 sunt,
1659 1643 1841 1698 scien-

264 1744 338 1787 tes
363 1734 433 1788 ad
463 1749 620 1787 suam
644 1733 1022 1788 liberationem
1060 1735 1341 1803 proﬁcere,
1383 1735 1429 1789 si
1458 1736 1616 1790 modo
1638 1752 1736 1790 nos
1764 1737 1842 1791 ci-

158 1870 171 1883 .
262 1826 362 1879 tius
393 1839 757 1890 agnoscamus
795 1835 1094 1880 auctorem.

328 1917 453 1971 Non
473 1917 646 1970 solum
668 1927 842 1971 autem
865 1917 979 1972 illa.
1006 1917 1121 1973 Non
1148 1919 1321 1974 solum
1348 1920 1545 1990 angeli,
1571 1920 1662 1989 qui
1690 1921 1859 1986 beni-g

258 2008 468 2075 gniores
498 2018 629 2063 sunt
659 2010 836 2074 nobis,
878 2010 943 2065 de
974 2011 1278 2076 hujusmodi
1325 2012 1524 2075 dolent,
1569 2013 1659 2067 sed
1682 2014 1839 2067 etiam

259 2114 369 2160 nos,
392 2099 483 2166 qui
506 2100 620 2167 jam
640 2099 892 2169 spiritum
919 2100 1198 2166 habemus,
1224 2102 1290 2157 de
1317 2102 1511 2157 talibus
1533 2103 1839 2174 ingemisci-

259 2204 391 2240 mus.
430 2187 710 2243 Primitias
736 2190 952 2258 spiritus
977 2191 1241 2247 habentes.
1288 2192 1402 2247 Hoc
1431 2208 1559 2265 ergo
1608 2196 1751 2266 quod
1783 2196 1837 2249 in

255 2295 345 2333 eos
388 2295 503 2349 pra:
537 2284 756 2336 caeteris
790 2283 1075 2339 sublimius
1122 2294 1178 2340 et
1226 2286 1538 2365 praeclarius
1579 2288 1836 2343 collatum

256 2380 355 2435 est,
382 2372 560 2425 sancti
594 2371 833 2441 Spiritus
878 2375 1076 2429 donum
1114 2377 1418 2446 appellarit,
1446 2387 1502 2433 et
1541 2380 1661 2435 ideo
1704 2381 1838 2435 dici-

258 2471 360 2525 tur,
389 2461 482 2514 sed
504 2472 552 2514 et
577 2479 672 2515 nos
696 2464 816 2532 ipsi,
845 2464 899 2518 in
933 2480 1041 2533 quo
1063 2468 1370 2536 specialiter
1392 2470 1674 2540 designare
1693 2471 1838 2526 vide—

256 2561 338 2605 tur
372 2552 730 2622 apostolicam
769 2554 1104 2623 dignitatem.
1140 2556 1253 2612 Nos
1287 2575 1430 2628 ergo,
1475 2560 1668 2629 inquit,
1713 2561 1833 2630 ipsi,

255 2642 475 2705 hocest,
515 2645 766 2714 apostoli,
798 2647 1056 2714 primitias
1103 2649 1370 2715 habentes,
1417 2653 1507 2721 qui
1556 2653 1712 2709 electi
1748 2670 1837 2709 sn—

257 2749 370 2788 mus
391 2734 458 2787 ad
488 2734 615 2799 hoc,
658 2744 719 2789 ut
744 2736 1015 2806 primitias
1054 2741 1275 2808 spiritus
1312 2744 1701 2813 acciperemus,
1737 2761 1836 2802 nos

258 2821 351 2891 ipsi
376 2824 520 2876 intra
566 2840 662 2877 nos
708 2826 1058 2894 gemiscimus.
1092 2829 1147 2883 In
1180 2838 1407 2896 tantum,
1459 2833 1652 2902 inquit,
1690 2835 1835 2889 nulla

254 2924 496 2969 emtum
538 2927 621 2970 est
665 2932 787 2985 qua:
832 2917 1105 2974 doloribus
1149 2931 1206 2976 et
1249 2923 1535 2991 gemitibus
1561 2932 1734 2988 vacet,
1776 2933 1837 2980 ut

255 3005 409 3059 etiam
450 3021 552 3061 nos
586 3007 707 3075 ipsi,
748 3008 839 3076 qui
882 3025 1089 3064 summa
1129 3027 1159 3064 a
1189 3010 1392 3081 Spiritu
1427 3021 1616 3068 sancto
1644 3023 1698 3069 et
1723 3015 1832 3071 ele-

253 3105 328 3148 cta
355 3097 494 3151 dona
521 3099 888 3169 percepimus,
914 3108 1091 3155 tamen
1112 3111 1490 3172 exspectantes
1511 3106 1832 3175 redemptio-

250 3204 368 3242 nem
398 3191 649 3259 corporis
670 3192 861 3253 nostri,
895 3194 1199 3249 necessario
1235 3195 1475 3250 dolemus
1504 3205 1559 3251 et
1578 3198 1831 3268 gemisci-

250 3293 387 3333 Inus.
417 3278 682 3335 Scrutare
708 3281 906 3336 librum
932 3282 1326 3350 Quaestionum,
1357 3295 1415 3341 ut
1445 3288 1586 3342 scias
1613 3288 1741 3357 quid
1765 3290 1831 3345 de

248 3370 347 3424 hac
397 3371 638 3427 lectione
685 3374 878 3428 beatus
923 3376 1257 3447 Augustinus
1299 3383 1517 3437 sentiat.
1574 3382 1680 3453 Spe
1707 3401 1830 3455 ergo

245 3463 377 3516 utri
413 3464 547 3532 facti
571 3482 778 3520 sumus.
822 3467 936 3523 Hoc
975 3468 1172 3523 dicitur
1219 3472 1345 3540 quia
1391 3476 1658 3541 sperando
1685 3476 1831 3545 quod

244 3555 493 3622 promisit
520 3555 664 3611 Deus
692 3557 745 3610 in
768 3557 1005 3625 Christo,
1031 3562 1282 3617 meritum
1325 3565 1482 3620 nobis
1508 3565 1736 3621 fecimus
1765 3576 1826 3623 ut

246 3642 556 3697 liberemur.
613 3644 755 3715 Ergo
806 3646 861 3700 in
912 3662 1007 3717 spe
1055 3648 1269 3704 liberati
1320 3667 1526 3718 sumus,
1556 3654 1683 3722 quia
1720 3672 1828 3709 non

248 3733 389 3787 aliud
412 3744 671 3805 putamus
699 3752 863 3806 quam
896 3740 1186 3795 credimus.
1220 3740 1349 3813 Spes
1376 3753 1550 3798 autem
1592 3761 1709 3815 quae
1741 3747 1820 3799 vi-

246 3824 413 3886 detur,
443 3842 550 3878 non
574 3835 650 3878 est
676 3843 811 3895 spes.
860 3828 1010 3894 Quod
1034 3830 1271 3898 videtur,
1304 3849 1409 3888 non
1440 3843 1709 3904 speratur,
1733 3836 1829 3890 sed

246 3918 523 3986 proprium
548 3927 635 3971 est
658 3934 721 3973 ac
750 3922 1075 3989 possidetur.
1109 3922 1262 3977 Nulla
1290 3926 1435 3979 enim
1466 3926 1520 3978 in
1546 3924 1707 3980 rebus
1749 3927 1828 3979 vi—

249 4008 491 4062 sibilibus
517 4007 847 4066 Christianis
876 4029 1000 4082 spes
1028 4024 1133 4079 est,
1187 4031 1286 4071 nec
1337 4018 1491 4072 nobis
1540 4017 1828 4087 praesentia

246 4098 510 4166 promissa
544 4107 691 4162 sunt,
732 4101 828 4156 sed
854 4101 1055 4156 futura.
1090 4104 1212 4159 Non
1255 4118 1331 4160 est
1372 4123 1508 4176 spes.
1558 4106 1702 4162 Nihil
1745 4115 1828 4161 est

243 4201 369 4255 ergo
396 4202 628 4256 prorsus
657 4192 985 4257 sperandum
1019 4192 1072 4246 in
1099 4192 1282 4250 futuro
1306 4196 1372 4250 de
1397 4197 1479 4251 his
1507 4212 1627 4265 qua:
1647 4196 1827 4251 viden-

244 4283 349 4328 tur.
376 4274 581 4329 Oculus
605 4278 746 4333 enim
777 4296 879 4333 non
904 4280 1030 4335 vidit
1069 4299 1185 4352 qua:
1232 4285 1542 4353 prtrparavit
1581 4284 1724 4338 Deus
1745 4284 1824 4338 his

241 4367 327 4433 qui
348 4367 579 4436 diligunt
608 4385 743 4422 eum.
776 4372 930 4428 Videt
962 4382 1141 4429 autem
1182 4375 1370 4431 oculus
1404 4376 1600 4431 cadum
1637 4385 1692 4431 et
1715 4385 1827 4432 ter-

244 4478 379 4516 ram.
406 4464 527 4520 Non
559 4481 691 4536 ergo
714 4477 926 4535 oportet
955 4467 1057 4522 hoc
1092 4468 1233 4536 quod
1264 4468 1475 4522 videtur
1509 4470 1654 4524 credi
1683 4484 1823 4538 pme-
1852 4490 1901 4548 Ι)

242 4564 492 4621 paratum
512 4572 635 4611 esse
661 4574 692 4611 a
722 4557 830 4612 Deo
849 4558 933 4613 bis
961 4557 1052 4626 qui
1081 4557 1311 4627 diligunt
1333 4573 1477 4623 eum,
1506 4559 1601 4614 sed
1626 4560 1822 4614 emtum

242 4647 486 4713 quidem,
525 4648 639 4701 imo
673 4649 853 4718 potius
898 4649 1066 4704 cmlos
1120 4647 1287 4702 multo
1335 4649 1716 4704 eminentiores
1768 4661 1824 4705 ct

242 4736 500 4792 celsiores
522 4754 690 4807 quam
720 4749 803 4793 est
839 4740 982 4795 istud
1029 4738 1429 4794 ﬁrmamentum
1470 4741 1614 4808 quod
1648 4741 1819 4797 videri

241 4836 433 4894 potest.
468 4828 536 4881 Et
562 4837 709 4882 terra
735 4831 998 4899 speranda
1024 4837 1127 4894 est,
1170 4845 1278 4883 non
1308 4837 1488 4883 tamen
1522 4830 1637 4884 haec
1668 4831 1821 4885 arida

241 4934 359 4986 qua:
378 4921 555 4975 oculis
581 4920 845 4989 subjacet,
873 4921 962 4976 sed
991 4922 1082 4975 illa
1110 4922 1214 4976 erit
1243 4930 1641 4976 mansuctorum
1671 4930 1817 4976 terra

241 5023 399 5075 quam
418 5009 615 5064 oculus
640 5025 746 5063 non
798 5010 949 5064 vidit.
995 5010 1123 5081 Spes
1167 5027 1283 5081 qua:
1329 5010 1548 5075 videtur,
1592 5027 1696 5064 non
1740 5020 1814 5064 est

240 5115 373 5165 spes.
401 5098 557 5153 Tunc
581 5115 714 5169 ergo
741 5101 846 5155 erit
875 5117 981 5163 res,
1009 5116 1130 5171 qua:
1178 5116 1322 5157 nunc
1370 5117 1494 5170 spes
1540 5111 1646 5165 est,
1690 5118 1812 5156 cum

240 5189 553 5255 apparuerit
581 5190 712 5258 quid
735 5190 959 5254 erimus,
994 5190 1046 5244 id
1073 5198 1175 5254 est,
1203 5190 1406 5245 similes
1430 5190 1526 5255 illi,
1560 5192 1813 5259 quoniam

236 5278 541 5333 ridebimus
583 5294 707 5334 eum
739 5280 897 5335 sicuti
940 5287 1043 5335 est.
1077 5279 1418 5335 Manifestum
1444 5289 1527 5337 est
1562 5297 1666 5335 non
1695 5296 1817 5337 esse

236 5386 385 5439 spem
412 5387 536 5440 qtae
565 5372 796 5437 videtur,
826 5372 920 5427 sed
946 5387 1067 5441 qum
1092 5387 1199 5426 non
1225 5372 1457 5437 videtur,
1496 5388 1560 5427 ac
1591 5388 1690 5441 per
1717 5374 1819 5428 hoc

233 5469 521 5530 sperantes
546 5464 786 5533 praemiis
815 5462 1092 5518 reﬁciendi
1123 5472 1268 5528 sunt,
1308 5463 1431 5531 quia
1461 5479 1580 5531 qua:
1606 5478 1711 5517 non
1739 5464 1818 5516 vi-

230 5552 361 5605 dent
385 5561 633 5621 sperant.
668 5552 728 5609 Si
752 5566 927 5607 autem
972 5553 1112 5623 quod
1138 5569 1240 5607 non
1265 5552 1493 5605 videmus
1520 5569 1812 5621 speramus,

228 5658 321 5707 per
339 5642 648 5711 patientiam
674 5655 1054 5714 exspectamus.
1081 5643 1204 5698 Ideo
1226 5643 1355 5698 ﬁdes
1384 5658 1480 5711 per
1500 5643 1813 5711 patientiam

237 5733 462 5800 grandis
479 5741 565 5787 est
594 5735 819 5803 praemii.
854 5734 977 5801 quia
1023 5734 1166 5801 quod
1197 5749 1300 5787 non
1331 5733 1494 5790 videt.
1526 5733 1718 5791 credit,
1761 5740 1814 5785 et

1955 556 2081 624 ptis,
2109 557 2247 610 sicut
2274 558 2402 612 dicit
2433 558 2768 617 adllebnnos
2794 582 2806 617 :
2846 564 3111 623 Patientia
3135 572 3274 628 vobis
3288 591 3524 633 necessa—

1957 646 2036 698 ria
2060 655 2154 710 est,
2184 656 2237 699 ut
2264 646 2576 703 voluntatem
2620 649 2717 705 Dei
2761 652 3009 722 facientes
3046 662 3311 729 rcportetis
3352 634 3555 735 repro-.

1954 738 2250 790 missionem
2283 736 2468 809 (lIebr.
2503 740 2579 810 κ).
2615 741 2750 810 Spes
2779 744 2924 798 enim
2970 748 3087 803 sine
3115 752 3374 820 patientia
3406 770 3526 811 esse

1951 843 2058 881 non
2084 829 2255 893 novit,
2286 844 2381 897 per
2398 831 2716 900 patientiam
2746 844 3123 903 exspectamus
3148 858 3160 892 :
3194 840 3311 897 hcce
3337 858 3529 914 exspe-

1950 929 2034 974 cta
2044 921 2115 975 tio
2142 922 2401 989 patientia
2434 933 2537 978 est.

2022 1010 2279 1066 Similiter
2322 1014 2460 1068 enim
2498 1014 2731 1085 Spiritus
2766 1017 2984 1089 adjuvat
3031 1020 3393 1090 inﬁrmitatem
3435 1043 3527 1080 no-

1948 1112 2133 1155 stram.
2166 1103 2301 1170 Quia
2332 1121 2450 1174 quae
2479 1115 2605 1161 ante
2639 1115 2898 1176 petuntur
2940 1126 3102 1179 quam
3133 1114 3243 1181 peti
3266 1114 3520 1181 debeant,

1947 1200 2002 1246 et
2027 1202 2152 1246 sunt
2185 1195 2482 1259 contraria,
2509 1212 2613 1250 non
2644 1197 2774 1251 sinit
2802 1197 2937 1252 fieri.
2968 1199 3098 1267 Quae
3128 1211 3308 1257 autem
3337 1205 3409 1285 sit
3433 1205 3521 1259 in-

1948 1282 2178 1338 ﬁrmitas
2210 1292 2417 1350 nostra,
2456 1286 2715 1341 Dominus
2750 1288 2906 1343 docet
2933 1305 3055 1344 cum
3087 1292 3253 1346 dicit:
3287 1282 3522 1363 Spiritus

1944 1374 2151 1444 quidem
2190 1386 2456 1446 promptus
2501 1387 2600 1443 est,
2650 1395 2774 1432 caro
2823 1389 2996 1433 autem
3041 1381 3255 1450 inﬁrma
3301 1382 3520 1456 (Matth.

1947 1464 2118 1531 sxw).
2150 1465 2291 1535 Ergo
2319 1464 2610 1522 inﬁrmitas
2653 1475 2839 1522 nostra
2883 1481 2949 1523 ex
2983 1470 3165 1526 carnis
3209 1471 3523 1531 inﬁrmitate

1945 1558 2238 1612 descendit.
2268 1559 2387 1627 Ipsa
2432 1559 2574 1613 enim
2616 1568 2700 1615 est
2730 1575 2853 1629 qum
2892 1563 3223 1631 concupiscit
3261 1563 3523 1620 adversus

1944 1650 2213 1718 spiritum,
2241 1657 2295 1704 et
2334 1652 2460 1704 dum
2485 1652 2954 1721 concupiscentias
2987 1668 3114 1709 suas
3158 1656 3372 1726 ingerit,
3410 1658 3523 1717 vir-

1946 1748 2113 1795 tutem
2136 1748 2192 1795 et
2210 1740 2516 1796 libertatem
2547 1742 2771 1812 spiritus
2798 1744 3040 1813 impedit,
3069 1753 3123 1800 et
3151 1746 3519 1805 sinceritatem

1870 1810 1917 1868 B
1944 1833 2207 1887 orationis
2231 1833 2476 1889 sull'ocat.
2516 1810 2625 1889 Sed
2658 1835 2749 1889 ubi
2776 1810 2972 1891 viderit
2997 1835 3233 1907 Spiritus
3254 1840 3347 1896 Dei
3370 1840 3521 1896 labo-

1942 1939 2064 1977 rare
2106 1923 2355 1994 spiritum
2403 1924 2456 1979 in
2505 1925 2841 1980 adversando
2896 1927 3046 1982 carni
3095 1935 3150 1982 et
3198 1930 3520 1986 adhazrcndo

1940 2017 2067 2081 sibi,
2098 2018 2325 2088 porrigit
2349 2033 2585 2081 manum,
2617 2026 2674 2072 et
2712 2016 2932 2086 adjuvat
2967 2019 3338 2076 inﬁrmitatem
3368 2020 3515 2092 ejus;

1938 2117 1994 2162 et
2022 2108 2165 2162 velut
2194 2109 2451 2178 magister
2490 2109 2605 2178 ejus
2635 2109 2936 2178 suscipiens
2978 2110 3165 2164 rudem
3195 2111 3516 2182 discipulum

1937 2204 1992 2249 et
2020 2196 2354 2266 ignorantem
2397 2198 2611 2266 penitus
2642 2197 2871 2264 litteras,
2918 2206 2975 2253 ut
3012 2215 3136 2254 eum
3168 2201 3367 2258 docere
3392 2218 3517 2273 pos-

1938 2287 2007 2340 sit
2035 2294 2091 2340 et
2118 2286 2421 2351 instituere,
2450 2301 2671 2342 necesse
2698 2288 2864 2342 habet
2879 2287 3152 2368 inclinare
3177 2304 3236 2344 se
3260 2291 3329 2345 ad
3348 2290 3515 2346 disci-

1937 2377 2044 2444 puli
2071 2377 2398 2441 rudimenta,
2434 2386 2490 2432 et
2520 2378 2633 2448 ipse
2662 2379 2813 2450 prius
2848 2379 3029 2434 dicere
3074 2395 3271 2435 nomen
3299 2381 3513 2449 litterte,

1937 2478 1995 2522 ut
2032 2469 2404 2538 respondendo
2442 2470 2634 2534 discat,
2669 2478 2723 2525 et
2752 2455 2810 2525 ﬁt
2838 2471 3231 2539 quodammodo
3256 2474 3518 2544 magister

1938 2558 2051 2628 ipse
2080 2559 2356 2629 incipienti
2402 2560 2663 2630 discipulo
2713 2561 2927 2627 similis,
2971 2576 3034 2615 ea
3073 2561 3299 2631 loquens
3348 2572 3404 2619 et
3448 2579 3515 2619 ea

1937 2649 2202 2704 meditans
2230 2665 2349 2719 quae
2381 2650 2645 2720 incipiens
2682 2652 2831 2721 loqui
2883 2652 3077 2708 debeat
3123 2668 3189 2708 ac
3239 2654 3511 2708 meditari.

1936 2740 2075 2807 Quid
2109 2755 2303 2803 orare,
2366 2740 2493 2809 quid
2545 2755 2575 2794 a
2614 2740 2723 2795 Deo
2775 2749 2959 2811 petere
3002 2748 3250 2811 oporteat
3295 2741 3515 2811 ignora-

1936 2846 2093 2885 mus:
2127 2831 2396 2885 interdum
2429 2831 2572 2886 cnim
2602 2846 2719 2900 qua:
2751 2833 3023 2886 contraria
3056 2832 3219 2886 saluti
3262 2841 3389 2888 sunt
3417 2848 3512 2903 pe-

1937 2924 2101 2978 timus
2138 2924 2220 2977 rel
2257 2925 2503 2993 cupimus
2529 2924 2843 2978 inﬁrmitate
2880 2931 3126 2995 cogente.
3161 2923 3314 2980 Sicut
3360 2925 3509 2980 enim

1934 3016 2057 3086 quis
2094 3017 2150 3070 in
2183 3016 2502 3087 aegritudine
2526 3015 2771 3084 corporis
2799 3014 3006 3085 positus
3036 3030 3141 3070 non
3168 3029 3232 3070 ea
3267 3030 3388 3085 qua:
3416 3029 3509 3069 sa-

1936 3108 2091 3162 nitati
2119 3108 2444 3173 conducunt,
2474 3107 2568 3162 sed
2606 3122 2668 3162 ea
2706 3122 2825 3176 qua:
2862 3107 3150 3176 praisentis
3174 3105 3511 3162 inﬁrmitatis

1934 3198 2255 3253 desiderium
2286 3198 2631 3269 suggesserit,
2663 3197 2838 3268 poscit
2861 3214 2891 3251 a
2926 3198 3157 3262 medico,
3193 3198 3269 3252 ita
3312 3205 3368 3253 et
3411 3213 3511 3252 nos

1933 3290 1987 3343 in
2016 3287 2176 3357 hujus
2218 3287 2530 3344 inﬁrmitate
2556 3287 2895 3358 languentes,
2929 3287 3201 3342 interdum
3226 3302 3256 3340 a
3285 3287 3396 3341 Deo
3420 3302 3509 3358 pe-
3551 3302 3555 3306 ’

1932 3382 2094 3437 timus
2118 3382 2260 3450 quod
2290 3396 2397 3436 non
2432 3380 2650 3451 expedit
2679 3381 2855 3436 nobis.
2893 3379 3267 3435 Inﬁrmitatem
3307 3387 3508 3434 nostra:
3602 3396 3609 3404 '

1928 3473 2190 3528 orationis
2223 3473 2580 3541 ignorantiam
2623 3473 2930 3545 signiﬁcare
2980 3472 3318 3531 declaravit:
3365 3469 3508 3525 falli-

1928 3580 2051 3618 mur
2078 3563 2224 3618 enim
2250 3571 2500 3631 putantes
2545 3578 2666 3633 qua:
2714 3563 2988 3633 poscimus
3047 3562 3323 3633 prodesse,
3380 3576 3507 3615 cum

1928 3668 2034 3707 non
2070 3653 2197 3707 sint.
2251 3652 2492 3721 Denique
2540 3652 2713 3707 eidem
2766 3652 3024 3721 Apostolo
3074 3649 3385 3719 deprecanti
3443 3658 3505 3703 ut

1928 3746 2252 3797 tentationes
2309 3758 2339 3795 a
2386 3742 2497 3797 Deo
2544 3750 2839 3805 cessarent,
2881 3741 3006 3809 quia
3063 3741 3273 3794 crebrae
3327 3749 3500 3798 erant.

1926 3833 2128 3886 dictum
2175 3840 2261 3886 est
2311 3848 2340 3886 a
2390 3830 2619 3884 Domino
2670 3844 2685 3883 :
2736 3828 2934 3899 Suﬂicit
2984 3827 3077 3881 tibi
3129 3827 3302 3898 gratia
3341 3842 3502 3881 mea:

1927 3939 2047 3975 nam
2076 3923 2236 3976 virtus
2260 3923 2315 3975 in
2339 3920 2643 3989 inﬁrmitate
2663 3920 2934 3990 perﬁcitur
2962 3917 3047 3991 (II
3079 3918 3201 3973 Cor.
3231 3918 3353 3992 xu).

1996 4010 2098 4067 Sed
2122 4013 2231 4082 ipse
2260 4011 2489 4081 Spiritus
2521 4010 2748 4082 postulat
2774 4027 2870 4082 pro
2914 4011 3059 4065 nobis
3096 4011 3373 4080 gemitibus
3418 4012 3501 4066 in-

1925 4102 2327 4158 euarrabilibus.
2352 4102 2452 4157 Hic
2469 4103 2695 4174 gratiam
2719 4100 2954 4172 Spiritus
2978 4100 3239 4172 Spiritum
3264 4104 3503 4157 nomina-

1926 4195 2032 4262 vit;
2060 4196 2295 4266 postulat
2331 4203 2534 4261 autem,
2557 4195 2685 4264 quia
2714 4195 2987 4264 postulare
3010 4211 3110 4251 nos
3131 4193 3261 4251 facit
3287 4195 3501 4267 gemiti-

1925 4287 2026 4341 bus
2066 4287 2159 4356 qui
2202 4287 2448 4342 enarrari
2502 4301 2610 4341 non
2656 4292 2900 4355 possunt.
2952 4284 3104 4341 Sient
3148 4293 3357 4341 tentare
3403 4301 3502 4342 nos

1925 4376 2123 4430 dicitur
2150 4376 2311 4440 Deus,
2343 4384 2403 4428 ut
2427 4375 2581 4439 sciat,
2617 4375 2718 4429 hoc
2739 4381 2844 4438 est,
2881 4374 3021 4428 scire
3048 4388 3148 4428 nos
3171 4371 3335 4428 faciat
3357 4389 3497 4443 qua-

1927 4465 2005 4519 les
2029 4481 2233 4520 sumus.
2267 4465 2373 4520 Sed
2407 4474 2461 4520 et
2485 4480 2586 4519 usu
2611 4465 2881 4519 communi
2909 4480 3018 4534 quo
3044 4464 3240 4535 aliquis
3266 4464 3384 4519 ﬁeri
3412 4464 3501 4535 ja-

1926 4557 2036 4621 bet,
2065 4557 2179 4625 ipse
2209 4556 2408 4611 dicitur
2429 4556 2669 4626 operari,
2694 4565 2752 4611 ut
2778 4573 2792 4608 :
2832 4556 2922 4611 ille
2947 4556 3233 4611 aulilicavit
3257 4557 3495 4622 domum,

1926 4656 2038 4713 aut,
2066 4648 2153 4702 ille
2180 4649 2422 4704 codicem
2463 4648 2611 4714 fecit,
2640 4664 2764 4705 cum
2808 4665 2910 4705 nec
2937 4649 3026 4706 ille
3060 4651 3356 4721 scripserit,
3396 4667 3499 4707 nec

1924 4736 2012 4791 ille
2039 4739 2315 4793 struxerit.
2344 4738 2448 4804 Qui
2475 4749 2650 4794 autem
2701 4748 2972 4794 scrutatur
3013 4739 3196 4805 corda,
3234 4740 3330 4795 scit
3366 4742 3494 4811 quid

1921 4828 2174 4884 desideret
2207 4827 2452 4896 Spiritus,
2478 4831 2602 4899 quia
2642 4829 2928 4885 secundum
2955 4829 3121 4883 Deum
3141 4828 3371 4898 postulat
3397 4846 3494 4899 pro

1923 4919 2137 4972 sanctis.
2170 4917 2420 4973 Ostendit
2457 4919 2698 4987 quidem,
2724 4934 2832 4974 non
2874 4927 2982 4972 tam
3022 4917 3188 4973 verba
3226 4927 3413 4973 nostra
3437 4918 3492 4974 in

1922 5012 2184 5074 oratione,
2209 5024 2366 5080 quam
2396 5026 2492 5066 cor
2517 5019 2862 5078 mentemque
2887 5007 3143 5079 perpendi
3167 5026 3181 5062 :
3214 5008 3328 5079 ipse
3347 5012 3493 5066 enim

1922 5109 2005 5155 est
2031 5102 2121 5170 qui
2150 5107 2424 5155 scrutator
2450 5111 2537 5155 est
2579 5100 2761 5156 cordis
2790 5108 2845 5153 et
2882 5112 3092 5153 renum.
3122 5095 3331 5154 Scimus
3352 5100 3490 5154 enim

1919 5192 2166 5262 quoniam
2189 5191 2521 5261 diligentibus
2550 5191 2721 5245 Deum
2754 5190 2927 5243 omnia
2951 5198 3297 5259 cooperantur
3325 5190 3379 5244 in
3403 5191 3494 5245 bo-

1921 5298 2066 5336 num.
2108 5281 2223 5336 Hoc
2250 5282 2402 5346 dicit,
2431 5282 2557 5350 quia
2587 5280 2633 5335 si
2675 5279 2923 5348 imperite
2958 5278 3168 5349 precati
3195 5288 3341 5346 sunt,
3382 5296 3491 5335 non

1921 5372 2025 5426 illis
2067 5371 2263 5435 oberit,
2312 5372 2439 5441 quia
2482 5371 2813 5440 propositum
2855 5369 3035 5425 cordis
3080 5384 3266 5424 eorum
3314 5370 3493 5427 sciens

1919 5460 2085 5525 Deus,
2115 5477 2222 5516 non
2253 5461 2360 5515 illis
2382 5462 2616 5529 imputat
2653 5475 2773 5530 quae
2817 5461 3043 5516 adversa
3069 5457 3361 5528 postulant,
3391 5462 3486 5517 sed

1918 5565 1980 5603 ea
2002 5551 2191 5605 annuit
2218 5566 2338 5620 quas
2363 5551 2538 5605 danda
2563 5559 2690 5606 sunt
2722 5566 2753 5605 a
2796 5552 2906 5605 Deo
2957 5548 3294 5616 amantibus;
3344 5551 3488 5605 unde

1917 5648 1970 5693 et
2011 5639 2268 5693 Dominus
2292 5640 2404 5693 ait:
2449 5639 2560 5695 Scit
2604 5641 2742 5694 enim
2790 5636 2950 5691 Pater
2992 5645 3156 5691 vester
3190 5637 3316 5708 quid
3356 5655 3486 5708 opus

1915 5731 1982 5785 sit
2009 5730 2146 5805 vobis
2171 5741 2448 5799 antequam
2488 5732 2676 5800 petatis
2703 5728 2766 5785 ab
2793 5745 2852 5786 eo
2879 5726 3095 5800 (Matth.
3121 5727 3242 5799 vn).
3268 5726 3368 5781 His
3394 5727 3488 5798 qui
