3974 6202
353 400 419 456 79
1756 389 2022 447 SEDULll
2061 391 2253 450 SCOTI
3537 381 3606 431 80

349 510 630 567 secundum
664 508 983 578 propositum
1013 505 1178 559 vocati
1219 512 1338 557 sunt
1382 505 1571 557 sancti.
1621 501 1925 557 Secundum
1957 509 2005 566 Α
2032 503 2254 558 stinare.
2283 501 2626 558 Praescientia
2661 502 2842 573 itaque
2868 502 3100 573 gerenda
3127 503 3436 573 praenoscit,
3457 513 3604 575 pest-

349 602 493 673 quod
519 598 796 671 proposuit
824 595 1033 651 salvare
1057 594 1170 648 sola
1187 593 1292 649 ﬁde
1313 609 1450 663 quos
1472 593 1789 664 praiseierat
1813 608 1931 647 cre-

349 697 580 757 dituros,
622 699 678 746 et
724 703 860 759 quos
908 687 1078 758 gratis
1121 686 1333 759 vocavit
1368 685 1434 740 ad
1471 685 1718 748 salutem,
1764 683 1931 737 multo

354 784 526 852 magis
553 777 877 850 gloriﬁcabit
906 758 1217 845 operantes.

422 876 566 940 Quos
593 868 850 942 prmscivit
881 877 926 921 et
961 866 1370 936 pra’destinavit.
1405 864 1515 920 Hos
1535 880 1672 934 quos
1714 865 1932 934 praesci-

351 966 427 1018 vit
479 961 690 1016 futuros
725 959 950 1013 devotos
1006 956 1130 1020 sibi,
1183 955 1327 1024 ipsos
1358 955 1520 1025 elegit
1561 955 1628 1008 ad
1665 952 1930 1021 promissa

355 1053 579 1125 praemia
608 1048 961 1121 capessenda.
1012 1046 1149 1102 Puto
1187 1046 1330 1115 quod
1359 1046 1498 1101 sicut
1533 1062 1638 1100 non
1666 1045 1734 1100 de
1760 1044 1932 1099 omni-

356 1147 460 1199 bus
490 1142 648 1208 dixit,
679 1156 808 1211 quos
828 1136 1239 1203 pradestinavit,
1265 1136 1339 1190 ita
1369 1150 1468 1190 nec
1497 1135 1563 1190 de
1591 1134 1838 1191 omnibus
1858 1133 1931 1188 di-

359 1235 456 1298 xit,
506 1249 634 1304 quos
650 1228 930 1302 pra’scivit.
971 1226 1089 1281 Non
1121 1225 1266 1280 enim
1295 1225 1590 1281 secundum
1621 1224 1930 1294 opinionem

349 1328 491 1398 vulgi
520 1338 859 1381 communem
888 1319 1184 1391 putandum
1231 1324 1316 1372 est
1354 1317 1496 1371 bona
1526 1315 1777 1384 malaque
1801 1328 1933 1384 pra:-

354 1419 580 1474 scivisse
603 1417 799 1480 Deum,
823 1413 917 1468 sed
942 1409 1234 1466 secundum
1262 1415 1461 1462 sanctae
1487 1405 1781 1476 Scriptura:
1801 1420 1930 1460 con-

349 1509 684 1565 suetudinem
712 1504 1053 1560 sentiendum
1083 1507 1186 1556 est.
1226 1497 1492 1553 Observet
1521 1496 1664 1550 enim
1699 1496 1788 1564 qui
1818 1505 1932 1549 stu-

348 1600 531 1653 diosus
558 1604 642 1650 est
676 1595 730 1648 in
769 1589 1086 1660 Scripturis,
1142 1585 1316 1641 sicubi
1344 1583 1551 1638 invenit
1587 1582 1928 1651 Scripturam

348 1690 528 1742 dicere
557 1683 698 1754 quod
724 1681 892 1736 malos
917 1675 1212 1748 pra’scierit
1241 1675 1404 1738 Deus,
1433 1674 1573 1727 sicut
1605 1673 1655 1726 in
1679 1669 1929 1741 praesenti

347 1782 465 1836 loco
498 1778 564 1834 de
599 1778 744 1832 bono
767 1769 1052 1828 manifeste
1080 1771 1212 1824 dicit
1257 1787 1269 1822 :
1320 1767 1457 1834 Quia
1483 1783 1613 1837 quos
1651 1764 1928 1836 prtrscivit,

2034 593 2248 647 modum
2313 594 2716 663 praedestinatio
2775 592 3121 648 retribuenda
3171 592 3448 647 describit.
3507 594 3603 649 illa

2031 685 2290 753 praevidet
2338 684 2555 751 merita,
2602 685 2719 739 haec
2754 683 3102 753 praedestinat
3129 682 3370 752 praemia.
3405 683 3477 736 At
3509 684 3606 738 ad-

2033 787 2248 827 versum
2281 787 2375 828 eos
2404 774 2494 842 qui
2525 774 2679 828 nobis
2717 771 3022 842 huiusmodi
3055 772 3322 826 suscitant
3345 773 3604 842 quaestio-

2032 876 2128 916 nes
2163 862 2326 915 etiam
2364 863 2468 918 hoc
2495 878 2779 932 possumus
2808 863 2989 917 dicere
3021 875 3034 914 :
3061 859 3117 915 Si
3138 876 3275 931 quos
3301 861 3600 930 przescivit,

2031 952 2150 1006 illos
2182 960 2237 1005 et
2263 953 2666 1022 praedestinavit
2695 971 2706 1006 :
2736 967 2842 1006 non
2874 960 3053 1006 autem
3109 967 3298 1006 omnes
3325 952 3607 1020 praedesti-

2031 1045 2197 1110 navit,
2248 1061 2376 1115 ergo
2408 1062 2512 1100 non
2553 1061 2739 1101 omnes
2773 1044 3058 1115 prmscivit,
3101 1053 3157 1098 et
3194 1045 3488 1098 secundum
3510 1059 3607 1099 eos

2030 1149 2188 1193 erunt
2208 1140 2385 1210 aliqua
2417 1156 2537 1211 qua:
2578 1141 2790 1211 ignorat
2821 1140 2980 1194 Deus.
3031 1138 3086 1193 Si
3113 1154 3240 1194 vero
3267 1154 3605 1209 przcnoscere

2031 1231 2324 1284 secundum
2349 1232 2452 1285 hoe
2482 1230 2778 1300 accipiatur
2805 1229 2946 1298 quod
2979 1228 3352 1298 praediximus,
3391 1228 3493 1282 hoc
3523 1236 3620 1283 est»

2033 1320 2086 1373 in
2124 1319 2373 1375 affectum
2415 1321 2678 1390 recipere.
2723 1320 2933 1388 sibique
2976 1318 3205 1378 sociare,
3253 1333 3436 1372 verum
3476 1319 3604 1383 erit,

2030 1411 2171 1479 quod
2195 1411 2336 1465 sicut
2370 1426 2475 1464 non
2506 1425 2693 1465 omnes
2720 1408 3138 1480 pra‘destinavit,
3195 1405 3270 1461 ita
3297 1423 3472 1476 neque
3489 1423 3607 1462 om-

2031 1517 2128 1554 nes
2155 1501 2518 1570 pratcognovit
2550 1519 2562 1552 ε
2601 1500 2679 1555 sic
2716 1500 2860 1554 enim
2886 1508 2941 1553 et
2977 1497 3136 1553 Jesus
3160 1497 3482 1552 dicitur‘non
3505 1513 3602 1553 co-

2031 1578 2279 1662 gnovisse
2306 1602 2606 1659 peceatum,
2651 1593 2754 1646 hoc
2797 1599 2900 1654 est,
2955 1591 3047 1659 qui
3076 1590 3338 1644 nescierit
3379 1589 3607 1643 homici-

2034 1680 2202 1746 dium,
2233 1682 2316 1735 vel
2365 1681 2711 1746 adulterium,
2761 1689 2818 1734 et
2846 1681 2930 1736 his
2955 1679 3172 1733 similia.
3202 1679 3283 1732 An
3311 1694 3486 1748 neque
3506 1679 3606 1733 ad-

2033 1773 2189 1827 luesit
2238 1773 2288 1828 ei
2323 1781 2622 1842 peccatum,
2675 1769 2820 1826 sicut
2856 1772 3114 1840 scriptum
3151 1779 3236 1825 est
3267 1788 3279 1822 :
3308 1769 3410 1835 Qui
3434 1780 3606 1825 servat

348 1864 731 1939 pra'destinavit
753 1862 1045 1932 conformes
1083 1859 1325 1929 imaginis
1356 1856 1483 1910 Ft'it't'
1508 1855 1622 1918 Dei,
1684 1855 1752 1908 de
1773 1855 1929 1908 bonis
1957 1840 2004 1899 B
2031 1861 2358 1927 mandatum,
2401 1878 2503 1914 non
2526 1871 2797 1930 cognoscet
2841 1860 3049 1915 verbum
3088 1859 3306 1923 malum,
3358 1860 3460 1914 hoc
3498 1869 3606 1926 est,

349 1971 558 2015 tantum
583 1959 686 2013 dici
713 1975 726 2020 ;
758 1964 986 2011 caeteros
1014 1967 1144 2006 vero
1182 1966 1289 2004 non
1319 1948 1600 2019 praescire,
1633 1947 1726 2000 sed
1754 1945 1924 2000 nesci-

349 2067 406 2106 re
449 2051 646 2106 dicitur
691 2048 874 2102 Deus:
911 2045 1069 2099 Novit
1115 2044 1254 2097 enim
1303 2041 1442 2094 Deus
1489 2040 1578 2111 qui
1617 2048 1738 2092 sunt
1785 2038 1921 2108 ejus.

347 2143 426 2198 Ad
446 2156 538 2196 eos
571 2148 748 2194 autem
780 2138 870 2206 qui
894 2151 999 2189 non
1031 2142 1156 2188 sunt
1184 2133 1327 2203 digni
1354 2141 1414 2185 ut
1447 2131 1697 2184 sciantur
1729 2145 1758 2182 a
1792 2129 1923 2189 Deo.

350 2231 599 2286 Salvator
627 2230 761 2284 dicit
796 2245 809 2281 :
841 2225 1105 2280 Discedite
1129 2241 1160 2277 a
1179 2239 1278 2287 me,
1303 2223 1428 2293 quia
1454 2238 1723 2292 nunquam
1745 2237 1930 2290 cogno-

349 2323 532 2385 vivos,
574 2315 800 2388 operarii
844 2315 1139 2385 iniquitatis
1181 2311 1397 2384 (Matth.
1448 2311 1568 2381 vn).
1618 2309 1734 2364 Non
1783 2309 1926 2378 quod

353 2411 559 2480 aliquid
593 2416 771 2479 potest
793 2405 939 2460 illam
967 2412 1236 2466 naturam,
1289 2417 1408 2472 qute
1434 2401 1636 2471 ubique,
1654 2408 1758 2464 est,
1807 2399 1930 2452 sub-

353 2501 649 2572 terfugere,
673 2497 768 2554 sed
805 2497 933 2567 quia
960 2508 1122 2550 omne
1151 2493 1297 2562 quod
1324 2493 1524 2547 malum
1549 2500 1652 2556 est,
1703 2491 1929 2546 scientia

350 2591 468 2660 ejus
502 2590 588 2646 vel
633 2587 919 2660 praesentia
944 2586 1175 2640 habetur
1205 2583 1506 2653 indignum.
1560 2582 1831 2636 Fortassis
1864 2580 1932 2634 ab

351 2681 575 2737 attentis
604 2678 898 2734 lectoribus
928 2677 1091 2732 etiam
1127 2675 1232 2730 hoc
1258 2673 1460 2743 requiri
1507 2673 1797 2736 videbitur,
1827 2687 1928 2725 cur

355 2790 466 2831 non
497 2771 696 2829 dixerit
719 2767 1028 2827 eonformes
1048 2767 1165 2834 ﬁlii,
1209 2766 1303 2821 sed
1329 2763 1627 2834 conformes
1661 2765 1927 2833 imaginis.

355 2865 425 2919 Et
465 2862 721 2935 quamvis
747 2861 976 2916 arduum
1016 2860 1121 2913 hoc
1144 2858 1360 2911 videtur
1378 2864 1434 2909 et
1462 2853 1697 2920 difﬁcile,
1749 2864 1930 2908 tamen

354 2955 476 3009 vide
509 2955 555 3008 si
576 2965 863 3022 possumus
895 2949 1024 3004 illud
1046 2948 1225 3003 dicere
1255 2965 1268 3000 :
1303 2946 1436 3012 Quia
1462 2946 1709 3015 specialis
1731 2955 1784 3000 et
1811 2962 1934 3016 pro-

355 3045 474 3115 pria
494 3044 692 3114 imago,
724 3057 844 3111 quae
869 3054 989 3094 eam
1011 3047 1178 3094 totam
1197 3046 1361 3107 atque
1373 3037 1664 3107 exintegro
1689 3039 1932 3108 suscipit,

361 3144 418 3191 et
444 3135 499 3191 in
524 3133 817 3202 semetipsa
846 3130 1190 3194 formabitur,
1215 3129 1328 3198 ipsa
1347 3127 1474 3182 Jesu
1503 3129 1682 3182 anima
1705 3128 1930 3184 dicenda

358 3234 458 3290 est,
489 3240 608 3294 quae
652 3199 868 3294 semper
896 3221 1080 3276 omnia
1110 3220 1278 3275 verbo
1305 3234 1371 3275 ac
1393 3219 1671 3289 sapientiae
1720 3219 1813 3274 Dei
1861 3221 1936 3274 ita
1962 3199 2006 3261 (ἶ

360 3325 596 3389 coaptat,
657 3323 719 3372 ut
757 3315 904 3370 nullo
932 3329 1159 3384 prorsus
1188 3315 1258 3369 ab
1277 3314 1438 3385 hujus
1467 3314 1820 3370 similitudine
1841 3315 1938 3370 de-

359 3407 508 3463 color
555 3406 820 3462 habeatur
851 3405 962 3459 :ita
997 3413 1057 3458 ut
1087 3403 1395 3474 quicunque
1440 3419 1705 3459 summam
1753 3405 1941 3475 perfe-

361 3498 558 3554 ctionis
587 3511 651 3551 ac
677 3494 1028 3551 beatitudinis
1071 3503 1435 3562 consectatur,
1465 3497 1533 3551 ad
1570 3497 1717 3552 illius
1747 3497 1941 3568 imagi-

361 3601 484 3644 nem
523 3601 588 3642 ac
619 3585 1028 3640 similitudinem
1059 3584 1265 3648 tendat,
1295 3599 1413 3654 qua:
1437 3585 1612 3655 primo
1637 3585 1756 3640 loco
1777 3594 1832 3640 et
1857 3601 1946 3640 su-

361 3690 458 3747 per
511 3668 701 3732 omnes
748 3682 974 3728 caeteros
1020 3673 1146 3728 Filii
1185 3672 1278 3727 Dei
1306 3674 1485 3744 imago
1515 3682 1641 3730 est:
1681 3675 1755 3729 ita
1783 3683 1844 3728 ut
1872 3675 1944 3730 sit

363 3767 479 3834 ipse
510 3763 906 3835 primogenitus
944 3762 999 3816 in
1025 3762 1210 3818 multis
1233 3762 1512 3829 fratribus,
1561 3764 1612 3818 in
1646 3765 1731 3819 bis
1756 3764 1944 3820 videli-

361 3865 451 3912 cet
476 3871 707 3926 quorum
733 3855 1162 3911 conformatione
1195 3856 1446 3926 imaginis
1477 3857 1596 3912 Filii
1624 3857 1716 3912 Dei
1740 3858 1942 3928 prima-

365 3958 480 4003 tum
508 3956 676 4004 tenet.
722 3947 934 4003 Similes
960 3949 1007 4001 ei
1028 3949 1244 4013 erimus,
1290 3949 1342 4002 id
1366 3959 1470 4013 est,
1523 3949 1653 4015 Deo,
1693 3951 1789 4004 sed
1819 3958 1942 4004 tan-

364 4043 642 4098 tummodo
678 4039 838 4104 F'ilio,
874 4038 966 4107 qui
993 4038 1142 4092 solus
1164 4040 1220 4092 in
1267 4039 1534 4093 'l‘rinitate
1565 4055 1765 4110 corpus
1789 4055 1941 4095 acce-

371 4132 474 4200 pit,
512 4131 566 4184 in
596 4144 704 4198 quo
732 4133 978 4182 mortuus
1002 4124 1198 4189 fuerat,
1248 4135 1305 4179 et
1339 4127 1654 4191 resurrexit,
1687 4136 1849 4196 atque
1877 4129 1943 4183 ad

367 4233 618 4288 suprema
646 4214 916 4286 provexit.
969 4213 1037 4268 Et
1065 4214 1121 4268 in
1164 4214 1268 4269 ista
1303 4223 1456 4285 parte
1500 4215 1676 4286 imago
1696 4215 1818 4272 Filii
1847 4217 1942 4273 Dei

371 4307 500 4361 facti
528 4319 737 4369 sumus,
781 4303 906 4374 quia
930 4304 1073 4359 sicut
1092 4303 1180 4359 ille
1201 4303 1382 4370 habet,
1417 4305 1494 4359 sic
1531 4313 1588 4360 et
1611 4321 1709 4360 nos
1731 4306 1947 4362 confor-

376 4411 489 4452 mes
511 4396 643 4452 facti
665 4394 971 4451 immortale
1004 4395 1325 4450 habebimus
1364 4409 1582 4465 corpus,
1629 4411 1735 4451 non
1769 4396 1946 4453 Patris

369 4487 620 4558 imaginis
657 4501 722 4540 ac
749 4486 985 4555 Spiritus
1011 4486 1206 4540 sancti.

2025 1963 2133 2003 non
2147 1950 2372 2019 recipiet
2395 1950 2613 2004 verbum
2635 1950 2853 2003 malum.
2890 1949 3012 2003 lllos
3044 1949 3261 2003 vocavit.
3296 1947 3499 2012 V'ocare
3521 1957 3608 2004 est

2027 2039 2355 2109 cogitantem
2392 2039 2458 2094 de
2498 2038 2600 2094 fide
2636 2038 2912 2107 adjuvare,
2955 2047 3047 2092 aut
3087 2054 3448 2110 compungere
3480 2055 3604 2094 eum

2028 2147 2188 2202 quem
2216 2133 2353 2187 sciat
2392 2132 2666 2201 adjuvare.

2100 2223 2241 2289 Quid
2279 2241 2399 2294 ergo
2448 2225 2680 2278 dicemus
2718 2223 2788 2278 ad
2845 2226 2956 2278 lucc
2983 2225 3008 2276 ?
3055 2221 3167 2277 Hoc
3206 2232 3292 2278 est
3342 2222 3608 2278 beneficia

2032 2331 2153 2386 quae
2172 2316 2426 2386 prazdicta
2454 2324 2597 2370 sunt.
2618 2314 2762 2385 Deus
2789 2313 3057 2384 quomodo
3077 2328 3176 2382 pro
3204 2313 3356 2368 nobis
3376 2313 3465 2378 sit,
3492 2329 3609 2368 ma-

2032 2408 2287 2462 nifestum
2318 2414 2488 2462 estex
2515 2407 2600 2461 bis
2628 2422 2746 2475 quae
2768 2421 2928 2474 supra
2956 2405 3224 2474 exposuit,
3257 2403 3308 2458 id
3330 2412 3430 2471 est,
3461 2406 3608 2474 quod

2032 2498 2253 2567 spiritus
2285 2499 2378 2552 Dei
2405 2498 2615 2551 habitat
2656 2497 2722 2550 in.
2740 2496 2919 2560 nobis,
2963 2504 3019 2550 et
3039 2495 3179 2564 quod
3207 2495 3431 2563 spiritus
3449 2493 3609 2550 Chri—

2033 2587 2125 2652 sti,
2165 2586 2248 2640 vel
2291 2586 2562 2651 Christus,
2617 2587 2669 2640 in
2702 2586 2858 2640 nobis
2899 2595 3003 2648 est,
3053 2586 3196 2654 quod
3231 2586 3446 2655 spiritus
3490 2585 3610 2655 ejus

2031 2678 2122 2746 qui
2167 2677 2430 2730 suscitavit
2476 2675 2739 2730 Christum
2771 2693 2803 2730 a
2845 2677 3061 2729 mortuis
3100 2675 3300 2729 habitat
3335 2669 3392 2729 in
3438 2677 3608 2730 nobis.

2037 2768 2132 2823 Vel
2175 2767 2366 2836 spiritu
2399 2766 2495 2822 Dei
2526 2767 2753 2837 agimur.
2789 2766 2883 2823 Vel
2925 2766 3067 2835 quod
3093 2766 3334 2836 spiritum
3369 2766 3611 2835 adoptio-

2036 2858 2117 2910 nis
2155 2858 2468 2927 accepimus.
2516 2856 2611 2910 Vel
2643 2856 2785 2925 quod
2815 2872 2996 2911 sumus
3029 2855 3134 2922 ﬁlii
3179 2855 3275 2909 Dei
3305 2865 3353 2909 et
3378 2855 3613 2910 [imredes

2035 2959 2084 3003 et
2112 2949 2405 3003 cohwredes
2434 2946 2670 3014 Christi;
2721 2948 2803 3003 vel
2836 2949 3104 3019 primitias
3141 2950 3365 3019 spiritus
3403 2950 3616 3020 accepi-

2037 3057 2192 3107 mus;
2226 3041 2308 3096 vel
2349 3042 2492 3111 quod
2521 3042 2676 3096 nobis
2701 3042 2884 3096 omnia
2913 3051 3274 3111 cooperantur
3319 3041 3371 3096 in
3411 3040 3614 3097 bonum

2038 3131 2384 3202 diligentibus
2405 3130 2573 3185 Deum
2606 3148 2617 3183 :
2653 3129 2736 3184 vel
2782 3129 2924 3200 quod
2974 3130 3258 3184 secundum
3294 3130 3612 3200 propositum

2040 3221 2208 3274 vocati
2245 3230 2387 3286 sunt,
2424 3229 2480 3275 et
2504 3221 2838 3291 pramogniti,
2873 3229 2929 3274 et
2967 3221 3356 3292 praedestinati,
3399 3230 3456 3276 et
3489 3236 3618 3275 san-

2040 3310 2289 3377 ctiﬁcati,
2345 3319 2399 3366 et
2421 3310 2727 3382 gloriﬁcati.
2780 3311 2982 3365 Horum
3028 3311 3270 3366 omnium
3294 3312 3618 3367 memoriam

2041 3403 2266 3469 faciens,
2295 3412 2349 3459 et
2377 3403 2536 3458 simul
2562 3405 2742 3458 omnia
2773 3411 3024 3473 repetens
3055 3403 3169 3457 ait:
3212 3401 3352 3468 Quid
3383 3419 3504 3473 ergo
3534 3403 3622 3454 (ti-

2041 3510 2214 3548 cemus
2250 3494 2325 3548 ad
2347 3493 2498 3548 huic?
2535 3494 2639 3549 hoc
2686 3502 2770 3548 est
2815 3495 2883 3548 ad
2928 3493 3044 3549 hate
3073 3494 3254 3548 omnia
3288 3509 3409 3562 qua:
3451 3509 3619 3563 supra

2042 3584 2294 3646 diximus,
2343 3583 2470 3651 quia
2514 3583 2560 3638 si
2598 3583 2679 3637 sic
2705 3582 2848 3638 Deus
2876 3598 2976 3653 pro
3005 3583 3160 3638 nobis
3179 3592 3265 3638 est
3293 3595 3351 3637 ut
3377 3585 3491 3638 hate
3526 3599 3622 3641 no-

2041 3674 2125 3728 bis
2150 3682 2340 3729 cuncta
2367 3675 2718 3739 concesserit,
2737 3687 2746 3696 '
2766 3674 2888 3743 quis
2915 3687 3037 3728 esse
3063 3674 3352 3728 adversum
3393 3690 3494 3730 nos
3522 3689 3624 3745 po-

2043 3765 2210 3820 terit?
2241 3764 2359 3821 Non
2396 3765 2539 3835 quod
2583 3764 2805 3819 omnino
2845 3765 3114 3819 neminem
3159 3766 3318 3820 nobis
3339 3765 3489 3820 dicat
3520 3767 3626 3821 ad-

2042 3871 2280 3922 versum,
2309 3856 2543 3926 alioquin
2565 3856 2832 3926 quomodo
2855 3857 3020 3911 stabit
3059 3859 3201 3926 quod
3226 3859 3429 3913 dictum
3455 3876 3486 3914 a
3519 3859 3627 3916 Pe-

2045 3953 2132 4000 tro
2173 3963 2186 4000 :
2228 3947 2571 4002 Adversarius
2615 3955 2777 4001 vester
2832 3946 3072 4002 diabolus
3115 3949 3248 4002 sicut
3289 3947 3368 4002 leo
3408 3951 3624 4018 rugiens

2044 4036 2248 4101 circuit,
2295 4053 2532 4106 quaerens
2558 4052 2708 4107 quem
2735 4039 3088 4091 transdevoret
3112 4037 3164 4109 (Ι
3217 4035 3334 4093 Pet.
3378 4039 3453 4110 v).
3510 4039 3623 4095 Sed

2045 4125 2146 4180 hoc
2175 4136 2261 4181 est
2292 4128 2436 4196 quod
2463 4127 2721 4192 ostendit,
2771 4127 2920 4196 quia,
2952 4127 3064 4183 Deo
3095 4138 3288 4199 agente
3315 4130 3624 4200 pro‘nobis,

2043 4219 2462 4287 contemptibilis
2487 4226 2542 4273 et
2570 4219 2750 4272 nullus
2784 4219 3014 4275 edicitur
3048 4221 3393 4275 adversarius
3414 4229 3620 4286 vester,

2045 4307 2259 4362 dicente
2284 4307 2494 4362 David:
2529 4309 2786 4368 Dominus
2831 4311 3152 4365 illuminatio
3195 4327 3332 4376 mea,
3377 4321 3426 4365 et
3469 4311 3623 4366 salus

2045 4413 2160 4452 mea
2184 4414 2201 4452 :
2228 4414 2380 4468 quem
2401 4400 2626 4454 timebo?
2655 4399 2826 4472 (Psal.
2856 4401 3030 4472 xxvr.)
3074 4400 3178 4466 Qui
3224 4401 3380 4454 etiam
3407 4403 3625 4471 proprio

2049 4485 2192 4542 Filio
2241 4505 2334 4543 suo
2358 4507 2461 4544 non
2477 4494 2721 4561 pepercit,
2765 4495 2855 4548 sed
2899 4510 2994 4563 pro
3028 4494 3175 4548 nobis
3197 4495 3432 4548 omnibus
3452 4495 3628 4548 tradi-

647 4539 1089 4645 primbgenitusin
1119 4539 1298 4627 multis
1327 4573 1604 4643 fratribus.
1642 4574 1808 4630 Recte
1839 4575 1946 4644 pri-
1970 4539 2024 4598 Β
2479 4539 2746 4638 robtvnibds
2765 4539 3174 4654 1:35
3198 4539 3361 4649 alii:

371 4665 678 4737 mogenitus,
731 4665 823 4734 qui
852 4675 979 4720 ante
1009 4673 1318 4720 creaturam
1345 4679 1452 4720 non
1487 4664 1683 4730 factus,
1726 4666 1822 4720 sed
1847 4681 1944 4720 na-

371 4769 461 4815 tus
485 4767 586 4814 est.
630 4758 726 4814 Est
759 4766 814 4812 et
841 4756 1234 4828 primogenitus
1262 4756 1318 4810 in
1353 4757 1764 4827 regeneratione
1790 4756 1951 4826 spiri-

376 4862 488 4919 tus;
521 4859 606 4907 est
630 4849 1023 4922 primogenitus
1051 4864 1117 4904 ex
1146 4848 1393 4912 mortuis,
1417 4846 1570 4916 cujus
1595 4859 1786 4902 natura
1811 4850 1949 4904 mori

374 4945 585 5014 ignorat
609 4961 622 4999 :
651 4951 736 4998 est
759 4940 1168 5012 primogenitus,
1196 4947 1322 5009 post
1341 4939 1625 4994 victoriam
1651 4941 1948 4994 ascendens

375 5033 430 5086 in
458 5034 656 5100 caelos;
692 5033 1084 5104 primogenitus
1115 5030 1278 5101 igitur
1301 5029 1355 5083 in
1386 5030 1636 5084 omnibus
1663 5029 1831 5084 frater
1855 5045 1950 5083 no-

374 5133 488 5177 ster
505 5124 724 5187 dicitur,
749 5124 1004 5194 quoniam
1031 5123 1191 5177 homo
1219 5120 1470 5190 dignatus
1496 5129 1580 5174 est
1621 5121 1803 5184 nasci;
1847 5120 1950 5174 Do-

375 5213 551 5266 minus
598 5228 748 5277 vero,
790 5213 916 5281 quia
955 5211 1216 5266 Dominus
1242 5216 1428 5263 noster
1455 5217 1557 5262 est.

445 5301 588 5367 Quos
633 5309 807 5355 autem
859 5301 1268 5371 pmdestinavit,
1322 5299 1417 5353 hos
1457 5307 1504 5352 et
1545 5297 1764 5352 vocavit.
1802 5295 1949 5362 Quos

373 5392 643 5461 praescivit
692 5391 1016 5456 credituros,
1063 5391 1162 5444 hos
1210 5389 1444 5444 vocavit.
1500 5387 1724 5444 Vocatio
1767 5393 1946 5440 autem

372 5484 617 5540 volentes
650 5483 872 5555 colligit.
921 5481 1064 5550 Ergo
1102 5489 1368 5536 vocantur
1393 5495 1492 5551 per
1514 5477 1947 5549 praedicationem

374 5583 432 5627 ut
458 5572 683 5627 credant
711 5590 724 5638 ;
755 5573 1038 5628 credentes
1064 5570 1435 5639 justifieantur
1473 5588 1570 5643 per
1596 5573 1946 5642 baptismum,

372 5661 744 5734 gloriﬁcantur
772 5663 826 5716 in
854 5661 1142 5717 virtutibus
1182 5660 1504 5730 gratiarum,
1547 5662 1661 5717 sive
1685 5661 1740 5715 in
1770 5675 1951 5715 resur-

375 5752 614 5810 rectione
660 5751 858 5807 futura.
904 5751 1066 5805 Aliud
1107 5759 1192 5805 est
1221 5749 1498 5820 praescire,
1547 5749 1691 5805 aliud
1741 5746 1949 5819 praede-

2049 4667 2158 4720 lum
2202 4683 2301 4737 pro
2353 4672 2576 4734 sanctis,
2626 4688 2730 4726 non
2769 4673 2939 4727 solum
2969 4689 3069 4742 pro
3109 4673 3336 4743 magnis,
3388 4673 3480 4727 sed
3521 4689 3628 4742 pro

2049 4758 2287 4814 minimis
2309 4762 2552 4826 omnino,
2581 4763 2672 4832 qui
2703 4771 2828 4817 sunt
2858 4765 2910 4817 in
2942 4764 3206 4818 Ecclesia.
3248 4764 3491 4818 Tradidit
3534 4765 3630 4819 Fi-

2047 4849 2175 4904 lium
2200 4852 2472 4921 proprium
2503 4853 2682 4916 Pater,
2723 4862 2775 4909 et
2805 4853 2924 4908 ideo
2957 4855 3168 4908 etiamsi
3216 4855 3483 4909 minorum
3521 4856 3631 4909 ali-

2049 4957 2206 5010 quem
2233 4951 2288 4996 et
2313 4942 2650 4996 infirmorum
2681 4943 2838 4997 laedat
2866 4944 2988 5012 quis
3006 4943 3319 5013 percutiens
3346 4943 3621 4997 inﬁrmam

2051 5031 2458 5093 conscientiam,
2513 5033 2566 5084 iu
2621 5031 2894 5087 Christum
2935 5048 3161 5102 peccare
3217 5033 3436 5097 dicitur,
3485 5047 3629 5100 quo-

2051 5119 2195 5171 niam
2245 5120 2458 5188 quidem
2487 5122 2821 5177 scandalizet
2848 5125 3082 5178 animam
3122 5140 3220 5193 pro
3241 5139 3343 5192 qua
3370 5122 3628 5181 Christus

2053 5216 2294 5261 mortuus
2320 5217 2422 5278 est.
2487 5209 2760 5274 Quomodo
2797 5227 2899 5264 non
2944 5228 3037 5281 per
3059 5211 3209 5264 illum
3257 5211 3431 5264 omnia
3470 5212 3628 5268 nobis

2051 5297 2308 5350 donavit?
2357 5295 2496 5363 Quid
2547 5307 2722 5368 potest
2757 5300 2956 5354 habere
2995 5301 3214 5356 cbarius
3269 5301 3414 5369 quod
3461 5300 3628 5358 nobis

2054 5395 2231 5456 neget.
2275 5387 2366 5456 qui
2392 5386 2586 5442 Filium
2615 5405 2771 5444 suum
2814 5406 2920 5445 non
2947 5392 3197 5460 negavit?
3243 5391 3373 5456 Quis
3403 5408 3628 5446 accusa-

2054 5475 2125 5527 bit
2171 5475 2417 5529 adversus
2450 5477 2634 5531 electos
2676 5477 2819 5531 Dei?
2856 5478 3020 5532 Multa
3069 5487 3195 5532 sunt
3222 5480 3278 5533 in
3328 5479 3628 5549 Scripturis

2051 5581 2172 5634 qua:
2207 5566 2310 5620 nisi
2344 5567 2564 5637 proprio
2601 5567 2758 5622 modo
2783 5569 3152 5635 enuntientur,
3193 5568 3248 5623 in
3289 5569 3626 5625 contrariam

2051 5657 2311 5711 recedunt
2348 5657 2693 5721 sententiam,
2725 5657 2883 5712 sicuti
2925 5667 3046 5712 est:
3073 5657 3204 5722 Quis
3231 5657 3498 5711 accusabit
3527 5659 3624 5710 ad-

2054 5759 2232 5798 versus
2253 5741 2438 5798 electos
2461 5743 2555 5797 Dei
2579 5744 2603 5796 7
2629 5743 2794 5809 Deus,
2815 5745 2904 5813 qui
2917 5744 3196 5813 justiﬁcat.
3223 5743 3374 5808 Quod
3398 5743 3442 5798 si
3463 5744 3622 5812 quasi
