3974 6202
271 319 331 370 8|
1365 317 1688 372 COLLECT.
1732 317 1795 371 IN
1837 317 2050 376 EPIST.
2089 321 2182 378 AD
2219 322 2383 380 ΒΟΜ.
3441 339 3509 396 31

265 420 640 477 contitniative
689 419 974 512 observato
1012 437 1209 494 genere
1250 422 1701 492 pronuntiationis
1727 437 1835 476 suae
1864 423 1916 487 Α
1939 425 2124 494 tiatur,
2164 446 2264 491 nec
2292 435 2336 490 si
2371 435 2424 490 in
2462 440 2710 505 praesenti
2740 439 2997 496 honorem
3025 443 3286 512 conferat,
3327 463 3428 505 nec
3464 453 3508 508 si

270 513 502 574 dicatur,
545 526 742 583 magna
791 503 1120 581 perversitas
1167 513 1360 568 oritur.
1410 512 1498 567 Sic
1541 527 1672 582 ergo
1716 527 1839 580 pro-

272 601 623 654 nuntiandum
644 608 732 655 est
755 617 821 656 ac
849 603 894 657 si
923 603 1128 658 diceret
1152 645 1164 657 .
1199 603 1409 659 Deusne
1436 611 1540 668 est,
1565 611 1618 658 et
1639 602 1838 658 suban-

259 693 434 757 ditur,
477 710 583 748 non
626 695 834 763 utique,
892 695 986 750 sed
1008 693 1291 763 justiﬁeat.
1344 695 1490 763 Quos
1526 708 1655 766 ergo
1699 694 1838 748 Deus

264 783 428 853 elegit
463 783 772 846 credentes,
828 798 892 838 ac
929 784 1096 854 signis
1133 793 1190 837 et
1240 780 1722 850 virtutibusjustos
1750 797 1840 837 os—

265 872 458 935 tendit,
514 874 636 941 quis
665 873 732 926 de
768 873 1010 942 pristinis
1047 874 1265 928 audebit
1308 888 1568 928 accusare
1594 873 1838 928 delictis?

263 965 345 1016 \cl
394 981 495 1033 pro
523 975 836 1036 contemptu
871 966 1119 1036 legalium
1164 965 1574 1021 mandatorum?
1615 965 1840 1020 Videtur

262 1054 394 1107 mihi
434 1055 580 1123 quod
603 1056 678 1108 ait
711 1073 723 1108 :
755 1055 886 1121 Quis
915 1055 1176 1109 accusabit
1217 1056 1464 1110 adversus
1485 1055 1673 1109 electos
1694 1055 1790 1109 Dei
1811 1058 1838 1108 ?

259 1145 326 1198 de
356 1144 572 1200 diabolo
611 1145 832 1200 dicere:
856 1145 1034 1200 nullus
1069 1147 1216 1201 enim
1264 1146 1488 1210 electus,
1520 1153 1576 1200 et
1621 1145 1694 1200 ita
1730 1161 1836 1200 ma-

259 1249 414 1302 gnus,
465 1249 630 1303 quem
667 1234 756 1289 ille
806 1249 911 1289 non
960 1235 1156 1288 audeat
1204 1250 1481 1299 accusare,
1522 1237 1626 1292 nisi
1683 1236 1834 1290 illum

259 1324 430 1378 solum
453 1327 548 1394 qui
578 1333 861 1394 peccatum
890 1341 997 1380 non
1029 1325 1174 1391 fecit,
1195 1327 1284 1395 qui
1315 1335 1371 1380 et
1391 1326 1605 1382 dicebat
1636 1346 1648 1380 :
1678 1327 1834 1382 Nunc

260 1417 392 1468 renit
432 1417 674 1486 princeps
711 1417 913 1479 mundi,
957 1426 1004 1469 et
1045 1417 1100 1470 in
1131 1433 1211 1470 me
1249 1415 1378 1472 nihil
1406 1416 1596 1470 invenit
1641 1417 1828 1488 (Joan.

262 1506 380 1574 sn).
439 1505 547 1560 Sed
591 1506 904 1576 diligentius
954 1508 1162 1561 intuere
1199 1507 1341 1576 quod
1384 1521 1492 1561 non
1521 1506 1660 1560 dixit
1687 1505 1829 1575 Apo-

263 1597 434 1650 stolus
467 1616 480 1649 :
513 1596 645 1662 Quis
693 1597 960 1651 accusabit
991 1599 1262 1652 adversum
1307 1607 1543 1662 vocatos,
1600 1598 1694 1652 sed
1739 1599 1833 1652 ad-

263 1705 460 1740 rersum
485 1688 704 1752 electos;
761 1689 864 1743 nisi
894 1690 1036 1744 enim
1065 1688 1228 1744 fueris
1271 1689 1498 1751 electus,
1550 1696 1605 1742 et
1629 1689 1681 1742 in
1721 1703 1833 1744 om-

1947 521 2262 590 polliecatur
2295 525 2524 596 gloriam
2576 527 2907 596 futurorum,
2967 548 3141 602 neque
3186 536 3231 591 si
3284 537 3512 597 virtutes

1943 623 2239 682 operetur,
2289 632 2389 672 nec
2431 619 2474 674 si
2528 619 2724 675 cmlum
2779 623 3078 691 promittat,
3131 635 3188 680 et
3232 629 3284 682 in
3338 629 3506 687 infer-

1946 720 2016 760 no
2083 706 2379 773 deterreat,
2452 713 2536 766 vel
2597 712 3012 783 profunditatem
3066 717 3302 776 scientia:
3377 738 3508 779 sua-

1945 794 2072 850 dere
2109 806 2352 863 conetnr,
2403 817 2637 872 unquam
2678 819 2775 858 nos
2803 805 3000 874 poterit
3025 820 3057 860 a
3085 806 3283 866 Christi
3329 828 3508 871 secer-

1945 899 2073 938 nere
2111 887 2396 945 charitate.

2017 974 2198 1045 Neque
2221 990 2462 1036 creatura
2495 985 2620 1040 alia.
2662 986 2890 1045 Omnem
2925 1008 3061 1062 pene
3082 1003 3388 1049 creaturam
3411 1009 3506 1050 no-

1943 1063 2186 1128 minavit,
2237 1078 2293 1120 et
2342 1085 2447 1124 non
2483 1071 2584 1127 fuit
2615 1076 2704 1131 hic
2744 1089 3050 1146 contentus,
3110 1083 3212 1137 nisi
3245 1084 3500 1138 adderet:

1943 1155 2103 1209 etiam
2156 1159 2199 1212 si
2237 1159 2306 1214 sit
2334 1162 2436 1216 alia
2474 1174 2748 1233 creatura,
2770 1186 2870 1226 nec
2896 1171 3012 1242 ipsa
3048 1173 3248 1242 poterit
3292 1189 3507 1242 separa-

1943 1258 2020 1298 re.
2073 1245 2341 1304 Nimirum
2373 1252 2715 1323 hyperbolice
2742 1260 2848 1316 hoe
2873 1262 3007 1316 dicit
3047 1262 3358 1333 Apostolus,
3405 1264 3507 1318 hoc

1940 1341 2041 1399 est,
2081 1353 2187 1391 non
2233 1341 2400 1396 solum
2447 1359 2545 1412 per
2574 1362 2634 1401 ea
2659 1365 2780 1419 quae
2816 1352 3064 1408 accidere
3117 1362 3362 1424 possunt,
3415 1355 3507 1409 sed

1941 1443 2040 1483 nec
2063 1443 2158 1497 per
2171 1446 2232 1484 ca
2257 1433 2469 1500 quidem
2492 1452 2610 1506 qua:
2645 1443 2859 1498 evenire
2881 1445 3100 1498 omnino
3122 1460 3226 1499 non
3261 1455 3503 1514 possunt,

1941 1517 2046 1571 ullo
2075 1529 2232 1588 pacto
2259 1537 2289 1575 a
2318 1523 2412 1579 Dei
2440 1528 2708 1584 charitate
2735 1530 3090 1588 deﬂectemus
3107 1551 3122 1587 :
3139 1534 3290 1588 verbi
3316 1548 3500 1597 causa,

1937 1619 1998 1664 ut
2034 1612 2079 1666 si
2108 1613 2208 1667 alia
2243 1617 2396 1671 nobis
2425 1618 2645 1675 daretur
2681 1623 2790 1676 vita
2836 1640 2994 1694 quam
3028 1626 3142 1681 haec
3179 1642 3298 1696 quae
3337 1643 3364 1680 a
3395 1622 3510 1682 Deo

1939 1699 2063 1754 data
2082 1710 2184 1767 est,
2209 1712 2301 1758 aut
2331 1706 2376 1760 si
2416 1706 2720 1764 futurorum
2746 1727 2869 1781 spes
2902 1713 3004 1767 alia
3040 1713 3193 1768 nobis
3230 1715 3509 1783 promitte-

260 1778 414 1832 nibus
441 1787 498 1832 te
525 1777 858 1847 probabilem
895 1779 1206 1834 exhibueris
1237 1778 1370 1843 Deo,
1410 1778 1634 1834 habebis
1681 1794 1833 1833 accn-

1937 1799 2108 1858 retur,
2146 1793 2231 1848 vel
2259 1795 2506 1864 altitudo,
2544 1800 2628 1856 vel
2654 1802 2817 1855 etiam
2844 1813 3118 1869 creatura,
3147 1820 3266 1874 qua:
3286 1819 3384 1874 pro
3411 1819 3508 1858 no-

259 1880 513 1924 satorem.
543 1869 599 1924 Si
616 1870 758 1924 enim
775 1885 937 1924 causa
956 1878 1043 1923 tua
1062 1869 1201 1924 mala
1231 1878 1332 1930 est,
1369 1869 1495 1938 quid
1520 1869 1613 1922 tibi
1641 1870 1834 1938 prode-

260 1964 327 2016 rit
372 1963 694 2025 advocatus,
719 1962 931 2016 etiamsi
966 1959 1124 2016 Jesus
1154 1961 1225 2016 sit
1271 1960 1362 2029 qui
1391 1959 1725 2028 interpellet?
1745 1959 1834 2015 Je-

255 2071 348 2109 sus
389 2057 538 2110 enim
581 2055 785 2109 veritas
825 2063 928 2118 est,
983 2070 1089 2109 non
1113 2062 1291 2125 potest
1312 2069 1444 2125 ergo
1472 2069 1569 2123 pro
1616 2063 1667 2108 te
1691 2055 1832 2109 veri-

256 2159 340 2202 tas
378 2147 586 2202 fallere.
616 2148 758 2202 Deus
780 2149 870 2219 qui
887 2147 1169 2217 justi/ient,
1201 2148 1303 2202 hoc
1326 2147 1378 2201 in
1409 2146 1547 2201 Isaia
1571 2145 1831 2216 propheta

255 2247 358 2300 est,
397 2239 546 2308 quod
589 2237 679 2291 hic
725 2237 878 2306 quasi
921 2251 1077 2290 suum
1123 2237 1274 2305 ponit
1315 2236 1439 2306 quia
1482 2236 1704 2291 omnino
1749 2243 1833 2290 est

255 2329 409 2394 alius,
459 2330 553 2399 qui
613 2329 832 2399 quidem
883 2345 984 2384 nos
1035 2321 1248 2399 arguet,
1290 2343 1358 2382 ne
1404 2327 1543 2383 forte
1586 2343 1686 2383 nos
1717 2328 1830 2398 ipse

259 2420 393 2475 Deus
437 2432 680 2489 accuset,
725 2421 819 2476 sed
859 2435 966 2476 non
995 2427 1176 2491 potest
1195 2433 1332 2489 quos
1368 2418 1640 2488 justiﬁcat
1677 2433 1831 2472 accu-

255 2527 376 2565 sare
396 2511 577 2565 simul.

326 2605 477 2658 Iesus
533 2611 710 2656 autem
749 2599 991 2655 Christus
1033 2603 1124 2673 qui
1168 2610 1405 2656 mortuus
1451 2609 1550 2666 est,
1591 2601 1697 2655 imo
1735 2601 1826 2671 qui

257 2705 302 2748 et
337 2696 643 2760 resurrexit,
702 2693 794 2765 qui
833 2704 910 2748 est
959 2695 1028 2749 ad
1059 2695 1326 2749 dexteram
1366 2693 1485 2757 Dei,
1537 2694 1627 2764 qui
1665 2693 1828 2749 etiam

255 2787 550 2856 interpellat
587 2802 682 2855 pro
725 2786 890 2840 nobis.
955 2786 1026 2842 Ut
1068 2801 1193 2841 eum
1235 2785 1351 2854 ipso
1388 2785 1558 2840 simus
1587 2784 1679 2838 ubi
1711 2783 1826 2854 ipse

257 2884 357 2929 est.
398 2876 587 2930 Solent
628 2876 819 2930 Ariani
845 2891 913 2931 ex
943 2875 1392 2947 interpellationis
1420 2889 1584 2930 causa
1611 2889 1830 2929 movere

258 2972 607 3036 calumniam,
652 2973 898 3028 dicentes
936 2988 951 3027 :
993 2973 1145 3039 Quod
1169 2973 1260 3042 qui
1310 2973 1700 3042 interpellatur,
1755 2973 1830 3028 in-

262 3061 577 3130 terpellante
627 3063 697 3116 sit
743 3061 933 3130 major.
986 3062 1192 3129 Quibus
1238 3063 1670 3132 respondendum
1721 3071 1825 3128 est,

1933 1883 2016 1939 his
2057 1887 2424 1957 congemiscit,
2471 1891 2611 1959 quod
2650 1891 2767 1947 ﬁeri
2805 1894 2990 1964 utique
3036 1910 3140 1948 non
3172 1903 3370 1964 potest,
3409 1911 3509 1949 nec

1931 1974 2046 2029 hzec
2071 1977 2286 2046 quidem
2327 1993 2358 2032 a
2393 1980 2659 2035 charitate
2688 1982 2783 2037 Dei
2827 1997 3084 2053 separare
3125 1999 3223 2037 nos
3264 1992 3503 2054 possunt.

1929 2062 2062 2118 Cum
2090 2080 2185 2135 pro
2213 2067 2318 2133 his,
2350 2068 2543 2138 inquit,
2571 2073 2822 2128 omnibus
2869 2073 3163 2137 beneficiis,
3215 2089 3335 2142 qua:
3374 2087 3505 2127 con-

1929 2155 2100 2208 secuti
2157 2171 2364 2222 sumus,
2421 2157 2512 2213 fixi
2561 2169 2616 2215 et
2645 2161 2872 2216 radicati
2913 2177 3098 2217 sumus
3141 2163 3192 2216 in
3241 2163 3507 2218 charitate

1931 2245 2048 2310 Dei,
2099 2247 2220 2316 quis
2265 2263 2364 2304 nos
2411 2249 2480 2304 ab
2526 2266 2590 2306 ea
2634 2253 2833 2322 poterit
2879 2254 3163 2325 separare?
3209 2252 3507 2308 Tribulatio

1929 2334 1976 2389 si
2007 2335 2350 2391 veneritzln
2387 2338 2726 2394 tribulatione
2770 2340 3008 2396 dilatasti
3056 2359 3137 2396 me
3187 2340 3358 2412 (Psal.
3406 2343 3502 2414 tv).

1927 2424 2188 2496 Angustia
2229 2427 2276 2482 si
2319 2428 2482 2484 fuerit
2510 2431 2717 2495 mundi,
2767 2439 2823 2486 et
2855 2446 2920 2486 ex
2948 2433 3273 2487 necessitate
3307 2446 3503 2501 corpo-

1931 2514 2008 2570 ris
2052 2515 2296 2580 venlens,
2346 2517 2621 2587 sapientia:
2664 2519 2758 2572 Dei
2800 2528 2855 2573 et
2889 2519 3128 2574 scientia:
3165 2518 3504 2574 latitudinem

1930 2605 2286 2674 requiremus,
2339 2607 2393 2661 in
2421 2623 2530 2676 qua
2558 2623 2656 2662 nos
2683 2616 2975 2679 angustare
2999 2624 3103 2663 non
3141 2616 3320 2678 potest
3347 2623 3504 2663 mun-

1929 2697 2062 2762 dus;
2119 2697 2290 2751 fames
2335 2697 2381 2751 si
2423 2697 2674 2763 adfuerit,
2729 2699 2947 2753 turbare
3001 2714 3086 2752 me
3127 2714 3232 2752 non
3278 2707 3501 2768 potest?

1928 2789 2106 2844 habeo.
2127 2788 2271 2843 enim
2299 2803 2491 2858 panem
2515 2789 2607 2858 qui
2636 2789 2702 2843 de
2729 2789 2866 2844 caelo
2893 2787 3192 2852 descendit,
3236 2797 3292 2842 et
3330 2788 3507 2844 reiicit

1929 2879 2234 2936 esurientes
2271 2879 2500 2944 animas,
2552 2893 2653 2934 nec
2685 2879 2972 2948 aliquando
3011 2886 3189 2948 potest
3225 2879 3379 2948 panis
3405 2879 3508 2934 iste

1931 2970 2184 3035 deficere,
2216 2979 2298 3025 est
2325 2971 2468 3026 enim
2497 2969 2770 3041 perfectus
2795 2978 2850 3025 et
2899 2980 3164 3036 aeternus;
3211 2979 3265 3025 et
3291 2971 3507 3026 nuditas

1931 3077 2038 3116 non
2085 3077 2172 3117 me
2219 3061 2518 3128 confundit,
2572 3062 2792 3117 indutus
2843 3077 2962 3118 sum
3023 3061 3166 3116 enim
3219 3060 3507 3118 Dominum

260 3151 422 3205 Deum
461 3151 790 3207 oblivionem
830 3169 940 3208 non
989 3153 1118 3222 pati,
1164 3163 1223 3208 ut
1243 3124 1367 3209 cum
1403 3153 1509 3209 illis
1551 3161 1831 3209 moveatur
1857 3124 1900 3186 C
1933 3160 2176 3206 nostrum
2216 3149 2400 3206 Jesum
2430 3150 2725 3216 Christum,
2767 3161 2824 3206 et
2869 3151 3231 3208 habitaculum
3262 3159 3506 3205 nostrum

256 3256 471 3310 semper
511 3258 646 3311 quos
689 3244 870 3312 elegit.
906 3241 1012 3298 Sed
1046 3244 1148 3298 hoc
1180 3253 1264 3299 est
1307 3243 1647 3313 interpellare
1683 3257 1826 3308 eum,

258 3331 380 3384 dum
432 3347 648 3401 semper
693 3331 844 3386 Patri
877 3333 1150 3386 hominem
1195 3348 1354 3402 quem
1387 3332 1624 3402 suscepit
1673 3332 1831 3401 quasi

258 3433 503 3477 nostrum
526 3424 721 3494 pignus
745 3424 983 3478 ostendit
1002 3432 1058 3478 et
1091 3424 1270 3489 oilert,
1318 3434 1378 3478 ut
1400 3439 1560 3478 verus
1588 3423 1830 3494 pontifex

255 3522 307 3568 et
343 3523 602 3569 aeternus.

324 3605 455 3669 Quis
503 3621 628 3675 ergo
689 3623 782 3660 nos
834 3606 1095 3676 separabit
1149 3623 1183 3659 a
1217 3607 1472 3659 charitate
1527 3605 1667 3659 Dei?
1703 3603 1833 3660 Post

259 3704 401 3748 tanta
434 3697 696 3765 prmclara
729 3697 991 3752 beneﬁcia
1031 3697 1116 3752 vel
1148 3698 1435 3766 promissa,
1481 3712 1602 3766 qua:
1635 3696 1834 3766 poterit

260 3795 366 3840 tam
403 3789 588 3857 gravis
612 3804 731 3843 esse
767 3804 1020 3858 pressura
1043 3804 1162 3858 qua:
1200 3804 1298 3844 nos
1318 3789 1386 3843 ab
1421 3788 1538 3855 ejus
1567 3787 1834 3842 charitate

259 3877 520 3931 divellat?
551 3878 885 3933 Tribu'alio?
919 3880 971 3934 id
993 3889 1093 3944 est,
1125 3880 1300 3935 omnis
1321 3878 1584 3933 malorum
1615 3892 1833 3946 perpes-

259 3967 356 4020 sio.
379 3967 676 4036 Angustia?
701 3967 972 4024 Carceris.

331 4059 673 4112 Periculum?
700 4059 885 4124 Maris,
937 4061 1073 4114 sicut
1103 4061 1362 4130 scriptum
1401 4070 1486 4114 e5t
1525 4059 1578 4111 in
1621 4056 1830 4128 psalmo

263 4148 509 4202 videlicet
543 4150 956 4221 quadragesimo
987 4152 1164 4205 tertio.
1200 4150 1338 4216 Quia
1379 4159 1586 4219 propter
1616 4159 1664 4202 te
1702 4163 1837 4200 mor-

262 4241 547 4307 tiﬁcamur,
603 4241 705 4296 hoc
735 4250 838 4306 est,
901 4258 1005 4297 non
1051 4251 1270 4312 propter
1297 4242 1438 4297 aliud
1463 4242 1692 4306 crimen,
1740 4240 1835 4295 sed

261 4343 478 4402 propter
521 4348 649 4388 eum
677 4334 768 4402 qui
795 4333 932 4388 dixit
965 4351 978 4386 :
1012 4333 1159 4387 Beati
1205 4335 1325 4388 estis
1377 4350 1494 4387 cum
1536 4349 1623 4388 vos
1664 4349 1834 4387 oerse-

262 4435 512 4490 queritur,
556 4433 668 4479 etc.
708 4423 838 4478 Tota
880 4425 1132 4479 die:non
1162 4426 1307 4480 enim
1340 4423 1534 4479 sufﬁcit
1573 4423 1707 4477 mihi
1727 4438 1832 4477 una

263 4517 388 4568 hora
422 4514 562 4569 mori
613 4531 711 4584 pro
736 4515 952 4571 Christo
990 4517 1072 4571 vel
1112 4516 1383 4580 cruciari,
1434 4514 1526 4569 sed
1574 4522 1680 4568 tota
1723 4513 1832 4577 die,

262 4604 361 4655 hoc
401 4613 509 4666 est,
537 4605 688 4658 omni
730 4605 854 4658 vita:
897 4619 1030 4660 mea:
1077 4612 1322 4674 tempore
1348 4620 1363 4668 ;
1393 4611 1447 4656 et
1474 4602 1596 4656 ideo
1627 4620 1640 4654 :
1667 4599 1734 4655 In
1753 4602 1833 4654 his

263 4695 520 4758 omnibus,
554 4695 752 4764 inquit,
780 4713 1107 4767 superamus.
1136 4697 1253 4752 Non
1283 4705 1468 4752 nostra
1496 4697 1714 4759 virtute,
1742 4695 1835 4750 sed

267 4794 483 4853 propter
503 4801 631 4839 eum
661 4787 754 4856 qui
784 4802 883 4841 nos
911 4787 1120 4853 dilexit,
1170 4787 1266 4842 sed
1294 4787 1350 4841 in
1372 4786 1458 4842 his
1477 4784 1728 4841 omnibus
1746 4800 1836 4840 su-

265 4890 532 4944 peramus,
581 4875 688 4930 hoc
736 4884 839 4942 est,
870 4877 970 4932 has
997 4877 1372 4933 tribulationes
1409 4891 1508 4946 pro
1538 4875 1705 4931 nihilo
1739 4874 1836 4930 du-

263 4967 452 5022 cimus.

338 5055 436 5120 Qui
472 5075 566 5112 nos
588 5058 795 5112 dilexit.
827 5057 1002 5113 Etiam
1033 5067 1090 5114 ut
1133 5067 1434 5115 moreretur
1452 5073 1552 5129 pro
1575 5057 1752 5122 nobis,
1784 5066 1837 5111 et

266 5148 478 5214 quando
529 5165 630 5219 pro
671 5148 791 5218 ejus
829 5149 1047 5205 nomine
1092 5152 1373 5216 morimur,
1433 5159 1562 5205 tunc
1605 5148 1840 5204 maxime

266 5239 677 5308 triumphamus.

335 5329 552 5399 Conﬁdo
579 5333 719 5386 enim
739 5332 883 5403 quod
913 5348 1076 5403 neque
1117 5349 1278 5396 mors,
1320 5350 1483 5404 neque
1508 5337 1634 5400 vita,
1679 5353 1840 5406 neque

266 5425 453 5491 angeli,
500 5441 660 5494 neque
699 5425 1053 5494 principatus,
1103 5432 1211 5478 etc.
1271 5423 1373 5478 Prc
1425 5436 1577 5479 certo
1630 5428 1841 5482 conlido

265 5515 390 5580 quia
437 5527 535 5569 nec
559 5516 602 5568 si
639 5515 776 5569 mihi
813 5513 938 5582 quis
967 5523 1193 5568 mortem
1231 5515 1482 5578 minetur,
1539 5531 1637 5570 nec
1678 5517 1722 5571 si
1749 5517 1827 5570 vi-

270 5613 373 5658 Lsm
433 5608 730 5676 promittat,
783 5621 885 5660 nec
916 5607 962 5661 si
1009 5621 1064 5660 se
1102 5608 1347 5677 angelum
1386 5608 1529 5661 dicat
1556 5623 1584 5662 a
1617 5609 1843 5664 Domino

262 5697 607 5765 destinatum,
656 5714 760 5753 nec
788 5699 832 5753 si
881 5713 937 5752 se
985 5699 1292 5768 angelorum
1339 5700 1632 5769 principem
1691 5695 1842 5756 men-

1929 3245 2072 3313 quod
2107 3244 2173 3296 de
2195 3243 2332 3297 caelo
2367 3234 2696 3310 est‘semper
2743 3244 2889 3298 indui
2918 3257 3094 3313 spero.
3127 3239 3342 3311 Oportet
3369 3242 3506 3294 enim

1930 3333 2148 3386 mortale
2170 3333 2266 3386 hoc
2300 3331 2514 3386 induere
2531 3333 2977 3386 immortalitatem
3024 3331 3073 3404 (l
3097 3332 3220 3388 Cor.
3251 3330 3374 3401 xu).
3397 3331 3502 3384 Pe-

1931 3423 2162 3476 riculum
2234 3439 2339 3478 non
2391 3425 2592 3479 timebo
2640 3443 2653 3479 :
2704 3425 2960 3480 Dominus
3001 3427 3142 3480 enim
3189 3426 3508 3480 illuminatio

1930 3529 2065 3577 mea,
2085 3523 2132 3566 et
2157 3514 2302 3568 salus
2333 3533 2468 3581 mea,
2505 3533 2656 3588 quem
2680 3517 2907 3570 timebo?
2940 3516 3156 3586 (Epltes.
3182 3515 3260 3585 ν.)
3287 3515 3508 3570 Gladius

1933 3611 2181 3659 terrenus
2209 3613 2418 3660 terrere
2444 3622 2532 3662 me
2561 3623 2668 3661 non
2697 3615 2875 3676 potest
2903 3627 2914 3659 :
2948 3609 3119 3662 habeo
3143 3608 3284 3661 enim
3305 3621 3504 3670 meum,

1931 3692 2163 3761 gladium
2195 3697 2436 3765 spiritus,
2463 3697 2603 3766 quod
2631 3707 2704 3752 est
2730 3699 2939 3751 verbum
2968 3697 3084 3758 Dei,
3131 3696 3222 3764 qui
3250 3703 3334 3750 est
3349 3712 3507 3764 pene-

1932 3783 2172 3836 trabilior
2203 3785 2344 3838 omni
2388 3785 2569 3855 gladio
2613 3787 2831 3854 ancipiti
2879 3786 3067 3856 (Hebr.
3120 3786 3192 3858 tv)
3228 3800 3242 3838 :
3286 3787 3331 3841 si
3371 3801 3503 3856 ergo

1933 3874 2142 3942 gladius
2191 3875 2374 3928 mundi
2425 3876 2634 3931 venerit
2672 3891 2835 3944 super
2882 3877 3124 3932 cervices
3167 3891 3336 3942 meas,
3392 3891 3508 3931 ma-

1931 3962 2103 4032 jorem
2133 3963 2268 4016 mihi
2293 3962 2548 4017 conciliat
2581 3964 2925 4020 charitatem.
2959 3965 3146 4020 Dicam
3174 3981 3406 4036 namque
3431 3969 3498 4022 ad

1932 4069 2079 4118 eum,
2131 4055 2270 4108 sicut
2303 4055 2563 4124 scriptum
2612 4062 2696 4109 est
2725 4071 2738 4108 :
2770 4053 2994 4126 Propter
3047 4066 3096 4110 te
3127 4057 3509 4126 mortiﬁcamur

1934 4133 2056 4196 tota.
2077 4143 2163 4198 die
2187 4158 2204 4195 :
2232 4144 2360 4198 dum
2393 4145 2538 4200 enim
2572 4145 2716 4201 illius
2749 4161 2931 4202 amore
2979 4147 3262 4217 pendimus
3291 4163 3506 4224 poenas,

1936 4251 2152 4293 sensum
2179 4239 2379 4294 doloris
2411 4255 2517 4294 non
2543 4240 2832 4309 recipimus
2865 4257 2881 4294 :
2912 4240 3055 4295 illius
3078 4242 3220 4296 enim
3242 4242 3501 4307 Charitas,

1935 4346 2043 4400 qua
2079 4347 2176 4386 nos
2222 4331 2407 4387 dilexit
2447 4339 2503 4386 et
2551 4339 2796 4386 nostrum
2838 4333 2905 4386 ad
2942 4347 3000 4386 se
3043 4333 3185 4403 rapit
3231 4333 3503 4395 allectum,

1937 4421 2235 4476 cruciatum
2285 4420 2527 4490 corporis
2551 4430 2608 4474 et
2650 4419 2889 4474 dolorem
2927 4420 3132 4474 sentire
3157 4435 3256 4474 nos
3297 4435 3404 4474 non
3427 4421 3509 4474 fa-

1941 4511 2053 4565 cit:
2089 4510 2208 4564 ideo
2257 4526 2385 4580 ergo
2429 4511 2481 4564 in
2524 4510 2608 4565 his
2647 4511 2898 4565 omnibus
2939 4525 3275 4580 superamus.
3329 4510 3506 4565 Item:

1946 4600 2126 4671 Neque
2147 4610 2384 4654 creatura
2404 4600 2530 4654 alia.
2557 4600 2708 4666 Quod
2731 4601 2802 4654 ita
2826 4608 3004 4670 potest
3025 4600 3266 4671 intelligi,
3291 4601 3522 4670 quando,

1940 4693 2158 4762 quidem
2221 4691 2428 4747 sciebat
2466 4692 2781 4761 Apostolus,
2837 4693 3032 4748 multas
3081 4701 3136 4747 et
3191 4694 3550 4747 innumera--'

1942 4783 2080 4838 biles
2126 4791 2404 4838 creaturas
2451 4782 2568 4848 Dei,
2623 4798 2850 4852 quarum
2889 4784 3050 4837 etiam
3097 4784 3210 4853 ipse
3259 4798 3362 4836 non
3389 4797 3508 4836 om-

1943 4890 2088 4939 nem,
2146 4876 2241 4929 sed
2297 4891 2362 4929 ex
2401 4884 2557 4943 parte
2602 4875 2810 4943 ceperit
2832 4875 3135 4937 scientiam,
3176 4888 3513 4942 quarumque

1944 4981 2050 5021 non
2075 4967 2248 5021 solum
2273 4966 2501 5036 species,
2531 4965 2625 5019 sed
2646 4973 2702 5019 et
2726 4966 2940 5019 nomina
2973 4965 3025 5018 in
3048 4963 3512 5033 ptmsentismculo

1943 5058 2312 5128 ignorarentur
3093 5129 3108 5141 .

2015 5153 2232 5222 Conﬁdo
2264 5155 2420 5208 enim.
2453 5151 2787 5208 Confidentia
2809 5160 2894 5205 est
2927 5151 3070 5206 enim
3108 5149 3222 5205 haec
3246 5150 3315 5204 de
3349 5163 3520 5219 θροη-

1942 5246 2093 5300 sione
2140 5244 2368 5309 Christi,
2414 5245 2538 5312 quia
2580 5242 2829 5312 promisit
2870 5241 2927 5295 in
2974 5241 3315 5300 tribulatione
3354 5240 3507 5310 adju-

1941 5350 2070 5388 vare
2105 5351 2163 5387 se
2197 5334 2499 5388 dedicatam
2537 5333 2639 5386 sibi
2667 5331 2847 5386 ﬁdem.
2893 5329 3078 5402 Neque
3110 5331 3354 5401 angelus,
3407 5330 3510 5384 hoe

1941 5432 2077 5488 est...
2104 5439 2201 5478 nec
2245 5417 2290 5477 si
2335 5439 2393 5477 se
2419 5421 2641 5490 angelus
2691 5421 2848 5477 nobis
2874 5423 3126 5478 ostendat
3161 5421 3227 5475 ad
3258 5422 3518 5476 seducen—

1944 5515 2041 5570 dos
2082 5528 2200 5577 nos,
2229 5512 2552 5567 subornatus
2575 5509 2799 5566 fallaciis
2819 5512 2990 5582 patris
3019 5510 3101 5566 sui
3133 5509 3346 5573 diaboli,
3377 5524 3518 5579 pne-

1947 5605 2126 5659 valere
2157 5603 2373 5658 debebit
2421 5602 2703 5658 adversum
2745 5619 2862 5658 nos.
2919 5602 3100 5671 Neque
3137 5601 3182 5656 si
3231 5601 3402 5654 virtus
3443 5599 3519 5653 ab

1945 5696 2122 5765 aliquo
2179 5695 2317 5749 facta
2345 5693 2433 5761 sit,
2486 5694 2619 5748 sicut
2677 5693 2871 5748 dicitur
2900 5691 2966 5748 de
2993 5692 3212 5749 Simone
3253 5691 3404 5764 Mago
3457 5690 3519 5744 iu
