  <div class='ocr_page' id='page_1' title='image "/cluster/home/n/w/nwhite01/storage/ocr_20150623/103/hvd.32044054759691/047.png"; bbox 0 0 3974 6202; ppageno 0'>
   <div class='ocr_carea' id='block_1_1' title="bbox 422 312 3664 379">
    <p class='ocr_par' dir='ltr' id='par_1_1' title="bbox 422 312 3664 379">
     <span class='ocr_line' id='line_1_1' title="bbox 422 312 3664 379; baseline -0.004 0"><span class='ocrx_word' id='word_1_1' title='bbox 422 321 495 379; x_wconf 79' lang='lat'><strong>8&#39;5</strong></span> <span class='ocrx_word' id='word_1_2' title='bbox 1582 320 1585 323; x_wconf 74' lang='grc'><em>’</em></span> <span class='ocrx_word' id='word_1_3' title='bbox 1840 319 2009 376; x_wconf 77' lang='lat' dir='ltr'><strong>SEDL</strong></span> <span class='ocrx_word' id='word_1_4' title='bbox 2018 317 2102 373; x_wconf 77' lang='lat' dir='ltr'><strong>Lll</strong></span> <span class='ocrx_word' id='word_1_5' title='bbox 2144 318 2339 376; x_wconf 88' lang='lat' dir='ltr'><strong>SCOTI</strong></span> <span class='ocrx_word' id='word_1_6' title='bbox 3596 312 3664 367; x_wconf 62' lang='grc' dir='ltr'><em>ὃὸ</em></span> 
     </span>
    </p>
   </div>
   <div class='ocr_carea' id='block_1_2' title="bbox 426 422 3663 498">
    <p class='ocr_par' dir='ltr' id='par_1_2' title="bbox 426 422 3663 498">
     <span class='ocr_line' id='line_1_2' title="bbox 426 422 3663 498; baseline -0.004 -11"><span class='ocrx_word' id='word_1_7' title='bbox 426 447 553 489; x_wconf 88' lang='lat' dir='ltr'><strong>acre</strong></span> <span class='ocrx_word' id='word_1_8' title='bbox 591 432 833 497; x_wconf 88' lang='lat' dir='ltr'><strong>volasse;</strong></span> <span class='ocrx_word' id='word_1_9' title='bbox 870 447 969 487; x_wconf 91' lang='lat' dir='ltr'><strong>nec</strong></span> <span class='ocrx_word' id='word_1_10' title='bbox 992 432 1034 487; x_wconf 93' lang='lat' dir='ltr'><strong>si</strong></span> <span class='ocrx_word' id='word_1_11' title='bbox 1057 432 1111 486; x_wconf 90' lang='lat' dir='ltr'><strong>in</strong></span> <span class='ocrx_word' id='word_1_12' title='bbox 1147 431 1428 486; x_wconf 92' lang='lat' dir='ltr'><strong>altitudine</strong></span> <span class='ocrx_word' id='word_1_13' title='bbox 1458 444 1517 485; x_wconf 89' lang='lat' dir='ltr'><strong>se</strong></span> <span class='ocrx_word' id='word_1_14' title='bbox 1546 432 1701 486; x_wconf 77' lang='lat' dir='ltr'><strong>nobis</strong></span> <span class='ocrx_word' id='word_1_15' title='bbox 1725 436 1988 493; x_wconf 75' lang='lat' dir='ltr'><strong>ostendat,</strong></span> <span class='ocrx_word' id='word_1_16' title='bbox 2021 433 2071 492; x_wconf 78' lang='grc' dir='ltr'><strong>Α</strong></span> <span class='ocrx_word' id='word_1_17' title='bbox 2096 427 2222 497; x_wconf 88' lang='lat' dir='ltr'><strong>quia</strong></span> <span class='ocrx_word' id='word_1_18' title='bbox 2265 428 2355 498; x_wconf 85' lang='lat' dir='ltr'><strong>qui</strong></span> <span class='ocrx_word' id='word_1_19' title='bbox 2391 433 2498 479; x_wconf 83' lang='lat' dir='ltr'><strong>vult</strong></span> <span class='ocrx_word' id='word_1_20' title='bbox 2529 427 2760 481; x_wconf 79' lang='lat' dir='ltr'><strong>animam</strong></span> <span class='ocrx_word' id='word_1_21' title='bbox 2796 442 2947 480; x_wconf 84' lang='lat' dir='ltr'><strong>suam</strong></span> <span class='ocrx_word' id='word_1_22' title='bbox 2989 424 3184 480; x_wconf 78' lang='lat' dir='ltr'><strong>salvam</strong></span> <span class='ocrx_word' id='word_1_23' title='bbox 3240 422 3433 492; x_wconf 79' lang='lat' dir='ltr'><strong>facere,</strong></span> <span class='ocrx_word' id='word_1_24' title='bbox 3490 422 3663 491; x_wconf 81' lang='lat' dir='ltr'><strong>perdet</strong></span> 
     </span>
    </p>
   </div>
   <div class='ocr_carea' id='block_1_3' title="bbox 426 521 1993 594">
    <p class='ocr_par' dir='ltr' id='par_1_3' title="bbox 426 521 1993 594">
     <span class='ocr_line' id='line_1_3' title="bbox 426 521 1993 594; baseline -0.003 -15"><span class='ocrx_word' id='word_1_25' title='bbox 426 524 495 580; x_wconf 89' lang='lat' dir='ltr'><strong>de</strong></span> <span class='ocrx_word' id='word_1_26' title='bbox 526 538 642 594; x_wconf 85' lang='lat' dir='ltr'><strong>qua</strong></span> <span class='ocrx_word' id='word_1_27' title='bbox 688 522 819 579; x_wconf 82' lang='lat' dir='ltr'><strong>dicit</strong></span> <span class='ocrx_word' id='word_1_28' title='bbox 861 521 1192 592; x_wconf 85' lang='lat' dir='ltr'><strong>Apostolus:</strong></span> <span class='ocrx_word' id='word_1_29' title='bbox 1228 521 1305 575; x_wconf 84' lang='lat' dir='ltr'><strong>An</strong></span> <span class='ocrx_word' id='word_1_30' title='bbox 1355 522 1618 592; x_wconf 82' lang='lat' dir='ltr'><strong>ignoratis</strong></span> <span class='ocrx_word' id='word_1_31' title='bbox 1659 521 1993 575; x_wconf 87' lang='lat' dir='ltr'><strong>altitudinem</strong></span> 
     </span>
    </p>
   </div>
   <div class='ocr_carea' id='block_1_4' title="bbox 428 610 1997 682">
    <p class='ocr_par' dir='ltr' id='par_1_4' title="bbox 428 610 1997 682">
     <span class='ocr_line' id='line_1_4' title="bbox 428 610 1997 682; baseline -0.004 -11"><span class='ocrx_word' id='word_1_32' title='bbox 428 613 682 671; x_wconf 72' lang='lat' dir='ltr'><strong>Salsum?</strong></span> <span class='ocrx_word' id='word_1_33' title='bbox 721 630 751 668; x_wconf 91' lang='lat' dir='ltr'><strong>a</strong></span> <span class='ocrx_word' id='word_1_34' title='bbox 772 613 1051 682; x_wconf 84' lang='lat' dir='ltr'><strong>juvatione</strong></span> <span class='ocrx_word' id='word_1_35' title='bbox 1080 627 1178 667; x_wconf 91' lang='lat' dir='ltr'><strong>nos</strong></span> <span class='ocrx_word' id='word_1_36' title='bbox 1226 613 1437 667; x_wconf 88' lang='lat' dir='ltr'><strong>Domini</strong></span> <span class='ocrx_word' id='word_1_37' title='bbox 1470 611 1599 667; x_wconf 82' lang='lat' dir='ltr'><strong>Iesu</strong></span> <span class='ocrx_word' id='word_1_38' title='bbox 1651 610 1868 666; x_wconf 78' lang='lat' dir='ltr'><strong>debebit</strong></span> <span class='ocrx_word' id='word_1_39' title='bbox 1903 625 1997 663; x_wconf 86' lang='lat' dir='ltr'><strong>au-</strong></span> 
     </span>
    </p>
   </div>
   <div class='ocr_carea' id='block_1_5' title="bbox 428 701 1995 774">
    <p class='ocr_par' dir='ltr' id='par_1_5' title="bbox 428 701 1995 774">
     <span class='ocr_line' id='line_1_5' title="bbox 428 701 1995 774; baseline -0.004 -13"><span class='ocrx_word' id='word_1_40' title='bbox 428 704 591 761; x_wconf 87' lang='lat' dir='ltr'><strong>ferre.</strong></span> <span class='ocrx_word' id='word_1_41' title='bbox 640 703 824 774; x_wconf 84' lang='lat' dir='ltr'><strong>Neque</strong></span> <span class='ocrx_word' id='word_1_42' title='bbox 873 703 918 758; x_wconf 94' lang='lat' dir='ltr'><strong>si</strong></span> <span class='ocrx_word' id='word_1_43' title='bbox 963 717 1061 773; x_wconf 87' lang='lat' dir='ltr'><strong>per</strong></span> <span class='ocrx_word' id='word_1_44' title='bbox 1110 703 1446 774; x_wconf 83' lang='lat' dir='ltr'><strong>phantasiam</strong></span> <span class='ocrx_word' id='word_1_45' title='bbox 1493 701 1838 773; x_wconf 81' lang='lat' dir='ltr'><strong>profundam,</strong></span> <span class='ocrx_word' id='word_1_46' title='bbox 1889 716 1995 769; x_wconf 84' lang='lat' dir='ltr'><strong>qua</strong></span> 
     </span>
    </p>
   </div>
   <div class='ocr_carea' id='block_1_6' title="bbox 426 791 1996 859">
    <p class='ocr_par' dir='ltr' id='par_1_6' title="bbox 426 791 1996 859">
     <span class='ocr_line' id='line_1_6' title="bbox 426 791 1996 859; baseline -0.004 -8"><span class='ocrx_word' id='word_1_47' title='bbox 426 796 684 851; x_wconf 82' lang='lat' dir='ltr'><strong>seducere</strong></span> <span class='ocrx_word' id='word_1_48' title='bbox 725 794 1033 859; x_wconf 87' lang='lat' dir='ltr'><strong>meditatur,</strong></span> <span class='ocrx_word' id='word_1_49' title='bbox 1077 794 1232 848; x_wconf 87' lang='lat' dir='ltr'><strong>nobis</strong></span> <span class='ocrx_word' id='word_1_50' title='bbox 1272 800 1506 848; x_wconf 85' lang='lat' dir='ltr'><strong>ostentet</strong></span> <span class='ocrx_word' id='word_1_51' title='bbox 1561 793 1847 847; x_wconf 91' lang='lat' dir='ltr'><strong>horrorem</strong></span> <span class='ocrx_word' id='word_1_52' title='bbox 1894 791 1996 845; x_wconf 89' lang='lat' dir='ltr'><strong>mi-</strong></span> 
     </span>
    </p>
   </div>
   <div class='ocr_carea' id='block_1_7' title="bbox 428 883 1998 955">
    <p class='ocr_par' dir='ltr' id='par_1_7' title="bbox 428 883 1998 955">
     <span class='ocr_line' id='line_1_7' title="bbox 428 883 1998 955; baseline -0.002 -16"><span class='ocrx_word' id='word_1_53' title='bbox 428 886 675 940; x_wconf 86' lang='lat' dir='ltr'><strong>randum.</strong></span> <span class='ocrx_word' id='word_1_54' title='bbox 730 884 914 955; x_wconf 84' lang='lat' dir='ltr'><strong>Neque</strong></span> <span class='ocrx_word' id='word_1_55' title='bbox 941 885 986 940; x_wconf 88' lang='lat' dir='ltr'><strong>si</strong></span> <span class='ocrx_word' id='word_1_56' title='bbox 1015 883 1196 939; x_wconf 90' lang='lat' dir='ltr'><strong>futura</strong></span> <span class='ocrx_word' id='word_1_57' title='bbox 1222 884 1379 938; x_wconf 90' lang='lat' dir='ltr'><strong>nobis</strong></span> <span class='ocrx_word' id='word_1_58' title='bbox 1404 884 1681 953; x_wconf 87' lang='lat' dir='ltr'><strong>spondeat,</strong></span> <span class='ocrx_word' id='word_1_59' title='bbox 1725 898 1845 952; x_wconf 80' lang='lat' dir='ltr'><strong>quae</strong></span> <span class='ocrx_word' id='word_1_60' title='bbox 1873 896 1998 952; x_wconf 91' lang='lat' dir='ltr'><strong>pro—</strong></span> 
     </span>
    </p>
   </div>
   <div class='ocr_carea' id='block_1_8' title="bbox 427 971 1997 1041">
    <p class='ocr_par' dir='ltr' id='par_1_8' title="bbox 427 971 1997 1041">
     <span class='ocr_line' id='line_1_8' title="bbox 427 971 1997 1041; baseline -0.003 -11"><span class='ocrx_word' id='word_1_61' title='bbox 427 976 576 1030; x_wconf 88' lang='lat' dir='ltr'><strong>misit</strong></span> <span class='ocrx_word' id='word_1_62' title='bbox 618 971 1111 1041; x_wconf 48' lang='lat' dir='ltr'><strong>Evze,’assensum</strong></span> <span class='ocrx_word' id='word_1_63' title='bbox 1168 975 1415 1030; x_wconf 85' lang='lat' dir='ltr'><strong>dabimus</strong></span> <span class='ocrx_word' id='word_1_64' title='bbox 1440 974 1535 1029; x_wconf 90' lang='lat' dir='ltr'><strong>illi.</strong></span> <span class='ocrx_word' id='word_1_65' title='bbox 1567 974 1678 1029; x_wconf 85' lang='lat' dir='ltr'><strong>Nec</strong></span> <span class='ocrx_word' id='word_1_66' title='bbox 1710 975 1755 1028; x_wconf 90' lang='lat' dir='ltr'><strong>si</strong></span> <span class='ocrx_word' id='word_1_67' title='bbox 1800 982 1917 1028; x_wconf 90' lang='lat' dir='ltr'><strong>arte</strong></span> <span class='ocrx_word' id='word_1_68' title='bbox 1942 982 1997 1028; x_wconf 90' lang='lat' dir='ltr'><strong>et</strong></span> 
     </span>
    </p>
   </div>
   <div class='ocr_carea' id='block_1_9' title="bbox 428 1063 1997 1132">
    <p class='ocr_par' dir='ltr' id='par_1_9' title="bbox 428 1063 1997 1132">
     <span class='ocr_line' id='line_1_9' title="bbox 428 1063 1997 1132; baseline -0.002 -11"><span class='ocrx_word' id='word_1_69' title='bbox 428 1066 723 1122; x_wconf 88' lang='lat' dir='ltr'><strong>subtilitate</strong></span> <span class='ocrx_word' id='word_1_70' title='bbox 789 1065 1003 1121; x_wconf 69' lang='lat' dir='ltr'><strong>astutiae</strong></span> <span class='ocrx_word' id='word_1_71' title='bbox 1057 1079 1169 1119; x_wconf 69' lang='lat' dir='ltr'><strong>sum</strong></span> <span class='ocrx_word' id='word_1_72' title='bbox 1223 1064 1388 1119; x_wconf 89' lang='lat' dir='ltr'><strong>aliam</strong></span> <span class='ocrx_word' id='word_1_73' title='bbox 1456 1073 1762 1119; x_wconf 87' lang='lat' dir='ltr'><strong>creaturam</strong></span> <span class='ocrx_word' id='word_1_74' title='bbox 1810 1063 1997 1132; x_wconf 87' lang='lat' dir='ltr'><strong>adjun-</strong></span> 
     </span>
    </p>
   </div>
   <div class='ocr_carea' id='block_1_10' title="bbox 428 1153 1997 1229">
    <p class='ocr_par' dir='ltr' id='par_1_10' title="bbox 428 1153 1997 1229">
     <span class='ocr_line' id='line_1_10' title="bbox 428 1153 1997 1229; baseline -0.002 -18"><span class='ocrx_word' id='word_1_75' title='bbox 428 1165 519 1229; x_wconf 89' lang='lat' dir='ltr'><strong>gat</strong></span> <span class='ocrx_word' id='word_1_76' title='bbox 570 1156 818 1222; x_wconf 89' lang='lat' dir='ltr'><strong>adorare,</strong></span> <span class='ocrx_word' id='word_1_77' title='bbox 852 1156 994 1211; x_wconf 87' lang='lat' dir='ltr'><strong>sicut</strong></span> <span class='ocrx_word' id='word_1_78' title='bbox 1036 1156 1335 1225; x_wconf 83' lang='lat' dir='ltr'><strong>junxerunt</strong></span> <span class='ocrx_word' id='word_1_79' title='bbox 1371 1153 1589 1210; x_wconf 84' lang='lat' dir='ltr'><strong>Jamnes</strong></span> <span class='ocrx_word' id='word_1_80' title='bbox 1636 1162 1692 1209; x_wconf 87' lang='lat' dir='ltr'><strong>et</strong></span> <span class='ocrx_word' id='word_1_81' title='bbox 1730 1154 1997 1208; x_wconf 80' lang='lat' dir='ltr'><strong>Mambres</strong></span> 
     </span>
    </p>
   </div>
   <div class='ocr_carea' id='block_1_11' title="bbox 425 1246 1995 1320">
    <p class='ocr_par' dir='ltr' id='par_1_11' title="bbox 425 1246 1995 1320">
     <span class='ocr_line' id='line_1_11' title="bbox 425 1246 1995 1320; baseline -0.002 -18"><span class='ocrx_word' id='word_1_82' title='bbox 425 1248 603 1320; x_wconf 89' lang='lat' dir='ltr'><strong>palam</strong></span> <span class='ocrx_word' id='word_1_83' title='bbox 657 1247 957 1310; x_wconf 88' lang='lat' dir='ltr'><strong>Pharaone,</strong></span> <span class='ocrx_word' id='word_1_84' title='bbox 1005 1246 1334 1302; x_wconf 86' lang='lat' dir='ltr'><strong>conveniens</strong></span> <span class='ocrx_word' id='word_1_85' title='bbox 1386 1253 1471 1300; x_wconf 90' lang='lat' dir='ltr'><strong>est</strong></span> <span class='ocrx_word' id='word_1_86' title='bbox 1523 1255 1585 1299; x_wconf 90' lang='lat' dir='ltr'><strong>ut</strong></span> <span class='ocrx_word' id='word_1_87' title='bbox 1641 1260 1740 1314; x_wconf 89' lang='lat' dir='ltr'><strong>per</strong></span> <span class='ocrx_word' id='word_1_88' title='bbox 1782 1246 1899 1300; x_wconf 60' lang='lat' dir='ltr'><strong>haee</strong></span> <span class='ocrx_word' id='word_1_89' title='bbox 1964 1259 1995 1298; x_wconf 88' lang='lat' dir='ltr'><strong>a</strong></span> 
     </span>
    </p>
   </div>
   <div class='ocr_carea' id='block_1_12' title="bbox 425 1337 1998 1407">
    <p class='ocr_par' dir='ltr' id='par_1_12' title="bbox 425 1337 1998 1407">
     <span class='ocr_line' id='line_1_12' title="bbox 425 1337 1998 1407; baseline -0.005 -10"><span class='ocrx_word' id='word_1_90' title='bbox 425 1342 538 1397; x_wconf 89' lang='lat' dir='ltr'><strong>Deo</strong></span> <span class='ocrx_word' id='word_1_91' title='bbox 590 1348 837 1396; x_wconf 84' lang='lat' dir='ltr'><strong>creatore</strong></span> <span class='ocrx_word' id='word_1_92' title='bbox 871 1353 973 1393; x_wconf 89' lang='lat' dir='ltr'><strong>nos</strong></span> <span class='ocrx_word' id='word_1_93' title='bbox 999 1347 1205 1402; x_wconf 82' lang='lat' dir='ltr'><strong>evocet,</strong></span> <span class='ocrx_word' id='word_1_94' title='bbox 1261 1352 1421 1407; x_wconf 87' lang='lat' dir='ltr'><strong>quem</strong></span> <span class='ocrx_word' id='word_1_95' title='bbox 1448 1337 1815 1407; x_wconf 87' lang='lat' dir='ltr'><strong>ignoravimus</strong></span> <span class='ocrx_word' id='word_1_96' title='bbox 1846 1351 1998 1391; x_wconf 83' lang='lat' dir='ltr'><strong>crea-</strong></span> 
     </span>
    </p>
   </div>
   <div class='ocr_carea' id='block_1_13' title="bbox 427 1425 1987 1491">
    <p class='ocr_par' dir='ltr' id='par_1_13' title="bbox 427 1425 1987 1491">
     <span class='ocr_line' id='line_1_13' title="bbox 427 1425 1987 1491; baseline -0.006 -5"><span class='ocrx_word' id='word_1_97' title='bbox 427 1440 604 1486; x_wconf 84' lang='lat' dir='ltr'><strong>turam</strong></span> <span class='ocrx_word' id='word_1_98' title='bbox 656 1429 958 1485; x_wconf 88' lang='lat' dir='ltr'><strong>condidisse</strong></span> <span class='ocrx_word' id='word_1_99' title='bbox 1005 1428 1060 1481; x_wconf 91' lang='lat' dir='ltr'><strong>in</strong></span> <span class='ocrx_word' id='word_1_100' title='bbox 1119 1434 1378 1481; x_wconf 63' lang='lat' dir='ltr'><strong>internum</strong></span> <span class='ocrx_word' id='word_1_101' title='bbox 1454 1427 1799 1482; x_wconf 78' lang='lat' dir='ltr'><strong>existentem.</strong></span> <span class='ocrx_word' id='word_1_102' title='bbox 1858 1425 1987 1491; x_wconf 86' lang='lat' dir='ltr'><strong>Qui-</strong></span> 
     </span>
    </p>
   </div>
   <div class='ocr_carea' id='block_1_14' title="bbox 424 1514 1993 1577">
    <p class='ocr_par' dir='ltr' id='par_1_14' title="bbox 424 1514 1993 1577">
     <span class='ocr_line' id='line_1_14' title="bbox 424 1514 1993 1577; baseline -0.004 -3"><span class='ocrx_word' id='word_1_103' title='bbox 424 1519 652 1574; x_wconf 83' lang='lat' dir='ltr'><strong>busdam</strong></span> <span class='ocrx_word' id='word_1_104' title='bbox 701 1516 917 1571; x_wconf 88' lang='lat' dir='ltr'><strong>videtur</strong></span> <span class='ocrx_word' id='word_1_105' title='bbox 953 1514 1114 1569; x_wconf 88' lang='lat' dir='ltr'><strong>aliam</strong></span> <span class='ocrx_word' id='word_1_106' title='bbox 1153 1524 1448 1569; x_wconf 79' lang='lat' dir='ltr'><strong>creaturam</strong></span> <span class='ocrx_word' id='word_1_107' title='bbox 1481 1515 1548 1568; x_wconf 87' lang='lat' dir='ltr'><strong>de</strong></span> <span class='ocrx_word' id='word_1_108' title='bbox 1591 1514 1748 1568; x_wconf 86' lang='lat' dir='ltr'><strong>idolis</strong></span> <span class='ocrx_word' id='word_1_109' title='bbox 1769 1514 1993 1577; x_wconf 88' lang='lat' dir='ltr'><strong>dictum,</strong></span> 
     </span>
    </p>
   </div>
   <div class='ocr_carea' id='block_1_15' title="bbox 426 1602 1996 1675">
    <p class='ocr_par' dir='ltr' id='par_1_15' title="bbox 426 1602 1996 1675">
     <span class='ocr_line' id='line_1_15' title="bbox 426 1602 1996 1675; baseline -0.005 -10"><span class='ocrx_word' id='word_1_110' title='bbox 426 1608 522 1665; x_wconf 88' lang='lat' dir='ltr'><strong>sed</strong></span> <span class='ocrx_word' id='word_1_111' title='bbox 550 1623 656 1663; x_wconf 91' lang='lat' dir='ltr'><strong>non</strong></span> <span class='ocrx_word' id='word_1_112' title='bbox 702 1616 785 1664; x_wconf 91' lang='lat' dir='ltr'><strong>est</strong></span> <span class='ocrx_word' id='word_1_113' title='bbox 828 1620 1043 1671; x_wconf 89' lang='lat' dir='ltr'><strong>verum,</strong></span> <span class='ocrx_word' id='word_1_114' title='bbox 1091 1606 1220 1675; x_wconf 86' lang='lat' dir='ltr'><strong>quia</strong></span> <span class='ocrx_word' id='word_1_115' title='bbox 1271 1605 1411 1659; x_wconf 90' lang='lat' dir='ltr'><strong>hanc</strong></span> <span class='ocrx_word' id='word_1_116' title='bbox 1466 1604 1652 1659; x_wconf 89' lang='lat' dir='ltr'><strong>debuit</strong></span> <span class='ocrx_word' id='word_1_117' title='bbox 1693 1602 1996 1675; x_wconf 91' lang='lat' dir='ltr'><strong>signiﬁcare</strong></span> 
     </span>
    </p>
   </div>
   <div class='ocr_carea' id='block_1_16' title="bbox 426 1694 1995 1770">
    <p class='ocr_par' dir='ltr' id='par_1_16' title="bbox 426 1694 1995 1770">
     <span class='ocr_line' id='line_1_16' title="bbox 426 1694 1995 1770; baseline -0.004 -15"><span class='ocrx_word' id='word_1_118' title='bbox 426 1715 587 1770; x_wconf 87' lang='lat' dir='ltr'><strong>quam</strong></span> <span class='ocrx_word' id='word_1_119' title='bbox 623 1699 723 1754; x_wconf 92' lang='lat' dir='ltr'><strong>sub</strong></span> <span class='ocrx_word' id='word_1_120' title='bbox 776 1697 1132 1753; x_wconf 86' lang='lat' dir='ltr'><strong>admiratione</strong></span> <span class='ocrx_word' id='word_1_121' title='bbox 1178 1696 1505 1751; x_wconf 90' lang='lat' dir='ltr'><strong>seductionis</strong></span> <span class='ocrx_word' id='word_1_122' title='bbox 1552 1694 1766 1749; x_wconf 90' lang='lat' dir='ltr'><strong>videtur</strong></span> <span class='ocrx_word' id='word_1_123' title='bbox 1794 1694 1995 1765; x_wconf 88' lang='lat' dir='ltr'><strong>ﬁngere</strong></span> 
     </span>
    </p>
   </div>
   <div class='ocr_carea' id='block_1_17' title="bbox 426 1790 676 1847">
    <p class='ocr_par' dir='ltr' id='par_1_17' title="bbox 426 1790 676 1847">
     <span class='ocr_line' id='line_1_17' title="bbox 426 1790 676 1847; baseline -0.012 -1"><span class='ocrx_word' id='word_1_124' title='bbox 426 1790 676 1847; x_wconf 86' lang='lat' dir='ltr'><strong>Satanas.</strong></span> 
     </span>
    </p>
   </div>
   <div class='ocr_carea' id='block_1_18' title="bbox 1038 1876 1395 1934">
    <p class='ocr_par' dir='ltr' id='par_1_18' title="bbox 1038 1876 1395 1934">
     <span class='ocr_line' id='line_1_18' title="bbox 1038 1876 1395 1934; baseline -0.006 -1"><span class='ocrx_word' id='word_1_125' title='bbox 1038 1876 1267 1934; x_wconf 79' lang='lat' dir='ltr'><strong>CAPUT</strong></span> <span class='ocrx_word' id='word_1_126' title='bbox 1304 1877 1395 1932; x_wconf 63' lang='grc' dir='ltr'><strong>ιχ.</strong></span> 
     </span>
    </p>
   </div>
   <div class='ocr_carea' id='block_1_19' title="bbox 502 1966 1995 2026">
    <p class='ocr_par' dir='ltr' id='par_1_19' title="bbox 502 1966 1995 2026">
     <span class='ocr_line' id='line_1_19' title="bbox 502 1966 1995 2026; baseline -0.001 -2"><span class='ocrx_word' id='word_1_127' title='bbox 502 1968 781 2026; x_wconf 77' lang='lat' dir='ltr'><strong>Veritatem</strong></span> <span class='ocrx_word' id='word_1_128' title='bbox 822 1970 937 2023; x_wconf 84' lang='lat' dir='ltr'><strong>dico</strong></span> <span class='ocrx_word' id='word_1_129' title='bbox 978 1970 1033 2024; x_wconf 90' lang='lat' dir='ltr'><strong>in</strong></span> <span class='ocrx_word' id='word_1_130' title='bbox 1083 1967 1291 2024; x_wconf 78' lang='lat' dir='ltr'><strong>Christo</strong></span> <span class='ocrx_word' id='word_1_131' title='bbox 1336 1966 1488 2022; x_wconf 87' lang='lat' dir='ltr'><strong>Iesu.</strong></span> <span class='ocrx_word' id='word_1_132' title='bbox 1541 1969 1741 2024; x_wconf 82' lang='lat' dir='ltr'><strong>Contra</strong></span> <span class='ocrx_word' id='word_1_133' title='bbox 1780 1968 1995 2024; x_wconf 67' lang='lat' dir='ltr'><strong>Iudaeos</strong></span> 
     </span>
    </p>
   </div>
   <div class='ocr_carea' id='block_1_20' title="bbox 432 2058 1994 2132">
    <p class='ocr_par' dir='ltr' id='par_1_20' title="bbox 432 2058 1994 2132">
     <span class='ocr_line' id='line_1_20' title="bbox 432 2058 1994 2132; baseline -0.004 -15"><span class='ocrx_word' id='word_1_134' title='bbox 432 2071 675 2127; x_wconf 88' lang='lat' dir='ltr'><strong>acturus,</strong></span> <span class='ocrx_word' id='word_1_135' title='bbox 721 2059 953 2132; x_wconf 88' lang='lat' dir='ltr'><strong>primum</strong></span> <span class='ocrx_word' id='word_1_136' title='bbox 1003 2058 1109 2115; x_wconf 88' lang='lat' dir='ltr'><strong>illis</strong></span> <span class='ocrx_word' id='word_1_137' title='bbox 1149 2058 1437 2123; x_wconf 84' lang='lat' dir='ltr'><strong>satisfacit,</strong></span> <span class='ocrx_word' id='word_1_138' title='bbox 1465 2073 1569 2113; x_wconf 91' lang='lat' dir='ltr'><strong>non</strong></span> <span class='ocrx_word' id='word_1_139' title='bbox 1600 2074 1659 2113; x_wconf 88' lang='lat' dir='ltr'><strong>se</strong></span> <span class='ocrx_word' id='word_1_140' title='bbox 1683 2058 1793 2113; x_wconf 90' lang='lat' dir='ltr'><strong>odii</strong></span> <span class='ocrx_word' id='word_1_141' title='bbox 1829 2073 1994 2113; x_wconf 90' lang='lat' dir='ltr'><strong>causa</strong></span> 
     </span>
    </p>
   </div>
   <div class='ocr_carea' id='block_1_21' title="bbox 423 2148 1994 2219">
    <p class='ocr_par' dir='ltr' id='par_1_21' title="bbox 423 2148 1994 2219">
     <span class='ocr_line' id='line_1_21' title="bbox 423 2148 1994 2219; baseline -0.002 -13"><span class='ocrx_word' id='word_1_142' title='bbox 423 2152 542 2207; x_wconf 74' lang='lat' dir='ltr'><strong>inec</strong></span> <span class='ocrx_word' id='word_1_143' title='bbox 569 2151 769 2215; x_wconf 88' lang='lat' dir='ltr'><strong>dicere,</strong></span> <span class='ocrx_word' id='word_1_144' title='bbox 812 2149 907 2205; x_wconf 87' lang='lat' dir='ltr'><strong>sed</strong></span> <span class='ocrx_word' id='word_1_145' title='bbox 935 2150 1155 2216; x_wconf 87' lang='lat' dir='ltr'><strong>amoris,</strong></span> <span class='ocrx_word' id='word_1_146' title='bbox 1177 2165 1243 2205; x_wconf 91' lang='lat' dir='ltr'><strong>eo</strong></span> <span class='ocrx_word' id='word_1_147' title='bbox 1273 2149 1416 2219; x_wconf 88' lang='lat' dir='ltr'><strong>quod</strong></span> <span class='ocrx_word' id='word_1_148' title='bbox 1447 2148 1623 2204; x_wconf 86' lang='lat' dir='ltr'><strong>doleat</strong></span> <span class='ocrx_word' id='word_1_149' title='bbox 1640 2148 1759 2204; x_wconf 87' lang='lat' dir='ltr'><strong>illos</strong></span> <span class='ocrx_word' id='word_1_150' title='bbox 1778 2148 1994 2204; x_wconf 86' lang='lat' dir='ltr'><strong>Christo</strong></span> 
     </span>
    </p>
   </div>
   <div class='ocr_carea' id='block_1_22' title="bbox 423 2230 1987 2311">
    <p class='ocr_par' dir='ltr' id='par_1_22' title="bbox 423 2230 1987 2311">
     <span class='ocr_line' id='line_1_22' title="bbox 423 2230 1987 2311; baseline -0.003 -15"><span class='ocrx_word' id='word_1_151' title='bbox 423 2230 546 2297; x_wconf 49' lang='lat' dir='ltr'><strong>non.</strong></span> <span class='ocrx_word' id='word_1_152' title='bbox 560 2241 803 2306; x_wconf 89' lang='lat' dir='ltr'><strong>credere,</strong></span> <span class='ocrx_word' id='word_1_153' title='bbox 829 2241 897 2294; x_wconf 88' lang='lat' dir='ltr'><strong>ad</strong></span> <span class='ocrx_word' id='word_1_154' title='bbox 946 2256 1082 2310; x_wconf 90' lang='lat' dir='ltr'><strong>quos</strong></span> <span class='ocrx_word' id='word_1_155' title='bbox 1106 2242 1341 2311; x_wconf 88' lang='lat' dir='ltr'><strong>primum</strong></span> <span class='ocrx_word' id='word_1_156' title='bbox 1377 2240 1663 2295; x_wconf 87' lang='lat' dir='ltr'><strong>salvandos</strong></span> <span class='ocrx_word' id='word_1_157' title='bbox 1687 2239 1987 2295; x_wconf 88' lang='lat' dir='ltr'><strong>advenerit.</strong></span> 
     </span>
    </p>
   </div>
   <div class='ocr_carea' id='block_1_23' title="bbox 423 2326 1994 2398">
    <p class='ocr_par' dir='ltr' id='par_1_23' title="bbox 423 2326 1994 2398">
     <span class='ocr_line' id='line_1_23' title="bbox 423 2326 1994 2398; baseline -0.001 -14"><span class='ocrx_word' id='word_1_158' title='bbox 423 2329 714 2385; x_wconf 80' lang='lat' dir='ltr'><strong>Videamus</strong></span> <span class='ocrx_word' id='word_1_159' title='bbox 738 2342 907 2398; x_wconf 89' lang='lat' dir='ltr'><strong>quare</strong></span> <span class='ocrx_word' id='word_1_160' title='bbox 955 2329 1152 2383; x_wconf 80' lang='lat' dir='ltr'><strong>dixerit</strong></span> <span class='ocrx_word' id='word_1_161' title='bbox 1199 2327 1482 2382; x_wconf 80' lang='lat' dir='ltr'><strong>Veritatem</strong></span> <span class='ocrx_word' id='word_1_162' title='bbox 1509 2329 1564 2382; x_wconf 85' lang='lat' dir='ltr'><strong>in</strong></span> <span class='ocrx_word' id='word_1_163' title='bbox 1584 2326 1810 2393; x_wconf 81' lang='lat' dir='ltr'><strong>Christo,</strong></span> <span class='ocrx_word' id='word_1_164' title='bbox 1839 2328 1994 2398; x_wconf 89' lang='lat' dir='ltr'><strong>quasi</strong></span> 
     </span>
    </p>
   </div>
   <div class='ocr_carea' id='block_1_24' title="bbox 422 2418 1995 2488">
    <p class='ocr_par' dir='ltr' id='par_1_24' title="bbox 422 2418 1995 2488">
     <span class='ocr_line' id='line_1_24' title="bbox 422 2418 1995 2488; baseline -0.001 -14"><span class='ocrx_word' id='word_1_165' title='bbox 422 2419 713 2475; x_wconf 87' lang='lat' dir='ltr'><strong>ostendens</strong></span> <span class='ocrx_word' id='word_1_166' title='bbox 746 2433 867 2474; x_wconf 89' lang='lat' dir='ltr'><strong>esse</strong></span> <span class='ocrx_word' id='word_1_167' title='bbox 918 2418 1154 2488; x_wconf 87' lang='lat' dir='ltr'><strong>aliquam</strong></span> <span class='ocrx_word' id='word_1_168' title='bbox 1201 2420 1485 2474; x_wconf 88' lang='lat' dir='ltr'><strong>veritatem</strong></span> <span class='ocrx_word' id='word_1_169' title='bbox 1533 2433 1653 2488; x_wconf 70' lang='lat' dir='ltr'><strong>qua:</strong></span> <span class='ocrx_word' id='word_1_170' title='bbox 1690 2434 1794 2473; x_wconf 87' lang='lat' dir='ltr'><strong>non</strong></span> <span class='ocrx_word' id='word_1_171' title='bbox 1839 2420 1910 2473; x_wconf 87' lang='lat' dir='ltr'><strong>sit</strong></span> <span class='ocrx_word' id='word_1_172' title='bbox 1938 2419 1995 2472; x_wconf 91' lang='lat' dir='ltr'><strong>in</strong></span> 
     </span>
    </p>
   </div>
   <div class='ocr_carea' id='block_1_25' title="bbox 421 2509 1993 2581">
    <p class='ocr_par' dir='ltr' id='par_1_25' title="bbox 421 2509 1993 2581">
     <span class='ocr_line' id='line_1_25' title="bbox 421 2509 1993 2581; baseline -0.004 -13"><span class='ocrx_word' id='word_1_173' title='bbox 421 2510 660 2578; x_wconf 85' lang='lat' dir='ltr'><strong>Christo,</strong></span> <span class='ocrx_word' id='word_1_174' title='bbox 692 2519 747 2567; x_wconf 89' lang='lat' dir='ltr'><strong>et</strong></span> <span class='ocrx_word' id='word_1_175' title='bbox 783 2511 905 2567; x_wconf 88' lang='lat' dir='ltr'><strong>vide</strong></span> <span class='ocrx_word' id='word_1_176' title='bbox 932 2511 979 2566; x_wconf 89' lang='lat' dir='ltr'><strong>si</strong></span> <span class='ocrx_word' id='word_1_177' title='bbox 1039 2526 1324 2581; x_wconf 87' lang='lat' dir='ltr'><strong>possumus</strong></span> <span class='ocrx_word' id='word_1_178' title='bbox 1368 2510 1461 2565; x_wconf 91' lang='lat' dir='ltr'><strong>tali</strong></span> <span class='ocrx_word' id='word_1_179' title='bbox 1515 2511 1672 2566; x_wconf 90' lang='lat' dir='ltr'><strong>modo</strong></span> <span class='ocrx_word' id='word_1_180' title='bbox 1710 2509 1993 2564; x_wconf 84' lang='lat' dir='ltr'><strong>veritatem</strong></span> 
     </span>
    </p>
   </div>
   <div class='ocr_carea' id='block_1_26' title="bbox 423 2601 1994 2674">
    <p class='ocr_par' dir='ltr' id='par_1_26' title="bbox 423 2601 1994 2674">
     <span class='ocr_line' id='line_1_26' title="bbox 423 2601 1994 2674; baseline -0.003 -15"><span class='ocrx_word' id='word_1_181' title='bbox 423 2618 544 2674; x_wconf 65' lang='lat' dir='ltr'><strong>quae</strong></span> <span class='ocrx_word' id='word_1_182' title='bbox 589 2603 643 2658; x_wconf 90' lang='lat' dir='ltr'><strong>in</strong></span> <span class='ocrx_word' id='word_1_183' title='bbox 687 2601 905 2658; x_wconf 85' lang='lat' dir='ltr'><strong>Christo</strong></span> <span class='ocrx_word' id='word_1_184' title='bbox 934 2610 1017 2658; x_wconf 90' lang='lat' dir='ltr'><strong>est</strong></span> <span class='ocrx_word' id='word_1_185' title='bbox 1058 2602 1127 2657; x_wconf 84' lang='lat' dir='ltr'><strong>ab</strong></span> <span class='ocrx_word' id='word_1_186' title='bbox 1178 2617 1243 2658; x_wconf 91' lang='lat' dir='ltr'><strong>ea</strong></span> <span class='ocrx_word' id='word_1_187' title='bbox 1275 2618 1396 2673; x_wconf 61' lang='lat' dir='ltr'><strong>quas</strong></span> <span class='ocrx_word' id='word_1_188' title='bbox 1421 2617 1528 2656; x_wconf 90' lang='lat' dir='ltr'><strong>non</strong></span> <span class='ocrx_word' id='word_1_189' title='bbox 1572 2602 1730 2656; x_wconf 87' lang='lat' dir='ltr'><strong>estin</strong></span> <span class='ocrx_word' id='word_1_190' title='bbox 1777 2601 1994 2656; x_wconf 87' lang='lat' dir='ltr'><strong>Christo</strong></span> 
     </span>
    </p>
   </div>
   <div class='ocr_carea' id='block_1_27' title="bbox 423 2690 1989 2765">
    <p class='ocr_par' dir='ltr' id='par_1_27' title="bbox 423 2690 1989 2765">
     <span class='ocr_line' id='line_1_27' title="bbox 423 2690 1989 2765; baseline -0.003 -17"><span class='ocrx_word' id='word_1_191' title='bbox 423 2693 758 2765; x_wconf 82' lang='lat' dir='ltr'><strong>distinguere</strong></span> <span class='ocrx_word' id='word_1_192' title='bbox 789 2711 801 2747; x_wconf 89' lang='lat'><strong>:</strong></span> <span class='ocrx_word' id='word_1_193' title='bbox 834 2693 1039 2748; x_wconf 87' lang='lat' dir='ltr'><strong>veritas</strong></span> <span class='ocrx_word' id='word_1_194' title='bbox 1075 2707 1201 2764; x_wconf 88' lang='lat' dir='ltr'><strong>ergo</strong></span> <span class='ocrx_word' id='word_1_195' title='bbox 1230 2692 1430 2747; x_wconf 87' lang='lat' dir='ltr'><strong>Christi</strong></span> <span class='ocrx_word' id='word_1_196' title='bbox 1453 2706 1573 2747; x_wconf 88' lang='lat' dir='ltr'><strong>esse</strong></span> <span class='ocrx_word' id='word_1_197' title='bbox 1600 2690 1866 2745; x_wconf 85' lang='lat' dir='ltr'><strong>credenda</strong></span> <span class='ocrx_word' id='word_1_198' title='bbox 1887 2698 1989 2755; x_wconf 90' lang='lat' dir='ltr'><strong>est,</strong></span> 
     </span>
    </p>
   </div>
   <div class='ocr_carea' id='block_1_28' title="bbox 424 2780 1991 2853">
    <p class='ocr_par' dir='ltr' id='par_1_28' title="bbox 424 2780 1991 2853">
     <span class='ocr_line' id='line_1_28' title="bbox 424 2780 1991 2853; baseline -0.001 -16"><span class='ocrx_word' id='word_1_199' title='bbox 424 2784 514 2839; x_wconf 91' lang='lat' dir='ltr'><strong>ubi</strong></span> <span class='ocrx_word' id='word_1_200' title='bbox 566 2790 622 2838; x_wconf 88' lang='lat' dir='ltr'><strong>et</strong></span> <span class='ocrx_word' id='word_1_201' title='bbox 672 2783 899 2853; x_wconf 75' lang='lat' dir='ltr'><strong>reliqum</strong></span> <span class='ocrx_word' id='word_1_202' title='bbox 950 2783 1202 2849; x_wconf 84' lang='lat' dir='ltr'><strong>virtutes,</strong></span> <span class='ocrx_word' id='word_1_203' title='bbox 1245 2799 1365 2853; x_wconf 68' lang='lat' dir='ltr'><strong>qua:</strong></span> <span class='ocrx_word' id='word_1_204' title='bbox 1419 2782 1672 2838; x_wconf 88' lang='lat' dir='ltr'><strong>Christus</strong></span> <span class='ocrx_word' id='word_1_205' title='bbox 1724 2796 1848 2837; x_wconf 89' lang='lat' dir='ltr'><strong>esse</strong></span> <span class='ocrx_word' id='word_1_206' title='bbox 1896 2780 1991 2835; x_wconf 88' lang='lat' dir='ltr'><strong>de-</strong></span> 
     </span>
    </p>
   </div>
   <div class='ocr_carea' id='block_1_29' title="bbox 425 2873 1995 2945">
    <p class='ocr_par' dir='ltr' id='par_1_29' title="bbox 425 2873 1995 2945">
     <span class='ocr_line' id='line_1_29' title="bbox 425 2873 1995 2945; baseline -0.003 -15"><span class='ocrx_word' id='word_1_207' title='bbox 425 2875 707 2942; x_wconf 88' lang='lat' dir='ltr'><strong>scribitur,</strong></span> <span class='ocrx_word' id='word_1_208' title='bbox 759 2875 814 2930; x_wconf 90' lang='lat' dir='ltr'><strong>id</strong></span> <span class='ocrx_word' id='word_1_209' title='bbox 865 2882 968 2941; x_wconf 87' lang='lat' dir='ltr'><strong>est,</strong></span> <span class='ocrx_word' id='word_1_210' title='bbox 1026 2876 1118 2930; x_wconf 89' lang='lat' dir='ltr'><strong>ubi</strong></span> <span class='ocrx_word' id='word_1_211' title='bbox 1165 2875 1400 2945; x_wconf 77' lang='lat' dir='ltr'><strong>iustitia,</strong></span> <span class='ocrx_word' id='word_1_212' title='bbox 1458 2874 1549 2930; x_wconf 90' lang='lat' dir='ltr'><strong>ubi</strong></span> <span class='ocrx_word' id='word_1_213' title='bbox 1590 2890 1716 2944; x_wconf 84' lang='lat' dir='ltr'><strong>pax,</strong></span> <span class='ocrx_word' id='word_1_214' title='bbox 1766 2873 1857 2927; x_wconf 91' lang='lat' dir='ltr'><strong>ubi</strong></span> <span class='ocrx_word' id='word_1_215' title='bbox 1910 2879 1995 2927; x_wconf 93' lang='lat' dir='ltr'><strong>est</strong></span> 
     </span>
    </p>
   </div>
   <div class='ocr_carea' id='block_1_30' title="bbox 426 2964 1988 3029">
    <p class='ocr_par' dir='ltr' id='par_1_30' title="bbox 426 2964 1988 3029">
     <span class='ocr_line' id='line_1_30' title="bbox 426 2964 1988 3029; baseline -0.001 -11"><span class='ocrx_word' id='word_1_216' title='bbox 426 2964 651 3020; x_wconf 81' lang='lat' dir='ltr'><strong>verbum</strong></span> <span class='ocrx_word' id='word_1_217' title='bbox 694 2965 811 3029; x_wconf 88' lang='lat' dir='ltr'><strong>Dei,</strong></span> <span class='ocrx_word' id='word_1_218' title='bbox 871 2965 965 3019; x_wconf 90' lang='lat' dir='ltr'><strong>ubi</strong></span> <span class='ocrx_word' id='word_1_219' title='bbox 1018 2973 1101 3021; x_wconf 92' lang='lat' dir='ltr'><strong>est</strong></span> <span class='ocrx_word' id='word_1_220' title='bbox 1136 2973 1192 3021; x_wconf 92' lang='lat' dir='ltr'><strong>et</strong></span> <span class='ocrx_word' id='word_1_221' title='bbox 1218 2967 1414 3021; x_wconf 90' lang='lat' dir='ltr'><strong>veritas</strong></span> <span class='ocrx_word' id='word_1_222' title='bbox 1437 2965 1660 3021; x_wconf 87' lang='lat' dir='ltr'><strong>Christi.</strong></span> <span class='ocrx_word' id='word_1_223' title='bbox 1687 2965 1784 3018; x_wconf 87' lang='lat' dir='ltr'><strong>Est</strong></span> <span class='ocrx_word' id='word_1_224' title='bbox 1811 2972 1988 3018; x_wconf 89' lang='lat' dir='ltr'><strong>autem</strong></span> 
     </span>
    </p>
   </div>
   <div class='ocr_carea' id='block_1_31' title="bbox 420 3053 1989 3125">
    <p class='ocr_par' dir='ltr' id='par_1_31' title="bbox 420 3053 1989 3125">
     <span class='ocr_line' id='line_1_31' title="bbox 420 3053 1989 3125; baseline -0.001 -16"><span class='ocrx_word' id='word_1_225' title='bbox 420 3053 626 3110; x_wconf 85' lang='lat' dir='ltr'><strong>veritas</strong></span> <span class='ocrx_word' id='word_1_226' title='bbox 648 3061 705 3108; x_wconf 92' lang='lat' dir='ltr'><strong>et</strong></span> <span class='ocrx_word' id='word_1_227' title='bbox 737 3054 955 3125; x_wconf 88' lang='lat' dir='ltr'><strong>injusta,</strong></span> <span class='ocrx_word' id='word_1_228' title='bbox 981 3063 1041 3109; x_wconf 93' lang='lat' dir='ltr'><strong>ut</strong></span> <span class='ocrx_word' id='word_1_229' title='bbox 1069 3056 1136 3120; x_wconf 89' lang='lat' dir='ltr'><strong>si,</strong></span> <span class='ocrx_word' id='word_1_230' title='bbox 1174 3057 1324 3111; x_wconf 86' lang='lat' dir='ltr'><strong>verbi</strong></span> <span class='ocrx_word' id='word_1_231' title='bbox 1346 3071 1530 3121; x_wconf 89' lang='lat' dir='ltr'><strong>causa,</strong></span> <span class='ocrx_word' id='word_1_232' title='bbox 1561 3055 1803 3110; x_wconf 88' lang='lat' dir='ltr'><strong>dicamus</strong></span> <span class='ocrx_word' id='word_1_233' title='bbox 1834 3073 1846 3108; x_wconf 91' lang='lat'>:</span> <span class='ocrx_word' id='word_1_234' title='bbox 1873 3055 1989 3108; x_wconf 81' lang='lat' dir='ltr'><strong>Da:-</strong></span> 
     </span>
    </p>
   </div>
   <div class='ocr_carea' id='block_1_32' title="bbox 426 3143 1987 3217">
    <p class='ocr_par' dir='ltr' id='par_1_32' title="bbox 426 3143 1987 3217">
     <span class='ocr_line' id='line_1_32' title="bbox 426 3143 1987 3217; baseline 0.001 -18"><span class='ocrx_word' id='word_1_235' title='bbox 426 3145 668 3201; x_wconf 89' lang='lat' dir='ltr'><strong>monium</strong></span> <span class='ocrx_word' id='word_1_236' title='bbox 694 3143 825 3199; x_wconf 90' lang='lat' dir='ltr'><strong>illud</strong></span> <span class='ocrx_word' id='word_1_237' title='bbox 886 3145 1156 3212; x_wconf 83' lang='lat' dir='ltr'><strong>Pithonis,</strong></span> <span class='ocrx_word' id='word_1_238' title='bbox 1199 3148 1341 3217; x_wconf 85' lang='lat' dir='ltr'><strong>quod</strong></span> <span class='ocrx_word' id='word_1_239' title='bbox 1377 3147 1430 3201; x_wconf 91' lang='lat' dir='ltr'><strong>in</strong></span> <span class='ocrx_word' id='word_1_240' title='bbox 1465 3147 1686 3201; x_wconf 89' lang='lat' dir='ltr'><strong>Actibus</strong></span> <span class='ocrx_word' id='word_1_241' title='bbox 1719 3145 1987 3215; x_wconf 87' lang='lat' dir='ltr'><strong>apostolo-</strong></span> 
     </span>
    </p>
   </div>
   <div class='ocr_carea' id='block_1_33' title="bbox 425 3232 1994 3307">
    <p class='ocr_par' dir='ltr' id='par_1_33' title="bbox 425 3232 1994 3307">
     <span class='ocr_line' id='line_1_33' title="bbox 425 3232 1994 3307; baseline -0.002 -14"><span class='ocrx_word' id='word_1_242' title='bbox 425 3253 546 3293; x_wconf 85' lang='lat' dir='ltr'><strong>rum</strong></span> <span class='ocrx_word' id='word_1_243' title='bbox 582 3235 814 3292; x_wconf 82' lang='lat' dir='ltr'><strong>refertur</strong></span> <span class='ocrx_word' id='word_1_244' title='bbox 851 3236 907 3291; x_wconf 91' lang='lat' dir='ltr'><strong>in</strong></span> <span class='ocrx_word' id='word_1_245' title='bbox 951 3236 1145 3292; x_wconf 89' lang='lat' dir='ltr'><strong>ancilla</strong></span> <span class='ocrx_word' id='word_1_246' title='bbox 1194 3232 1439 3307; x_wconf 86' lang='lat' dir='ltr'><strong>quadam&#39;</strong></span> <span class='ocrx_word' id='word_1_247' title='bbox 1473 3238 1744 3293; x_wconf 88' lang='lat' dir='ltr'><strong>habitasse</strong></span> <span class='ocrx_word' id='word_1_248' title='bbox 1786 3246 1845 3292; x_wconf 93' lang='lat' dir='ltr'><strong>et</strong></span> <span class='ocrx_word' id='word_1_249' title='bbox 1887 3237 1994 3292; x_wconf 90' lang='lat' dir='ltr'><strong>cla-</strong></span> 
     </span>
    </p>
   </div>
   <div class='ocr_carea' id='block_1_34' title="bbox 424 3327 1989 3399">
    <p class='ocr_par' dir='ltr' id='par_1_34' title="bbox 424 3327 1989 3399">
     <span class='ocr_line' id='line_1_34' title="bbox 424 3327 1989 3399; baseline 0 -17"><span class='ocrx_word' id='word_1_250' title='bbox 424 3341 603 3383; x_wconf 85' lang='lat' dir='ltr'><strong>masse</strong></span> <span class='ocrx_word' id='word_1_251' title='bbox 630 3327 696 3381; x_wconf 90' lang='lat' dir='ltr'><strong>ad</strong></span> <span class='ocrx_word' id='word_1_252' title='bbox 721 3327 992 3397; x_wconf 88' lang='lat' dir='ltr'><strong>apostolos</strong></span> <span class='ocrx_word' id='word_1_253' title='bbox 1037 3329 1181 3399; x_wconf 90' lang='lat' dir='ltr'><strong>quod</strong></span> <span class='ocrx_word' id='word_1_254' title='bbox 1202 3329 1257 3383; x_wconf 88' lang='lat' dir='ltr'><strong>hi</strong></span> <span class='ocrx_word' id='word_1_255' title='bbox 1299 3330 1441 3384; x_wconf 87' lang='lat' dir='ltr'><strong>servi</strong></span> <span class='ocrx_word' id='word_1_256' title='bbox 1479 3329 1573 3384; x_wconf 89' lang='lat' dir='ltr'><strong>Dei</strong></span> <span class='ocrx_word' id='word_1_257' title='bbox 1606 3329 1804 3383; x_wconf 90' lang='lat' dir='ltr'><strong>summi</strong></span> <span class='ocrx_word' id='word_1_258' title='bbox 1843 3336 1989 3394; x_wconf 91' lang='lat' dir='ltr'><strong>sunt,</strong></span> 
     </span>
    </p>
   </div>
   <div class='ocr_carea' id='block_1_35' title="bbox 422 3417 1991 3488">
    <p class='ocr_par' dir='ltr' id='par_1_35' title="bbox 422 3417 1991 3488">
     <span class='ocr_line' id='line_1_35' title="bbox 422 3417 1991 3488; baseline 0 -16"><span class='ocrx_word' id='word_1_259' title='bbox 422 3417 515 3488; x_wconf 90' lang='lat' dir='ltr'><strong>qui</strong></span> <span class='ocrx_word' id='word_1_260' title='bbox 567 3417 888 3471; x_wconf 91' lang='lat' dir='ltr'><strong>annuntiant</strong></span> <span class='ocrx_word' id='word_1_261' title='bbox 937 3417 1246 3473; x_wconf 89' lang='lat' dir='ltr'><strong>hominibus</strong></span> <span class='ocrx_word' id='word_1_262' title='bbox 1291 3419 1432 3473; x_wconf 90' lang='lat' dir='ltr'><strong>viam</strong></span> <span class='ocrx_word' id='word_1_263' title='bbox 1461 3418 1578 3473; x_wconf 89' lang='lat' dir='ltr'><strong>Dei.</strong></span> <span class='ocrx_word' id='word_1_264' title='bbox 1631 3418 1765 3472; x_wconf 84' lang='lat' dir='ltr'><strong>Erat</strong></span> <span class='ocrx_word' id='word_1_265' title='bbox 1790 3418 1991 3472; x_wconf 89' lang='lat' dir='ltr'><strong>veritas</strong></span> 
     </span>
    </p>
   </div>
   <div class='ocr_carea' id='block_1_36' title="bbox 424 3505 1985 3578">
    <p class='ocr_par' dir='ltr' id='par_1_36' title="bbox 424 3505 1985 3578">
     <span class='ocr_line' id='line_1_36' title="bbox 424 3505 1985 3578; baseline -0.002 -17"><span class='ocrx_word' id='word_1_266' title='bbox 424 3506 481 3561; x_wconf 89' lang='lat' dir='ltr'><strong>in</strong></span> <span class='ocrx_word' id='word_1_267' title='bbox 528 3506 613 3561; x_wconf 88' lang='lat' dir='ltr'><strong>his</strong></span> <span class='ocrx_word' id='word_1_268' title='bbox 656 3505 857 3572; x_wconf 90' lang='lat' dir='ltr'><strong>verbis,</strong></span> <span class='ocrx_word' id='word_1_269' title='bbox 887 3520 1076 3561; x_wconf 90' lang='lat' dir='ltr'><strong>verum</strong></span> <span class='ocrx_word' id='word_1_270' title='bbox 1124 3506 1266 3561; x_wconf 89' lang='lat' dir='ltr'><strong>enim</strong></span> <span class='ocrx_word' id='word_1_271' title='bbox 1319 3515 1439 3561; x_wconf 88' lang='lat' dir='ltr'><strong>erat</strong></span> <span class='ocrx_word' id='word_1_272' title='bbox 1494 3508 1637 3578; x_wconf 91' lang='lat' dir='ltr'><strong>quod</strong></span> <span class='ocrx_word' id='word_1_273' title='bbox 1685 3505 1985 3571; x_wconf 86' lang='lat' dir='ltr'><strong>dicebatur,</strong></span> 
     </span>
    </p>
   </div>
   <div class='ocr_carea' id='block_1_37' title="bbox 424 3595 1994 3665">
    <p class='ocr_par' dir='ltr' id='par_1_37' title="bbox 424 3595 1994 3665">
     <span class='ocr_line' id='line_1_37' title="bbox 424 3595 1994 3665; baseline -0.004 -11"><span class='ocrx_word' id='word_1_274' title='bbox 424 3597 521 3654; x_wconf 89' lang='lat' dir='ltr'><strong>sed</strong></span> <span class='ocrx_word' id='word_1_275' title='bbox 562 3611 669 3652; x_wconf 91' lang='lat' dir='ltr'><strong>non</strong></span> <span class='ocrx_word' id='word_1_276' title='bbox 715 3605 834 3652; x_wconf 88' lang='lat' dir='ltr'><strong>erat</strong></span> <span class='ocrx_word' id='word_1_277' title='bbox 880 3596 984 3651; x_wconf 90' lang='lat' dir='ltr'><strong>ista</strong></span> <span class='ocrx_word' id='word_1_278' title='bbox 1033 3597 1235 3651; x_wconf 90' lang='lat' dir='ltr'><strong>veritas</strong></span> <span class='ocrx_word' id='word_1_279' title='bbox 1259 3597 1313 3652; x_wconf 90' lang='lat' dir='ltr'><strong>in</strong></span> <span class='ocrx_word' id='word_1_280' title='bbox 1357 3595 1591 3661; x_wconf 86' lang='lat' dir='ltr'><strong>Christo,</strong></span> <span class='ocrx_word' id='word_1_281' title='bbox 1641 3604 1698 3651; x_wconf 91' lang='lat' dir='ltr'><strong>et</strong></span> <span class='ocrx_word' id='word_1_282' title='bbox 1748 3602 1994 3665; x_wconf 87' lang='lat' dir='ltr'><strong>propter-</strong></span> 
     </span>
    </p>
   </div>
   <div class='ocr_carea' id='block_1_38' title="bbox 425 3686 1995 3751">
    <p class='ocr_par' dir='ltr' id='par_1_38' title="bbox 425 3686 1995 3751">
     <span class='ocr_line' id='line_1_38' title="bbox 425 3686 1995 3751; baseline -0.005 -5"><span class='ocrx_word' id='word_1_283' title='bbox 425 3705 486 3747; x_wconf 89' lang='lat' dir='ltr'><strong>ea</strong></span> <span class='ocrx_word' id='word_1_284' title='bbox 517 3703 808 3745; x_wconf 82' lang='lat' dir='ltr'><strong>conversus</strong></span> <span class='ocrx_word' id='word_1_285' title='bbox 827 3687 893 3742; x_wconf 86' lang='lat' dir='ltr'><strong>ad</strong></span> <span class='ocrx_word' id='word_1_286' title='bbox 914 3702 1036 3742; x_wconf 87' lang='lat' dir='ltr'><strong>eam</strong></span> <span class='ocrx_word' id='word_1_287' title='bbox 1062 3688 1258 3743; x_wconf 85' lang='lat' dir='ltr'><strong>Paulus</strong></span> <span class='ocrx_word' id='word_1_288' title='bbox 1278 3688 1414 3743; x_wconf 82' lang='lat' dir='ltr'><strong>dixit</strong></span> <span class='ocrx_word' id='word_1_289' title='bbox 1446 3706 1459 3741; x_wconf 89' lang='lat'><strong>:</strong></span> <span class='ocrx_word' id='word_1_290' title='bbox 1493 3686 1822 3751; x_wconf 86' lang='lat' dir='ltr'><strong>Obmutesce,</strong></span> <span class='ocrx_word' id='word_1_291' title='bbox 1838 3693 1885 3739; x_wconf 90' lang='lat' dir='ltr'><strong>et</strong></span> <span class='ocrx_word' id='word_1_292' title='bbox 1909 3686 1995 3739; x_wconf 74' lang='lat' dir='ltr'><strong>exi</strong></span> 
     </span>
    </p>
   </div>
   <div class='ocr_carea' id='block_1_39' title="bbox 427 3776 1993 3848">
    <p class='ocr_par' dir='ltr' id='par_1_39' title="bbox 427 3776 1993 3848">
     <span class='ocr_line' id='line_1_39' title="bbox 427 3776 1993 3848; baseline -0.003 -13"><span class='ocrx_word' id='word_1_293' title='bbox 427 3780 492 3835; x_wconf 89' lang='lat' dir='ltr'><strong>ab</strong></span> <span class='ocrx_word' id='word_1_294' title='bbox 533 3796 614 3835; x_wconf 85' lang='lat' dir='ltr'><strong>ea.</strong></span> <span class='ocrx_word' id='word_1_295' title='bbox 656 3778 723 3833; x_wconf 83' lang='lat' dir='ltr'><strong>Et</strong></span> <span class='ocrx_word' id='word_1_296' title='bbox 756 3778 879 3834; x_wconf 91' lang='lat' dir='ltr'><strong>ideo</strong></span> <span class='ocrx_word' id='word_1_297' title='bbox 928 3777 1220 3848; x_wconf 81' lang='lat' dir='ltr'><strong>Apostolus</strong></span> <span class='ocrx_word' id='word_1_298' title='bbox 1266 3780 1334 3834; x_wconf 92' lang='lat' dir='ltr'><strong>ad</strong></span> <span class='ocrx_word' id='word_1_299' title='bbox 1359 3779 1759 3833; x_wconf 89' lang='lat' dir='ltr'><strong>distinctionem</strong></span> <span class='ocrx_word' id='word_1_300' title='bbox 1791 3776 1993 3831; x_wconf 90' lang='lat' dir='ltr'><strong>verita-</strong></span> 
     </span>
    </p>
   </div>
   <div class='ocr_carea' id='block_1_40' title="bbox 424 3867 1995 3937">
    <p class='ocr_par' dir='ltr' id='par_1_40' title="bbox 424 3867 1995 3937">
     <span class='ocr_line' id='line_1_40' title="bbox 424 3867 1995 3937; baseline -0.001 -15"><span class='ocrx_word' id='word_1_301' title='bbox 424 3869 498 3924; x_wconf 86' lang='lat' dir='ltr'><strong>tis</strong></span> <span class='ocrx_word' id='word_1_302' title='bbox 541 3867 676 3936; x_wconf 84' lang='lat' dir='ltr'><strong>ejus,</strong></span> <span class='ocrx_word' id='word_1_303' title='bbox 714 3883 835 3937; x_wconf 67' lang='lat' dir='ltr'><strong>qute</strong></span> <span class='ocrx_word' id='word_1_304' title='bbox 878 3877 1033 3924; x_wconf 78' lang='lat' dir='ltr'><strong>extra</strong></span> <span class='ocrx_word' id='word_1_305' title='bbox 1082 3868 1358 3923; x_wconf 88' lang='lat' dir='ltr'><strong>Christum</strong></span> <span class='ocrx_word' id='word_1_306' title='bbox 1397 3875 1500 3934; x_wconf 91' lang='lat' dir='ltr'><strong>est,</strong></span> <span class='ocrx_word' id='word_1_307' title='bbox 1554 3869 1608 3922; x_wconf 91' lang='lat' dir='ltr'><strong>iu</strong></span> <span class='ocrx_word' id='word_1_308' title='bbox 1650 3867 1865 3923; x_wconf 88' lang='lat' dir='ltr'><strong>Christo</strong></span> <span class='ocrx_word' id='word_1_309' title='bbox 1917 3867 1995 3921; x_wconf 82' lang='lat' dir='ltr'><strong>lo-</strong></span> 
     </span>
    </p>
   </div>
   <div class='ocr_carea' id='block_1_41' title="bbox 423 3958 1995 4035">
    <p class='ocr_par' dir='ltr' id='par_1_41' title="bbox 423 3958 1995 4035">
     <span class='ocr_line' id='line_1_41' title="bbox 423 3958 1995 4035; baseline -0.004 -17"><span class='ocrx_word' id='word_1_310' title='bbox 423 3963 609 4035; x_wconf 85' lang='lat' dir='ltr'><strong>quitur</strong></span> <span class='ocrx_word' id='word_1_311' title='bbox 649 3963 954 4023; x_wconf 74' lang='lat' dir='ltr'><strong>veritatem.</strong></span> <span class='ocrx_word' id='word_1_312' title='bbox 988 3961 1094 4016; x_wconf 86' lang='lat' dir='ltr'><strong>Sed</strong></span> <span class='ocrx_word' id='word_1_313' title='bbox 1123 3962 1306 4015; x_wconf 89' lang='lat' dir='ltr'><strong>ethoc</strong></span> <span class='ocrx_word' id='word_1_314' title='bbox 1351 3962 1494 4029; x_wconf 90' lang='lat' dir='ltr'><strong>quod</strong></span> <span class='ocrx_word' id='word_1_315' title='bbox 1536 3961 1668 4015; x_wconf 89' lang='lat' dir='ltr'><strong>dicit</strong></span> <span class='ocrx_word' id='word_1_316' title='bbox 1700 3979 1712 4013; x_wconf 91' lang='lat'>:</span> <span class='ocrx_word' id='word_1_317' title='bbox 1746 3958 1995 4013; x_wconf 88' lang='lat' dir='ltr'><strong>Testimo-</strong></span> 
     </span>
    </p>
   </div>
   <div class='ocr_carea' id='block_1_42' title="bbox 424 4050 1993 4124">
    <p class='ocr_par' dir='ltr' id='par_1_42' title="bbox 424 4050 1993 4124">
     <span class='ocr_line' id='line_1_42' title="bbox 424 4050 1993 4124; baseline -0.005 -13"><span class='ocrx_word' id='word_1_318' title='bbox 424 4058 571 4111; x_wconf 83' lang='lat' dir='ltr'><strong>nium</strong></span> <span class='ocrx_word' id='word_1_319' title='bbox 600 4053 729 4109; x_wconf 82' lang='lat' dir='ltr'><strong>mihi</strong></span> <span class='ocrx_word' id='word_1_320' title='bbox 748 4052 1042 4124; x_wconf 82' lang='lat' dir='ltr'><strong>perhibente</strong></span> <span class='ocrx_word' id='word_1_321' title='bbox 1071 4053 1383 4105; x_wconf 81' lang='lat' dir='ltr'><strong>conscientia</strong></span> <span class='ocrx_word' id='word_1_322' title='bbox 1413 4069 1526 4105; x_wconf 90' lang='lat' dir='ltr'><strong>mea</strong></span> <span class='ocrx_word' id='word_1_323' title='bbox 1553 4053 1607 4105; x_wconf 90' lang='lat' dir='ltr'><strong>in</strong></span> <span class='ocrx_word' id='word_1_324' title='bbox 1636 4050 1839 4121; x_wconf 85' lang='lat' dir='ltr'><strong>Spiritu</strong></span> <span class='ocrx_word' id='word_1_325' title='bbox 1870 4067 1993 4104; x_wconf 80' lang='lat' dir='ltr'><strong>san—</strong></span> 
     </span>
    </p>
   </div>
   <div class='ocr_carea' id='block_1_43' title="bbox 425 4142 1988 4213">
    <p class='ocr_par' dir='ltr' id='par_1_43' title="bbox 425 4142 1988 4213">
     <span class='ocr_line' id='line_1_43' title="bbox 425 4142 1988 4213; baseline -0.006 -10"><span class='ocrx_word' id='word_1_326' title='bbox 425 4157 532 4213; x_wconf 90' lang='lat' dir='ltr'><strong>cto,</strong></span> <span class='ocrx_word' id='word_1_327' title='bbox 582 4144 812 4202; x_wconf 85' lang='lat' dir='ltr'><strong>similem</strong></span> <span class='ocrx_word' id='word_1_328' title='bbox 856 4143 988 4197; x_wconf 89' lang='lat' dir='ltr'><strong>mihi</strong></span> <span class='ocrx_word' id='word_1_329' title='bbox 1046 4143 1263 4197; x_wconf 89' lang='lat' dir='ltr'><strong>videtur</strong></span> <span class='ocrx_word' id='word_1_330' title='bbox 1304 4142 1504 4197; x_wconf 84' lang='lat' dir='ltr'><strong>habere</strong></span> <span class='ocrx_word' id='word_1_331' title='bbox 1548 4142 1988 4212; x_wconf 85' lang='lat' dir='ltr'><strong>intelligentiam:</strong></span> 
     </span>
    </p>
   </div>
   <div class='ocr_carea' id='block_1_44' title="bbox 424 4234 1993 4304">
    <p class='ocr_par' dir='ltr' id='par_1_44' title="bbox 424 4234 1993 4304">
     <span class='ocr_line' id='line_1_44' title="bbox 424 4234 1993 4304; baseline -0.004 -10"><span class='ocrx_word' id='word_1_332' title='bbox 424 4238 604 4294; x_wconf 88' lang='lat' dir='ltr'><strong>reddit</strong></span> <span class='ocrx_word' id='word_1_333' title='bbox 627 4237 769 4293; x_wconf 90' lang='lat' dir='ltr'><strong>enim</strong></span> <span class='ocrx_word' id='word_1_334' title='bbox 820 4235 1183 4291; x_wconf 90' lang='lat' dir='ltr'><strong>testimonium</strong></span> <span class='ocrx_word' id='word_1_335' title='bbox 1236 4234 1562 4289; x_wconf 86' lang='lat' dir='ltr'><strong>conscientia</strong></span> <span class='ocrx_word' id='word_1_336' title='bbox 1602 4234 1765 4288; x_wconf 89' lang='lat' dir='ltr'><strong>etiam</strong></span> <span class='ocrx_word' id='word_1_337' title='bbox 1821 4234 1993 4304; x_wconf 87' lang='lat' dir='ltr'><strong>genti-</strong></span> 
     </span>
    </p>
   </div>
   <div class='ocr_carea' id='block_1_45' title="bbox 423 4321 1993 4396">
    <p class='ocr_par' dir='ltr' id='par_1_45' title="bbox 423 4321 1993 4396">
     <span class='ocr_line' id='line_1_45' title="bbox 423 4321 1993 4396; baseline -0.005 -12"><span class='ocrx_word' id='word_1_338' title='bbox 423 4330 548 4393; x_wconf 89' lang='lat' dir='ltr'><strong>bus,</strong></span> <span class='ocrx_word' id='word_1_339' title='bbox 585 4327 878 4382; x_wconf 89' lang='lat' dir='ltr'><strong>secundum</strong></span> <span class='ocrx_word' id='word_1_340' title='bbox 910 4325 1054 4396; x_wconf 90' lang='lat' dir='ltr'><strong>quod</strong></span> <span class='ocrx_word' id='word_1_341' title='bbox 1088 4324 1141 4378; x_wconf 91' lang='lat' dir='ltr'><strong>in</strong></span> <span class='ocrx_word' id='word_1_342' title='bbox 1172 4322 1540 4394; x_wconf 86' lang='lat' dir='ltr'><strong>superioribus</strong></span> <span class='ocrx_word' id='word_1_343' title='bbox 1577 4321 1722 4377; x_wconf 88' lang='lat' dir='ltr'><strong>idem</strong></span> <span class='ocrx_word' id='word_1_344' title='bbox 1759 4321 1993 4392; x_wconf 87' lang='lat' dir='ltr'><strong>Aposto-</strong></span> 
     </span>
    </p>
   </div>
   <div class='ocr_carea' id='block_1_46' title="bbox 2096 511 3669 581">
    <p class='ocr_par' dir='ltr' id='par_1_46' title="bbox 2096 511 3669 581">
     <span class='ocr_line' id='line_1_46' title="bbox 2096 511 3669 581; baseline -0.003 -12"><span class='ocrx_word' id='word_1_345' title='bbox 2096 532 2248 581; x_wconf 86' lang='lat' dir='ltr'><strong>eam;</strong></span> <span class='ocrx_word' id='word_1_346' title='bbox 2287 516 2408 571; x_wconf 90' lang='lat' dir='ltr'><strong>ideo</strong></span> <span class='ocrx_word' id='word_1_347' title='bbox 2445 524 2501 571; x_wconf 90' lang='lat' dir='ltr'><strong>et</strong></span> <span class='ocrx_word' id='word_1_348' title='bbox 2524 516 2653 569; x_wconf 90' lang='lat' dir='ltr'><strong>mihi</strong></span> <span class='ocrx_word' id='word_1_349' title='bbox 2692 516 2906 569; x_wconf 88' lang='lat' dir='ltr'><strong>videtur</strong></span> <span class='ocrx_word' id='word_1_350' title='bbox 2943 514 3032 570; x_wconf 88' lang='lat' dir='ltr'><strong>ille</strong></span> <span class='ocrx_word' id='word_1_351' title='bbox 3070 516 3184 569; x_wconf 75' lang='lat' dir='ltr'><strong>lucc</strong></span> <span class='ocrx_word' id='word_1_352' title='bbox 3228 512 3408 568; x_wconf 89' lang='lat' dir='ltr'><strong>omnia</strong></span> <span class='ocrx_word' id='word_1_353' title='bbox 3454 511 3669 580; x_wconf 63' lang='lat' dir='ltr'><strong>prtemio</strong></span> 
     </span>
    </p>
   </div>
   <div class='ocr_carea' id='block_1_47' title="bbox 2096 600 3669 678">
    <p class='ocr_par' dir='ltr' id='par_1_47' title="bbox 2096 600 3669 678">
     <span class='ocr_line' id='line_1_47' title="bbox 2096 600 3669 678; baseline -0.004 -15"><span class='ocrx_word' id='word_1_354' title='bbox 2096 609 2257 674; x_wconf 89' lang='lat' dir='ltr'><strong>sissc,</strong></span> <span class='ocrx_word' id='word_1_355' title='bbox 2313 609 2453 678; x_wconf 91' lang='lat' dir='ltr'><strong>quod</strong></span> <span class='ocrx_word' id='word_1_356' title='bbox 2502 608 2645 663; x_wconf 90' lang='lat' dir='ltr'><strong>nulla</strong></span> <span class='ocrx_word' id='word_1_357' title='bbox 2686 608 2892 678; x_wconf 83' lang='lat' dir='ltr'><strong>possint</strong></span> <span class='ocrx_word' id='word_1_358' title='bbox 2939 624 2970 661; x_wconf 92' lang='lat' dir='ltr'><strong>a</strong></span> <span class='ocrx_word' id='word_1_359' title='bbox 3007 607 3101 662; x_wconf 91' lang='lat' dir='ltr'><strong>Dei</strong></span> <span class='ocrx_word' id='word_1_360' title='bbox 3138 605 3406 661; x_wconf 90' lang='lat' dir='ltr'><strong>charitate</strong></span> <span class='ocrx_word' id='word_1_361' title='bbox 3450 600 3669 656; x_wconf 84' lang='lat' dir='ltr'><strong>divelle-</strong></span> 
     </span>
    </p>
   </div>
   <div class='ocr_carea' id='block_1_48' title="bbox 2098 695 3666 770">
    <p class='ocr_par' dir='ltr' id='par_1_48' title="bbox 2098 695 3666 770">
     <span class='ocr_line' id='line_1_48' title="bbox 2098 695 3666 770; baseline -0.006 -13"><span class='ocrx_word' id='word_1_362' title='bbox 2098 717 2177 769; x_wconf 92' lang='lat' dir='ltr'><strong>re,</strong></span> <span class='ocrx_word' id='word_1_363' title='bbox 2228 713 2288 758; x_wconf 91' lang='lat' dir='ltr'><strong>ut</strong></span> <span class='ocrx_word' id='word_1_364' title='bbox 2316 719 2439 758; x_wconf 88' lang='lat' dir='ltr'><strong>cum</strong></span> <span class='ocrx_word' id='word_1_365' title='bbox 2483 718 2541 758; x_wconf 91' lang='lat' dir='ltr'><strong>se</strong></span> <span class='ocrx_word' id='word_1_366' title='bbox 2569 702 2726 757; x_wconf 81' lang='lat' dir='ltr'><strong>olfert</strong></span> <span class='ocrx_word' id='word_1_367' title='bbox 2765 703 3050 756; x_wconf 87' lang='lat' dir='ltr'><strong>anathema</strong></span> <span class='ocrx_word' id='word_1_368' title='bbox 3100 715 3198 770; x_wconf 84' lang='lat' dir='ltr'><strong>pro</strong></span> <span class='ocrx_word' id='word_1_369' title='bbox 3244 697 3499 753; x_wconf 84' lang='lat' dir='ltr'><strong>fratribus</strong></span> <span class='ocrx_word' id='word_1_370' title='bbox 3531 695 3666 760; x_wconf 87' lang='lat' dir='ltr'><strong>suis,</strong></span> 
     </span>
    </p>
   </div>
   <div class='ocr_carea' id='block_1_49' title="bbox 2097 785 3658 862">
    <p class='ocr_par' dir='ltr' id='par_1_49' title="bbox 2097 785 3658 862">
     <span class='ocr_line' id='line_1_49' title="bbox 2097 785 3658 862; baseline -0.004 -17"><span class='ocrx_word' id='word_1_371' title='bbox 2097 806 2203 846; x_wconf 91' lang='lat' dir='ltr'><strong>non</strong></span> <span class='ocrx_word' id='word_1_372' title='bbox 2249 792 2457 861; x_wconf 87' lang='lat' dir='ltr'><strong>lapsum</strong></span> <span class='ocrx_word' id='word_1_373' title='bbox 2481 790 2598 860; x_wconf 84' lang='lat' dir='ltr'><strong>ejus</strong></span> <span class='ocrx_word' id='word_1_374' title='bbox 2646 792 2952 862; x_wconf 88' lang='lat' dir='ltr'><strong>passibilem</strong></span> <span class='ocrx_word' id='word_1_375' title='bbox 2989 789 3219 859; x_wconf 86' lang='lat' dir='ltr'><strong>judices,</strong></span> <span class='ocrx_word' id='word_1_376' title='bbox 3272 788 3364 844; x_wconf 88' lang='lat' dir='ltr'><strong>sed</strong></span> <span class='ocrx_word' id='word_1_377' title='bbox 3404 789 3546 842; x_wconf 89' lang='lat' dir='ltr'><strong>sicut</strong></span> <span class='ocrx_word' id='word_1_378' title='bbox 3567 785 3658 839; x_wconf 87' lang='lat' dir='ltr'><strong>ille</strong></span> 
     </span>
    </p>
   </div>
   <div class='ocr_carea' id='block_1_50' title="bbox 2098 877 3668 954">
    <p class='ocr_par' dir='ltr' id='par_1_50' title="bbox 2098 877 3668 954">
     <span class='ocr_line' id='line_1_50' title="bbox 2098 877 3668 954; baseline -0.004 -16"><span class='ocrx_word' id='word_1_379' title='bbox 2098 885 2187 954; x_wconf 90' lang='lat' dir='ltr'><strong>qui</strong></span> <span class='ocrx_word' id='word_1_380' title='bbox 2240 884 2614 953; x_wconf 87' lang='lat' dir='ltr'><strong>inseparabilis</strong></span> <span class='ocrx_word' id='word_1_381' title='bbox 2650 899 2681 938; x_wconf 92' lang='lat' dir='ltr'><strong>a</strong></span> <span class='ocrx_word' id='word_1_382' title='bbox 2723 884 2883 939; x_wconf 89' lang='lat' dir='ltr'><strong>Patre</strong></span> <span class='ocrx_word' id='word_1_383' title='bbox 2929 891 3013 937; x_wconf 86' lang='lat' dir='ltr'><strong>est</strong></span> <span class='ocrx_word' id='word_1_384' title='bbox 3048 896 3146 952; x_wconf 91' lang='lat' dir='ltr'><strong>per</strong></span> <span class='ocrx_word' id='word_1_385' title='bbox 3176 889 3445 943; x_wconf 88' lang='lat' dir='ltr'><strong>naturam,</strong></span> <span class='ocrx_word' id='word_1_386' title='bbox 3477 886 3533 932; x_wconf 91' lang='lat' dir='ltr'><strong>et</strong></span> <span class='ocrx_word' id='word_1_387' title='bbox 3572 877 3668 931; x_wconf 88' lang='lat' dir='ltr'><strong>im-</strong></span> 
     </span>
    </p>
   </div>
   <div class='ocr_carea' id='block_1_51' title="bbox 2099 971 3664 1040">
    <p class='ocr_par' dir='ltr' id='par_1_51' title="bbox 2099 971 3664 1040">
     <span class='ocr_line' id='line_1_51' title="bbox 2099 971 3664 1040; baseline -0.004 -10"><span class='ocrx_word' id='word_1_388' title='bbox 2099 976 2341 1031; x_wconf 88' lang='lat' dir='ltr'><strong>mortalis</strong></span> <span class='ocrx_word' id='word_1_389' title='bbox 2373 976 2427 1030; x_wconf 91' lang='lat' dir='ltr'><strong>in</strong></span> <span class='ocrx_word' id='word_1_390' title='bbox 2475 983 2705 1031; x_wconf 90' lang='lat' dir='ltr'><strong>mortem</strong></span> <span class='ocrx_word' id='word_1_391' title='bbox 2738 976 2907 1040; x_wconf 87' lang='lat' dir='ltr'><strong>venit,</strong></span> <span class='ocrx_word' id='word_1_392' title='bbox 2951 982 3007 1029; x_wconf 93' lang='lat' dir='ltr'><strong>et</strong></span> <span class='ocrx_word' id='word_1_393' title='bbox 3034 973 3101 1028; x_wconf 90' lang='lat' dir='ltr'><strong>ad</strong></span> <span class='ocrx_word' id='word_1_394' title='bbox 3130 971 3337 1027; x_wconf 87' lang='lat' dir='ltr'><strong>inferna</strong></span> <span class='ocrx_word' id='word_1_395' title='bbox 3367 971 3664 1032; x_wconf 83' lang='lat' dir='ltr'><strong>descendit,</strong></span> 
     </span>
    </p>
   </div>
   <div class='ocr_carea' id='block_1_52' title="bbox 2099 1061 3670 1137">
    <p class='ocr_par' dir='ltr' id='par_1_52' title="bbox 2099 1061 3670 1137">
     <span class='ocr_line' id='line_1_52' title="bbox 2099 1061 3670 1137; baseline -0.003 -15"><span class='ocrx_word' id='word_1_396' title='bbox 2099 1069 2172 1122; x_wconf 91' lang='lat' dir='ltr'><strong>ita</strong></span> <span class='ocrx_word' id='word_1_397' title='bbox 2203 1077 2257 1123; x_wconf 90' lang='lat' dir='ltr'><strong>et</strong></span> <span class='ocrx_word' id='word_1_398' title='bbox 2280 1068 2382 1123; x_wconf 91' lang='lat' dir='ltr'><strong>iste</strong></span> <span class='ocrx_word' id='word_1_399' title='bbox 2412 1067 2672 1122; x_wconf 90' lang='lat' dir='ltr'><strong>imitando</strong></span> <span class='ocrx_word' id='word_1_400' title='bbox 2693 1067 3009 1137; x_wconf 82' lang='lat' dir='ltr'><strong>Magistrum</strong></span> <span class='ocrx_word' id='word_1_401' title='bbox 3034 1080 3157 1120; x_wconf 90' lang='lat' dir='ltr'><strong>cum</strong></span> <span class='ocrx_word' id='word_1_402' title='bbox 3186 1063 3425 1134; x_wconf 87' lang='lat' dir='ltr'><strong>separari</strong></span> <span class='ocrx_word' id='word_1_403' title='bbox 3451 1078 3483 1117; x_wconf 89' lang='lat' dir='ltr'><strong>a</strong></span> <span class='ocrx_word' id='word_1_404' title='bbox 3509 1061 3670 1119; x_wconf 89' lang='lat' dir='ltr'><strong>Chri-</strong></span> 
     </span>
    </p>
   </div>
   <div class='ocr_carea' id='block_1_53' title="bbox 2098 1153 3669 1227">
    <p class='ocr_par' dir='ltr' id='par_1_53' title="bbox 2098 1153 3669 1227">
     <span class='ocr_line' id='line_1_53' title="bbox 2098 1153 3669 1227; baseline -0.003 -16"><span class='ocrx_word' id='word_1_405' title='bbox 2098 1157 2168 1211; x_wconf 93' lang='lat' dir='ltr'><strong>sti</strong></span> <span class='ocrx_word' id='word_1_406' title='bbox 2225 1158 2493 1212; x_wconf 90' lang='lat' dir='ltr'><strong>charitate</strong></span> <span class='ocrx_word' id='word_1_407' title='bbox 2532 1172 2636 1211; x_wconf 91' lang='lat' dir='ltr'><strong>non</strong></span> <span class='ocrx_word' id='word_1_408' title='bbox 2665 1157 2856 1227; x_wconf 88' lang='lat' dir='ltr'><strong>possit,</strong></span> <span class='ocrx_word' id='word_1_409' title='bbox 2907 1172 2937 1209; x_wconf 89' lang='lat' dir='ltr'><strong>a</strong></span> <span class='ocrx_word' id='word_1_410' title='bbox 2982 1154 3198 1210; x_wconf 82' lang='lat' dir='ltr'><strong>Christo</strong></span> <span class='ocrx_word' id='word_1_411' title='bbox 3235 1154 3523 1210; x_wconf 88' lang='lat' dir='ltr'><strong>anathema</strong></span> <span class='ocrx_word' id='word_1_412' title='bbox 3572 1153 3669 1206; x_wconf 90' lang='lat' dir='ltr'><strong>ﬁat</strong></span> 
     </span>
    </p>
   </div>
   <div class='ocr_carea' id='block_1_54' title="bbox 2097 1245 3672 1317">
    <p class='ocr_par' dir='ltr' id='par_1_54' title="bbox 2097 1245 3672 1317">
     <span class='ocr_line' id='line_1_54' title="bbox 2097 1245 3672 1317; baseline -0.002 -16"><span class='ocrx_word' id='word_1_413' title='bbox 2097 1262 2197 1317; x_wconf 89' lang='lat' dir='ltr'><strong>pro</strong></span> <span class='ocrx_word' id='word_1_414' title='bbox 2222 1247 2482 1302; x_wconf 86' lang='lat' dir='ltr'><strong>fratribus</strong></span> <span class='ocrx_word' id='word_1_415' title='bbox 2520 1248 2652 1312; x_wconf 91' lang='lat' dir='ltr'><strong>suis,</strong></span> <span class='ocrx_word' id='word_1_416' title='bbox 2707 1247 2994 1302; x_wconf 89' lang='lat' dir='ltr'><strong>devotione</strong></span> <span class='ocrx_word' id='word_1_417' title='bbox 3021 1246 3226 1315; x_wconf 88' lang='lat' dir='ltr'><strong>utique,</strong></span> <span class='ocrx_word' id='word_1_418' title='bbox 3278 1262 3385 1301; x_wconf 88' lang='lat' dir='ltr'><strong>non</strong></span> <span class='ocrx_word' id='word_1_419' title='bbox 3411 1245 3672 1314; x_wconf 65' lang='lat' dir='ltr'><strong>praevari-</strong></span> 
     </span>
    </p>
   </div>
   <div class='ocr_carea' id='block_1_55' title="bbox 2096 1335 3670 1409">
    <p class='ocr_par' dir='ltr' id='par_1_55' title="bbox 2096 1335 3670 1409">
     <span class='ocr_line' id='line_1_55' title="bbox 2096 1335 3670 1409; baseline -0.003 -16"><span class='ocrx_word' id='word_1_420' title='bbox 2096 1339 2327 1393; x_wconf 90' lang='lat' dir='ltr'><strong>catione.</strong></span> <span class='ocrx_word' id='word_1_421' title='bbox 2378 1338 2738 1409; x_wconf 80' lang='lat' dir='ltr'><strong>Hieronymus</strong></span> <span class='ocrx_word' id='word_1_422' title='bbox 2768 1339 2819 1391; x_wconf 90' lang='lat' dir='ltr'><strong>in</strong></span> <span class='ocrx_word' id='word_1_423' title='bbox 2846 1338 2981 1392; x_wconf 91' lang='lat' dir='ltr'><strong>libro</strong></span> <span class='ocrx_word' id='word_1_424' title='bbox 3012 1335 3376 1405; x_wconf 66' lang='lat' dir='ltr'><strong>Quaestionum</strong></span> <span class='ocrx_word' id='word_1_425' title='bbox 3410 1336 3477 1389; x_wconf 91' lang='lat' dir='ltr'><strong>ad</strong></span> <span class='ocrx_word' id='word_1_426' title='bbox 3506 1335 3670 1405; x_wconf 86' lang='lat' dir='ltr'><strong>Alga-</strong></span> 
     </span>
    </p>
   </div>
   <div class='ocr_carea' id='block_1_56' title="bbox 2098 1428 3664 1500">
    <p class='ocr_par' dir='ltr' id='par_1_56' title="bbox 2098 1428 3664 1500">
     <span class='ocr_line' id='line_1_56' title="bbox 2098 1428 3664 1500; baseline -0.001 -15"><span class='ocrx_word' id='word_1_427' title='bbox 2098 1431 2234 1485; x_wconf 85' lang='lat' dir='ltr'><strong>siam</strong></span> <span class='ocrx_word' id='word_1_428' title='bbox 2260 1450 2272 1484; x_wconf 88' lang='lat'><strong>:</strong></span> <span class='ocrx_word' id='word_1_429' title='bbox 2298 1428 2553 1500; x_wconf 85' lang='lat' dir='ltr'><strong>Optabam</strong></span> <span class='ocrx_word' id='word_1_430' title='bbox 2604 1431 2739 1485; x_wconf 87' lang='lat' dir='ltr'><strong>enim</strong></span> <span class='ocrx_word' id='word_1_431' title='bbox 2782 1431 3061 1485; x_wconf 84' lang='lat' dir='ltr'><strong>anathema</strong></span> <span class='ocrx_word' id='word_1_432' title='bbox 3097 1446 3209 1484; x_wconf 88' lang='lat' dir='ltr'><strong>esse</strong></span> <span class='ocrx_word' id='word_1_433' title='bbox 3244 1446 3339 1500; x_wconf 87' lang='lat' dir='ltr'><strong>pro</strong></span> <span class='ocrx_word' id='word_1_434' title='bbox 3407 1428 3664 1499; x_wconf 78' lang='lat' dir='ltr'><strong>fratribus</strong></span> 
     </span>
    </p>
   </div>
   <div class='ocr_carea' id='block_1_57' title="bbox 2098 1518 3664 1589">
    <p class='ocr_par' dir='ltr' id='par_1_57' title="bbox 2098 1518 3664 1589">
     <span class='ocr_line' id='line_1_57' title="bbox 2098 1518 3664 1589; baseline 0.001 -18"><span class='ocrx_word' id='word_1_435' title='bbox 2098 1520 2242 1573; x_wconf 84' lang='lat' dir='ltr'><strong>meis.</strong></span> <span class='ocrx_word' id='word_1_436' title='bbox 2301 1519 2473 1574; x_wconf 89' lang='lat' dir='ltr'><strong>Cerne</strong></span> <span class='ocrx_word' id='word_1_437' title='bbox 2490 1518 2824 1589; x_wconf 84' lang='lat' dir='ltr'><strong>Apostolum,</strong></span> <span class='ocrx_word' id='word_1_438' title='bbox 2867 1527 3083 1589; x_wconf 67' lang='lat' dir='ltr'><strong>quanta:</strong></span> <span class='ocrx_word' id='word_1_439' title='bbox 3119 1519 3475 1574; x_wconf 85' lang='lat' dir='ltr'><strong>charitatisin</strong></span> <span class='ocrx_word' id='word_1_440' title='bbox 3504 1518 3664 1573; x_wconf 87' lang='lat' dir='ltr'><strong>Chri-</strong></span> 
     </span>
    </p>
   </div>
   <div class='ocr_carea' id='block_1_58' title="bbox 2098 1610 3669 1681">
    <p class='ocr_par' dir='ltr' id='par_1_58' title="bbox 2098 1610 3669 1681">
     <span class='ocr_line' id='line_1_58' title="bbox 2098 1610 3669 1681; baseline -0.001 -16"><span class='ocrx_word' id='word_1_441' title='bbox 2098 1619 2184 1665; x_wconf 91' lang='lat' dir='ltr'><strong>sto</strong></span> <span class='ocrx_word' id='word_1_442' title='bbox 2213 1611 2302 1675; x_wconf 88' lang='lat' dir='ltr'><strong>sit,</strong></span> <span class='ocrx_word' id='word_1_443' title='bbox 2332 1618 2390 1663; x_wconf 92' lang='lat' dir='ltr'><strong>ut</strong></span> <span class='ocrx_word' id='word_1_444' title='bbox 2421 1625 2517 1680; x_wconf 78' lang='lat' dir='ltr'><strong>pro</strong></span> <span class='ocrx_word' id='word_1_445' title='bbox 2542 1610 2631 1664; x_wconf 92' lang='lat' dir='ltr'><strong>illo</strong></span> <span class='ocrx_word' id='word_1_446' title='bbox 2654 1612 2834 1680; x_wconf 88' lang='lat' dir='ltr'><strong>cupiat</strong></span> <span class='ocrx_word' id='word_1_447' title='bbox 2859 1612 3014 1677; x_wconf 90' lang='lat' dir='ltr'><strong>mori,</strong></span> <span class='ocrx_word' id='word_1_448' title='bbox 3047 1619 3103 1665; x_wconf 92' lang='lat' dir='ltr'><strong>et</strong></span> <span class='ocrx_word' id='word_1_449' title='bbox 3129 1610 3274 1665; x_wconf 88' lang='lat' dir='ltr'><strong>solus</strong></span> <span class='ocrx_word' id='word_1_450' title='bbox 3296 1610 3493 1681; x_wconf 91' lang='lat' dir='ltr'><strong>perire,</strong></span> <span class='ocrx_word' id='word_1_451' title='bbox 3518 1610 3669 1664; x_wconf 87' lang='lat' dir='ltr'><strong>dum-</strong></span> 
     </span>
    </p>
   </div>
   <div class='ocr_carea' id='block_1_59' title="bbox 2100 1699 3667 1771">
    <p class='ocr_par' dir='ltr' id='par_1_59' title="bbox 2100 1699 3667 1771">
     <span class='ocr_line' id='line_1_59' title="bbox 2100 1699 3667 1771; baseline 0 -17"><span class='ocrx_word' id='word_1_452' title='bbox 2100 1702 2257 1755; x_wconf 88' lang='lat' dir='ltr'><strong>modo</strong></span> <span class='ocrx_word' id='word_1_453' title='bbox 2284 1700 2339 1753; x_wconf 91' lang='lat' dir='ltr'><strong>in</strong></span> <span class='ocrx_word' id='word_1_454' title='bbox 2375 1699 2523 1753; x_wconf 92' lang='lat' dir='ltr'><strong>illum</strong></span> <span class='ocrx_word' id='word_1_455' title='bbox 2554 1702 2916 1755; x_wconf 87' lang='lat' dir='ltr'><strong>credatomne</strong></span> <span class='ocrx_word' id='word_1_456' title='bbox 2949 1700 3228 1756; x_wconf 88' lang='lat' dir='ltr'><strong>hominum</strong></span> <span class='ocrx_word' id='word_1_457' title='bbox 3255 1715 3459 1771; x_wconf 86' lang='lat' dir='ltr'><strong>genus:</strong></span> <span class='ocrx_word' id='word_1_458' title='bbox 3488 1701 3667 1771; x_wconf 83' lang='lat' dir='ltr'><strong>perire</strong></span> 
     </span>
    </p>
   </div>
   <div class='ocr_carea' id='block_1_60' title="bbox 2027 1781 3669 1863">
    <p class='ocr_par' dir='ltr' id='par_1_60' title="bbox 2027 1781 3669 1863">
     <span class='ocr_line' id='line_1_60' title="bbox 2027 1781 3669 1863; baseline -0.001 -16"><span class='ocrx_word' id='word_1_459' title='bbox 2027 1781 2069 1839; x_wconf 75' lang='grc' dir='ltr'>Β</span> <span class='ocrx_word' id='word_1_460' title='bbox 2097 1794 2259 1847; x_wconf 89' lang='lat' dir='ltr'><strong>etiam</strong></span> <span class='ocrx_word' id='word_1_461' title='bbox 2291 1808 2397 1847; x_wconf 92' lang='lat' dir='ltr'><strong>non</strong></span> <span class='ocrx_word' id='word_1_462' title='bbox 2428 1792 2481 1847; x_wconf 89' lang='lat' dir='ltr'><strong>iu</strong></span> <span class='ocrx_word' id='word_1_463' title='bbox 2521 1802 2859 1863; x_wconf 89' lang='lat' dir='ltr'><strong>perpetuum,</strong></span> <span class='ocrx_word' id='word_1_464' title='bbox 2892 1793 2985 1849; x_wconf 88' lang='lat' dir='ltr'><strong>sed</strong></span> <span class='ocrx_word' id='word_1_465' title='bbox 3014 1793 3518 1862; x_wconf 64' lang='lat' dir='ltr'><strong>impraesentiarum.</strong></span> <span class='ocrx_word' id='word_1_466' title='bbox 3538 1791 3669 1847; x_wconf 79' lang='lat' dir='ltr'><strong>Vult</strong></span> 
     </span>
    </p>
   </div>
   <div class='ocr_carea' id='block_1_61' title="bbox 2094 1882 3666 1953">
    <p class='ocr_par' dir='ltr' id='par_1_61' title="bbox 2094 1882 3666 1953">
     <span class='ocr_line' id='line_1_61' title="bbox 2094 1882 3666 1953; baseline -0.001 -15"><span class='ocrx_word' id='word_1_467' title='bbox 2094 1898 2220 1953; x_wconf 84' lang='lat' dir='ltr'><strong>ergo</strong></span> <span class='ocrx_word' id='word_1_468' title='bbox 2246 1882 2531 1953; x_wconf 84' lang='lat' dir='ltr'><strong>Apostolus</strong></span> <span class='ocrx_word' id='word_1_469' title='bbox 2571 1884 2747 1952; x_wconf 87' lang='lat' dir='ltr'><strong>perire</strong></span> <span class='ocrx_word' id='word_1_470' title='bbox 2773 1884 2827 1937; x_wconf 91' lang='lat' dir='ltr'><strong>in</strong></span> <span class='ocrx_word' id='word_1_471' title='bbox 2863 1898 3047 1949; x_wconf 88' lang='lat' dir='ltr'><strong>carne,</strong></span> <span class='ocrx_word' id='word_1_472' title='bbox 3094 1890 3155 1936; x_wconf 91' lang='lat' dir='ltr'><strong>ut</strong></span> <span class='ocrx_word' id='word_1_473' title='bbox 3179 1882 3270 1936; x_wconf 90' lang='lat' dir='ltr'><strong>alii</strong></span> <span class='ocrx_word' id='word_1_474' title='bbox 3308 1882 3582 1937; x_wconf 75' lang='lat' dir='ltr'><strong>salvantur</strong></span> <span class='ocrx_word' id='word_1_475' title='bbox 3611 1883 3666 1936; x_wconf 92' lang='lat' dir='ltr'><strong>in</strong></span> 
     </span>
    </p>
   </div>
   <div class='ocr_carea' id='block_1_62' title="bbox 2093 1971 3669 2042">
    <p class='ocr_par' dir='ltr' id='par_1_62' title="bbox 2093 1971 3669 2042">
     <span class='ocr_line' id='line_1_62' title="bbox 2093 1971 3669 2042; baseline -0.001 -16"><span class='ocrx_word' id='word_1_476' title='bbox 2093 1972 2317 2041; x_wconf 85' lang='lat' dir='ltr'><strong>spiritu;</strong></span> <span class='ocrx_word' id='word_1_477' title='bbox 2354 1987 2508 2026; x_wconf 89' lang='lat' dir='ltr'><strong>suum</strong></span> <span class='ocrx_word' id='word_1_478' title='bbox 2532 1971 2847 2042; x_wconf 90' lang='lat' dir='ltr'><strong>sanguinem</strong></span> <span class='ocrx_word' id='word_1_479' title='bbox 2875 1971 3124 2038; x_wconf 89' lang='lat' dir='ltr'><strong>fundere,</strong></span> <span class='ocrx_word' id='word_1_480' title='bbox 3146 1979 3205 2026; x_wconf 87' lang='lat' dir='ltr'><strong>ut</strong></span> <span class='ocrx_word' id='word_1_481' title='bbox 3230 1971 3519 2026; x_wconf 89' lang='lat' dir='ltr'><strong>multorum</strong></span> <span class='ocrx_word' id='word_1_482' title='bbox 3549 1971 3669 2025; x_wconf 90' lang='lat' dir='ltr'><strong>ani-</strong></span> 
     </span>
    </p>
   </div>
   <div class='ocr_carea' id='block_1_63' title="bbox 2092 2061 3666 2133">
    <p class='ocr_par' dir='ltr' id='par_1_63' title="bbox 2092 2061 3666 2133">
     <span class='ocr_line' id='line_1_63' title="bbox 2092 2061 3666 2133; baseline 0 -15"><span class='ocrx_word' id='word_1_483' title='bbox 2092 2078 2195 2118; x_wconf 73' lang='lat' dir='ltr'><strong>mae</strong></span> <span class='ocrx_word' id='word_1_484' title='bbox 2231 2070 2635 2118; x_wconf 89' lang='lat' dir='ltr'><strong>conserventur.</strong></span> <span class='ocrx_word' id='word_1_485' title='bbox 2681 2061 2959 2132; x_wconf 86' lang='lat' dir='ltr'><strong>Optabam,</strong></span> <span class='ocrx_word' id='word_1_486' title='bbox 3006 2063 3202 2133; x_wconf 86' lang='lat' dir='ltr'><strong>inquit,</strong></span> <span class='ocrx_word' id='word_1_487' title='bbox 3248 2078 3356 2117; x_wconf 86' lang='lat' dir='ltr'><strong>non</strong></span> <span class='ocrx_word' id='word_1_488' title='bbox 3382 2070 3532 2132; x_wconf 88' lang='lat' dir='ltr'><strong>opto,</strong></span> <span class='ocrx_word' id='word_1_489' title='bbox 3570 2062 3666 2132; x_wconf 90' lang='lat' dir='ltr'><strong>qui</strong></span> 
     </span>
    </p>
   </div>
   <div class='ocr_carea' id='block_1_64' title="bbox 2093 2147 3667 2220">
    <p class='ocr_par' dir='ltr' id='par_1_64' title="bbox 2093 2147 3667 2220">
     <span class='ocr_line' id='line_1_64' title="bbox 2093 2147 3667 2220; baseline 0 -13"><span class='ocrx_word' id='word_1_490' title='bbox 2093 2153 2197 2207; x_wconf 90' lang='lat' dir='ltr'><strong>scit</strong></span> <span class='ocrx_word' id='word_1_491' title='bbox 2230 2151 2347 2205; x_wconf 87' lang='lat' dir='ltr'><strong>ﬁeri</strong></span> <span class='ocrx_word' id='word_1_492' title='bbox 2372 2167 2478 2206; x_wconf 90' lang='lat' dir='ltr'><strong>non</strong></span> <span class='ocrx_word' id='word_1_493' title='bbox 2492 2147 2649 2220; x_wconf 82' lang='lat' dir='ltr'><strong>posse</strong></span> <span class='ocrx_word' id='word_1_494' title='bbox 2669 2149 2937 2216; x_wconf 80' lang='lat' dir='ltr'><strong>eﬁ‘cctum,</strong></span> <span class='ocrx_word' id='word_1_495' title='bbox 2963 2160 3141 2206; x_wconf 90' lang='lat' dir='ltr'><strong>tamen</strong></span> <span class='ocrx_word' id='word_1_496' title='bbox 3156 2151 3497 2208; x_wconf 88' lang='lat' dir='ltr'><strong>dilectionem</strong></span> <span class='ocrx_word' id='word_1_497' title='bbox 3518 2152 3667 2207; x_wconf 88' lang='lat' dir='ltr'><strong>circa</strong></span> 
     </span>
    </p>
   </div>
   <div class='ocr_carea' id='block_1_65' title="bbox 2092 2242 2855 2314">
    <p class='ocr_par' dir='ltr' id='par_1_65' title="bbox 2092 2242 2855 2314">
     <span class='ocr_line' id='line_1_65' title="bbox 2092 2242 2855 2314; baseline -0.003 -17"><span class='ocrx_word' id='word_1_498' title='bbox 2092 2257 2260 2314; x_wconf 87' lang='lat' dir='ltr'><strong>genus</strong></span> <span class='ocrx_word' id='word_1_499' title='bbox 2286 2242 2578 2296; x_wconf 90' lang='lat' dir='ltr'><strong>humanum</strong></span> <span class='ocrx_word' id='word_1_500' title='bbox 2601 2242 2855 2297; x_wconf 89' lang='lat' dir='ltr'><strong>ostendit.</strong></span> 
     </span>
    </p>
   </div>
   <div class='ocr_carea' id='block_1_66' title="bbox 2163 2332 3670 2403">
    <p class='ocr_par' dir='ltr' id='par_1_66' title="bbox 2163 2332 3670 2403">
     <span class='ocr_line' id='line_1_66' title="bbox 2163 2332 3670 2403; baseline 0.001 -18"><span class='ocrx_word' id='word_1_501' title='bbox 2163 2332 2267 2397; x_wconf 83' lang='lat' dir='ltr'><strong>Qui</strong></span> <span class='ocrx_word' id='word_1_502' title='bbox 2298 2342 2419 2386; x_wconf 84' lang='lat' dir='ltr'><strong>sunt</strong></span> <span class='ocrx_word' id='word_1_503' title='bbox 2458 2332 2664 2402; x_wconf 83' lang='lat' dir='ltr'><strong>cognati</strong></span> <span class='ocrx_word' id='word_1_504' title='bbox 2702 2332 2988 2387; x_wconf 85' lang='lat' dir='ltr'><strong>secundum</strong></span> <span class='ocrx_word' id='word_1_505' title='bbox 3033 2349 3261 2388; x_wconf 87' lang='lat' dir='ltr'><strong>carnem.</strong></span> <span class='ocrx_word' id='word_1_506' title='bbox 3302 2332 3403 2400; x_wconf 86' lang='lat' dir='ltr'><strong>Qui</strong></span> <span class='ocrx_word' id='word_1_507' title='bbox 3447 2333 3670 2403; x_wconf 88' lang='lat' dir='ltr'><strong>propin-</strong></span> 
     </span>
    </p>
   </div>
   <div class='ocr_carea' id='block_1_67' title="bbox 2093 2422 3665 2495">
    <p class='ocr_par' dir='ltr' id='par_1_67' title="bbox 2093 2422 3665 2495">
     <span class='ocr_line' id='line_1_67' title="bbox 2093 2422 3665 2495; baseline 0 -18"><span class='ocrx_word' id='word_1_508' title='bbox 2093 2439 2227 2495; x_wconf 86' lang='lat' dir='ltr'><strong>quos</strong></span> <span class='ocrx_word' id='word_1_509' title='bbox 2253 2433 2308 2479; x_wconf 87' lang='lat' dir='ltr'><strong>et</strong></span> <span class='ocrx_word' id='word_1_510' title='bbox 2333 2423 2529 2479; x_wconf 90' lang='lat' dir='ltr'><strong>fratres</strong></span> <span class='ocrx_word' id='word_1_511' title='bbox 2553 2422 2790 2494; x_wconf 78' lang='lat' dir='ltr'><strong>appellat</strong></span> <span class='ocrx_word' id='word_1_512' title='bbox 2807 2424 3100 2479; x_wconf 83' lang='lat' dir='ltr'><strong>secundum</strong></span> <span class='ocrx_word' id='word_1_513' title='bbox 3125 2439 3360 2487; x_wconf 89' lang='lat' dir='ltr'><strong>carnem,</strong></span> <span class='ocrx_word' id='word_1_514' title='bbox 3388 2424 3441 2478; x_wconf 92' lang='lat' dir='ltr'><strong>in</strong></span> <span class='ocrx_word' id='word_1_515' title='bbox 3469 2423 3665 2493; x_wconf 90' lang='lat' dir='ltr'><strong>spiritu</strong></span> 
     </span>
    </p>
   </div>
   <div class='ocr_carea' id='block_1_68' title="bbox 2094 2511 3662 2583">
    <p class='ocr_par' dir='ltr' id='par_1_68' title="bbox 2094 2511 3662 2583">
     <span class='ocr_line' id='line_1_68' title="bbox 2094 2511 3662 2583; baseline -0.001 -15"><span class='ocrx_word' id='word_1_516' title='bbox 2094 2530 2123 2568; x_wconf 62' lang='grc' dir='ltr'><strong>ει</strong></span> <span class='ocrx_word' id='word_1_517' title='bbox 2152 2530 2209 2569; x_wconf 92' lang='lat' dir='ltr'><strong>se</strong></span> <span class='ocrx_word' id='word_1_518' title='bbox 2237 2513 2471 2569; x_wconf 89' lang='lat' dir='ltr'><strong>ostendit</strong></span> <span class='ocrx_word' id='word_1_519' title='bbox 2511 2512 2733 2567; x_wconf 88' lang='lat' dir='ltr'><strong>alienos.</strong></span> <span class='ocrx_word' id='word_1_520' title='bbox 2776 2511 3013 2578; x_wconf 83' lang='lat' dir='ltr'><strong>Quorum</strong></span> <span class='ocrx_word' id='word_1_521' title='bbox 3049 2513 3259 2583; x_wconf 83' lang='lat' dir='ltr'><strong>adoptio</strong></span> <span class='ocrx_word' id='word_1_522' title='bbox 3287 2521 3362 2568; x_wconf 88' lang='lat' dir='ltr'><strong>est</strong></span> <span class='ocrx_word' id='word_1_523' title='bbox 3411 2513 3662 2582; x_wconf 79' lang='lat' dir='ltr'><strong>ﬁliorum.</strong></span> 
     </span>
    </p>
   </div>
   <div class='ocr_carea' id='block_1_69' title="bbox 2093 2598 3665 2674">
    <p class='ocr_par' dir='ltr' id='par_1_69' title="bbox 2093 2598 3665 2674">
     <span class='ocr_line' id='line_1_69' title="bbox 2093 2598 3665 2674; baseline -0.001 -17"><span class='ocrx_word' id='word_1_524' title='bbox 2093 2604 2224 2671; x_wconf 69' lang='lat' dir='ltr'><strong>Qua:</strong></span> <span class='ocrx_word' id='word_1_525' title='bbox 2249 2601 2641 2674; x_wconf 85' lang='lat' dir='ltr'><strong>signiﬁcantius</strong></span> <span class='ocrx_word' id='word_1_526' title='bbox 2668 2598 2859 2656; x_wconf 64' lang='lat' dir='ltr'><strong>Graece</strong></span> <span class='ocrx_word' id='word_1_527' title='bbox 2884 2602 3082 2657; x_wconf 91' lang='lat' dir='ltr'><strong>dicitur</strong></span> <span class='ocrx_word' id='word_1_528' title='bbox 3106 2604 3346 2667; x_wconf 78' lang='grc' dir='ltr'><strong>υἱοθεσία,</strong></span> <span class='ocrx_word' id='word_1_529' title='bbox 3372 2603 3439 2658; x_wconf 82' lang='lat' dir='ltr'><strong>tle</strong></span> <span class='ocrx_word' id='word_1_530' title='bbox 3463 2602 3665 2672; x_wconf 88' lang='lat' dir='ltr'><strong>quibus</strong></span> 
     </span>
    </p>
   </div>
   <div class='ocr_carea' id='block_1_70' title="bbox 2092 2692 3666 2764">
    <p class='ocr_par' dir='ltr' id='par_1_70' title="bbox 2092 2692 3666 2764">
     <span class='ocr_line' id='line_1_70' title="bbox 2092 2692 3666 2764; baseline -0.001 -15"><span class='ocrx_word' id='word_1_531' title='bbox 2092 2695 2364 2764; x_wconf 89' lang='lat' dir='ltr'><strong>quondam</strong></span> <span class='ocrx_word' id='word_1_532' title='bbox 2411 2694 2671 2749; x_wconf 91' lang='lat' dir='ltr'><strong>Dominus</strong></span> <span class='ocrx_word' id='word_1_533' title='bbox 2706 2693 3065 2764; x_wconf 89' lang='lat' dir='ltr'><strong>loquebatur:</strong></span> <span class='ocrx_word' id='word_1_534' title='bbox 3094 2692 3475 2763; x_wconf 82' lang='lat' dir='ltr'><strong>Primogenitus</strong></span> <span class='ocrx_word' id='word_1_535' title='bbox 3521 2710 3666 2748; x_wconf 87' lang='lat' dir='ltr'><strong>meus</strong></span> 
     </span>
    </p>
   </div>
   <div class='ocr_carea' id='block_1_71' title="bbox 2093 2783 3667 2855">
    <p class='ocr_par' dir='ltr' id='par_1_71' title="bbox 2093 2783 3667 2855">
     <span class='ocr_line' id='line_1_71' title="bbox 2093 2783 3667 2855; baseline 0.002 -17"><span class='ocrx_word' id='word_1_536' title='bbox 2093 2784 2283 2840; x_wconf 82' lang='lat' dir='ltr'><strong>Israel.</strong></span> <span class='ocrx_word' id='word_1_537' title='bbox 2326 2783 2578 2855; x_wconf 84' lang='lat' dir='ltr'><strong>Adoptati</strong></span> <span class='ocrx_word' id='word_1_538' title='bbox 2619 2786 2766 2839; x_wconf 90' lang='lat' dir='ltr'><strong>enim</strong></span> <span class='ocrx_word' id='word_1_539' title='bbox 2797 2793 2924 2841; x_wconf 90' lang='lat' dir='ltr'><strong>sunt</strong></span> <span class='ocrx_word' id='word_1_540' title='bbox 2955 2785 3051 2840; x_wconf 86' lang='lat' dir='ltr'><strong>ﬁlii</strong></span> <span class='ocrx_word' id='word_1_541' title='bbox 3095 2785 3259 2840; x_wconf 86' lang='lat' dir='ltr'><strong>Israel</strong></span> <span class='ocrx_word' id='word_1_542' title='bbox 3300 2801 3332 2839; x_wconf 90' lang='lat' dir='ltr'><strong>a</strong></span> <span class='ocrx_word' id='word_1_543' title='bbox 3382 2785 3492 2842; x_wconf 88' lang='lat' dir='ltr'><strong>Deo</strong></span> <span class='ocrx_word' id='word_1_544' title='bbox 3537 2796 3667 2841; x_wconf 87' lang='lat' dir='ltr'><strong>tunc</strong></span> 
     </span>
    </p>
   </div>
   <div class='ocr_carea' id='block_1_72' title="bbox 2093 2874 3665 2948">
    <p class='ocr_par' dir='ltr' id='par_1_72' title="bbox 2093 2874 3665 2948">
     <span class='ocr_line' id='line_1_72' title="bbox 2093 2874 3665 2948; baseline 0.002 -19"><span class='ocrx_word' id='word_1_545' title='bbox 2093 2892 2209 2929; x_wconf 87' lang='lat' dir='ltr'><strong>cum</strong></span> <span class='ocrx_word' id='word_1_546' title='bbox 2247 2876 2496 2930; x_wconf 81' lang='lat' dir='ltr'><strong>divideret</strong></span> <span class='ocrx_word' id='word_1_547' title='bbox 2545 2874 2799 2931; x_wconf 71' lang='lat' dir='ltr'><strong>Excelsus</strong></span> <span class='ocrx_word' id='word_1_548' title='bbox 2838 2885 3034 2947; x_wconf 85' lang='lat' dir='ltr'><strong>gentes,</strong></span> <span class='ocrx_word' id='word_1_549' title='bbox 3071 2886 3117 2930; x_wconf 89' lang='lat' dir='ltr'><strong>et</strong></span> <span class='ocrx_word' id='word_1_550' title='bbox 3169 2878 3483 2948; x_wconf 84' lang='lat' dir='ltr'><strong>dispergeret</strong></span> <span class='ocrx_word' id='word_1_551' title='bbox 3524 2878 3665 2947; x_wconf 82' lang='lat' dir='ltr'><strong>ﬁlios</strong></span> 
     </span>
    </p>
   </div>
   <div class='ocr_carea' id='block_1_73' title="bbox 2094 2966 3667 3041">
    <p class='ocr_par' dir='ltr' id='par_1_73' title="bbox 2094 2966 3667 3041">
     <span class='ocr_line' id='line_1_73' title="bbox 2094 2966 3667 3041; baseline 0.003 -22"><span class='ocrx_word' id='word_1_552' title='bbox 2094 2966 2261 3020; x_wconf 78' lang='lat' dir='ltr'><strong>Adam</strong></span> <span class='ocrx_word' id='word_1_553' title='bbox 2305 2967 2588 3022; x_wconf 82' lang='lat' dir='ltr'><strong>secundum</strong></span> <span class='ocrx_word' id='word_1_554' title='bbox 2632 2984 2901 3022; x_wconf 84' lang='lat' dir='ltr'><strong>numerum</strong></span> <span class='ocrx_word' id='word_1_555' title='bbox 2948 2967 3247 3038; x_wconf 87' lang='lat' dir='ltr'><strong>angelorum</strong></span> <span class='ocrx_word' id='word_1_556' title='bbox 3286 2967 3539 3041; x_wconf 83' lang='lat' dir='ltr'><strong>[ﬁliorum</strong></span> <span class='ocrx_word' id='word_1_557' title='bbox 3585 2968 3667 3024; x_wconf 82' lang='lat' dir='ltr'><strong>Is-</strong></span> 
     </span>
    </p>
   </div>
   <div class='ocr_carea' id='block_1_74' title="bbox 2094 3055 3665 3129">
    <p class='ocr_par' dir='ltr' id='par_1_74' title="bbox 2094 3055 3665 3129">
     <span class='ocr_line' id='line_1_74' title="bbox 2094 3055 3665 3129; baseline 0.003 -20"><span class='ocrx_word' id='word_1_558' title='bbox 2094 3055 2226 3127; x_wconf 85' lang='lat' dir='ltr'><strong>rael]</strong></span> <span class='ocrx_word' id='word_1_559' title='bbox 2246 3097 2261 3121; x_wconf 89' lang='lat'><strong>,</strong></span> <span class='ocrx_word' id='word_1_560' title='bbox 2291 3067 2338 3111; x_wconf 88' lang='lat' dir='ltr'><strong>et</strong></span> <span class='ocrx_word' id='word_1_561' title='bbox 2372 3058 2513 3127; x_wconf 83' lang='lat' dir='ltr'><strong>facta</strong></span> <span class='ocrx_word' id='word_1_562' title='bbox 2540 3068 2614 3112; x_wconf 79' lang='lat' dir='ltr'><strong>est</strong></span> <span class='ocrx_word' id='word_1_563' title='bbox 2646 3059 2815 3129; x_wconf 85' lang='lat' dir='ltr'><strong>portio</strong></span> <span class='ocrx_word' id='word_1_564' title='bbox 2852 3058 3031 3113; x_wconf 85' lang='lat' dir='ltr'><strong>domui</strong></span> <span class='ocrx_word' id='word_1_565' title='bbox 3057 3058 3222 3112; x_wconf 88' lang='lat' dir='ltr'><strong>Iacob</strong></span> <span class='ocrx_word' id='word_1_566' title='bbox 3251 3059 3516 3129; x_wconf 82' lang='lat' dir='ltr'><strong>funiculus</strong></span> <span class='ocrx_word' id='word_1_567' title='bbox 3552 3061 3665 3114; x_wconf 75' lang='lat' dir='ltr'><strong>Iuv-</strong></span> 
     </span>
    </p>
   </div>
   <div class='ocr_carea' id='block_1_75' title="bbox 2095 3145 3669 3220">
    <p class='ocr_par' dir='ltr' id='par_1_75' title="bbox 2095 3145 3669 3220">
     <span class='ocr_line' id='line_1_75' title="bbox 2095 3145 3669 3220; baseline 0.003 -20"><span class='ocrx_word' id='word_1_568' title='bbox 2095 3145 2327 3201; x_wconf 84' lang='lat' dir='ltr'><strong>reditatis</strong></span> <span class='ocrx_word' id='word_1_569' title='bbox 2355 3148 2470 3217; x_wconf 87' lang='lat' dir='ltr'><strong>ejus</strong></span> <span class='ocrx_word' id='word_1_570' title='bbox 2498 3146 2667 3202; x_wconf 83' lang='lat' dir='ltr'><strong>Israel</strong></span> <span class='ocrx_word' id='word_1_571' title='bbox 2702 3148 2879 3219; x_wconf 86' lang='lat' dir='ltr'><strong>(Deut.</strong></span> <span class='ocrx_word' id='word_1_572' title='bbox 2911 3149 3125 3220; x_wconf 76' lang='lat' dir='ltr'><strong>xxxm).</strong></span> <span class='ocrx_word' id='word_1_573' title='bbox 3155 3148 3367 3220; x_wconf 82' lang='lat' dir='ltr'><strong>Adjecit</strong></span> <span class='ocrx_word' id='word_1_574' title='bbox 3396 3150 3571 3204; x_wconf 88' lang='lat' dir='ltr'><strong>adhuc</strong></span> <span class='ocrx_word' id='word_1_575' title='bbox 3607 3157 3669 3205; x_wconf 89' lang='lat' dir='ltr'><strong>ut</strong></span> 
     </span>
    </p>
   </div>
   <div class='ocr_carea' id='block_1_76' title="bbox 2093 3236 3667 3309">
    <p class='ocr_par' dir='ltr' id='par_1_76' title="bbox 2093 3236 3667 3309">
     <span class='ocr_line' id='line_1_76' title="bbox 2093 3236 3667 3309; baseline 0.001 -17"><span class='ocrx_word' id='word_1_576' title='bbox 2093 3244 2147 3292; x_wconf 91' lang='lat' dir='ltr'><strong>et</strong></span> <span class='ocrx_word' id='word_1_577' title='bbox 2183 3237 2318 3292; x_wconf 81' lang='lat' dir='ltr'><strong>alios</strong></span> <span class='ocrx_word' id='word_1_578' title='bbox 2342 3254 2440 3307; x_wconf 91' lang='lat' dir='ltr'><strong>pro</strong></span> <span class='ocrx_word' id='word_1_579' title='bbox 2473 3237 2558 3292; x_wconf 89' lang='lat' dir='ltr'><strong>his</strong></span> <span class='ocrx_word' id='word_1_580' title='bbox 2587 3236 2768 3292; x_wconf 90' lang='lat' dir='ltr'><strong>dolere</strong></span> <span class='ocrx_word' id='word_1_581' title='bbox 2798 3236 2983 3303; x_wconf 79' lang='lat' dir='ltr'><strong>iaciat,</strong></span> <span class='ocrx_word' id='word_1_582' title='bbox 3010 3238 3195 3293; x_wconf 89' lang='lat' dir='ltr'><strong>dicens</strong></span> <span class='ocrx_word' id='word_1_583' title='bbox 3223 3258 3234 3292; x_wconf 90' lang='lat'><strong>:</strong></span> <span class='ocrx_word' id='word_1_584' title='bbox 3263 3239 3333 3292; x_wconf 85' lang='lat' dir='ltr'><strong>Et</strong></span> <span class='ocrx_word' id='word_1_585' title='bbox 3375 3240 3541 3309; x_wconf 84' lang='lat' dir='ltr'><strong>gloria</strong></span> <span class='ocrx_word' id='word_1_586' title='bbox 3560 3280 3574 3304; x_wconf 91' lang='lat'><strong>,</strong></span> <span class='ocrx_word' id='word_1_587' title='bbox 3616 3252 3667 3294; x_wconf 87' lang='lat' dir='ltr'><strong>et</strong></span> 
     </span>
    </p>
   </div>
   <div class='ocr_carea' id='block_1_77' title="bbox 2094 3326 3663 3400">
    <p class='ocr_par' dir='ltr' id='par_1_77' title="bbox 2094 3326 3663 3400">
     <span class='ocr_line' id='line_1_77' title="bbox 2094 3326 3663 3400; baseline 0.001 -19"><span class='ocrx_word' id='word_1_588' title='bbox 2094 3336 2475 3393; x_wconf 84' lang='lat' dir='ltr'><strong>testamentum,</strong></span> <span class='ocrx_word' id='word_1_589' title='bbox 2501 3336 2548 3380; x_wconf 88' lang='lat' dir='ltr'><strong>et</strong></span> <span class='ocrx_word' id='word_1_590' title='bbox 2576 3326 2851 3397; x_wconf 84' lang='lat' dir='ltr'><strong>legislatio,</strong></span> <span class='ocrx_word' id='word_1_591' title='bbox 2875 3338 2923 3381; x_wconf 90' lang='lat' dir='ltr'><strong>et</strong></span> <span class='ocrx_word' id='word_1_592' title='bbox 2958 3327 3279 3398; x_wconf 86' lang='lat' dir='ltr'><strong>obsequium,</strong></span> <span class='ocrx_word' id='word_1_593' title='bbox 3306 3339 3355 3384; x_wconf 82' lang='lat' dir='ltr'><strong>et</strong></span> <span class='ocrx_word' id='word_1_594' title='bbox 3385 3331 3663 3400; x_wconf 82' lang='lat' dir='ltr'><strong>promissa.</strong></span> 
     </span>
    </p>
   </div>
   <div class='ocr_carea' id='block_1_78' title="bbox 2094 3417 3670 3489">
    <p class='ocr_par' dir='ltr' id='par_1_78' title="bbox 2094 3417 3670 3489">
     <span class='ocr_line' id='line_1_78' title="bbox 2094 3417 3670 3489; baseline 0.001 -16"><span class='ocrx_word' id='word_1_595' title='bbox 2094 3419 2170 3474; x_wconf 93' lang='lat' dir='ltr'><strong>De</strong></span> <span class='ocrx_word' id='word_1_596' title='bbox 2201 3418 2370 3489; x_wconf 86' lang='lat' dir='ltr'><strong>gloria</strong></span> <span class='ocrx_word' id='word_1_597' title='bbox 2404 3417 2542 3473; x_wconf 72' lang='lat' dir='ltr'><strong>dats:</strong></span> <span class='ocrx_word' id='word_1_598' title='bbox 2578 3418 2716 3489; x_wconf 87' lang='lat' dir='ltr'><strong>legis</strong></span> <span class='ocrx_word' id='word_1_599' title='bbox 2751 3433 2893 3487; x_wconf 67' lang='lat' dir='ltr'><strong>stepe</strong></span> <span class='ocrx_word' id='word_1_600' title='bbox 2927 3419 3042 3489; x_wconf 84' lang='lat' dir='ltr'><strong>jam</strong></span> <span class='ocrx_word' id='word_1_601' title='bbox 3072 3419 3273 3474; x_wconf 90' lang='lat' dir='ltr'><strong>dictum</strong></span> <span class='ocrx_word' id='word_1_602' title='bbox 3301 3428 3406 3486; x_wconf 91' lang='lat' dir='ltr'><strong>est,</strong></span> <span class='ocrx_word' id='word_1_603' title='bbox 3445 3420 3584 3475; x_wconf 89' lang='lat' dir='ltr'><strong>sicut</strong></span> <span class='ocrx_word' id='word_1_604' title='bbox 3612 3429 3670 3475; x_wconf 87' lang='lat' dir='ltr'><strong>et</strong></span> 
     </span>
    </p>
   </div>
   <div class='ocr_carea' id='block_1_79' title="bbox 2094 3507 3670 3580">
    <p class='ocr_par' dir='ltr' id='par_1_79' title="bbox 2094 3507 3670 3580">
     <span class='ocr_line' id='line_1_79' title="bbox 2094 3507 3670 3580; baseline 0.001 -16"><span class='ocrx_word' id='word_1_605' title='bbox 2094 3510 2209 3579; x_wconf 91' lang='lat' dir='ltr'><strong>ipse</strong></span> <span class='ocrx_word' id='word_1_606' title='bbox 2246 3508 2533 3578; x_wconf 89' lang='lat' dir='ltr'><strong>Apostolus</strong></span> <span class='ocrx_word' id='word_1_607' title='bbox 2565 3509 2735 3563; x_wconf 88' lang='lat' dir='ltr'><strong>dicit:</strong></span> <span class='ocrx_word' id='word_1_608' title='bbox 2776 3507 2832 3564; x_wconf 91' lang='lat' dir='ltr'><strong>Si</strong></span> <span class='ocrx_word' id='word_1_609' title='bbox 2861 3510 3005 3564; x_wconf 89' lang='lat' dir='ltr'><strong>enim</strong></span> <span class='ocrx_word' id='word_1_610' title='bbox 3052 3510 3195 3578; x_wconf 87' lang='lat' dir='ltr'><strong>quod</strong></span> <span class='ocrx_word' id='word_1_611' title='bbox 3231 3521 3525 3566; x_wconf 88' lang='lat' dir='ltr'><strong>evacuatur</strong></span> <span class='ocrx_word' id='word_1_612' title='bbox 3569 3527 3670 3580; x_wconf 91' lang='lat' dir='ltr'><strong>per</strong></span> 
     </span>
    </p>
   </div>
   <div class='ocr_carea' id='block_1_80' title="bbox 2093 3600 3669 3670">
    <p class='ocr_par' dir='ltr' id='par_1_80' title="bbox 2093 3600 3669 3670">
     <span class='ocr_line' id='line_1_80' title="bbox 2093 3600 3669 3670; baseline 0.003 -17"><span class='ocrx_word' id='word_1_613' title='bbox 2093 3601 2319 3670; x_wconf 83' lang='lat' dir='ltr'><strong>gloriam</strong></span> <span class='ocrx_word' id='word_1_614' title='bbox 2362 3608 2472 3664; x_wconf 88' lang='lat' dir='ltr'><strong>est,</strong></span> <span class='ocrx_word' id='word_1_615' title='bbox 2523 3601 2627 3655; x_wconf 91' lang='lat' dir='ltr'><strong>hoc</strong></span> <span class='ocrx_word' id='word_1_616' title='bbox 2669 3608 2754 3655; x_wconf 91' lang='lat' dir='ltr'><strong>est</strong></span> <span class='ocrx_word' id='word_1_617' title='bbox 2790 3600 2956 3655; x_wconf 80' lang='lat' dir='ltr'><strong>Vetus</strong></span> <span class='ocrx_word' id='word_1_618' title='bbox 3002 3601 3444 3666; x_wconf 87' lang='lat' dir='ltr'><strong>Testamentum,</strong></span> <span class='ocrx_word' id='word_1_619' title='bbox 3495 3602 3669 3657; x_wconf 73' lang='lat' dir='ltr'><strong>multo</strong></span> 
     </span>
    </p>
   </div>
   <div class='ocr_carea' id='block_1_81' title="bbox 2094 3693 3671 3765">
    <p class='ocr_par' dir='ltr' id='par_1_81' title="bbox 2094 3693 3671 3765">
     <span class='ocr_line' id='line_1_81' title="bbox 2094 3693 3671 3765; baseline 0.003 -18"><span class='ocrx_word' id='word_1_620' title='bbox 2094 3693 2263 3763; x_wconf 89' lang='lat' dir='ltr'><strong>magis</strong></span> <span class='ocrx_word' id='word_1_621' title='bbox 2304 3694 2447 3762; x_wconf 92' lang='lat' dir='ltr'><strong>quod</strong></span> <span class='ocrx_word' id='word_1_622' title='bbox 2488 3702 2669 3747; x_wconf 88' lang='lat' dir='ltr'><strong>manet</strong></span> <span class='ocrx_word' id='word_1_623' title='bbox 2711 3694 2764 3748; x_wconf 90' lang='lat' dir='ltr'><strong>in</strong></span> <span class='ocrx_word' id='word_1_624' title='bbox 2801 3693 2971 3763; x_wconf 86' lang='lat' dir='ltr'><strong>gloria</strong></span> <span class='ocrx_word' id='word_1_625' title='bbox 2997 3700 3098 3757; x_wconf 90' lang='lat' dir='ltr'><strong>est,</strong></span> <span class='ocrx_word' id='word_1_626' title='bbox 3139 3694 3414 3765; x_wconf 86' lang='lat' dir='ltr'><strong>Evangelii</strong></span> <span class='ocrx_word' id='word_1_627' title='bbox 3459 3696 3671 3752; x_wconf 87' lang='lat' dir='ltr'><strong>scilicet</strong></span> 
     </span>
    </p>
   </div>
   <div class='ocr_carea' id='block_1_82' title="bbox 2092 3782 3670 3857">
    <p class='ocr_par' dir='ltr' id='par_1_82' title="bbox 2092 3782 3670 3857">
     <span class='ocr_line' id='line_1_82' title="bbox 2092 3782 3670 3857; baseline 0.003 -21"><span class='ocrx_word' id='word_1_628' title='bbox 2092 3784 2421 3852; x_wconf 60' lang='lat' dir='ltr'><strong>praedicatio.</strong></span> <span class='ocrx_word' id='word_1_629' title='bbox 2449 3782 2554 3838; x_wconf 86' lang='lat' dir='ltr'><strong>Sed</strong></span> <span class='ocrx_word' id='word_1_630' title='bbox 2580 3783 2721 3852; x_wconf 87' lang='lat' dir='ltr'><strong>quod</strong></span> <span class='ocrx_word' id='word_1_631' title='bbox 2755 3784 2905 3849; x_wconf 87' lang='lat' dir='ltr'><strong>dicit,</strong></span> <span class='ocrx_word' id='word_1_632' title='bbox 2931 3784 3335 3839; x_wconf 88' lang='lat' dir='ltr'><strong>Testamentum</strong></span> <span class='ocrx_word' id='word_1_633' title='bbox 3359 3793 3413 3839; x_wconf 90' lang='lat' dir='ltr'><strong>et</strong></span> <span class='ocrx_word' id='word_1_634' title='bbox 3454 3786 3670 3857; x_wconf 85' lang='lat' dir='ltr'><strong>legisla-</strong></span> 
     </span>
    </p>
   </div>
   <div class='ocr_carea' id='block_1_83' title="bbox 2096 3871 3668 3938">
    <p class='ocr_par' dir='ltr' id='par_1_83' title="bbox 2096 3871 3668 3938">
     <span class='ocr_line' id='line_1_83' title="bbox 2096 3871 3668 3938; baseline 0.002 -12"><span class='ocrx_word' id='word_1_635' title='bbox 2096 3874 2194 3938; x_wconf 89' lang='lat' dir='ltr'><strong>tio,</strong></span> <span class='ocrx_word' id='word_1_636' title='bbox 2241 3888 2407 3926; x_wconf 88' lang='lat' dir='ltr'><strong>unum</strong></span> <span class='ocrx_word' id='word_1_637' title='bbox 2460 3871 2689 3927; x_wconf 87' lang='lat' dir='ltr'><strong>fortasse</strong></span> <span class='ocrx_word' id='word_1_638' title='bbox 2739 3871 2921 3927; x_wconf 91' lang='lat' dir='ltr'><strong>dicere</strong></span> <span class='ocrx_word' id='word_1_639' title='bbox 2962 3872 3234 3927; x_wconf 88' lang='lat' dir='ltr'><strong>nonnullis</strong></span> <span class='ocrx_word' id='word_1_640' title='bbox 3284 3873 3535 3928; x_wconf 81' lang='lat' dir='ltr'><strong>videtur:</strong></span> <span class='ocrx_word' id='word_1_641' title='bbox 3581 3876 3668 3930; x_wconf 75' lang='lat' dir='ltr'><strong>lex</strong></span> 
     </span>
    </p>
   </div>
   <div class='ocr_carea' id='block_1_84' title="bbox 2094 3964 3669 4035">
    <p class='ocr_par' dir='ltr' id='par_1_84' title="bbox 2094 3964 3669 4035">
     <span class='ocr_line' id='line_1_84' title="bbox 2094 3964 3669 4035; baseline 0.001 -17"><span class='ocrx_word' id='word_1_642' title='bbox 2094 3964 2239 4018; x_wconf 91' lang='lat' dir='ltr'><strong>enim</strong></span> <span class='ocrx_word' id='word_1_643' title='bbox 2270 3979 2389 4033; x_wconf 70' lang='lat' dir='ltr'><strong>quze</strong></span> <span class='ocrx_word' id='word_1_644' title='bbox 2434 3965 2557 4018; x_wconf 89' lang='lat' dir='ltr'><strong>data</strong></span> <span class='ocrx_word' id='word_1_645' title='bbox 2582 3970 2664 4018; x_wconf 88' lang='lat' dir='ltr'><strong>est</strong></span> <span class='ocrx_word' id='word_1_646' title='bbox 2699 3964 2813 4033; x_wconf 89' lang='lat' dir='ltr'><strong>ipsa</strong></span> <span class='ocrx_word' id='word_1_647' title='bbox 2857 3965 3018 4018; x_wconf 83' lang='lat' dir='ltr'><strong>etiam</strong></span> <span class='ocrx_word' id='word_1_648' title='bbox 3046 3964 3448 4022; x_wconf 85' lang='lat' dir='ltr'><strong>Testamentum</strong></span> <span class='ocrx_word' id='word_1_649' title='bbox 3485 3967 3669 4035; x_wconf 86' lang='lat' dir='ltr'><strong>appel-</strong></span> 
     </span>
    </p>
   </div>
   <div class='ocr_carea' id='block_1_85' title="bbox 2095 4051 3668 4123">
    <p class='ocr_par' dir='ltr' id='par_1_85' title="bbox 2095 4051 3668 4123">
     <span class='ocr_line' id='line_1_85' title="bbox 2095 4051 3668 4123; baseline 0.003 -17"><span class='ocrx_word' id='word_1_650' title='bbox 2095 4053 2255 4107; x_wconf 91' lang='lat' dir='ltr'><strong>latur.</strong></span> <span class='ocrx_word' id='word_1_651' title='bbox 2300 4051 2408 4108; x_wconf 90' lang='lat' dir='ltr'><strong>Sed</strong></span> <span class='ocrx_word' id='word_1_652' title='bbox 2437 4068 2537 4123; x_wconf 84' lang='lat' dir='ltr'><strong>ego</strong></span> <span class='ocrx_word' id='word_1_653' title='bbox 2571 4054 2710 4108; x_wconf 88' lang='lat' dir='ltr'><strong>hanc</strong></span> <span class='ocrx_word' id='word_1_654' title='bbox 2752 4068 2877 4108; x_wconf 88' lang='lat' dir='ltr'><strong>esse</strong></span> <span class='ocrx_word' id='word_1_655' title='bbox 2909 4054 3304 4108; x_wconf 88' lang='lat' dir='ltr'><strong>distinctionem</strong></span> <span class='ocrx_word' id='word_1_656' title='bbox 3339 4062 3489 4123; x_wconf 91' lang='lat' dir='ltr'><strong>puto,</strong></span> <span class='ocrx_word' id='word_1_657' title='bbox 3519 4056 3668 4123; x_wconf 87' lang='lat' dir='ltr'><strong>quod</strong></span> 
     </span>
    </p>
   </div>
   <div class='ocr_carea' id='block_1_86' title="bbox 2093 4143 3670 4214">
    <p class='ocr_par' dir='ltr' id='par_1_86' title="bbox 2093 4143 3670 4214">
     <span class='ocr_line' id='line_1_86' title="bbox 2093 4143 3670 4214; baseline 0.001 -17"><span class='ocrx_word' id='word_1_658' title='bbox 2093 4143 2358 4214; x_wconf 88' lang='lat' dir='ltr'><strong>lcgislatio</strong></span> <span class='ocrx_word' id='word_1_659' title='bbox 2405 4144 2621 4211; x_wconf 89' lang='lat' dir='ltr'><strong>quidem</strong></span> <span class='ocrx_word' id='word_1_660' title='bbox 2672 4160 2775 4197; x_wconf 89' lang='lat' dir='ltr'><strong>una</strong></span> <span class='ocrx_word' id='word_1_661' title='bbox 2827 4143 3021 4209; x_wconf 88' lang='lat' dir='ltr'><strong>fuerit,</strong></span> <span class='ocrx_word' id='word_1_662' title='bbox 3050 4152 3106 4199; x_wconf 87' lang='lat' dir='ltr'><strong>et</strong></span> <span class='ocrx_word' id='word_1_663' title='bbox 3139 4144 3304 4199; x_wconf 90' lang='lat' dir='ltr'><strong>semel</strong></span> <span class='ocrx_word' id='word_1_664' title='bbox 3342 4144 3521 4198; x_wconf 87' lang='lat' dir='ltr'><strong>habita</strong></span> <span class='ocrx_word' id='word_1_665' title='bbox 3567 4159 3670 4213; x_wconf 89' lang='lat' dir='ltr'><strong>per</strong></span> 
     </span>
    </p>
   </div>
   <div class='ocr_carea' id='block_1_87' title="bbox 2095 4231 3663 4303">
    <p class='ocr_par' dir='ltr' id='par_1_87' title="bbox 2095 4231 3663 4303">
     <span class='ocr_line' id='line_1_87' title="bbox 2095 4231 3663 4303; baseline 0 -16"><span class='ocrx_word' id='word_1_666' title='bbox 2095 4232 2330 4303; x_wconf 78' lang='lat' dir='ltr'><strong>Moysen.</strong></span> <span class='ocrx_word' id='word_1_667' title='bbox 2371 4231 2712 4285; x_wconf 89' lang='lat' dir='ltr'><strong>Testamenta</strong></span> <span class='ocrx_word' id='word_1_668' title='bbox 2741 4246 2868 4286; x_wconf 85' lang='lat' dir='ltr'><strong>vero</strong></span> <span class='ocrx_word' id='word_1_669' title='bbox 2908 4231 3220 4302; x_wconf 79' lang='lat' dir='ltr'><strong>frequenter</strong></span> <span class='ocrx_word' id='word_1_670' title='bbox 3261 4241 3463 4288; x_wconf 82' lang='lat' dir='ltr'><strong>statuta</strong></span> <span class='ocrx_word' id='word_1_671' title='bbox 3498 4244 3663 4289; x_wconf 89' lang='lat' dir='ltr'><strong>sunt:</strong></span> 
     </span>
    </p>
   </div>
   <div class='ocr_carea' id='block_1_88' title="bbox 2094 4323 3668 4393">
    <p class='ocr_par' dir='ltr' id='par_1_88' title="bbox 2094 4323 3668 4393">
     <span class='ocr_line' id='line_1_88' title="bbox 2094 4323 3668 4393; baseline 0.001 -15"><span class='ocrx_word' id='word_1_672' title='bbox 2094 4325 2307 4393; x_wconf 90' lang='lat' dir='ltr'><strong>quoties</strong></span> <span class='ocrx_word' id='word_1_673' title='bbox 2348 4324 2492 4378; x_wconf 89' lang='lat' dir='ltr'><strong>enim</strong></span> <span class='ocrx_word' id='word_1_674' title='bbox 2540 4332 2904 4393; x_wconf 86' lang='lat' dir='ltr'><strong>peccaverunt</strong></span> <span class='ocrx_word' id='word_1_675' title='bbox 2953 4331 3008 4378; x_wconf 91' lang='lat' dir='ltr'><strong>et</strong></span> <span class='ocrx_word' id='word_1_676' title='bbox 3055 4323 3249 4392; x_wconf 87' lang='lat' dir='ltr'><strong>abjccti</strong></span> <span class='ocrx_word' id='word_1_677' title='bbox 3295 4334 3454 4391; x_wconf 91' lang='lat' dir='ltr'><strong>sunt,</strong></span> <span class='ocrx_word' id='word_1_678' title='bbox 3503 4325 3668 4381; x_wconf 83' lang='lat' dir='ltr'><strong>toties</strong></span> 
     </span>
    </p>
   </div>
   <div class='ocr_carea' id='block_1_89' title="bbox 423 4410 3667 4507">
    <p class='ocr_par' dir='ltr' id='par_1_89' title="bbox 423 4410 3667 4507">
     <span class='ocr_line' id='line_1_89' title="bbox 423 4410 3667 4507; baseline -0.001 -34"><span class='ocrx_word' id='word_1_679' title='bbox 423 4420 510 4476; x_wconf 90' lang='lat' dir='ltr'><strong>lus</strong></span> <span class='ocrx_word' id='word_1_680' title='bbox 534 4419 610 4474; x_wconf 89' lang='lat' dir='ltr'><strong>ait</strong></span> <span class='ocrx_word' id='word_1_681' title='bbox 634 4436 649 4472; x_wconf 90' lang='lat'><strong>:</strong></span> <span class='ocrx_word' id='word_1_682' title='bbox 679 4415 1048 4471; x_wconf 84' lang='lat' dir='ltr'><strong>Testimonium</strong></span> <span class='ocrx_word' id='word_1_683' title='bbox 1076 4412 1317 4467; x_wconf 84' lang='lat' dir='ltr'><strong>reddente</strong></span> <span class='ocrx_word' id='word_1_684' title='bbox 1346 4412 1439 4465; x_wconf 88' lang='lat' dir='ltr'><strong>eis.</strong></span> <span class='ocrx_word' id='word_1_685' title='bbox 1479 4410 1613 4465; x_wconf 87' lang='lat' dir='ltr'><strong>Nam</strong></span> <span class='ocrx_word' id='word_1_686' title='bbox 1657 4427 1767 4465; x_wconf 88' lang='lat' dir='ltr'><strong>non</strong></span> <span class='ocrx_word' id='word_1_687' title='bbox 1814 4418 1994 4479; x_wconf 89' lang='lat' dir='ltr'><strong>potest</strong></span> <span class='ocrx_word' id='word_1_688' title='bbox 2017 4450 2069 4507; x_wconf 74' lang='grc' dir='ltr'><strong>Ι)</strong></span> <span class='ocrx_word' id='word_1_689' title='bbox 2095 4412 2423 4468; x_wconf 67' lang='lat' dir='ltr'><strong>exhaaredati</strong></span> <span class='ocrx_word' id='word_1_690' title='bbox 2448 4412 2717 4466; x_wconf 80' lang='lat' dir='ltr'><strong>videntur.</strong></span> <span class='ocrx_word' id='word_1_691' title='bbox 2745 4412 2811 4465; x_wconf 89' lang='lat' dir='ltr'><strong>Et</strong></span> <span class='ocrx_word' id='word_1_692' title='bbox 2837 4427 3024 4467; x_wconf 86' lang='lat' dir='ltr'><strong>rursus</strong></span> <span class='ocrx_word' id='word_1_693' title='bbox 3049 4414 3260 4481; x_wconf 73' lang='lat' dir='ltr'><strong>quocies</strong></span> <span class='ocrx_word' id='word_1_694' title='bbox 3282 4414 3667 4483; x_wconf 88' lang='lat' dir='ltr'><strong>repropitiatus</strong></span> 
     </span>
    </p>
   </div>
   <div class='ocr_carea' id='block_1_90' title="bbox 423 4500 1987 4578">
    <p class='ocr_par' dir='ltr' id='par_1_90' title="bbox 423 4500 1987 4578">
     <span class='ocr_line' id='line_1_90' title="bbox 423 4500 1987 4578; baseline -0.007 -13"><span class='ocrx_word' id='word_1_695' title='bbox 423 4509 532 4565; x_wconf 90' lang='lat' dir='ltr'><strong>dici</strong></span> <span class='ocrx_word' id='word_1_696' title='bbox 570 4507 712 4578; x_wconf 92' lang='lat' dir='ltr'><strong>quod</strong></span> <span class='ocrx_word' id='word_1_697' title='bbox 763 4507 817 4559; x_wconf 91' lang='lat' dir='ltr'><strong>in</strong></span> <span class='ocrx_word' id='word_1_698' title='bbox 848 4504 1023 4559; x_wconf 82' lang='lat' dir='ltr'><strong>malis</strong></span> <span class='ocrx_word' id='word_1_699' title='bbox 1046 4504 1254 4558; x_wconf 89' lang='lat' dir='ltr'><strong>actibus</strong></span> <span class='ocrx_word' id='word_1_700' title='bbox 1292 4502 1347 4556; x_wconf 91' lang='lat' dir='ltr'><strong>in</strong></span> <span class='ocrx_word' id='word_1_701' title='bbox 1387 4500 1594 4571; x_wconf 87' lang='lat' dir='ltr'><strong>Spiritu</strong></span> <span class='ocrx_word' id='word_1_702' title='bbox 1629 4510 1816 4556; x_wconf 91' lang='lat' dir='ltr'><strong>sancto</strong></span> <span class='ocrx_word' id='word_1_703' title='bbox 1853 4516 1987 4556; x_wconf 92' lang='lat' dir='ltr'><strong>con-</strong></span> 
     </span>
    </p>
   </div>
   <div class='ocr_carea' id='block_1_91' title="bbox 2094 4501 3671 4573">
    <p class='ocr_par' dir='ltr' id='par_1_91' title="bbox 2094 4501 3671 4573">
     <span class='ocr_line' id='line_1_91' title="bbox 2094 4501 3671 4573; baseline 0 -16"><span class='ocrx_word' id='word_1_704' title='bbox 2094 4503 2293 4557; x_wconf 88' lang='lat' dir='ltr'><strong>dicitur</strong></span> <span class='ocrx_word' id='word_1_705' title='bbox 2327 4503 2486 4565; x_wconf 91' lang='lat' dir='ltr'><strong>Deus,</strong></span> <span class='ocrx_word' id='word_1_706' title='bbox 2516 4501 2791 4555; x_wconf 85' lang='lat' dir='ltr'><strong>revocavit</strong></span> <span class='ocrx_word' id='word_1_707' title='bbox 2815 4516 2907 4556; x_wconf 93' lang='lat' dir='ltr'><strong>eos</strong></span> <span class='ocrx_word' id='word_1_708' title='bbox 2935 4501 2988 4555; x_wconf 93' lang='lat' dir='ltr'><strong>in</strong></span> <span class='ocrx_word' id='word_1_709' title='bbox 3019 4501 3383 4555; x_wconf 62' lang='lat' dir='ltr'><strong>bzeretlitatem</strong></span> <span class='ocrx_word' id='word_1_710' title='bbox 3408 4516 3520 4555; x_wconf 71' lang='lat' dir='ltr'><strong>sum</strong></span> <span class='ocrx_word' id='word_1_711' title='bbox 3545 4518 3671 4573; x_wconf 90' lang='lat' dir='ltr'><strong>pos-</strong></span> 
     </span>
    </p>
   </div>
   <div class='ocr_carea' id='block_1_92' title="bbox 424 4591 3670 4668">
    <p class='ocr_par' dir='ltr' id='par_1_92' title="bbox 424 4591 3670 4668">
     <span class='ocr_line' id='line_1_92' title="bbox 424 4591 3670 4668; baseline -0.002 -13"><span class='ocrx_word' id='word_1_712' title='bbox 424 4598 652 4668; x_wconf 86' lang='lat' dir='ltr'><strong>scientia</strong></span> <span class='ocrx_word' id='word_1_713' title='bbox 698 4594 1061 4651; x_wconf 88' lang='lat' dir='ltr'><strong>testimonium</strong></span> <span class='ocrx_word' id='word_1_714' title='bbox 1091 4593 1298 4657; x_wconf 86' lang='lat' dir='ltr'><strong>reddat,</strong></span> <span class='ocrx_word' id='word_1_715' title='bbox 1349 4593 1438 4647; x_wconf 91' lang='lat' dir='ltr'><strong>ubi</strong></span> <span class='ocrx_word' id='word_1_716' title='bbox 1466 4593 1821 4662; x_wconf 87' lang='lat' dir='ltr'><strong>cogitationes</strong></span> <span class='ocrx_word' id='word_1_717' title='bbox 1852 4591 1993 4645; x_wconf 88' lang='lat' dir='ltr'><strong>inter</strong></span> <span class='ocrx_word' id='word_1_718' title='bbox 2090 4595 2367 4659; x_wconf 89' lang='lat' dir='ltr'><strong>sessionis,</strong></span> <span class='ocrx_word' id='word_1_719' title='bbox 2414 4593 2572 4648; x_wconf 88' lang='lat' dir='ltr'><strong>toties</strong></span> <span class='ocrx_word' id='word_1_720' title='bbox 2620 4607 2904 4662; x_wconf 84' lang='lat' dir='ltr'><strong>reparasse</strong></span> <span class='ocrx_word' id='word_1_721' title='bbox 2938 4599 3279 4657; x_wconf 88' lang='lat' dir='ltr'><strong>testamenta,</strong></span> <span class='ocrx_word' id='word_1_722' title='bbox 3324 4601 3378 4647; x_wconf 90' lang='lat' dir='ltr'><strong>et</strong></span> <span class='ocrx_word' id='word_1_723' title='bbox 3420 4594 3670 4649; x_wconf 75' lang='lat' dir='ltr'><strong>lueredcs</strong></span> 
     </span>
    </p>
   </div>
   <div class='ocr_carea' id='block_1_93' title="bbox 329 4682 1985 4753">
    <p class='ocr_par' dir='ltr' id='par_1_93' title="bbox 329 4682 1985 4753">
     <span class='ocr_line' id='line_1_93' title="bbox 329 4682 1985 4753; baseline -0.007 -5"><span class='ocrx_word' id='word_1_724' title='bbox 329 4682 340 4692; x_wconf 71' lang='grc'><em>’</em></span> <span class='ocrx_word' id='word_1_725' title='bbox 423 4706 485 4748; x_wconf 88' lang='lat' dir='ltr'><strong>se</strong></span> <span class='ocrx_word' id='word_1_726' title='bbox 533 4690 761 4745; x_wconf 85' lang='lat' dir='ltr'><strong>invicem</strong></span> <span class='ocrx_word' id='word_1_727' title='bbox 825 4692 951 4742; x_wconf 87' lang='lat' dir='ltr'><strong>sunt</strong></span> <span class='ocrx_word' id='word_1_728' title='bbox 1013 4693 1348 4739; x_wconf 87' lang='lat' dir='ltr'><strong>accusantes.</strong></span> <span class='ocrx_word' id='word_1_729' title='bbox 1405 4684 1463 4737; x_wconf 89' lang='lat' dir='ltr'><strong>ln</strong></span> <span class='ocrx_word' id='word_1_730' title='bbox 1522 4682 1775 4753; x_wconf 86' lang='lat' dir='ltr'><strong>Apostolo</strong></span> <span class='ocrx_word' id='word_1_731' title='bbox 1830 4698 1985 4745; x_wconf 82' lang='lat' dir='ltr'><strong>vero,</strong></span> 
     </span>
    </p>
   </div>
   <div class='ocr_carea' id='block_1_94' title="bbox 422 4776 1992 4850">
    <p class='ocr_par' dir='ltr' id='par_1_94' title="bbox 422 4776 1992 4850">
     <span class='ocr_line' id='line_1_94' title="bbox 422 4776 1992 4850; baseline -0.007 -11"><span class='ocrx_word' id='word_1_732' title='bbox 422 4783 515 4839; x_wconf 90' lang='lat' dir='ltr'><strong>ubi</strong></span> <span class='ocrx_word' id='word_1_733' title='bbox 567 4780 819 4850; x_wconf 83' lang='lat' dir='ltr'><strong>cogitatio</strong></span> <span class='ocrx_word' id='word_1_734' title='bbox 865 4776 979 4847; x_wconf 85' lang='lat' dir='ltr'><strong>jam</strong></span> <span class='ocrx_word' id='word_1_735' title='bbox 1032 4792 1140 4831; x_wconf 91' lang='lat' dir='ltr'><strong>non</strong></span> <span class='ocrx_word' id='word_1_736' title='bbox 1197 4777 1360 4832; x_wconf 85' lang='lat' dir='ltr'><strong>habet</strong></span> <span class='ocrx_word' id='word_1_737' title='bbox 1409 4776 1551 4845; x_wconf 88' lang='lat' dir='ltr'><strong>quod</strong></span> <span class='ocrx_word' id='word_1_738' title='bbox 1598 4783 1851 4837; x_wconf 86' lang='lat' dir='ltr'><strong>accuset,</strong></span> <span class='ocrx_word' id='word_1_739' title='bbox 1905 4789 1992 4829; x_wconf 90' lang='lat' dir='ltr'><strong>re-</strong></span> 
     </span>
    </p>
   </div>
   <div class='ocr_carea' id='block_1_95' title="bbox 423 4864 1991 4936">
    <p class='ocr_par' dir='ltr' id='par_1_95' title="bbox 423 4864 1991 4936">
     <span class='ocr_line' id='line_1_95' title="bbox 423 4864 1991 4936; baseline -0.007 -6"><span class='ocrx_word' id='word_1_740' title='bbox 423 4882 512 4931; x_wconf 91' lang='lat' dir='ltr'><strong>cte</strong></span> <span class='ocrx_word' id='word_1_741' title='bbox 576 4869 904 4927; x_wconf 89' lang='lat' dir='ltr'><strong>conscientia</strong></span> <span class='ocrx_word' id='word_1_742' title='bbox 969 4868 1023 4921; x_wconf 91' lang='lat' dir='ltr'><strong>in</strong></span> <span class='ocrx_word' id='word_1_743' title='bbox 1092 4864 1295 4936; x_wconf 91' lang='lat' dir='ltr'><strong>Spiritu</strong></span> <span class='ocrx_word' id='word_1_744' title='bbox 1362 4874 1553 4921; x_wconf 90' lang='lat' dir='ltr'><strong>sancto</strong></span> <span class='ocrx_word' id='word_1_745' title='bbox 1626 4865 1991 4919; x_wconf 88' lang='lat' dir='ltr'><strong>testimonium</strong></span> 
     </span>
    </p>
   </div>
   <div class='ocr_carea' id='block_1_96' title="bbox 422 4962 621 5020">
    <p class='ocr_par' dir='ltr' id='par_1_96' title="bbox 422 4962 621 5020">
     <span class='ocr_line' id='line_1_96' title="bbox 422 4962 621 5020; baseline -0.01 -1"><span class='ocrx_word' id='word_1_746' title='bbox 422 4962 621 5020; x_wconf 85' lang='lat' dir='ltr'><strong>reddit.</strong></span> 
     </span>
    </p>
   </div>
   <div class='ocr_carea' id='block_1_97' title="bbox 496 5047 1993 5117">
    <p class='ocr_par' dir='ltr' id='par_1_97' title="bbox 496 5047 1993 5117">
     <span class='ocr_line' id='line_1_97' title="bbox 496 5047 1993 5117; baseline -0.004 -12"><span class='ocrx_word' id='word_1_747' title='bbox 496 5052 756 5117; x_wconf 86' lang='lat' dir='ltr'><strong>Quoniam</strong></span> <span class='ocrx_word' id='word_1_748' title='bbox 780 5051 993 5105; x_wconf 87' lang='lat' dir='ltr'><strong>tristitia</strong></span> <span class='ocrx_word' id='word_1_749' title='bbox 1013 5048 1140 5102; x_wconf 80' lang='lat' dir='ltr'><strong>mihi</strong></span> <span class='ocrx_word' id='word_1_750' title='bbox 1159 5057 1253 5113; x_wconf 88' lang='lat' dir='ltr'><strong>est,</strong></span> <span class='ocrx_word' id='word_1_751' title='bbox 1296 5056 1344 5101; x_wconf 87' lang='lat' dir='ltr'><strong>et</strong></span> <span class='ocrx_word' id='word_1_752' title='bbox 1365 5050 1641 5102; x_wconf 86' lang='lat' dir='ltr'><strong>continuus</strong></span> <span class='ocrx_word' id='word_1_753' title='bbox 1664 5047 1816 5102; x_wconf 87' lang='lat' dir='ltr'><strong>dolor</strong></span> <span class='ocrx_word' id='word_1_754' title='bbox 1847 5047 1993 5101; x_wconf 84' lang='lat' dir='ltr'><strong>cordi</strong></span> 
     </span>
    </p>
   </div>
   <div class='ocr_carea' id='block_1_98' title="bbox 422 5145 1995 5215">
    <p class='ocr_par' dir='ltr' id='par_1_98' title="bbox 422 5145 1995 5215">
     <span class='ocr_line' id='line_1_98' title="bbox 422 5145 1995 5215; baseline 0.001 -16"><span class='ocrx_word' id='word_1_755' title='bbox 422 5164 558 5200; x_wconf 88' lang='lat' dir='ltr'><strong>meo.</strong></span> <span class='ocrx_word' id='word_1_756' title='bbox 586 5146 737 5210; x_wconf 85' lang='lat' dir='ltr'><strong>Esto,</strong></span> <span class='ocrx_word' id='word_1_757' title='bbox 775 5146 976 5201; x_wconf 87' lang='lat' dir='ltr'><strong>habeas</strong></span> <span class='ocrx_word' id='word_1_758' title='bbox 1023 5145 1320 5210; x_wconf 89' lang='lat' dir='ltr'><strong>tristitiam,</strong></span> <span class='ocrx_word' id='word_1_759' title='bbox 1350 5153 1489 5210; x_wconf 88' lang='lat' dir='ltr'><strong>esto,</strong></span> <span class='ocrx_word' id='word_1_760' title='bbox 1533 5146 1772 5200; x_wconf 85' lang='lat' dir='ltr'><strong>dolorem</strong></span> <span class='ocrx_word' id='word_1_761' title='bbox 1812 5145 1995 5215; x_wconf 85' lang='lat' dir='ltr'><strong>capias</strong></span> 
     </span>
    </p>
   </div>
   <div class='ocr_carea' id='block_1_99' title="bbox 425 5235 1993 5305">
    <p class='ocr_par' dir='ltr' id='par_1_99' title="bbox 425 5235 1993 5305">
     <span class='ocr_line' id='line_1_99' title="bbox 425 5235 1993 5305; baseline -0.003 -12"><span class='ocrx_word' id='word_1_762' title='bbox 425 5238 492 5293; x_wconf 87' lang='lat' dir='ltr'><strong>de</strong></span> <span class='ocrx_word' id='word_1_763' title='bbox 536 5236 838 5305; x_wconf 88' lang='lat' dir='ltr'><strong>perditione</strong></span> <span class='ocrx_word' id='word_1_764' title='bbox 887 5235 1112 5290; x_wconf 89' lang='lat' dir='ltr'><strong>fratrum</strong></span> <span class='ocrx_word' id='word_1_765' title='bbox 1168 5244 1406 5301; x_wconf 90' lang='lat' dir='ltr'><strong>tuorum,</strong></span> <span class='ocrx_word' id='word_1_766' title='bbox 1465 5235 1558 5304; x_wconf 88' lang='lat' dir='ltr'><strong>qui</strong></span> <span class='ocrx_word' id='word_1_767' title='bbox 1610 5245 1735 5290; x_wconf 92' lang='lat' dir='ltr'><strong>sunt</strong></span> <span class='ocrx_word' id='word_1_768' title='bbox 1781 5236 1993 5305; x_wconf 89' lang='lat' dir='ltr'><strong>cognati</strong></span> 
     </span>
    </p>
   </div>
   <div class='ocr_carea' id='block_1_100' title="bbox 425 5323 1992 5395">
    <p class='ocr_par' dir='ltr' id='par_1_100' title="bbox 425 5323 1992 5395">
     <span class='ocr_line' id='line_1_100' title="bbox 425 5323 1992 5395; baseline -0.002 -13"><span class='ocrx_word' id='word_1_769' title='bbox 425 5323 718 5382; x_wconf 88' lang='lat' dir='ltr'><strong>secundum</strong></span> <span class='ocrx_word' id='word_1_770' title='bbox 744 5338 985 5387; x_wconf 89' lang='lat' dir='ltr'><strong>carnem,</strong></span> <span class='ocrx_word' id='word_1_771' title='bbox 1039 5326 1278 5395; x_wconf 88' lang='lat' dir='ltr'><strong>nunquid</strong></span> <span class='ocrx_word' id='word_1_772' title='bbox 1318 5339 1384 5379; x_wconf 91' lang='lat' dir='ltr'><strong>eo</strong></span> <span class='ocrx_word' id='word_1_773' title='bbox 1409 5339 1579 5393; x_wconf 91' lang='lat' dir='ltr'><strong>usque</strong></span> <span class='ocrx_word' id='word_1_774' title='bbox 1603 5334 1662 5379; x_wconf 92' lang='lat' dir='ltr'><strong>ut</strong></span> <span class='ocrx_word' id='word_1_775' title='bbox 1693 5334 1846 5394; x_wconf 90' lang='lat' dir='ltr'><strong>optes</strong></span> <span class='ocrx_word' id='word_1_776' title='bbox 1869 5342 1992 5379; x_wconf 89' lang='lat' dir='ltr'><strong>ana-</strong></span> 
     </span>
    </p>
   </div>
   <div class='ocr_carea' id='block_1_101' title="bbox 428 5415 1991 5486">
    <p class='ocr_par' dir='ltr' id='par_1_101' title="bbox 428 5415 1991 5486">
     <span class='ocr_line' id='line_1_101' title="bbox 428 5415 1991 5486; baseline -0.003 -13"><span class='ocrx_word' id='word_1_777' title='bbox 428 5420 609 5473; x_wconf 88' lang='lat' dir='ltr'><strong>thema</strong></span> <span class='ocrx_word' id='word_1_778' title='bbox 649 5417 765 5473; x_wconf 85' lang='lat' dir='ltr'><strong>ﬁeri</strong></span> <span class='ocrx_word' id='word_1_779' title='bbox 804 5431 833 5471; x_wconf 90' lang='lat' dir='ltr'><strong>a</strong></span> <span class='ocrx_word' id='word_1_780' title='bbox 878 5415 1133 5470; x_wconf 81' lang='lat' dir='ltr'><strong>Christo?</strong></span> <span class='ocrx_word' id='word_1_781' title='bbox 1187 5417 1253 5470; x_wconf 88' lang='lat' dir='ltr'><strong>Et</strong></span> <span class='ocrx_word' id='word_1_782' title='bbox 1292 5415 1420 5486; x_wconf 90' lang='lat' dir='ltr'><strong>quid</strong></span> <span class='ocrx_word' id='word_1_783' title='bbox 1478 5415 1573 5470; x_wconf 91' lang='lat' dir='ltr'><strong>tibi</strong></span> <span class='ocrx_word' id='word_1_784' title='bbox 1618 5417 1837 5485; x_wconf 87' lang='lat' dir='ltr'><strong>prodest</strong></span> <span class='ocrx_word' id='word_1_785' title='bbox 1873 5416 1991 5470; x_wconf 90' lang='lat' dir='ltr'><strong>illo-</strong></span> 
     </span>
    </p>
   </div>
   <div class='ocr_carea' id='block_1_102' title="bbox 430 5507 1991 5577">
    <p class='ocr_par' dir='ltr' id='par_1_102' title="bbox 430 5507 1991 5577">
     <span class='ocr_line' id='line_1_102' title="bbox 430 5507 1991 5577; baseline -0.001 -15"><span class='ocrx_word' id='word_1_786' title='bbox 430 5525 548 5563; x_wconf 89' lang='lat' dir='ltr'><strong>rum</strong></span> <span class='ocrx_word' id='word_1_787' title='bbox 591 5509 757 5575; x_wconf 90' lang='lat' dir='ltr'><strong>salus,</strong></span> <span class='ocrx_word' id='word_1_788' title='bbox 803 5508 848 5564; x_wconf 89' lang='lat' dir='ltr'><strong>si</strong></span> <span class='ocrx_word' id='word_1_789' title='bbox 905 5512 1032 5561; x_wconf 79' lang='lat' dir='ltr'><strong>tu&#39;a</strong></span> <span class='ocrx_word' id='word_1_790' title='bbox 1072 5507 1242 5562; x_wconf 87' lang='lat' dir='ltr'><strong>salute</strong></span> <span class='ocrx_word' id='word_1_791' title='bbox 1299 5508 1678 5577; x_wconf 88' lang='lat' dir='ltr'><strong>separaberis?</strong></span> <span class='ocrx_word' id='word_1_792' title='bbox 1731 5518 1787 5562; x_wconf 89' lang='lat' dir='ltr'><strong>et</strong></span> <span class='ocrx_word' id='word_1_793' title='bbox 1847 5508 1991 5576; x_wconf 90' lang='lat' dir='ltr'><strong>quod</strong></span> 
     </span>
    </p>
   </div>
   <div class='ocr_carea' id='block_1_103' title="bbox 422 5597 1989 5668">
    <p class='ocr_par' dir='ltr' id='par_1_103' title="bbox 422 5597 1989 5668">
     <span class='ocr_line' id='line_1_103' title="bbox 422 5597 1989 5668; baseline -0.003 -14"><span class='ocrx_word' id='word_1_794' title='bbox 422 5598 717 5654; x_wconf 80' lang='lat' dir='ltr'><strong>salvaveris</strong></span> <span class='ocrx_word' id='word_1_795' title='bbox 763 5597 918 5663; x_wconf 89' lang='lat' dir='ltr'><strong>alios,</strong></span> <span class='ocrx_word' id='word_1_796' title='bbox 973 5597 1018 5652; x_wconf 86' lang='lat' dir='ltr'><strong>si</strong></span> <span class='ocrx_word' id='word_1_797' title='bbox 1072 5597 1185 5668; x_wconf 90' lang='lat' dir='ltr'><strong>ipse</strong></span> <span class='ocrx_word' id='word_1_798' title='bbox 1218 5598 1446 5665; x_wconf 84' lang='lat' dir='ltr'><strong>pereas?</strong></span> <span class='ocrx_word' id='word_1_799' title='bbox 1488 5597 1627 5663; x_wconf 89' lang='lat' dir='ltr'><strong>Non,</strong></span> <span class='ocrx_word' id='word_1_800' title='bbox 1669 5598 1862 5666; x_wconf 88' lang='lat' dir='ltr'><strong>inquit,</strong></span> <span class='ocrx_word' id='word_1_801' title='bbox 1914 5598 1989 5650; x_wconf 82' lang='lat' dir='ltr'><strong>ita</strong></span> 
     </span>
    </p>
   </div>
   <div class='ocr_carea' id='block_1_104' title="bbox 423 5686 1986 5765">
    <p class='ocr_par' dir='ltr' id='par_1_104' title="bbox 423 5686 1986 5765">
     <span class='ocr_line' id='line_1_104' title="bbox 423 5686 1986 5765; baseline -0.002 -19"><span class='ocrx_word' id='word_1_802' title='bbox 423 5697 529 5755; x_wconf 88' lang='lat' dir='ltr'><strong>cst,</strong></span> <span class='ocrx_word' id='word_1_803' title='bbox 575 5687 667 5744; x_wconf 85' lang='lat' dir='ltr'><strong>sed</strong></span> <span class='ocrx_word' id='word_1_804' title='bbox 704 5703 805 5759; x_wconf 84' lang='lat' dir='ltr'><strong>ego</strong></span> <span class='ocrx_word' id='word_1_805' title='bbox 850 5703 879 5741; x_wconf 85' lang='lat' dir='ltr'><strong>a</strong></span> <span class='ocrx_word' id='word_1_806' title='bbox 909 5686 1163 5758; x_wconf 77' lang='lat' dir='ltr'><strong>Magistro</strong></span> <span class='ocrx_word' id='word_1_807' title='bbox 1217 5697 1271 5742; x_wconf 91' lang='lat' dir='ltr'><strong>ct</strong></span> <span class='ocrx_word' id='word_1_808' title='bbox 1322 5687 1548 5765; x_wconf 84' lang='lat' dir='ltr'><strong>Domino</strong></span> <span class='ocrx_word' id='word_1_809' title='bbox 1604 5703 1722 5745; x_wconf 89' lang='lat' dir='ltr'><strong>meo</strong></span> <span class='ocrx_word' id='word_1_810' title='bbox 1780 5686 1986 5762; x_wconf 84' lang='lat' dir='ltr'><strong>[didici]</strong></span> 
     </span>
    </p>
   </div>
   <div class='ocr_carea' id='block_1_105' title="bbox 2091 4681 3666 4755">
    <p class='ocr_par' dir='ltr' id='par_1_105' title="bbox 2091 4681 3666 4755">
     <span class='ocr_line' id='line_1_105' title="bbox 2091 4681 3666 4755; baseline -0.001 -16"><span class='ocrx_word' id='word_1_811' title='bbox 2091 4699 2187 4739; x_wconf 89' lang='lat' dir='ltr'><strong>eos</strong></span> <span class='ocrx_word' id='word_1_812' title='bbox 2231 4684 2514 4755; x_wconf 88' lang='lat' dir='ltr'><strong>scripsisse</strong></span> <span class='ocrx_word' id='word_1_813' title='bbox 2553 4682 2854 4738; x_wconf 86' lang='lat' dir='ltr'><strong>credendus</strong></span> <span class='ocrx_word' id='word_1_814' title='bbox 2892 4690 2994 4738; x_wconf 92' lang='lat' dir='ltr'><strong>est.</strong></span> <span class='ocrx_word' id='word_1_815' title='bbox 3028 4681 3361 4752; x_wconf 89' lang='lat' dir='ltr'><strong>Obsequium</strong></span> <span class='ocrx_word' id='word_1_816' title='bbox 3406 4685 3666 4738; x_wconf 86' lang='lat' dir='ltr'><strong>sacerdo-</strong></span> 
     </span>
    </p>
   </div>
   <div class='ocr_carea' id='block_1_106' title="bbox 2099 4774 3672 4844">
    <p class='ocr_par' dir='ltr' id='par_1_106' title="bbox 2099 4774 3672 4844">
     <span class='ocr_line' id='line_1_106' title="bbox 2099 4774 3672 4844; baseline -0.001 -13"><span class='ocrx_word' id='word_1_817' title='bbox 2099 4778 2224 4831; x_wconf 87' lang='lat' dir='ltr'><strong>talia</strong></span> <span class='ocrx_word' id='word_1_818' title='bbox 2266 4778 2517 4832; x_wconf 87' lang='lat' dir='ltr'><strong>dicuntur</strong></span> <span class='ocrx_word' id='word_1_819' title='bbox 2557 4774 2750 4831; x_wconf 81' lang='lat' dir='ltr'><strong>ollicia.</strong></span> <span class='ocrx_word' id='word_1_820' title='bbox 2797 4775 3221 4839; x_wconf 89' lang='lat' dir='ltr'><strong>Promissiones,</strong></span> <span class='ocrx_word' id='word_1_821' title='bbox 3260 4790 3378 4844; x_wconf 76' lang='lat' dir='ltr'><strong>qua:</strong></span> <span class='ocrx_word' id='word_1_822' title='bbox 3422 4774 3672 4844; x_wconf 88' lang='lat' dir='ltr'><strong>patribus</strong></span> 
     </span>
    </p>
   </div>
   <div class='ocr_carea' id='block_1_107' title="bbox 2099 4866 3670 4937">
    <p class='ocr_par' dir='ltr' id='par_1_107' title="bbox 2099 4866 3670 4937">
     <span class='ocr_line' id='line_1_107' title="bbox 2099 4866 3670 4937; baseline 0.001 -15"><span class='ocrx_word' id='word_1_823' title='bbox 2099 4868 2253 4923; x_wconf 83' lang='lat' dir='ltr'><strong>factae</strong></span> <span class='ocrx_word' id='word_1_824' title='bbox 2274 4876 2417 4933; x_wconf 89' lang='lat' dir='ltr'><strong>sunt,</strong></span> <span class='ocrx_word' id='word_1_825' title='bbox 2441 4876 2496 4923; x_wconf 91' lang='lat' dir='ltr'><strong>et</strong></span> <span class='ocrx_word' id='word_1_826' title='bbox 2518 4866 2805 4937; x_wconf 88' lang='lat' dir='ltr'><strong>separatim</strong></span> <span class='ocrx_word' id='word_1_827' title='bbox 2824 4867 3014 4922; x_wconf 71' lang='lat' dir='ltr'><strong>danda:</strong></span> <span class='ocrx_word' id='word_1_828' title='bbox 3034 4867 3120 4921; x_wconf 90' lang='lat' dir='ltr'><strong>his</strong></span> <span class='ocrx_word' id='word_1_829' title='bbox 3142 4867 3233 4935; x_wconf 89' lang='lat' dir='ltr'><strong>qui</strong></span> <span class='ocrx_word' id='word_1_830' title='bbox 3260 4882 3357 4936; x_wconf 90' lang='lat' dir='ltr'><strong>per</strong></span> <span class='ocrx_word' id='word_1_831' title='bbox 3382 4866 3543 4924; x_wconf 89' lang='lat' dir='ltr'><strong>ﬁdem</strong></span> <span class='ocrx_word' id='word_1_832' title='bbox 3568 4868 3670 4924; x_wconf 90' lang='lat' dir='ltr'><strong>ﬁlii</strong></span> 
     </span>
    </p>
   </div>
   <div class='ocr_carea' id='block_1_108' title="bbox 2096 4956 3151 5013">
    <p class='ocr_par' dir='ltr' id='par_1_108' title="bbox 2096 4956 3151 5013">
     <span class='ocr_line' id='line_1_108' title="bbox 2096 4956 3151 5013; baseline -0.005 0"><span class='ocrx_word' id='word_1_833' title='bbox 2096 4960 2344 5013; x_wconf 89' lang='lat' dir='ltr'><strong>dicuntur</strong></span> <span class='ocrx_word' id='word_1_834' title='bbox 2366 4956 2613 5011; x_wconf 71' lang='lat' dir='ltr'><strong>Abrahae.</strong></span> <span class='ocrx_word' id='word_1_835' title='bbox 3140 4961 3151 4967; x_wconf 83' lang='lat'><strong>&#39;</strong></span> 
     </span>
    </p>
   </div>
   <div class='ocr_carea' id='block_1_109' title="bbox 2166 5047 3669 5119">
    <p class='ocr_par' dir='ltr' id='par_1_109' title="bbox 2166 5047 3669 5119">
     <span class='ocr_line' id='line_1_109' title="bbox 2166 5047 3669 5119; baseline 0.001 -16"><span class='ocrx_word' id='word_1_836' title='bbox 2166 5049 2401 5115; x_wconf 84' lang='lat' dir='ltr'><strong>Quorum</strong></span> <span class='ocrx_word' id='word_1_837' title='bbox 2437 5058 2608 5119; x_wconf 86' lang='lat' dir='ltr'><strong>patres</strong></span> <span class='ocrx_word' id='word_1_838' title='bbox 2646 5064 2710 5102; x_wconf 80' lang='lat' dir='ltr'><strong>ea:</strong></span> <span class='ocrx_word' id='word_1_839' title='bbox 2755 5048 2939 5118; x_wconf 86' lang='lat' dir='ltr'><strong>quibus</strong></span> <span class='ocrx_word' id='word_1_840' title='bbox 2975 5056 3051 5103; x_wconf 85' lang='lat' dir='ltr'><strong>est</strong></span> <span class='ocrx_word' id='word_1_841' title='bbox 3092 5047 3331 5103; x_wconf 82' lang='lat' dir='ltr'><strong>Christus</strong></span> <span class='ocrx_word' id='word_1_842' title='bbox 3376 5050 3669 5105; x_wconf 86' lang='lat' dir='ltr'><strong>secundum</strong></span> 
     </span>
    </p>
   </div>
   <div class='ocr_carea' id='block_1_110' title="bbox 2094 5138 3667 5205">
    <p class='ocr_par' dir='ltr' id='par_1_110' title="bbox 2094 5138 3667 5205">
     <span class='ocr_line' id='line_1_110' title="bbox 2094 5138 3667 5205; baseline 0.001 -10"><span class='ocrx_word' id='word_1_843' title='bbox 2094 5157 2324 5195; x_wconf 87' lang='lat' dir='ltr'><strong>carnem.</strong></span> <span class='ocrx_word' id='word_1_844' title='bbox 2355 5140 2467 5194; x_wconf 79' lang='lat' dir='ltr'><strong>Hoc</strong></span> <span class='ocrx_word' id='word_1_845' title='bbox 2516 5147 2617 5203; x_wconf 88' lang='lat' dir='ltr'><strong>est,</strong></span> <span class='ocrx_word' id='word_1_846' title='bbox 2650 5139 2945 5205; x_wconf 88' lang='lat' dir='ltr'><strong>Abraham,</strong></span> <span class='ocrx_word' id='word_1_847' title='bbox 2981 5139 3152 5203; x_wconf 86' lang='lat' dir='ltr'><strong>Isaac,</strong></span> <span class='ocrx_word' id='word_1_848' title='bbox 3180 5138 3346 5194; x_wconf 78' lang='lat' dir='ltr'><strong>Iacob</strong></span> <span class='ocrx_word' id='word_1_849' title='bbox 3373 5146 3429 5192; x_wconf 90' lang='lat' dir='ltr'><strong>et</strong></span> <span class='ocrx_word' id='word_1_850' title='bbox 3456 5142 3667 5196; x_wconf 69' lang='lat' dir='ltr'><strong>caueri.</strong></span> 
     </span>
    </p>
   </div>
   <div class='ocr_carea' id='block_1_111' title="bbox 2098 5230 3676 5303">
    <p class='ocr_par' dir='ltr' id='par_1_111' title="bbox 2098 5230 3676 5303">
     <span class='ocr_line' id='line_1_111' title="bbox 2098 5230 3676 5303; baseline 0.003 -19"><span class='ocrx_word' id='word_1_851' title='bbox 2098 5231 2200 5297; x_wconf 84' lang='lat' dir='ltr'><strong>Qui</strong></span> <span class='ocrx_word' id='word_1_852' title='bbox 2224 5240 2297 5286; x_wconf 86' lang='lat' dir='ltr'><strong>est</strong></span> <span class='ocrx_word' id='word_1_853' title='bbox 2319 5247 2473 5300; x_wconf 84' lang='lat' dir='ltr'><strong>super</strong></span> <span class='ocrx_word' id='word_1_854' title='bbox 2494 5231 2669 5284; x_wconf 86' lang='lat' dir='ltr'><strong>omnia</strong></span> <span class='ocrx_word' id='word_1_855' title='bbox 2689 5230 2831 5285; x_wconf 89' lang='lat' dir='ltr'><strong>Deus</strong></span> <span class='ocrx_word' id='word_1_856' title='bbox 2854 5232 3146 5285; x_wconf 87' lang='lat' dir='ltr'><strong>benedictus</strong></span> <span class='ocrx_word' id='word_1_857' title='bbox 3170 5232 3223 5284; x_wconf 86' lang='lat' dir='ltr'><strong>in</strong></span> <span class='ocrx_word' id='word_1_858' title='bbox 3250 5231 3463 5285; x_wconf 77' lang='lat' dir='ltr'><strong>swcula.</strong></span> <span class='ocrx_word' id='word_1_859' title='bbox 3491 5231 3676 5303; x_wconf 85' lang='lat' dir='ltr'><strong>Super</strong></span> 
     </span>
    </p>
   </div>
   <div class='ocr_carea' id='block_1_112' title="bbox 2092 5323 3671 5393">
    <p class='ocr_par' dir='ltr' id='par_1_112' title="bbox 2092 5323 3671 5393">
     <span class='ocr_line' id='line_1_112' title="bbox 2092 5323 3671 5393; baseline 0.001 -15"><span class='ocrx_word' id='word_1_860' title='bbox 2092 5326 2293 5389; x_wconf 89' lang='lat' dir='ltr'><strong>omnia,</strong></span> <span class='ocrx_word' id='word_1_861' title='bbox 2328 5333 2382 5378; x_wconf 86' lang='lat' dir='ltr'><strong>ut</strong></span> <span class='ocrx_word' id='word_1_862' title='bbox 2418 5325 2471 5377; x_wconf 90' lang='lat' dir='ltr'><strong>in</strong></span> <span class='ocrx_word' id='word_1_863' title='bbox 2498 5324 2703 5378; x_wconf 75' lang='lat' dir='ltr'><strong>nomine</strong></span> <span class='ocrx_word' id='word_1_864' title='bbox 2726 5323 2856 5378; x_wconf 87' lang='lat' dir='ltr'><strong>Iesu</strong></span> <span class='ocrx_word' id='word_1_865' title='bbox 2885 5340 3033 5377; x_wconf 88' lang='lat' dir='ltr'><strong>omne</strong></span> <span class='ocrx_word' id='word_1_866' title='bbox 3059 5341 3191 5393; x_wconf 88' lang='lat' dir='ltr'><strong>genu</strong></span> <span class='ocrx_word' id='word_1_867' title='bbox 3214 5327 3477 5393; x_wconf 80' lang='lat' dir='ltr'><strong>ﬂectatur,</strong></span> <span class='ocrx_word' id='word_1_868' title='bbox 3512 5326 3671 5380; x_wconf 70' lang='lat' dir='ltr'><strong>cmic-</strong></span> 
     </span>
    </p>
   </div>
   <div class='ocr_carea' id='block_1_113' title="bbox 2092 5412 3677 5488">
    <p class='ocr_par' dir='ltr' id='par_1_113' title="bbox 2092 5412 3677 5488">
     <span class='ocr_line' id='line_1_113' title="bbox 2092 5412 3677 5488; baseline 0.003 -19"><span class='ocrx_word' id='word_1_869' title='bbox 2092 5416 2270 5480; x_wconf 85' lang='lat' dir='ltr'><strong>stium,</strong></span> <span class='ocrx_word' id='word_1_870' title='bbox 2298 5416 2640 5481; x_wconf 86' lang='lat' dir='ltr'><strong>terrestrium,</strong></span> <span class='ocrx_word' id='word_1_871' title='bbox 2666 5426 2714 5469; x_wconf 89' lang='lat' dir='ltr'><strong>et</strong></span> <span class='ocrx_word' id='word_1_872' title='bbox 2744 5415 3068 5484; x_wconf 84' lang='lat' dir='ltr'><strong>infernarum</strong></span> <span class='ocrx_word' id='word_1_873' title='bbox 3089 5412 3256 5486; x_wconf 82' lang='lat' dir='ltr'><strong>(Phil.</strong></span> <span class='ocrx_word' id='word_1_874' title='bbox 3282 5415 3365 5488; x_wconf 86' lang='grc' dir='ltr'><strong>ιι).</strong></span> <span class='ocrx_word' id='word_1_875' title='bbox 3392 5416 3517 5472; x_wconf 63' lang='lat' dir='ltr'><strong>Haec</strong></span> <span class='ocrx_word' id='word_1_876' title='bbox 3539 5429 3677 5474; x_wconf 81' lang='lat' dir='ltr'><strong>sunt</strong></span> 
     </span>
    </p>
   </div>
   <div class='ocr_carea' id='block_1_114' title="bbox 2092 5506 3672 5576">
    <p class='ocr_par' dir='ltr' id='par_1_114' title="bbox 2092 5506 3672 5576">
     <span class='ocr_line' id='line_1_114' title="bbox 2092 5506 3672 5576; baseline 0.003 -16"><span class='ocrx_word' id='word_1_877' title='bbox 2092 5507 2271 5560; x_wconf 88' lang='lat' dir='ltr'><strong>omnia</strong></span> <span class='ocrx_word' id='word_1_878' title='bbox 2307 5520 2470 5574; x_wconf 87' lang='lat' dir='ltr'><strong>super</strong></span> <span class='ocrx_word' id='word_1_879' title='bbox 2508 5522 2627 5576; x_wconf 73' lang='lat' dir='ltr'><strong>quae</strong></span> <span class='ocrx_word' id='word_1_880' title='bbox 2662 5507 2796 5560; x_wconf 84' lang='lat' dir='ltr'><strong>dixit</strong></span> <span class='ocrx_word' id='word_1_881' title='bbox 2844 5506 3007 5571; x_wconf 89' lang='lat' dir='ltr'><strong>Deus,</strong></span> <span class='ocrx_word' id='word_1_882' title='bbox 3056 5506 3304 5561; x_wconf 87' lang='lat' dir='ltr'><strong>Christus</strong></span> <span class='ocrx_word' id='word_1_883' title='bbox 3351 5516 3433 5562; x_wconf 85' lang='lat' dir='ltr'><strong>est</strong></span> <span class='ocrx_word' id='word_1_884' title='bbox 3470 5525 3482 5559; x_wconf 91' lang='lat'><strong>:</strong></span> <span class='ocrx_word' id='word_1_885' title='bbox 3518 5508 3672 5564; x_wconf 81' lang='lat' dir='ltr'><strong>nulla</strong></span> 
     </span>
    </p>
   </div>
   <div class='ocr_carea' id='block_1_115' title="bbox 2093 5598 3673 5668">
    <p class='ocr_par' dir='ltr' id='par_1_115' title="bbox 2093 5598 3673 5668">
     <span class='ocr_line' id='line_1_115' title="bbox 2093 5598 3673 5668; baseline 0.002 -17"><span class='ocrx_word' id='word_1_886' title='bbox 2093 5604 2270 5651; x_wconf 82' lang='lat' dir='ltr'><strong>autem</strong></span> <span class='ocrx_word' id='word_1_887' title='bbox 2309 5598 2560 5653; x_wconf 89' lang='lat' dir='ltr'><strong>discretio</strong></span> <span class='ocrx_word' id='word_1_888' title='bbox 2587 5605 2689 5663; x_wconf 91' lang='lat' dir='ltr'><strong>est,</strong></span> <span class='ocrx_word' id='word_1_889' title='bbox 2726 5598 2852 5665; x_wconf 87' lang='lat' dir='ltr'><strong>quia</strong></span> <span class='ocrx_word' id='word_1_890' title='bbox 2896 5599 2988 5668; x_wconf 89' lang='lat' dir='ltr'><strong>qui</strong></span> <span class='ocrx_word' id='word_1_891' title='bbox 3018 5599 3207 5653; x_wconf 88' lang='lat' dir='ltr'><strong>adorat</strong></span> <span class='ocrx_word' id='word_1_892' title='bbox 3240 5598 3432 5652; x_wconf 85' lang='lat' dir='ltr'><strong>Filiqu</strong></span> <span class='ocrx_word' id='word_1_893' title='bbox 3470 5599 3673 5654; x_wconf 85' lang='lat' dir='ltr'><strong>adorat</strong></span> 
     </span>
    </p>
   </div>
   <div class='ocr_carea' id='block_1_116' title="bbox 2092 5687 3669 5758">
    <p class='ocr_par' dir='ltr' id='par_1_116' title="bbox 2092 5687 3669 5758">
     <span class='ocr_line' id='line_1_116' title="bbox 2092 5687 3669 5758; baseline -0.001 -14"><span class='ocrx_word' id='word_1_894' title='bbox 2092 5696 2143 5744; x_wconf 86' lang='lat' dir='ltr'><strong>et</strong></span> <span class='ocrx_word' id='word_1_895' title='bbox 2186 5687 2437 5743; x_wconf 87' lang='lat' dir='ltr'><strong>Patrem:</strong></span> <span class='ocrx_word' id='word_1_896' title='bbox 2467 5696 2522 5743; x_wconf 91' lang='lat' dir='ltr'><strong>et</strong></span> <span class='ocrx_word' id='word_1_897' title='bbox 2548 5688 2636 5758; x_wconf 87' lang='lat' dir='ltr'><strong>qui</strong></span> <span class='ocrx_word' id='word_1_898' title='bbox 2673 5687 2841 5745; x_wconf 82' lang='lat' dir='ltr'><strong>servit</strong></span> <span class='ocrx_word' id='word_1_899' title='bbox 2874 5687 3019 5743; x_wconf 87' lang='lat' dir='ltr'><strong>Patri</strong></span> <span class='ocrx_word' id='word_1_900' title='bbox 3050 5687 3211 5744; x_wconf 81' lang='lat' dir='ltr'><strong>servit</strong></span> <span class='ocrx_word' id='word_1_901' title='bbox 3247 5697 3299 5742; x_wconf 84' lang='lat' dir='ltr'><strong>et</strong></span> <span class='ocrx_word' id='word_1_902' title='bbox 3345 5687 3495 5743; x_wconf 83' lang='lat' dir='ltr'><strong>Filio.</strong></span> <span class='ocrx_word' id='word_1_903' title='bbox 3538 5687 3669 5743; x_wconf 72' lang='lat' dir='ltr'><strong>Non</strong></span> 
     </span>
    </p>
   </div>
  </div>
