3974 6202
270 244 345 302 85
1384 241 1710 299 COLLECT.
1750 240 1817 295 IN
1855 240 2071 298 EPIST.
2113 241 2206 299 AD
2240 239 2404 298 ROM.
3459 237 3528 296 86

270 362 414 417 nam
443 357 634 412 excidit
663 357 872 410 verbum
905 355 1020 410 Dei.
1050 356 1334 425 Apostolus
1358 356 1496 411 hanc
1530 356 1853 412 sententiam
1880 358 1933 419 Α
1955 358 2072 413 bitu
2092 358 2244 414 Isaac
2269 356 2511 429 geminos
2533 359 2889 428 concepisset,
2919 358 3155 414 nondum
3180 363 3333 428 partu
3362 359 3533 425 edito;

266 451 481 526 profert
506 450 571 504 de
614 449 989 519 reprobatione
1016 446 1343 513 Iudaeorum,
1388 457 1441 503 et
1483 449 1548 504 de
1592 449 1851 503 electione

272 540 516 613 gentium
556 537 613 591 in
648 537 813 592 ﬁdem
840 553 995 592 secus
1027 536 1268 603 Jmlmos;
1302 540 1443 607 quod
1478 539 1681 609 plangit
1718 538 1855 607 Apo-

271 630 446 685 stolus
482 628 704 682 dicens:
738 625 999 691 Quoniam
1035 627 1249 679 tristitia
1279 637 1352 680 est
1382 628 1529 680 mihi.
1555 627 1655 681 Ilie
1685 627 1852 681 etiam

271 720 466 787 incipit
512 716 843 771 ratiocinare
885 730 1071 784 quare,
1108 716 1216 770 alto
1247 725 1302 770 et
1330 716 1477 786 justo
1518 714 1724 783 judicio
1758 715 1853 770 Dei

272 809 507 879 repulsis
539 806 761 869 ludatis,
789 813 976 874 gentes
1005 804 1115 859 sint
1155 804 1515 859 intromissum
1547 804 1673 872 quia
1699 819 1857 872 supe-

273 902 389 954 rius
418 899 634 952 dixerat
654 895 840 951 dolere
862 910 921 949 se
941 895 1081 964 quod
1106 909 1275 971 genus
1296 893 1460 949 Israel
1486 893 1705 962 proprio
1728 891 1856 944 vitio

273 989 660 1045 excluderetur
683 1001 712 1039 a
752 1000 938 1055 regno,
982 998 1209 1053 quorum
1243 984 1360 1037 haec
1388 983 1570 1036 omnia
1602 981 1816 1034 fuerant
1842 999 1852 1033 :

273 1081 361 1135 hic
388 1079 629 1133 ostendit
654 1078 775 1133 illos
801 1079 893 1147 qui
921 1094 1025 1131 non
1049 1075 1414 1138 crediderunt,
1439 1090 1545 1134 non
1576 1087 1699 1129 esse
1719 1074 1856 1126 ﬁlios

276 1170 527 1233 Abrahm,
552 1184 622 1222 ne
649 1168 902 1221 omnibus
927 1166 1125 1232 Julzejs
1151 1165 1441 1233 praedicare
1477 1170 1761 1233 putaretur
1803 1169 1859 1215 et

276 1259 607 1327 objiceretur
646 1258 720 1311 illi
749 1276 779 1310 -:
826 1256 1077 1326 Nunquid
1110 1271 1237 1325 ergo
1285 1255 1426 1309 Deus
1476 1253 1732 1307 mentitus
1777 1260 1861 1305 est

278 1349 512 1404 Abraha:
530 1348 558 1401 ἲ

359 1436 466 1491 Nec
510 1437 651 1491 enim
692 1452 869 1489 omnes
897 1436 989 1505 qui
1017 1443 1141 1488 sum
1184 1451 1248 1488 ea:
1287 1433 1489 1498 Israel,
1527 1434 1580 1485 hi
1623 1442 1743 1485 sunt
1784 1432 1864 1485 ls-

283 1529 499 1583 raelite.
538 1527 656 1581 Hoc
679 1534 763 1581 est
792 1526 933 1595 quod
961 1526 1073 1579 vult
1101 1525 1344 1595 intelligi,
1391 1540 1497 1578 non
1527 1525 1647 1577 ideo
1676 1524 1865 1592 dignos

283 1634 439 1689 posse
479 1631 671 1671 omnes
706 1615 832 1684 quia
865 1613 956 1667 lilii
1011 1614 1120 1667 sint
1146 1613 1415 1666 Abrahae:
1449 1612 1542 1666 sed
1584 1612 1704 1663 illos
1744 1626 1865 1665 esse

1952 464 2128 518 neque
2171 449 2295 504 ullis
2335 449 2544 503 actibus
2588 463 2877 517 puerorum
2918 449 3075 503 bonis
3114 447 3339 507 malisve
3391 449 3532 504 inter

1953 538 2202 593 homines
2241 538 2459 601 habitis,
2487 553 2611 609 erga
2657 538 2823 593 Jacob
2849 538 3028 594 divina
3058 539 3290 594 habetur
3316 539 3532 605 electio,

1952 634 2010 680 ct
2036 625 2254 688 dicitur,
2281 627 2405 695 quia
2441 627 2612 696 major
2641 628 2822 681 serviet
2862 628 3055 681 minori
3088 645 3107 681 :
3138 625 3304 681 Iacob
3339 627 3533 692 dilexi,

1956 714 2102 767 Esau
2133 724 2306 768 autent
2337 715 2456 769 odio
2489 715 2689 769 habui:
2716 715 2856 782 Seir,
2895 715 3138 785 pilosus;
3169 717 3369 781 Edom,
3412 733 3538 772 sau-

1955 804 2198 873 guineus.
2229 804 2309 856 Ad
2340 805 2438 858 hoc
2465 812 2666 875 tempus
2697 806 2917 860 veniam.
2943 806 3000 860 In
3024 805 3219 862 Genesi
3244 809 3316 861 ita
3346 808 3540 879 legitur

1959 891 2072 945 haec
2110 893 2399 958 sententia,
2446 892 2610 946 trium
2653 893 2886 949 Abrahm
2932 896 3266 965 loquentium
3310 898 3364 952 in
3402 899 3540 952 valle

1961 979 2199 1033 Mambre
2239 980 2330 1049 qui
2376 981 2630 1035 dixerunt
2668 982 2735 1036 ad
2764 996 2887 1036 eum
2926 1001 2938 1036 :
2970 982 3071 1037 Ubi
3115 995 3188 1038 est
3222 984 3361 1040 Sara
3407 1003 3541 1040 uxor

1957 1069 2091 1122 tua?
2117 1067 2221 1122 Ille
2261 1070 2568 1139 respondit:
2599 1069 2667 1125 In
2718 1071 3056 1128 tabernaculo
3096 1083 3189 1127 est.
3231 1074 3329 1128 Cui
3365 1076 3498 1130 dixit
3522 1093 3540 1130 :

1963 1157 2239 1212 Revertens
2264 1160 2469 1213 veniam
2495 1160 2565 1213 ad
2594 1169 2643 1214 te
2667 1171 2894 1232 tempore
2916 1164 3039 1229 isto,
3066 1173 3112 1216 et
3137 1164 3343 1218 habebit
3370 1166 3540 1234 ﬁlium

1962 1245 2100 1301 Sara
2134 1263 2269 1301 uxor
2306 1258 2429 1312 tua,
2466 1259 2515 1303 et
2553 1250 2653 1304 erit
2689 1250 2838 1305 Sara:
2862 1252 3023 1320 ﬁlius.
3056 1252 3154 1307 llic
3179 1256 3415 1308 ostendit
3451 1271 3545 1325 po-

1962 1336 2247 1390 steriorem
2296 1338 2552 1406 populum
2595 1355 2743 1395 more
2791 1340 2941 1397 Isaac
2987 1356 3107 1397 esse
3143 1344 3541 1412 promissionis.

1964 1424 2068 1478 hoc
2096 1433 2200 1487 est,
2233 1426 2285 1479 in
2321 1426 2541 1490 Genesi,
2572 1430 2713 1497 quod
2744 1428 3146 1501 pratﬁguratum
3181 1433 3234 1486 in
3269 1433 3542 1489 Christum

1965 1521 2069 1576 ρει,
2091 1522 2149 1565 ut
2175 1512 2387 1568 futurus
2414 1515 2663 1570 Christus
2689 1519 3097 1586 promitteretur
3124 1520 3263 1575 ﬁlius
3286 1520 3542 1585 Abrahae,

1967 1604 2021 1656 iu
2052 1619 2159 1672 quo
2185 1596 2562 1672 promissionis
2585 1606 2809 1660 verbum
2849 1608 3122 1677 impletur,
3154 1618 3214 1663 ut
3247 1610 3297 1663 iu
3328 1609 3547 1666 Christo

283 1707 477 1776 dignos
509 1705 602 1773 qui
646 1703 742 1758 ﬁlii
773 1701 1146 1773 promissionis
1190 1710 1332 1761 sunt,
1368 1702 1418 1754 id
1449 1711 1563 1765 est,
1596 1717 1731 1770 quos
1770 1701 1872 1754 scit
1902 1697 1945 1754 B
1974 1696 2420 1750 benedicerentur
2464 1712 2654 1753 omnes
2682 1707 2869 1768 gentes
2907 1708 3086 1754 terrm.
3133 1699 3360 1766 Quando
3401 1703 3548 1757 etaim

285 1796 428 1848 Deus
472 1792 889 1863 promissionem
931 1805 1083 1843 suam
1126 1798 1490 1858 suscepturos,
1523 1790 1636 1843 sive
1665 1803 1728 1843 ex
1766 1786 1870 1841 Ju-

285 1885 433 1947 daeis,
475 1883 592 1937 sive
624 1896 688 1935 ex
724 1879 1013 1951 gentibus:
1042 1879 1094 1932 hi
1137 1880 1281 1932 enim
1310 1878 1457 1949 digni
1492 1888 1620 1932 sunt
1657 1878 1764 1931 dici
1797 1878 1871 1931 ls-

284 1975 509 2037 raelitaz,
536 1973 593 2027 id
622 1980 727 2035 est,
751 1972 996 2025 videntes
1030 1969 1217 2024 Deum.
1249 1968 1384 2022 Nam
1410 1968 1475 2022 de
1510 1968 1659 2022 Isaac
1686 1968 1871 2035 utique

284 2080 475 2118 omnes
504 2063 561 2116 hi
595 2062 691 2115 ﬁlii
722 2067 850 2115 sunt
877 2059 1123 2121 Abrahae,
1154 2058 1280 2126 quia
1313 2058 1492 2112 omnis
1519 2072 1758 2127 propago
1782 2071 1873 2127 ge-

286 2154 433 2207 neris
450 2151 762 2206 Judzeorum
786 2165 881 2220 per
907 2149 1055 2203 Isaac
1074 2157 1187 2203 est:
1214 2149 1308 2202 sed
1331 2149 1478 2219 quia,
1502 2150 1643 2202 sicut
1662 2148 1793 2213 dixi,
1816 2149 1870 2202 hi

288 2252 410 2297 sunt
432 2257 567 2297 vere
595 2240 688 2294 ﬁlii
719 2240 963 2301 Abrahae,
999 2240 1090 2307 qui
1131 2238 1543 2308 promissionem
1577 2245 1875 2307 sequuntur

289 2347 405 2401 quas
444 2332 500 2385 in
532 2330 684 2383 Isaac
713 2328 856 2383 facta
886 2336 988 2382 est.
1035 2328 1113 2382 Ac
1139 2342 1238 2396 per
1260 2327 1364 2382 hoc
1405 2327 1595 2397 reliqui
1625 2327 1721 2381 ﬁlii
1767 2342 1873 2382 non

290 2430 413 2477 sunt
446 2420 668 2475 dicendi
697 2419 928 2472 Abrahae
953 2435 966 2471 :
995 2418 1264 2472 Abraham
1289 2418 1434 2470 enim
1471 2418 1699 2471 credens
1725 2417 1875 2494 Isaac

292 2512 500 2580 accepit
544 2517 770 2580 propter
812 2509 1004 2573 ﬁdem,
1048 2508 1172 2576 quia
1214 2508 1444 2563 credidit
1490 2508 1621 2571 Deo,
1669 2508 1722 2560 in
1766 2522 1875 2575 quo

294 2602 613 2674 mysterium
643 2599 838 2654 futura:
868 2599 992 2653 ﬁdei
1017 2599 1352 2669 designatum
1376 2606 1482 2662 est,
1505 2606 1566 2652 ut
1589 2597 1665 2651 illi
1693 2607 1876 2652 essent

296 2692 494 2746 fratres
539 2691 694 2745 Isaac
734 2690 828 2760 qui
864 2691 1109 2745 eamdem
1157 2690 1319 2743 ﬁdem
1364 2691 1627 2744 haberent
1670 2690 1723 2743 in
1772 2705 1877 2758 qua

296 2782 441 2837 hac
465 2791 629 2836 natus
649 2791 754 2846 est,
788 2782 914 2852 quia
944 2781 1095 2836 Isaac
1124 2782 1311 2837 habuit
1346 2790 1527 2852 typum
1557 2782 1874 2837 Salvatoris.

298 2874 462 2928 Natus
504 2881 593 2929 est
636 2890 706 2928 ex
749 2875 1183 2943 repromissione,
1229 2882 1291 2927 ut
1331 2875 1422 2944 qui
1464 2868 1691 2928 credidit
1722 2873 1872 2928 Chri-

1970 1786 2257 1854 promissio
2293 1785 2437 1841 facta
2461 1797 2548 1843 est
2581 1788 2832 1853 Abrahae,
2873 1790 2926 1844 in
2973 1806 3077 1859 qua
3107 1792 3465 1860 promissione
3495 1805 3551 1847 et

1970 1875 2175 1929 audivit
2212 1875 2525 1931 Abraham:
2560 1877 2695 1945 Quia
2727 1880 2781 1933 in
2815 1882 3009 1935 sentina
3055 1891 3143 1934 tuo
3183 1882 3550 1939 benedicentur

1971 1979 2145 2016 omnes
2184 1973 2358 2033 gentes
2402 1974 2576 2032 εει-ναξ,
2621 1966 2869 2023 Christus
2915 1970 3103 2039 utique
3144 1970 3220 2025 illi
3251 1974 3551 2042 promissus

1970 2061 2056 2107 est
2087 2069 2153 2108 ex
2204 2057 2426 2111 traduce
2455 2057 2624 2126 Isaac,
2659 2060 2715 2113 in
2756 2076 2866 2130 quo
2895 2060 2998 2116 hoc
3038 2063 3363 2132 completum
3404 2064 3551 2121 vide-

1973 2164 2111 2202 mus.
2151 2150 2270 2204 Non
2299 2150 2470 2205 solum
2498 2162 2673 2207 autem
2708 2152 2818 2217 illi,
2849 2155 2940 2208 sed
2976 2165 3027 2207 et
3069 2154 3298 2210 Rebecca
3335 2172 3400 2211 ea:
3442 2173 3548 2211 uno

1971 2239 2245 2292 concubitu
2284 2234 2477 2294 habens
2506 2241 2661 2296 Isaac
2697 2244 2862 2313 patris
2906 2243 3088 2297 nostri.
3136 2243 3253 2300 Hoc
3291 2253 3407 2312 est,
3438 2261 3546 2302 non

1973 2326 2146 2381 solum
2170 2328 2320 2382 Isaac
2337 2337 2391 2383 et
2413 2330 2623 2392 lsmael,
2640 2331 2731 2400 qui
2757 2332 3002 2400 quamvis
3024 2349 3128 2387 uno
3143 2344 3321 2403 patre,
3338 2335 3551 2392 diversa

1975 2425 2156 2471 tamen
2204 2427 2377 2472 matre
2417 2422 2661 2490 generati
2706 2431 2853 2488 sunt,
2898 2438 3005 2478 non
3052 2433 3177 2479 sunt
3205 2441 3370 2481 unum
3411 2429 3555 2496 apud
3631 2420 3637 2425 ’

1975 2507 2171 2572 Deum,
2191 2510 2286 2563 sed
2324 2510 2487 2564 etiam
2517 2510 2684 2567 Jacob
2709 2521 2765 2566 et
2788 2513 2948 2579 Esau,
2978 2515 3070 2584 qui
3093 2531 3160 2570 ex
3198 2532 3306 2572 uno
3338 2528 3466 2573 sunt
3487 2519 3556 2575 de

1975 2598 2221 2654 Rebecca
2277 2602 2389 2655 nati
2433 2604 2768 2668 concubitu,
2820 2614 3110 2676 antequam
3160 2617 3553 2675 nascerentur,

1975 2688 2117 2756 apud
2142 2688 2307 2742 Deum
2343 2688 2465 2745 ﬁdei
2493 2699 2619 2745 sunt
2646 2692 2841 2748 merito
2881 2695 3141 2764 separati,
3166 2705 3226 2751 ut
3259 2699 3557 2769 propositio

1969 2776 2082 2847 jam
2128 2789 2390 2834 maneret.
2432 2779 2510 2834 Ita
2549 2796 2685 2853 ergo
2717 2790 2773 2837 et
2814 2799 2959 2840 nunc
3000 2800 3136 2856 quos
3177 2789 3449 2857 prmscivi’t
3486 2791 3555 2848 de

1978 2869 2239 2939 gentibus.
2272 2870 2596 2937 credituros,
2638 2872 2831 2944 elegit,
2866 2881 2922 2929 et
2948 2888 3015 2929 ex
3050 2873 3213 2931 Israel
3252 2875 3441 2946 reiecit
3474 2880 3557 2934 in—

301 2974 435 3021 stum
490 2966 678 3022 Jesum
750 2965 1075 3035 promissum
1142 2964 1407 3028 Abrahae,
1458 2964 1546 3018 hic
1600 2963 1743 3019 ﬁlius
1807 2965 1876 3019 sit
1922 3035 1946 3038 ῃ
1977 2960 2243 3016 credulos.
2278 2961 2395 3017 Non
2430 2971 2639 3017 tantum
2676 2979 2806 3036 ergo
2851 2964 2989 3021 Sara
3028 2966 3082 3021 in
3127 2975 3312 3038 typum
3357 2957 3558 3027 dicitur

301 3063 554 3128 Abrahae,
597 3062 768 3117 frater
798 3076 927 3116 vero
974 3062 1140 3116 Isaac.
1190 3058 1293 3114 Sed
1331 3061 1385 3114 in
1414 3052 1585 3114 °Isaac
1611 3060 1881 3115 vocabitur
1905 3035 1950 3095 CI
1980 3065 2270 3120 generasse
2309 3050 2485 3117 131‘an
2527 3052 2622 3108 sed
2656 3060 2712 3108 θι
2752 3048 3055 3110 Ῑῖεῧθεοαῐιι
3098 3071 3330 3111 uxorem
3379 3056 3550 3113 Isaac.

302 3156 391 3208 tibi
417 3173 615 3209 semen.
642 3154 702 3208 In
728 3153 880 3209 Isaac
908 3153 1022 3209 solo
1052 3154 1232 3207 vocati
1265 3160 1388 3207 sunt
1418 3152 1584 3207 etiam
1625 3161 1754 3207 tunc
1786 3151 1880 3206 ﬁlii

302 3245 599 3308 Abraham,
637 3259 742 3297 non
784 3244 949 3297 etiam
976 3245 1029 3296 in
1057 3242 1274 3308 lsmael,
1306 3258 1425 3297 cum
1453 3250 1508 3297 et
1535 3242 1648 3312 ipse
1670 3258 1737 3297 ex
1766 3242 1883 3312 ejus

303 3335 471 3403 stirpe
496 3335 791 3389 descendat
817 3352 828 3385 :
866 3332 1054 3387 Ismael
1083 3333 1227 3387 enim
1257 3332 1548 3387 secundum
1579 3348 1736 3387 usum
1764 3349 1885 3387 car-

304 3423 481 3477 nalem
512 3431 675 3478 natus
703 3430 787 3477 est
826 3437 892 3477 ex
935 3422 1149 3487 ancilla,
1177 3422 1328 3477 Isaac
1356 3437 1488 3478 vero
1528 3437 1690 3491 super
1729 3431 1886 3476 natu-

306 3532 419 3570 ram
445 3531 514 3571 ex
538 3517 781 3579 senibus,
808 3532 874 3571 ex
904 3517 1324 3586 repromissione
1352 3517 1444 3571 Dei
1470 3525 1553 3571 est
1576 3525 1880 3585 generatus.

305 3606 376 3659 Ita
415 3622 561 3661 nunc
587 3605 923 3661 Christianos
954 3607 1241 3675 promissio
1279 3605 1408 3661 facit
1455 3606 1594 3660 ﬁlios
1633 3606 1882 3672 Ahrahm,

306 3698 395 3765 qui
443 3696 643 3751 meruit
673 3697 779 3751 ﬁde
820 3704 881 3750 ut
908 3705 1064 3766 pater
1104 3697 1177 3751 sit
1220 3696 1575 3766 plurimarum
1621 3698 1881 3768 gentium.

310 3782 683 3839 Promissionis
723 3786 863 3839 enim
907 3784 1114 3838 verbum
1149 3785 1245 3838 hoc
1287 3794 1382 3839 est.
1427 3784 1716 3854 Proposuit
1759 3801 1889 3854 ergo

307 3873 596 3941 Apostolus
622 3874 899 3943 persequi,
925 3873 1048 3942 quia
1076 3872 1205 3928 licet
1226 3874 1541 3942 repudiatus
1566 3874 1636 3927 sit
1656 3873 1889 3942 pepulus

308 3963 474 4017 Israel
518 3979 619 4034 per
665 3964 1070 4028 inﬁdelitatem,
1120 3980 1225 4018 non
1266 3972 1446 4018 tamen
1502 3964 1890 4034 promissiones

311 4051 401 4105 Dei
430 4068 553 4121 qua:
581 4067 707 4122 erga
739 4066 836 4107 eos
876 4053 1072 4106 habita:
1125 4051 1365 4114 fuerant,
1409 4053 1655 4107 decident
1694 4062 1750 4107 et
1777 4052 1890 4107 fru-

310 4151 495 4196 strata:
542 4142 690 4197 sint:
728 4142 991 4211 docetque
1042 4142 1167 4211 quia
1210 4157 1340 4196 eum
1361 4142 1513 4196 multi
1550 4141 1748 4197 fuerint
1793 4142 1888 4197 ﬁlii

313 4231 560 4295 Abrahae,
583 4231 639 4285 in
668 4230 783 4286 solo
804 4230 955 4286 Isaae
973 4232 1045 4286 sit
1073 4231 1218 4286 facta
1243 4231 1551 4302 promissio.
1579 4231 1702 4285 Non
1729 4232 1888 4296 enim,

312 4321 505 4391 inquit,
534 4322 624 4393 qui
654 4321 756 4390 filii
778 4323 972 4386 carnis,
1000 4323 1053 4375 hi
1096 4331 1217 4376 sunt
1242 4321 1359 4390 ﬁlii.
1393 4321 1682 4376 Contendit
1707 4328 1889 4375 osten-

314 4387 441 4465 dere
465 4387 743 4480 quomodo
763 4409 916 4465 Isaac
946 4425 1054 4465 non
1086 4410 1227 4464 ﬁlius
1242 4387 1324 4464 lsit
1357 4410 1556 4472 carnis,
1609 4410 1704 4464 sed
1735 4408 1805 4463 sit
1832 4408 1890 4462 ﬁ-
1915 4387 1967 4445 Ῑ)

315 4504 418 4558 lius
442 4502 565 4566 Dei,
589 4508 648 4557 et
673 4502 808 4555 redit
829 4502 897 4556 ad
921 4517 983 4556 ea
1014 4504 1133 4572 quae
1156 4501 1223 4556 de
1252 4501 1366 4569 ipso
1392 4501 1446 4554 in
1470 4498 1666 4555 Genesi
1692 4499 1892 4567 scripta

315 4601 436 4648 sunt
487 4593 885 4656 Promissionis,
917 4593 1119 4661 inquit,
1162 4590 1371 4645 verbum
1410 4590 1506 4643 hoc
1538 4598 1653 4642 est:
1688 4588 1768 4641 Ad
1797 4590 1893 4643 hoc

314 4694 512 4751 tean
540 4684 765 4747 veniam,
793 4693 840 4736 et
869 4684 965 4737 erit
999 4682 1147 4737 Sara:
1176 4682 1340 4750 ﬁlius.
1371 4680 1486 4733 Non
1515 4695 1666 4750 ergo,
1698 4680 1890 4749 inquit,

317 4787 411 4840 per
457 4772 707 4825 ordinem
768 4772 1065 4826 nativitatis
1113 4769 1350 4825 carnalis
1406 4769 1555 4822 Isaac
1606 4770 1889 4823 nascitur:

318 4863 522 4932 Quippe
552 4878 677 4917 cum
699 4871 755 4917 et
777 4864 1049 4917 Abraham
1073 4862 1303 4916 emortui
1320 4862 1433 4931 jam
1461 4862 1705 4929 corporis
1731 4861 1895 4915 habe-

320 4961 487 5015 retur,
512 4961 567 5007 et
597 4953 754 5007 vulva
788 4953 936 5008 Sara:
969 4960 1215 5008 emortua
1255 4959 1417 5015 esset,
1461 4952 1602 5007 sicut
1631 4966 1789 5021 supra
1818 4952 1897 5006 di-

321 5054 462 5098 ctum
499 5054 617 5109 est,
661 5048 755 5101 sed
783 5061 882 5116 per
907 5047 1159 5101 virtutem
1196 5044 1311 5112 ejus
1338 5044 1431 5113 qui
1469 5044 1603 5098 dixit
1638 5062 1650 5096 :
1684 5043 1766 5096 Ad
1800 5044 1897 5097 hoc

322 5144 516 5203 tempus
550 5137 772 5200 veniam,
805 5147 852 5189 et
895 5138 990 5189 erit
1026 5134 1174 5190 Sara:
1201 5135 1364 5205 ﬁlius.
1395 5135 1585 5190 Merito
1628 5149 1756 5205 ergo
1789 5150 1895 5189 non

322 5228 516 5287 carnis,
543 5228 637 5282 sed
664 5227 807 5283 ﬁlius
840 5229 1054 5289 dicitur,
1082 5228 1173 5297 qui
1200 5244 1264 5281 ex
1308 5228 1541 5281 adventu
1568 5236 1624 5281 et
1648 5240 1897 5280 sermone

322 5317 557 5371 nascitur
580 5318 697 5373 Dei.
733 5317 859 5371 Hme
885 5332 1033 5388 ergo,
1062 5318 1256 5386 inquit,
1292 5316 1449 5380 ratio,
1486 5330 1592 5370 non
1620 5314 1790 5370 solum
1831 5314 1897 5369 de

320 5401 485 5469 Isaac,
521 5406 615 5460 sed
645 5412 703 5461 et
744 5406 811 5459 de
836 5403 1002 5459 Jacob
1033 5404 1342 5475 recipienda
1380 5412 1501 5459 est:
1539 5402 1671 5456 Nam
1707 5414 1761 5457 et
1792 5402 1897 5457 Re-

320 5493 512 5557 becca,
560 5495 772 5568 inquit,
819 5511 927 5549 non
976 5495 1268 5549 secundum
1316 5493 1549 5549 carnalis
1598 5492 1897 5547 nativitatis

319 5583 562 5640 ordinem
606 5585 835 5656 protulit
878 5593 1109 5654 partum.
1138 5584 1269 5639 Cum
1298 5585 1441 5638 enim
1470 5598 1531 5638 ex
1565 5597 1671 5637 uno
1700 5598 1897 5637 colicu-

1986 3140 2090 3196 Sed
2121 3142 2223 3196 alia
2253 3158 2415 3199 causa
2442 3152 2527 3199 est
2556 3144 2611 3199 in
2653 3144 2827 3210 Isaac,
2859 3144 2967 3200 alia
3011 3145 3068 3201 in
3102 3144 3270 3202 Jacoh
3297 3155 3354 3203 et
3382 3148 3555 3217 Esau,

1982 3232 2107 3301 quia
2141 3232 2291 3289 Isaac
2316 3236 2375 3289 in
2413 3235 2588 3305 ﬁgura
2632 3235 2934 3293 Salvatoris
2964 3245 3126 3294 natus
3147 3247 3266 3305 est,
3295 3238 3464 3297 Jacob
3503 3249 3562 3297 et

1984 3321 2127 3376 Esau
2152 3323 2379 3377 duorum
2415 3313 2736 3395 populorum
2763 3327 2965 3383 habent
2992 3336 3202 3401 typum,
3243 3330 3298 3385 id
3324 3338 3409 3386 est
3441 3346 3562 3387 crc-

1985 3412 2226 3467 dentium
2249 3424 2303 3470 et
2341 3431 2450 3471 non
2482 3418 2839 3474 credentium.
2872 3419 2944 3476 Ut
2968 3435 3037 3476 ex
3064 3437 3173 3478 uno
3198 3422 3310 3478 sint
3336 3424 3558 3490 diversi,

1985 3502 2092 3554 sint
2119 3510 2298 3558 tamen
2325 3521 2510 3560 unum.
2542 3506 2598 3560 In
2643 3508 2867 3579 singulis
2909 3510 3053 3565 enim
3084 3519 3138 3565 et
3178 3526 3311 3581 gens
3352 3512 3559 3583 signiﬁ-

1986 3599 2157 3675 catur,
2189 3602 2248 3647 ut
2285 3596 2443 3649 unius
2467 3597 2684 3667 generis
2728 3598 2996 3664 dicantur,
3026 3600 3120 3667 qui
3154 3600 3210 3653 in
3240 3615 3405 3654 causa
3435 3601 3560 3656 ﬁdei

1987 3698 2151 3736 unum
2198 3692 2343 3751 sunt,
2385 3686 2469 3740 vel
2495 3684 2755 3755 perﬁdiaa,
2785 3702 2926 3742 unus
2951 3689 3097 3743 enim
3140 3687 3478 3758 signiﬁcatur
3505 3690 3560 3743 in

1986 3774 2191 3839 multis,
2232 3791 2339 3829 non
2372 3791 2471 3845 per
2500 3778 2774 3832 traducem
2800 3779 3002 3842 carnis,
3043 3778 3140 3832 sed
3182 3792 3281 3847 per
3316 3793 3560 3834 commu-

1988 3878 2110 3918 nem
2140 3881 2378 3930 causam,
2415 3884 2535 3936 qua:
2561 3883 2626 3923 ex
2663 3869 2807 3923 Esau
2847 3878 2903 3924 et
2934 3868 3104 3926 Jacob
3141 3870 3407 3926 laudatur.
3433 3872 3563 3931 Om-

1988 3968 2083 4007 nes
2126 3968 2192 4008 ex
2218 3970 2286 4010 eo
2324 3956 2467 4019 nati,
2499 3955 2593 4011 ﬁlii
2635 3956 2751 4026 ejus
2795 3959 2989 4014 merito
3032 3960 3243 4015 dicendi
3285 3970 3441 4027 sunt,
3467 3974 3581 4017 aut.

1987 4044 2113 4112 quia
2140 4044 2283 4099 Esau
2309 4046 2603 4116 displicuit,
2637 4064 2826 4104 omnes
2851 4065 2918 4105 ex
2949 4050 3066 4119 ejus
3107 4052 3317 4124 origine
3346 4056 3563 4124 reprobi

1987 4142 2131 4195 sunt,
2160 4149 2284 4189 cum
2307 4136 2583 4192 videamus
2603 4145 2655 4192 et
2681 4138 2749 4193 de
2769 4137 2937 4194 Jacob
2961 4141 3183 4197 traduce
3210 4151 3367 4197 natos
3389 4146 3561 4200 laetos

1987 4224 2246 4292 perﬁdos,
2274 4235 2329 4281 et
2358 4227 2503 4283 Esau
2531 4228 2736 4295 ﬁdeles,
2765 4240 2822 4286 et
2866 4231 2978 4286 Deo
3005 4233 3219 4288 charos.
3259 4234 3391 4289 Nam
3435 4238 3560 4305 quia
3636 4232 3644 4239 ’

1989 4316 2057 4370 de
2080 4313 2246 4372 Iacob
2276 4318 2432 4373 multi
2456 4327 2585 4375 sunt
2609 4321 2821 4391 perﬁdi,
2850 4322 3071 4377 dubium
3098 4340 3205 4379 non
3236 4334 3337 4381 est.
3366 4327 3585 4382 Omnes.

1994 4408 2138 4461 enim
2166 4405 2337 4463 Judaei
2381 4426 2489 4465 non
2531 4412 2815 4468 credentes
2840 4428 2907 4467 ex
2944 4428 3010 4468 eo
3037 4415 3237 4469 habent
3259 4418 3560 4487 originem:

1993 4509 2048 4554 et
2072 4500 2198 4569 quia
2223 4502 2289 4555 de
2309 4502 2450 4557 Esau
2479 4513 2609 4558 sunt
2629 4506 2763 4561 boni
2782 4513 2836 4561 et
2864 4505 3069 4573 ﬁdeles,
3098 4507 3294 4578 prohat
3322 4508 3443 4575 Job,
3470 4510 3565 4579 qui

1995 4598 2080 4644 est
2108 4590 2251 4646 ﬁlius
2276 4592 2439 4658 Esau,
2466 4595 2687 4663 quintus
2713 4595 2782 4650 ab
2810 4597 3242 4664 Abraham,.hoc
3268 4607 3371 4663 est,
3401 4613 3565 4669 nepos

1996 4681 2157 4736 Esau.
2207 4683 2289 4736 Ea:
2315 4702 2418 4738 uno
2452 4687 2726 4741 concubitu
2765 4688 2957 4743 habens
2986 4689 3144 4744 Isaac
3170 4692 3337 4760 patris
3378 4694 3561 4746 nostri.

1995 4773 2125 4838 Qum
2156 4774 2467 4845 intelligitur
2488 4778 2663 4845 prima
2690 4781 2937 4849 geminos
2965 4782 3218 4847 edidisse,
3247 4783 3301 4837 in
3330 4797 3397 4836 eo
3423 4785 3567 4852 quod

1996 4865 2148 4933 quasi
2186 4880 2379 4919 novum
2409 4867 2611 4937 aliquid
2646 4871 2954 4935 accesserit,
2992 4873 3267 4941 praeterita
3290 4872 3458 4926 Deum
3485 4873 3566 4927 in-

1996 4961 2313 5024 terrogaret.
2346 4955 2416 5010 Ut
2443 4958 2726 5013 secundum
2759 4958 3061 5013 electionem
3100 4961 3418 5030 propositum
3468 4962 3565 5017 Dei

1996 5056 2228 5100 maneret
2253 5063 2270 5100 :
2302 5063 2405 5101 non
2428 5064 2493 5102 ea:
2520 5050 2783 5119 operibus,
2813 5049 2903 5102 sed
2926 5065 2992 5103 ea:
3017 5048 3231 5106 vo’eante
3256 5051 3454 5107 dictant
3488 5064 3565 5108 est

1996 5141 2045 5192 ei
2070 5153 2087 5189 :
2114 5140 2238 5211 quia
2275 5142 2448 5211 major
2474 5143 2653 5196 serviet
2684 5141 2893 5194 minori.
2927 5141 3271 5198 Przescientia
3296 5145 3388 5199 Dei
3416 5144 3566 5215 ﬁagi-

1999 5238 2142 5282 tatur
2179 5230 2232 5283 in
2279 5230 2364 5285 his
2404 5232 2611 5295 causis,
2642 5231 2764 5300 quia
2804 5245 2910 5285 non
2956 5231 3099 5288 aliud
3141 5243 3317 5304 potest
3348 5237 3566 5293 evenire

1999 5333 2159 5387 quam
2193 5320 2342 5375 novit
2371 5320 2512 5375 Deus
2549 5319 2807 5374 futurum.
2838 5319 3013 5376 Unum
3041 5322 3201 5395 elegit
3225 5325 3564 5394 praiscientia

1999 5418 2052 5463 et
2081 5408 2308 5464 alterum
2354 5410 2583 5479 sprevit;
2610 5418 2665 5464 et
2694 5410 2750 5465 in
2785 5410 2875 5466 illo
2898 5427 3056 5481 quem
3085 5414 3279 5483 elegit,
3317 5417 3566 5485 proposi-

2001 5507 2113 5553 tum
2146 5499 2241 5554 Dei
2267 5506 2467 5563 manet,
2492 5500 2618 5569 quia
2640 5500 2781 5557 aliud
2809 5518 2916 5558 non
2948 5511 3124 5573 potest
3152 5504 3370 5560 evenire
3397 5520 3567 5575 quam

2000 5588 2119 5656 scit,
2160 5597 2215 5646 et
2254 5590 2561 5659 proposuit,
2605 5600 2663 5647 ut
2703 5592 2876 5649 salute
2909 5593 3099 5663 dignus
3135 5594 3226 5647 sit.
3267 5593 3332 5648 Et
3374 5594 3431 5648 iu
3472 5595 3571 5650 ille
