3974 6202
434 233 502 290 87
696 269 718 282 .
1852 232 2112 289 SEDULII
2155 235 2342 293 SCOTt
3612 250 3681 308 38

435 361 596 415 quem
623 346 846 415 sprevit,
888 343 1048 400 simili
1075 344 1232 398 modo
1261 354 1444 398 manet
1469 344 1822 415 propositum,
1864 346 2006 414 quod
2035 349 2083 408 Α
2109 363 2232 404 cum
2267 352 2410 410 Deus
2443 370 2456 408 :
2488 354 2773 411 Miserebor
2817 360 2971 428 cujus
3007 361 3248 414 misertus
3282 376 3393 416 cro.
3443 362 3596 429 Quod
3632 367 3679 420 si

388 454 402 464 -
431 437 714 508 proposuit
737 437 802 490 de
830 435 943 500 illo,
968 436 1095 505 quia
1129 435 1302 489 salute
1333 435 1581 506 indignus
1606 445 1744 490 erat.
1777 435 2010 491 Sciendo

433 531 576 586 enim
603 529 730 598 quid
752 529 1116 597 unusquisque
1142 528 1355 582 illorum
1377 537 1520 582 esset
1543 528 1807 595 facturus,
1835 532 1970 585 dixit
1994 551 2006 586 :

432 619 524 674 Ille
561 619 666 672 erit
704 619 894 686 dignus
933 616 1025 684 qui
1065 617 1169 671 erit
1199 616 1406 682 minor;
1445 626 1500 672 et
1541 620 1631 687 qui
1671 619 1775 673 erit
1817 618 2008 686 major,

431 709 534 763 erit
577 707 825 776 indignus
861 705 1063 772 salute;
1105 706 1208 760 hoc
1246 707 1400 776 quasi
1441 708 1718 776 praescius,
1747 724 1854 762 non
1888 723 2011 778 per-

430 818 684 858 sonarum
713 809 988 870 acceptor,
1018 800 1186 854 dicit:
1219 799 1352 854 Nam
1382 803 1651 856 neminem
1681 803 1899 856 damnat
1921 818 2013 856 an-

430 902 644 962 tequam
680 901 890 961 peccet,
917 899 972 944 et
1001 891 1204 944 nullum
1229 899 1456 946 coronat
1478 900 1766 959 antequam
1805 893 2005 948 vincat.

426 981 776 1038 Praescientia
805 981 952 1036 enim
988 980 1271 1035 diliinitum
1315 981 1500 1046 habet,
1530 981 1708 1051 qualis
1753 982 2010 1037 uniuscu-

419 1071 616 1142 jusque
645 1071 826 1126 futura
852 1073 1102 1127 voluntas
1131 1073 1202 1126 sit
1235 1073 1288 1126 in
1317 1087 1420 1141 qua
1458 1089 1748 1127 mansurus
1774 1082 1878 1136 est,
1910 1090 2010 1143 per

423 1179 587 1234 quam
631 1163 922 1217 damnatur
952 1173 1046 1217 aut
1084 1171 1397 1218 coronatur.
1437 1164 1680 1233 Denique
1726 1180 1864 1233 quos
1905 1166 2006 1219 scit

427 1255 479 1308 in
523 1253 665 1308 bono
706 1268 1012 1317 mansuros,
1054 1251 1366 1321 frequenter
1406 1261 1530 1308 ante
1573 1261 1699 1306 sunt
1742 1253 1867 1308 mali
1905 1269 1918 1306 :
1953 1263 2006 1308 et

425 1360 562 1419 quos
591 1343 763 1398 malos
808 1344 911 1398 scit
942 1358 1345 1412 permansuros,
1377 1342 1663 1412 aliquoties
1692 1354 1817 1397 sunt
1857 1343 2007 1412 prius

424 1435 571 1490 boni.
620 1435 773 1490 Unde
804 1445 982 1490 cessat
1013 1434 1258 1505 querela,
1299 1435 1427 1504 quia
1465 1435 1610 1490 D‘eus
1651 1450 2003 1503 personarum

424 1533 677 1594 acceptor
701 1540 806 1580 non
833 1532 936 1580 est.

496 1615 676 1684 Major
700 1617 885 1669 serviet
908 1615 1117 1671 minori.
1142 1615 1395 1685 Majorem
1417 1615 1672 1686 populum
1695 1614 2000 1670 Iudaeorum

2111 440 2185 496 ita
2214 452 2314 507 est,
2346 444 2538 513 inquit,
2574 463 2677 501 non
2705 463 2834 518 ergo
2864 448 3097 513 volentis,
3128 467 3290 521 neque
3316 455 3572 507 currentis
3601 466 3682 511 est

2110 531 2275 598 salus,
2317 534 2410 588 sed
2451 532 2567 602 ejus
2605 536 2692 590 cui
2738 538 3026 592 miseretur
3075 539 3236 594 Deus.
3279 539 3418 594 Nam
3456 552 3502 595 et
3533 539 3680 597 Plia-

2111 625 2260 676 raoni
2303 625 2467 694 inquit
2499 625 2678 678 Deus:
2711 624 2848 690 Quia
2886 627 2955 679 ad
2995 629 3092 681 hoc
3128 629 3297 697 ipsum
3327 638 3374 682 te
3409 633 3681 695 suscitari,

2110 719 2165 763 ut
2201 712 2466 764 ostendam
2499 713 2555 766 in
2583 722 2631 766 te
2669 714 2910 767 virtutem
2945 732 3134 780 meam,
3167 725 3213 770 ct
3252 727 3308 770 ut
3344 720 3684 771 annuntietur

2111 819 2294 857 nomen
2338 821 2508 857 meum
2543 805 2599 858 in
2641 807 2881 859 universa
2928 816 3090 860 terra.
3125 807 3197 862 Ut
3236 823 3302 862 ex
3352 809 3454 863 hoc
3495 810 3680 863 vidca-

2109 901 2197 947 tur
2242 895 2453 949 ostendi
2498 896 2624 964 quia
2665 896 2709 953 si
2760 898 2827 950 ad
2878 897 2980 952 hoc
3009 897 3216 952 electus
3243 906 3328 952 est
3371 897 3580 952 Pharao
3622 907 3684 952 ut

2107 1002 2204 1056 per
2237 1003 2361 1042 eum
2413 989 2587 1042 virtus
2636 988 2728 1043 Dei
2767 991 3018 1045 omnibus
3060 989 3382 1054 declaretur,
3424 1006 3531 1044 non
3580 989 3684 1044 fuit

2109 1075 2160 1128 in
2207 1091 2305 1131 sua
2359 1086 2622 1147 potestate
2667 1079 2810 1148 quod
2864 1079 3043 1148 periit.
3093 1077 3160 1132 Et
3202 1079 3346 1133 addit
3395 1087 3518 1151 post
3566 1080 3683 1135 haec

2106 1179 2286 1219 omnia
2322 1184 2335 1219 ε

2175 1255 2317 1325 Ergo
2357 1257 2508 1326 cujus
2541 1259 2647 1313 vult
2696 1260 2990 1324 miseretur,
3027 1269 3073 1313 et
3109 1276 3259 1329 quem
3291 1258 3396 1312 vult
3433 1259 3678 1313 obdurat.

2067 1417 2074 1420 _
2105 1343 2217 1399 Hoc
2249 1353 2364 1411 est,
2409 1347 2600 1416 inquit,
2638 1349 2780 1416 quod
2821 1348 3142 1402 asseverasti
3173 1348 3266 1417 qui
3303 1348 3634 1404 contradicis
3663 1367 3677 1402 :

2103 1437 2246 1504 quod
2294 1437 2412 1492 sine
2469 1453 2633 1492 causa
2679 1440 3045 1508 conqueritur,
3090 1447 3146 1495 et
3206 1441 3384 1510 arguit
3431 1441 3681 1494 homines

2103 1523 2264 1578 Deus.
2298 1524 2355 1578 Si
2403 1527 2546 1580 enim
2591 1527 2704 1596 ipse
2733 1541 2893 1596 quem
2922 1528 3037 1583 vult
3067 1529 3235 1599 eligit,
3276 1537 3332 1583 et
3359 1544 3518 1599 quem
3553 1531 3673 1584 vult

2103 1615 2307 1685 abjicit,
2340 1615 2610 1671 Voluntati
2635 1619 2749 1688 ejus
2777 1620 2892 1690 quis
2927 1621 3169 1674 resistet?
3205 1619 3310 1675 Per
3335 1636 3455 1690 quae
3493 1623 3680 1676 omnia

424 1706 621 1760 minori
643 1704 954 1760 Christiano
968 1708 1294 1762 serviturum
1309 1708 1458 1763 dicit.
1479 1707 1790 1777 Autmajor,
1815 1708 1865 1761 id
1891 1717 1994 1772 est,
2025 1692 2074 1750 Β
2103 1706 2233 1761 illud
2279 1707 2396 1762 sine
2428 1709 2590 1763 dubio
2627 1711 2984 1765 contradictio
3035 1711 3138 1765 ista
3167 1711 3404 1776 molitur,
3431 1713 3575 1781 quod
3619 1713 3680 1766 in

422 1796 687 1850 Idumaeos
720 1795 969 1867 populus,
1001 1798 1184 1850 serviet
1212 1798 1434 1863 minori,
1476 1798 1530 1852 id
1557 1806 1641 1852 est
1700 1797 1998 1854 Israelitico

421 1886 638 1955 populo.

489 1975 656 2030 Iacob
686 1975 865 2038 dilexi,
897 1975 1044 2030 Esau
1071 1985 1243 2030 autem
1273 1977 1392 2031 odio
1419 1977 1600 2031 habui.
1632 1978 1770 2044 Quid
1801 1979 1996 2032 mirum

423 2077 509 2122 est
546 2069 590 2122 si
613 2067 827 2136 justitia
853 2067 1043 2139 diligat
1070 2069 1454 2134 innocentiam,
1485 2077 1539 2122 et
1567 2069 1612 2123 si
1643 2076 1858 2137 respuat
1896 2069 1998 2122 ini-

417 2161 676 2230 quitatem
705 2159 845 2228 apud
882 2174 1042 2228 quem
1086 2160 1250 2214 etiam
1291 2158 1473 2214 futura
1504 2167 1633 2213 sunt
1675 2159 1850 2213 facta?
1889 2157 1996 2214 Sed

418 2251 801 2321 requirendum
829 2265 996 2319 quare
1019 2251 1122 2305 hoc
1155 2250 1388 2314 dicatur,
1415 2265 1538 2304 cum
1568 2250 1696 2304 alibi
1725 2250 1989 2318 scriptum

417 2343 527 2396 sit:
557 2340 679 2394 Non
723 2350 797 2394 est
823 2340 1052 2410 acceptio
1088 2357 1430 2410 personarum
1476 2340 1618 2410 apud
1648 2340 1815 2394 Deum
1858 2339 1998 2411 (Ma-

416 2430 560 2486 lach.
591 2429 654 2502 ι).
688 2428 745 2484 Si
775 2430 896 2498 quis
916 2430 1080 2486 habet
1107 2431 1244 2484 duos
1283 2430 1574 2495 debitores,
1617 2437 1672 2484 et
1701 2429 1856 2484 alteri
1881 2428 1997 2483 vult

418 2523 694 2577 dimittere
719 2522 980 2586 debitum,
1004 2523 1070 2576 ab
1097 2521 1269 2576 altero
1292 2523 1530 2592 exigere,
1557 2523 1642 2576 cui
1669 2522 1784 2576 vult
1805 2523 1991 2586 donat,

415 2613 513 2667 sed
545 2613 816 2666 neminem
844 2611 1077 2667 fraudat.
1102 2613 1276 2668 Ambo
1303 2613 1501 2683 gemini
1544 2620 1736 2666 natura
1763 2611 1860 2666 ﬁlii
1899 2612 1992 2666 ira:

420 2704 823 2759 nascebantur:
869 2704 1029 2758 nullis
1074 2705 1290 2774 quidem
1330 2703 1586 2774 operibus
1614 2704 1864 2773 propriis,
1898 2704 1991 2758 sed

416 2793 752 2862 originaliter
789 2808 856 2848 ex
881 2793 1051 2848 Adam
1080 2795 1292 2849 vinculo
1331 2796 1692 2850 damnationis
1719 2796 1986 2850 obstricti.

420 2883 528 2938 Sed
553 2883 694 2952 quod
723 2883 861 2938 dixit
888 2901 901 2938 :
939 2883 1226 2938 Miserebor
1253 2887 1337 2939 cui
1381 2887 1618 2940 misertus
1666 2903 1776 2952 ero,
1821 2884 1990 2940 Jacob

416 2973 606 3028 dilexit
652 2988 750 3043 per
784 2973 1208 3028 misericordiam
1261 2975 1572 3044 gratuitam,
1618 2975 1758 3029 Esau
1808 2984 1988 3029 autem

2099 1795 2202 1852 hoc
2227 1813 2334 1850 non
2360 1798 2432 1851 sit
2455 1798 2677 1854 libertas
2702 1801 2936 1866 arbitrii,
2963 1816 3064 1856 nec
3089 1802 3282 1858 habeat
3305 1803 3683 1873 unusquisque

2098 1888 2182 1943 sui
2209 1895 2531 1956 potestatem
2562 1897 2619 1943 ut
2649 1889 2904 1956 salvetur,
2934 1899 3028 1944 aut
3058 1901 3262 1960 pereat.
3290 1892 3436 1946 Velle
3470 1900 3526 1948 et
3551 1908 3684 1948 ειιιδ-

2100 1991 2219 2033 rere
2256 1994 2434 2034 meum
2464 1988 2576 2045 est,
2618 1982 2711 2034 sed
2754 1981 2929 2051 ipsum
2958 1997 3137 2036 meum
3180 1983 3298 2037 sine
3332 1983 3428 2038 Dei
3473 1983 3684 2038 auxilio

2098 2084 2204 2122 non
2245 2080 2331 2124 est
2365 2085 2562 2124 meum.
2611 2070 2734 2124 Non
2763 2070 3002 2136 volentis,
3045 2089 3207 2142 neque
3249 2073 3525 2136 currentis,
3565 2083 3678 2128 etc.

2097 2157 2230 2212 Cum
2255 2159 2441 2227 procul
2470 2158 2630 2214 dubio
2661 2160 2706 2214 si
2737 2161 2898 2216 homo
2925 2161 3041 2231 ejus
3061 2162 3238 2216 aetatis
3264 2171 3348 2216 est
3380 2171 3437 2216 ut
3463 2164 3683 2220 ratione

2089 2248 2204 2317 jam
2248 2257 2451 2314 utatur,
2488 2265 2595 2305 non
2641 2251 2809 2319 possit
2849 2252 3091 2316 credere,
3139 2266 3376 2322 sperare,
3425 2252 3679 2322 diligere,

2099 2337 2201 2392 nisi
2230 2337 2381 2403 velit,
2412 2353 2588 2408 neque
2616 2339 2684 2394 ad
2709 2339 2942 2408 palmam
2971 2355 3218 2410 supernae
3248 2342 3544 2396 vocationis
3571 2343 3681 2398 Dei

2097 2427 2397 2494 pervenire,
2429 2429 2532 2483 nisi
2571 2429 2847 2485 voluntate
2887 2431 3189 2486 cucurrerit
3217 2449 3230 2484 :
3259 2431 3527 2500 quomodo
3560 2446 3682 2486 non

2096 2515 2346 2581 volentis,
2386 2531 2560 2585 neque
2599 2520 2868 2574 currentis
2902 2528 3007 2584 est,
3037 2521 3141 2575 nisi
3175 2521 3317 2590 quod
3346 2521 3456 2590 ipsa
3483 2520 3686 2574 volun-

2098 2612 2198 2670 tas,
2244 2609 2386 2660 sicut
2414 2607 2674 2676 scriptum
2716 2617 2830 2673 est,
2864 2625 2894 2664 a
2935 2610 3163 2666 Domino
3196 2611 3559 2679 praeparatur?
3603 2609 3686 2664 Et

2094 2696 2149 2749 in
2176 2695 2281 2750 alio
2312 2697 2430 2752 loco
2456 2697 2746 2767 Apostolus
2769 2700 2900 2755 dicit
2924 2715 2938 2753 :
2967 2701 3107 2756 Deus
3132 2704 3291 2766 enim,
3311 2703 3398 2772 qui
3423 2711 3685 2772 operatur

2093 2784 2148 2838 in
2184 2785 2335 2840 nobis
2363 2795 2411 2840 et
2446 2786 2574 2841 velle
2615 2797 2662 2841 et
2695 2791 2921 2858 operari.
2952 2789 3166 2860 Alioqui
3199 2791 3242 2846 si
3275 2801 3558 2862 propterea
3589 2791 3682 2844 di-

2092 2883 2240 2928 ctum
2266 2883 2369 2939 est,
2399 2891 2503 2929 non
2544 2875 2777 2943 volentis,
2805 2879 2930 2948 quia
2955 2895 3023 2934 ex
3052 2890 3282 2950 utraque
3313 2881 3413 2945 sit,
3456 2880 3509 2933 id
3549 2888 3632 2934 est
3657 2921 3678 2944 ,

2093 2982 2161 3021 ex
2201 2967 2476 3022 voluntate
2526 2967 2760 3025 hominis
2807 2979 2863 3025 et
2895 2971 2988 3026 Dei
3034 2972 3427 3026 misericordia.
3479 2971 3550 3028 Ut
3587 2972 3683 3025 sic

419 3065 547 3119 odio
573 3041 762 3118 habuit
799 3079 896 3133 per
935 3065 1197 3134 judicium
1227 3041 1486 3120 debitum.
1530 3065 1781 3122 Sentiens
1809 3077 1989 3124 autem
2018 3041 2063 3103 Ο
2094 3059 2297 3115 dictum
2343 3061 2687 3130 accipiamus,
2746 3079 2849 3116 non
2893 3062 3126 3128 volentis,
3178 3079 3339 3134 neque
3383 3063 3678 3127 currentis,

419 3157 871 3227 quemadmodum
899 3157 1001 3212 hoc
1029 3157 1174 3226 quod
1199 3157 1398 3212 dictum
1424 3167 1506 3213 est
1529 3169 1868 3229 permoveret
1895 3176 1992 3215 eos

418 3247 510 3314 qui
539 3255 827 3316 penetrare
867 3247 1214 3318 intelligendo
1254 3264 1360 3303 non
1390 3258 1613 3318 possunt
1638 3250 1779 3305 hanc
1805 3252 1988 3306 altitu-

416 3338 596 3392 dinem
623 3338 833 3408 gratias.

488 3429 628 3495 Quid
681 3445 802 3499 ergo
845 3430 1124 3484 dicemus?
1166 3433 1399 3502 nunquid
1435 3432 1680 3502 iniquitas
1723 3443 1796 3485 est
1850 3434 1990 3501 apud

413 3520 624 3575 Deum?
651 3519 839 3574 Absit?
881 3519 1142 3589 lniquitas
1171 3520 1317 3575 enim
1349 3521 1582 3585 videtur,
1619 3529 1678 3575 ut
1711 3522 1827 3576 sine
1866 3522 1990 3577 ullis

415 3611 674 3665 bonorum
715 3609 1046 3665 malorumve
1084 3625 1306 3680 operum
1361 3612 1586 3676 meritis,
1631 3627 1797 3665 unum
1847 3613 1990 3666 Deus

415 3699 622 3768 diligat,
649 3698 875 3753 alterum
903 3699 1098 3754 oderit.
1145 3699 1259 3766 Qua
1290 3701 1341 3755 in
1381 3715 1457 3765 re,
1498 3703 1542 3755 si
1594 3701 1774 3755 futura
1823 3717 1988 3772 opera

416 3788 500 3844 vel
540 3790 680 3843 bona
730 3787 880 3856 ejus,
928 3789 1011 3844 vel
1060 3790 1200 3844 mala
1250 3790 1425 3856 illius,
1474 3808 1593 3862 quze
1629 3791 1771 3848 Deus
1803 3793 1989 3861 utique

415 3879 752 3947 prmsciebat,
787 3879 946 3935 vellet
973 3879 1216 3950 intelligi,
1249 3896 1589 3950 neququam
1614 3882 1814 3936 diceret
1839 3899 1852 3935 :
1883 3898 1988 3935 non

414 3983 479 4022 ex
504 3968 762 4038 operibus,
789 3971 882 4024 sed
911 3971 1118 4026 diceret
1147 3987 1213 4025 ex
1251 3972 1447 4026 futuris
1475 3974 1728 4042 operibus
1761 3992 1773 4027 :
1814 3988 1987 4042 eoque

417 4059 575 4113 modo
603 4059 762 4113 istam
792 4060 1027 4114 solveret
1046 4061 1396 4127 quaestionem
1423 4080 1435 4113 :
1461 4061 1627 4130 Moysi
1650 4063 1791 4116 enim
1817 4063 1945 4116 dicit
1969 4077 1983 4114 :

418 4148 704 4202 Miserebor
746 4151 830 4202 cui
858 4150 1098 4202 misertus
1141 4166 1228 4203 ero
1275 4149 1472 4220 (Exod.
1499 4151 1715 4219 xxxiii).
1768 4151 1881 4206 Hoc
1930 4153 1986 4206 in

419 4237 603 4291 Exodo
647 4236 849 4291 dictum
875 4245 978 4303 est,
1007 4238 1220 4307 quando
1247 4238 1315 4292 ad
1360 4239 1622 4292 rationem
1653 4239 1804 4293 vituli
1846 4239 1986 4295 Deus

419 4326 473 4378 in
499 4324 752 4394 populum
799 4325 1078 4380 vindicare
1125 4328 1421 4395 proposuit.
1475 4327 1600 4381 ":BC
1633 4327 1864 4382 elocutio
1911 4329 1984 4382 ita

419 4392 762 4484 intelligenda
808 4424 893 4471 est
933 4433 946 4468 :
995 4392 1162 4483 Cujus
1188 4392 1451 4483 justitiam
1493 4433 1614 4472 esse
1661 4433 1982 4487 cognovero,
2013 4392 2064 4451 D

419 4505 572 4574 cujus
597 4513 901 4576 promptam
931 4505 1090 4560 fidem
1119 4506 1322 4570 videro,
1351 4495 1510 4576 quem
1542 4507 1825 4576 praeceptis
1855 4507 1989 4561 meis

419 4597 638 4652 obedire
663 4611 1010 4666 perspexero,
1034 4611 1194 4666 quem
1232 4613 1405 4652 meam
1442 4597 1767 4653 voluntatem
1811 4596 1990 4652 facere

420 4689 740 4760 probavero.

493 4781 561 4835 Et
590 4780 1020 4845 misericordiam,
1067 4781 1260 4850 inquit,
1289 4784 1545 4851 praestabo
1576 4786 1660 4838 cui
1690 4785 1989 4839 miserebor.

420 4871 476 4926 Id
509 4879 614 4935 est,
647 4887 769 4926 cum
797 4869 1048 4926 collatam
1089 4887 1120 4924 a
1151 4871 1261 4926 Deo
1301 4873 1733 4930 misericordiam
1776 4876 1989 4930 subdita

420 4970 476 5014 et
515 4961 740 5016 sollicita
784 4967 965 5015 mente
990 4961 1308 5024 servaverit,
1335 4962 1651 5032 ampliorem
1694 4978 1990 5030 conseque-

423 5058 526 5101 tur.
565 5047 737 5118 Igitur
765 5065 868 5102 non
914 5047 1159 5112 volentis,
1191 5065 1350 5120 neque
1390 5051 1665 5114 currentis,
1701 5051 1790 5104 sed
1832 5053 1988 5106 mise-

422 5139 580 5193 rentis
623 5148 697 5192 est
726 5138 841 5192 Dei.
889 5138 967 5192 Ex
998 5154 1227 5208 persona
1269 5139 1688 5196 contradicentis
1716 5140 1816 5194 sibi
1857 5141 1987 5196 dicit

420 5227 746 5300 Apostolus:
783 5227 1035 5296 Nunquid
1084 5229 1330 5298 iniquitas
1377 5239 1450 5282 est
1500 5229 1640 5298 apud
1688 5227 1897 5282 Deum?
1932 5238 1988 5284 et

423 5321 594 5376 initiis
640 5320 963 5388 respondet:
993 5318 1162 5384 Absit,
1197 5331 1254 5374 ut
1295 5321 1362 5375 ad
1392 5321 1571 5374 omnia
1620 5328 1836 5383 caitera,
1866 5337 1986 5388 qua:

421 5428 488 5466 ex
526 5424 753 5479 persona
782 5408 1200 5464 contradicentis
1230 5409 1530 5480 objicienda
1561 5418 1703 5473 sunt,
1747 5409 1816 5463 ab
1844 5408 1986 5478 Apo-

422 5501 561 5557 stolo
585 5517 797 5571 semper
841 5501 1150 5569 responderi
1197 5503 1439 5556 videatur
1474 5518 1484 5552 :
1530 5500 1694 5554 Absit.
1724 5500 1829 5554 Istc
1860 5516 1986 5569 ergo

431 5599 521 5670 qui
555 5597 872 5652 contradicit
899 5597 1065 5651 utitur
1097 5596 1261 5667 Moysi
1306 5597 1502 5661 verbis,
1539 5597 1734 5666 quibus
1763 5597 1890 5652 dicit
1919 5597 1984 5651 ad

2095 3163 2346 3220 tanquam
2401 3153 2690 3218 diceretur,
2735 3152 2852 3207 Non
2901 3153 3096 3208 sullicit
3137 3153 3372 3208 hominis
3417 3152 3678 3208 voluntas

2095 3242 2230 3308 sola,
2267 3243 2312 3297 si
2354 3260 2460 3298 non
2495 3245 2565 3298 sit
2609 3245 2771 3298 etiam
2818 3245 3184 3300 misericordia
3233 3245 3368 3298 Dei:
3398 3261 3502 3298 non
3533 3259 3679 3313 ergo

2092 3331 2289 3385 sullicit
2315 3331 2426 3386 sola
2451 3333 2821 3387 misericordia
2851 3334 2969 3399 Dei,
2996 3335 3097 3388 nisi
3129 3335 3197 3389 sit
3219 3335 3384 3390 etiam
3417 3335 3684 3388 voluntas

2093 3423 2346 3476 hominis.
2377 3424 2451 3478 Ac
2488 3439 2584 3492 per
2627 3425 2725 3478 hoc
2752 3425 2795 3478 si
2833 3435 2980 3480 recte
3019 3426 3222 3480 dictum
3263 3434 3345 3479 est
3378 3440 3392 3478 :
3428 3425 3543 3479 Non
3573 3442 3682 3477 vo-

2091 3513 2250 3568 lentis
2292 3514 2546 3578 hominis,
2587 3516 2680 3569 set]
2710 3515 3015 3569 miserentis
3044 3515 3137 3569 Dei
3181 3524 3285 3579 est,
3328 3515 3455 3585 quia
3490 3516 3542 3570 id
3571 3531 3679 3566 vo-

2090 3600 2268 3656 luntas
2294 3603 2527 3656 hominis
2557 3603 2666 3658 sola
2694 3620 2800 3658 non
2834 3604 3041 3674 implet,
3067 3621 3164 3660 cur
3195 3621 3299 3660 non
3329 3621 3359 3660 ε
3394 3608 3683 3660 contrario

2091 3699 2237 3745 recte
2263 3692 2494 3746 dicitur:
2525 3691 2641 3745 Non
2670 3694 2975 3747 miserentis
2999 3695 3113 3756 Dei,
3142 3695 3236 3748 sed
3267 3694 3557 3750 voluntatis
3581 3707 3686 3748 est.

2090 3781 2357 3836 hominis?
2381 3782 2504 3850 quia
2533 3783 2584 3835 id
2611 3783 2980 3838 misericordia
3009 3783 3103 3838 Dei
3132 3800 3234 3838 non
3264 3785 3464 3853 implet.
3492 3785 3682 3838 Porro

2090 3873 2134 3926 si
2160 3873 2336 3927 nullus
2355 3873 2536 3928 dicere
2561 3873 2900 3928 Christianus
2925 3874 3143 3928 audebit
3166 3892 3179 3926 :
3209 3873 3323 3928 Non
3353 3876 3679 3931 miserentis

2088 3962 2184 4017 Dei
2211 3971 2315 4028 est,
2354 3963 2448 4018 sed
2493 3963 2787 4018 voluntatis
2818 3963 3070 4029 hominis,
3114 3977 3182 4018 ne
3209 3963 3464 4032 Apostolo
3507 3980 3683 4033 aper-

2091 4053 2295 4108 tissime
2319 4053 2674 4118 contradicat,
2704 4061 2873 4106 restat
2895 4062 2948 4106 ut
2978 4060 3263 4122 propterea
3291 4060 3434 4107 recte
3458 4053 3674 4108 dictum

2090 4145 2451 4215 intelligatur:
2491 4161 2592 4198 non
2637 4145 2872 4209 volentis,
2914 4161 3074 4215 neque
3117 4145 3395 4208 currentis,
3435 4145 3521 4198 sed
3565 4143 3677 4198 Dei

2088 4237 2399 4300 miserentis,
2426 4244 2485 4289 ut
2529 4243 2698 4291 totum
2731 4235 2890 4289 detur
2919 4235 3049 4299 Deo,
3079 4236 3169 4305 qui
3203 4235 3438 4290 hominis
3473 4234 3679 4288 volun-

2091 4334 2259 4380 tatem
2300 4326 2495 4380 bonam
2523 4332 2795 4394 praeparat
2831 4322 2900 4377 ad
2929 4322 3310 4392 adjuvandum,
3341 4332 3397 4378 et
3440 4323 3674 4394 adjuvat

2090 4427 2465 4488 praeparatam.
2499 4417 2758 4473 Prmcedit
2788 4418 2933 4471 enim
2973 4418 3114 4472 bona
3141 4417 3388 4472 voluntas
3427 4416 3674 4471 hominis

2091 4506 2260 4560 multa
2294 4507 2386 4560 Dei
2432 4507 2596 4571 dona,
2637 4507 2730 4560 sed
2772 4523 2878 4560 non
2917 4505 3095 4560 omnia
3125 4523 3138 4559 :
3168 4520 3286 4574 quae
3325 4513 3503 4558 autem
3551 4522 3669 4560 non

2091 4598 2348 4668 praecedit
2394 4599 2531 4668 ipsa,
2579 4598 2633 4651 in
2675 4596 2754 4651 eis
2793 4605 2877 4651 est
2918 4603 2974 4650 et
3018 4596 3172 4666 ipsa:
3203 4611 3328 4650 nam
3369 4604 3672 4663 utrumque

2091 4687 2287 4754 legitur
2313 4689 2367 4742 in
2393 4688 2597 4742 sanctis
2624 4685 2852 4756 eloquiis
2876 4703 2888 4738 :
2916 4685 2984 4738 Et
3006 4685 3364 4739 misericordia
3389 4685 3503 4753 ejus
3527 4701 3674 4753 prir-

2093 4777 2256 4829 veniet
2284 4792 2388 4839 me,
2416 4784 2462 4828 et
2493 4773 2851 4827 misericordia
2895 4773 3009 4841 ejus
3041 4773 3378 4842 subsequetur
3420 4787 3532 4834 me;
3565 4787 3670 4824 no-

2092 4865 2290 4919 lentem
2333 4865 2593 4934 praevenit
2635 4872 2693 4918 ut
2722 4863 2872 4926 velit,
2901 4862 3170 4918 volentem
3217 4863 3564 4932 subsequitur
3592 4878 3670 4916 ne

2090 4957 2292 5010 frustra
2331 4955 2478 5008 velit.
2506 4955 2614 5009 Cur
2651 4954 2793 5008 enim
2827 4953 3180 5008 admonemur
3219 4969 3377 5008 orare
3415 4968 3514 5022 pro
3558 4953 3668 5006 iui-

2092 5048 2249 5103 micis
2294 5046 2515 5110 nostris,
2553 5045 2739 5114 utique
2766 5045 3075 5100 volentibus
3104 5046 3190 5114 pie
3218 5046 3418 5108 vivere,
3452 5044 3553 5098 nisi
3601 5053 3668 5097 ιιι

2092 5141 2233 5196 Deus
2253 5145 2506 5209 operetur
2532 5136 2584 5188 in
2611 5135 2691 5188 eis
2733 5141 2790 5188 et
2813 5133 2981 5188 velle?
3005 5134 3135 5188 Item
3168 5149 3266 5187 cur
3304 5132 3667 5188 admonemur

2090 5238 2272 5300 petere
2303 5238 2361 5282 ut
2405 5225 2756 5294 accipiamus,
2788 5224 2892 5278 nisi
2930 5232 2988 5278 ut
3019 5225 3086 5278 ab
3123 5223 3214 5278 illo
3256 5221 3350 5276 ﬁat
3388 5223 3532 5292 quod
3562 5238 3664 5277 vo-

2091 5322 2285 5383 lumus,
2319 5335 2349 5372 a
2379 5333 2484 5386 quo
2511 5315 2712 5370 factum
2759 5324 2843 5370 cst
2880 5323 2939 5368 ut
2972 5315 3229 5369 velimus?
3258 5313 3486 5370 Oremus
3529 5329 3666 5383 ergo

2090 5425 2188 5478 pro
2215 5407 2446 5463 inimicis
2475 5406 2694 5470 nostris,
2730 5414 2789 5459 ut
2816 5404 3181 5458 misericordia
3207 5405 3324 5475 ejus
3362 5405 3665 5475 prmvcniat

2091 5516 2204 5564 eos,
2230 5500 2367 5553 sicut
2394 5498 2652 5566 praevenit
2675 5511 2792 5548 nos.
2817 5494 3045 5549 Oremus
3074 5510 3168 5564 pro
3202 5493 3374 5558 nobis,
3403 5503 3461 5546 ut
3499 5493 3663 5546 mise-

2093 5591 2322 5647 ricordia
2366 5589 2480 5659 ejus
2525 5587 2884 5657 subsequatur
2928 5603 3045 5643 nos.
3098 5587 3226 5642 Item
3274 5604 3373 5641 non
3423 5583 3656 5651 volentis,
