3974 6202
207 259 282 314 39
1307 234 1640 294 COLLECT.
1678 232 1742 289 lN
1783 233 1810 288 Ε

1909 232 1999 288 ST.
2040 232 2131 287 AD
2170 208 2334 290 non.
3392 239 3468 294 oo

203 388 377 444 neque
428 366 727 430 currentis;
759 378 886 419 nam
934 361 1106 415 libero
1155 356 1381 412 arbitrio
1428 353 1570 409 male
1629 360 1789 406 utens
1816 353 1864 411 Α
1891 358 1947 404 et
1973 363 2070 419 per
2093 349 2378 420 judicium,
2410 364 2571 418 quem
2598 349 2717 404 vult
2734 342 2995 414 obdurat,
3027 365 3129 405 nec
3156 358 3332 406 tamen
3366 353 3468 406 iui-

208 442 396 528 hoino,
423 470 483 517 et
521 475 582 515 se
613 456 874 529 perdidit,
906 462 963 508 et
989 453 1184 522 ipsum.
1230 448 1385 504 Sicut
1421 444 1565 501 enim
1596 442 1685 512 qui
1731 455 1790 495 se

212 554 433 616 occidit,
473 550 663 620 utique
691 545 925 601 vivendo
949 557 1007 599 se
1031 540 1248 605 occidit,
1277 537 1370 594 sed
1399 551 1458 592 se
1496 533 1792 595 occidendo

216 659 320 699 non
365 642 527 704 vivit,
556 651 735 707 neque
775 634 1011 703 seipsum
1056 629 1256 700 poterit
1295 625 1621 681 resuscitare
1669 637 1793 677 cum

214 730 480 788 occiderit
514 744 529 781 :
566 728 646 781 ita
690 736 817 778 cum
852 720 1022 775 libero
1063 717 1291 773 arbitrio
1335 722 1671 786 peccaretur,
1711 713 1796 766 vi-

212 833 366 880 ctore
387 827 615 891 peccato
636 815 898 870 amissum
916 819 997 866 est
1015 810 1246 864 liberum
1270 804 1550 862 arbitrium
1574 819 1643 856 :a
1668 818 1791 873 quo,

214 914 359 971 enim
395 910 515 982 quis
551 907 785 961 devictus
813 913 914 965 est,
954 900 1075 954 huic
1104 909 1153 953 et
1187 913 1364 952 servus
1405 894 1646 982 addictus
1686 900 1792 982 est,

215 1002 309 1057 sed
337 978 886 1053 ad'benefaciendum
909 990 1014 1044 ista
1042 988 1269 1042 libertas
1294 984 1437 1039 unde
1461 982 1566 1037 erit
1590 978 1795 1036 homini

215 1091 431 1147 addicto
454 1095 511 1140 et
545 1084 787 1147 vendito,
817 1080 919 1135 nisi
953 1078 1204 1141 redimat,
1233 1075 1387 1145 cujus
1423 1073 1510 1126 illa
1540 1086 1643 1124 vox
1670 1076 1754 1125 est
1779 1085 1791 1121 :

218 1182 278 1238 Si
303 1198 391 1235 eos
421 1177 470 1232 F
473 1176 597 1231 ilius
625 1171 938 1235 liberaverit,
963 1186 1080 1225 vere
1103 1168 1252 1222 liberi
1297 1166 1441 1220 eritis
1464 1177 1482 1216 :
1508 1162 1621 1234 Ego
1645 1160 1798 1231 plan-

217 1275 343 1337 ιρι-ἰ,
375 1269 560 1341 Apollo
591 1267 810 1337 rigavit,
840 1263 982 1317 Deus
1009 1270 1180 1314 autem
1215 1259 1592 1312 incrementum
1629 1252 1792 1341 dedit.

218 1362 319 1429 Qui
343 1339 461 1414 vult
485 1366 538 1413 et
565 1355 657 1425 qui
686 1353 879 1417 currit,
914 1352 1017 1405 hoc
1042 1349 1255 1402 videtur
1276 1359 1399 1401 esse
1422 1342 1569 1413 quod
1599 1348 1681 1395 est
1707 1339 1797 1393 ille

218 1453 310 1524 qui
335 1451 581 1522 plantat:
611 1453 668 1501 et
689 1459 815 1499 eum
842 1441 934 1511 qui
966 1439 1107 1510 rigat
1144 1437 1220 1493 nil
1260 1449 1379 1491 esse
1408 1432 1539 1489 dicit
1565 1432 1796 1524 Aposto—

643 1534 777 1603 ψει
804 1534 1061 1601 habeant,
1091 1529 1186 1584 sed
1237 1525 1413 1596 quoad
1442 1520 1800 1590 comparatio-

1094 1620 1245 1690 opcri
1285 1617 1370 1671 vel
1401 1614 1653 1670 ell'ectum
1682 1612 1794 1673 dat,

350 1557 455 1597 non
488 1554 601 1615 quo
643 1534 777 1603 il
804 1534 1061 1617 habeant,
1091 1534 1186 1584 sed

332 1713 460 1779 na.
1144 1711 1202 1764 in

367 1821 424 1862 ut
474 1806 747 1862 ostendam
787 1789 1216 1859 i‘1‘i‘iirtutem

224 1904 349 1958 fecit
397 1900 548 1955 Deus
598 1911 750 1953 more
801 1892 1182 1965 sapientissimi
1227 1872 1673 1961 patrisfamilias,
1707 1882 1799 1952 qui

222 1994 515 2062 unicuique
553 2004 837 2046 servorum
865 2000 1085 2040 suorum
1114 1997 1280 2053 opera
1309 1978 1598 2034 virtutibus
1633 1983 1696 2030 et‘
1714 1956 1841 2028 δί’-⁸

223 2087 363 2140 tibus
392 2096 588 2138 θοι-ειη)
629 2075 1006 2134 convenientia
1032 2072 1301 2144 proponit.
1336 2070 1393 2124 Si
1419 2069 1542 2140 quis
1571 2081 1701 2120 vero
1726 2065 1805 2118 in-

221 2178 483 2232 obediens
528 2182 586 2228 et
634 2170 855 2226 rebellis
906 2166 1101 2235 corrigi
1155 2162 1474 2219 verberibus
1534 2156 1798 2218 noluerit,

221 2283 381 2339 ιιωιιει
422 2265 590 2336 digna
629 2264 679 2318 ei
716 2258 1053 2331 promittitur
1077 2263 1132 2310 et
1158 2269 1328 2317 mors,
1359 2244 1420 2306 tit
1452 2249 1633 2305 caeteri
1659 2245 1802 2302 servi

226 2361 346 2415 illas
374 2372 573 2430 paruas
597 2354 837 2417 videant,
864 2359 918 2405 et
947 2357 1150 2404 terrore
1176 2342 1409 2413 correpti
1438 2339 1632 2396 similia
1661 2352 1806 2392 eom-

227 2451 444 2508 mittere
486 2463 595 2503 non
643 2445 898 2500 audeant.
928 2441 1018 2498 Sic
1044 2439 1299 2495 nimirum
1328 2436 1539 2491 Pharao
1568 2430 1802 2493 rebellis,

227 2544 521 2610 decernque
564 2536 741 2608 plagis
783 2547 1093 2605 percussus,
1135 2529 1331 2600 corrigi
1365 2542 1470 2582 non
1497 2525 1680 2587 valuit,
1714 2523 1809 2577 do-

228 2647 327 2687 nec
362 2631 499 2685 iram
521 2627 723 2696 judicis
744 2623 997 2685 emeruit,
1028 2636 1127 2692 per
1165 2635 1328 2690 quam
1358 2633 1515 2673 suum
1553 2615 1806 2687 populum

232 2721 519 2777 emendare
558 2719 701 2773 Deus
728 2715 921 2769 voluit.
970 2711 1239 2767 Ponamus
1275 2724 1403 2780 ergo
1440 2705 1809 2777 patremfami-

231 2811 327 2866 lias
360 2812 544 2873 istum,
589 2808 642 2862 id
670 2814 755 2861 est
784 2805 973 2867 Deum,
1004 2802 1088 2857 vel
1123 2816 1325 2872 regem,
1355 2800 1551 2854 vidisse
1597 2808 1809 2866 tempus

232 2917 336 2972 quo
359 2899 637 2956 eniendari
668 2898 931 2951 deberent
968 2893 1023 2948 hi
1050 2892 1142 2962 qui
1173 2892 1227 2945 in
1275 2889 1393 2957 ejus
1434 2902 1612 2942 mores
1639 2902 1701 2940 ac
1730 2886 1811 2939 di-

234 2992 512 3061 sciplinam
560 2988 728 3043 multa
772 2985 1189 3045 commiserant,
1236 2988 1291 3035 et
1339 2979 1418 3034 eis
1456 2977 1669 3032 dedisse
1707 2975 1808 3030 ali-

235 3050 389 3154 quem
420 3080 794 3140 durissimum,
822 3083 879 3130 et
907 3074 991 3129 his
1014 3073 1146 3143 ipsis
1190 3072 1283 3141 qui
1310 3068 1637 3137 corripiendi
1682 3073 1809 3121 sunt
1836 3050 1879 3110 C

234 3172 398 3227 multo
426 3170 724 3231 duriorem,
752 3165 845 3236 qui
877 3178 976 3235 pro
1005 3161 1300 3218 sceleribus
1327 3159 1439 3213 suis
1465 3156 1576 3225 jam
1602 3172 1709 3210 non
1741 3154 1811 3208 sit

232 3264 425 3333 dignus
464 3260 864 3322 emendatione,
903 3256 998 3311 sed
1037 3261 1232 3309 morte.
1272 3251 1471 3306 Volens
1504 3264 1633 3303 vero
1670 3248 1812 3302 inte-

234 3355 394 3407 ritum
421 3350 543 3418 ejus
587 3349 655 3403 ad
688 3347 1121 3402 emendationem
1152 3341 1419 3413 prolicere
1456 3347 1808 3401 cmterorum,

235 3442 397 3496 mittit
421 3456 548 3495 eum
575 3440 640 3493 ad
673 3439 795 3493 illos
820 3452 956 3506 quos
982 3444 1156 3489 morte
1181 3432 1297 3502 ejus
1326 3431 1527 3501 corrigi
1561 3431 1730 3500 cupit,
1758 3439 1812 3485 et

232 3533 363 3586 dicit
384 3533 435 3585 ei
463 3549 478 3585 :
510 3529 647 3598 Quia
682 3528 751 3582 ad
781 3528 876 3581 hoc
914 3527 1083 3599 ipsum
1108 3525 1330 3579 excitavi
1359 3533 1428 3588 te,
1470 3531 1529 3576 ut
1571 3521 1810 3576 ostende-

235 3640 342 3676 rem
366 3624 423 3674 in
458 3632 506 3675 te
526 3620 770 3673 virtutem
797 3634 985 3672 meam.
1012 3616 1144 3671 Vide
1177 3615 1322 3669 enim
1349 3614 1493 3684 quod
1519 3629 1624 3667 non
1653 3613 1808 3676 dixit,

234 3713 316 3767 Ad
355 3714 532 3781 ipsum
575 3720 627 3765 te
671 3708 807 3774 feci,
843 3723 910 3763 ne
939 3708 1005 3762 ad
1050 3707 1388 3762 conditorem
1426 3704 1619 3760 referri
1658 3704 1812 3773 culpa

236 3804 534 3866 videretur,
561 3800 657 3856 sed
686 3801 798 3855 ait:
832 3799 913 3852 Ad
940 3799 1037 3853 hoc
1064 3799 1233 3868 ipsum
1263 3807 1312 3851 te
1338 3797 1688 3885 suscitavi,\ut
1719 3811 1814 3863 per

239 3893 403 3946 animi
431 3893 504 3946 tui
530 3891 814 3955 malitiam,
838 3904 999 3957 quam
1027 3886 1251 3941 infrenis
1277 3894 1334 3941 et
1357 3886 1475 3941 sine
1500 3884 1815 3938 Dei'timore

241 3983 470 4036 vivendo
491 3981 730 4050 quasisti
750 4020 765 4045 ,
793 3987 848 4034 et
878 3979 933 4032 in
967 3978 1099 4031 alios
1126 3978 1396 4046 irrogetur
1423 3974 1571 4029 utilis
1603 3988 1668 4027 ac
1703 3971 1816 4025 fru-

242 4082 423 4127 ctuosa
474 4072 769 4136 correctio,
815 4079 871 4124 et
908 4070 963 4123 in
1010 4076 1063 4122 te
1108 4069 1320 4137 ipsum,
1366 4066 1435 4120 ad
1480 4063 1814 4136 posteritatis

240 4162 570 4232 exemplum,
599 4160 987 4215 famosissimas
1029 4157 1337 4213 conferatur
1380 4157 1651 4211 interitus.
1680 4153 1814 4209 Cum

243 4252 331 4307 Dei
372 4251 805 4307 misericordiam
833 4250 1279 4312 commendasset,
1320 4248 1371 4302 in
1401 4262 1467 4302 eo
1508 4248 1649 4318 quod
1695 4246 1812 4300 ait:

246 4343 363 4397 Non
390 4343 632 4405 retentis,
661 4359 823 4412 neque
854 4342 1129 4406 currentis,
1158 4340 1248 4395 sed
1275 4341 1562 4394 miserentis
1591 4348 1664 4392 cst
1695 4337 1813 4400 Dei,

242 4435 452 4497 deittde,
476 4442 539 4487 ut
564 4403 1158 4487 etiam-commendaret
1178 4430 1462 4498 judicium,
1485 4429 1737 4498 quoniam
1762 4428 1815 4481 in
1842 4403 1895 4462 D

242 4541 344 4593 quo
382 4540 493 4578 non
527 4522 590 4577 ﬁt
628 4521 1017 4587 misericordia,
1052 4535 1157 4575 non
1204 4519 1460 4587 iniquitas
1490 4518 1568 4580 lit,
1604 4517 1700 4571 sed
1729 4517 1817 4586 ju-

246 4616 440 4669 dicium
485 4614 729 4668 debitum
770 4627 785 4665 :
832 4627 937 4666 non
987 4620 1071 4667 est
1119 4612 1317 4682 quippe
1364 4608 1622 4678 iniquitas
1676 4608 1818 4676 apud

247 4705 449 4771 Deum,
484 4706 747 4760 continuo
790 4704 1065 4773 subiunxit
1107 4712 1270 4772 atque
1309 4702 1387 4755 ait
1429 4718 1442 4755 :
1487 4700 1626 4754 Dicit
1678 4701 1815 4754 enim

251 4794 522 4864 Scriptura
550 4790 860 4848 Pharaoni:
892 4793 1029 4859 Quia
1057 4794 1112 4847 in
1139 4794 1236 4847 hoc
1268 4802 1316 4845 te
1344 4789 1582 4845 excitavi.
1613 4788 1817 4856 Quibus

251 4884 402 4939 dictis
427 4894 661 4954 utraque
701 4884 1043 4947 concludens,
1077 4884 1130 4939 id
1158 4892 1262 4947 est,
1290 4883 1357 4938 ad
1388 4881 1815 4938 misericordiam

248 4984 303 5027 et
324 4976 614 5044 judicium.
659 4974 834 5045 Ergo,
868 4975 1071 5042 inquit,
1102 4973 1253 5042 cujus
1288 4972 1394 5027 vult
1433 4974 1730 5037 miseretur,
1770 4981 1820 5026 et

244 5081 396 5133 quem
428 5064 541 5118 ult
575 5064 821 5119 obdurat.
863 5064 1149 5119 Miseretur
1182 5064 1390 5121 scilicet
1436 5080 1629 5135 magna
1668 5065 1822 5120 boni-

249 5161 388 5229 tpte,
415 5161 473 5207 et
494 5152 728 5209 obdurat
754 5152 897 5208 nulla
928 5153 1216 5222 iniquitate
1235 5197 1249 5219 ,
1282 5164 1337 5208 ut
1364 5170 1537 5225 neque
1562 5155 1823 5211 liberatus

244 5241 314 5297 de
353 5243 467 5298 suis
504 5243 715 5299 meritis
755 5243 1036 5312 glorietur,
1083 5259 1257 5312 neque
1297 5243 1582 5301 damnatus
1617 5245 1720 5301 nisi
1756 5246 1822 5301 de

242 5331 360 5385 suis
386 5333 596 5387 meritis
622 5339 990 5402 conqueratur
1024 5350 1036 5385 :
1068 5332 1181 5388 sola
1216 5334 1360 5388 enim
1398 5337 1573 5406 gratia
1611 5337 1823 5392 redem-

242 5435 369 5497 ptos
396 5428 655 5483 discernit
695 5444 728 5483 a
762 5414 1024 5497 perditis,
1050 5443 1187 5498 quos
1221 5428 1275 5483 in
1314 5445 1475 5483 unam
1506 5431 1821 5500 perditionis

242 5528 634 5574 mercaverat
658 5534 900 5575 massam
918 5558 934 5583 ,
964 5518 1034 5572 ab
1055 5520 1264 5590 origine
1289 5519 1446 5574 ducta
1486 5536 1647 5576 causa
1674 5538 1822 5577 com-

242 5607 418 5662 muni.
449 5607 592 5678 Ergo
621 5625 720 5681 per
762 5608 1222 5678 misericordiam,
1251 5608 1338 5665 cui
1373 5611 1485 5668 vult
1514 5611 1818 5681 miseretur,

1893 456 1998 510 que
2030 439 2233 510 aliquid
2264 439 2412 495 facit.
2438 439 2535 496 Vis
2559 440 2702 497 scire
2723 442 2848 511 quia
2879 441 3060 495 divina
3091 441 3389 496 moderatio
3412 443 3469 495 iu

1891 531 2173 586 Pharaone
2202 545 2419 585 causam
2448 531 2713 585 indurata:
2738 532 2934 585 mentis
2959 540 3214 600 operatur
3244 550 3255 584 :
3287 532 3339 585 id
3365 541 3471 595 est,

1893 622 2009 690 ipse
2035 621 2244 676 Pharao
2272 620 2325 675 in
2355 621 2539 677 decem
2566 620 2740 692 plagis
2768 621 2975 691 positus
3007 637 3130 676 cum
3162 630 3473 692 percutere-

1895 721 2002 775 tur,
2033 710 2409 783 mitigabatur;
2439 727 2560 765 cum
2593 712 2950 777 relaxarelur,
2982 712 3384 783 ingravabatur,
3409 728 3473 767 ac

1895 802 2116 871 impium
2145 801 2326 855 divina
2354 802 2616 863 severitas
2642 802 2966 873 inclinabat,
2999 802 3213 857 bonitas
3240 803 3477 857 obdura-

1895 892 1987 947 bat
2015 911 2028 947 :
2055 893 2353 963 castigante
2384 893 2494 948 Deo
2522 892 2775 962 populum
2794 933 2809 959 ,
2846 893 3172 958 dimittebat,
3203 901 3355 964 parte
3379 909 3475 948 re-

1896 985 2144 1040 vocabat.
2184 984 2471 1053 Pcrspicue
2500 985 2767 1052 quomodo
2795 983 3047 1038 rebellem
3083 984 3330 1054 spiritum
3361 998 3483 1039 emo

1896 1073 2048 1129 lestis
2075 1074 2270 1129 lenitas
2291 1074 2539 1138 obdurat,
2564 1074 2947 1128 accedentibus
2972 1074 3206 1129 mitescit
3230 1073 3477 1145 ﬂagellis,

1900 1166 2275 1222 recedentibus
2314 1165 2607 1220 iusolescit.
2646 1165 2740 1220 Dei
2778 1165 3034 1234 patientia
3075 1165 3358 1220 induratus
3394 1174 3479 1219 est

1898 1259 2140 1323 Pharao,
2179 1265 2424 1312 cessante
2462 1256 2605 1310 cnim
2643 1256 2797 1326 plaga
2833 1255 2930 1332 Dei
2967 1255 3151 1310 durior
3186 1254 3382 1319 ﬂebat;
3425 1265 3481 1308 et

1898 1348 2145 1420 quamvis
2184 1347 2348 1401 sciret
2383 1360 2507 1399 eum
2542 1360 2648 1398 non
2684 1344 2955 1409 converti,
2995 1351 3174 1398 tamen
3213 1343 3375 1396 etiam
3424 1343 3479 1397 in

1899 1441 2016 1509 ipso
2047 1453 2199 1492 suam
2230 1437 2572 1492 clementiam
2600 1435 2770 1489 voluit
2796 1435 3187 1490 demonstrare.
3214 1434 3279 1488 Et
3305 1444 3361 1488 ut
3385 1452 3482 1489 an-

1900 1529 2170 1583 nuntietur
2198 1543 2386 1580 nomen
2422 1541 2593 1579 meum
2624 1526 2676 1578 in
2706 1526 2947 1580 universa
2981 1534 3142 1579 terra.
3184 1525 3255 1581 Ut
3293 1527 3345 1580 in
3378 1516 3482 1581 inde

1900 1626 2110 1673 cieterte
2148 1624 2337 1686 gentes
2380 1614 2720 1669 addiscerent
2769 1630 2874 1669 non
2933 1630 3056 1669 esse
3106 1615 3271 1669 alium
3311 1616 3479 1670 Deum

1043 1711 1117 1779 73in
1144 1711 1202 1764 in
1246 1709 1341 1761 hoc
1370 1707 1539 1776 ipsum
1578 1711 1627 1755 te
1656 1699 1798 1754 πεδί’
1826 1693 1873 1752 Β
1900 1717 2099 1780 praeter
2122 1709 2265 1762 hunc
2293 1708 2385 1778 qui
2407 1707 2712 1762 Judmorum
2742 1718 2860 1760 erat
2888 1720 2903 1759 :
2936 1706 3002 1760 ad
3024 1707 3128 1761 hoc
3148 1722 3277 1776 ergo
3302 1722 3485 1761 serva-

1904 1899 1993 1946 tur
2023 1891 2075 1945 in
2104 1890 2214 1956 illo,
2243 1889 2397 1960 quasi
2415 1889 2528 1959 jam
2557 1896 2771 1944 mortuo
2796 1907 2809 1942 :
2836 1888 3127 1943 suscitatus
3148 1897 3325 1944 autem
3353 1889 3485 1944 dicit

1856 1984 1857 1987 “
1903 1982 1954 2036 ei
1994 1981 2120 2051 quia
2164 1995 2284 2035 cum
2329 1979 2469 2049 apud
2507 1978 2675 2034 Deum
2718 1986 2963 2034 mortuus
2994 1987 3171 2043 esset,
3210 1979 3483 2034 modicuut

1907 2083 2119 2142 tempus
2146 2076 2353 2142 accepit
2381 2080 2439 2126 ut
2461 2073 2643 2126 vivere
2670 2072 2965 2126 videretur.
2997 2070 3139 2136 Quid
3168 2073 3331 2141 igitur
3357 2090 3485 2143 que-
3578 2118 3593 2131 ,

1908 2164 2044 2215 ritur
2079 2162 2290 2215 adhuc?
2326 2161 2604 2231 Tanquam
2635 2174 2919 2232 propterea
2950 2178 3053 2216 non
3090 2163 3338 2217 videatur
3364 2178 3486 2219 esse

1907 2251 2079 2306 malus
2111 2251 2437 2320 culpandus,
2478 2253 2604 2322 quia
2644 2252 2785 2308 Deus
2818 2253 2903 2308 cui
2946 2253 3057 2308 vult
3094 2255 3399 2320 miseretur,
3430 2264 3487 2311 et

1906 2358 2064 2413 quem
2101 2343 2215 2398 vult
2241 2342 2491 2399 obdurat.
2525 2342 2569 2400 0
2599 2346 2786 2412 homo,
2826 2355 2883 2400 tu
2921 2348 3034 2418 quis
3063 2364 3116 2401 es
3144 2350 3235 2419 qui
3275 2365 3487 2419 respon-

1907 2433 2031 2486 deas
2056 2432 2206 2486 Deo?
2234 2432 2346 2489 [loc
2369 2433 2489 2489 loco
2516 2435 2733 2504 quidam
2764 2436 2912 2491 stulti
2943 2445 3134 2506 putant
3165 2437 3482 2508 Apostolum

1908 2525 1963 2580 in
1992 2527 2340 2595 responsione
2362 2527 2642 2594 defecisse,
2670 2538 2725 2584 et
2748 2529 2927 2599 inepia
2952 2530 3235 2586 reddenda:
3263 2532 3489 2588 rationis

1910 2618 2234 2686 repressisse
2278 2618 2557 2673 audaciam
2603 2621 3032 2676 contradictoris.
3084 2622 3190 2677 Sed
3234 2639 3487 2695 magnum

1910 2708 2072 2762 habet
2095 2709 2300 2777 pondus
2323 2710 2466 2778 quod
2493 2710 2695 2789 dictum
2727 2719 2812 2766 est
2843 2731 2854 2764 :
2893 2711 2937 2767 0
2966 2714 3120 2766 homo
3138 2754 3152 2778 ,
3185 2724 3240 2767 tu
3269 2717 3384 2783 quis
3411 2733 3485 2780 es,

1910 2806 2014 2854 etc.
2048 2800 2114 2853 Et
2142 2808 2200 2853 ut
2225 2800 2281 2853 in
2305 2800 2500 2856 talibus
2529 2802 2918 2871 quaestionibus
2945 2802 3012 2856 ad
3038 2817 3148 2858 sure
3176 2804 3490 2872 capacitatis

1911 2892 2397 2958 considerationem
2426 2901 2705 2947 revocaret
2733 2893 3006 2947 hominem
3041 2912 3054 2946 :
3079 2893 3244 2949 verbo
3271 2895 3486 2963 quidem

1912 2984 2004 3038 sed
2034 2984 2207 3054 reipsa
2236 3000 2429 3055 magna
2453 2983 2794 3040 conredditio
2829 2983 3089 3049 rationis;
3130 2983 3174 3037 si
3200 2984 3343 3039 enim
3375 2984 3489 3040 haec

1912 3090 2017 3130 non
2057 3076 2231 3144 capit,
2262 3076 2377 3146 quis
2421 3085 2497 3129 est
2535 3076 2625 3147 qui
2659 3075 2965 3145 respondeat
3006 3073 3154 3128 Deo?
3194 3077 3209 3093 ¹
3248 3075 3293 3130 si
3322 3074 3487 3144 capit,

1910 3165 2083 3236 magis
2121 3182 2227 3221 non
2259 3168 2465 3222 invenit
2492 3167 2635 3238 quod
2664 3167 3006 3237 respondeat.
3036 3165 3169 3221 Vide
3193 3166 3335 3221 enim
3372 3167 3491 3233 uni-

1910 3270 2126 3310 versum
2162 3272 2329 3326 genus
2353 3256 2646 3310 humanum
2676 3264 2781 3310 tam
2803 3254 2952 3324 justo
2973 3255 3175 3324 judicio
3200 3256 3490 3326 divinaque
3536 3305 3549 3311 -

1913 3347 1966 3400 in
2009 3349 2307 3416 apostatica
2347 3349 2527 3404 radice
2566 3349 2911 3414 damnatum,
2943 3357 3002 3402 ut
3033 3350 3195 3404 etiam
3230 3349 3275 3404 si
3314 3350 3493 3405 nullus

1912 3437 2035 3490 inde
2070 3437 2413 3501 liberaretur,
2452 3454 2610 3492 nemo
2652 3446 2800 3493 recte
2834 3447 3018 3508 posset
3058 3438 3152 3492 Dei
3184 3440 3493 3508 vituperare

1906 3526 2192 3596 justitiam.
2231 3527 2298 3581 Et
2331 3529 2422 3598 qui
2453 3527 2774 3593 liberantur,
2808 3529 2887 3583 sic
2919 3531 3222 3598 oportuisse
3250 3529 3490 3593 liberari,

1912 3624 1972 3670 ut
1995 3632 2060 3670 ex
2088 3617 2329 3687 pluribus
2353 3635 2460 3673 non
2492 3619 2737 3673 liberatis
2770 3626 2931 3688 atque
2951 3619 3497 3688 damnationejustis-

1913 3706 2049 3760 sima
2070 3705 2361 3771 derelictis,
2387 3707 2766 3761 ostenderetur
2788 3707 2915 3776 quid
2937 3707 3224 3761 meruisset
3244 3707 3492 3761 universa

1914 3795 2256 3861 eonspersio,
2287 3794 2429 3861 quod
2454 3795 2617 3847 etiam
2644 3792 2820 3859 justos
2847 3793 3086 3855 debitum
3106 3791 3368 3860 judicium
3398 3795 3493 3849 Dei

1915 3882 2222 3949 damnaret,
2255 3881 2357 3935 nisi
2390 3881 2445 3934 in
2475 3881 2590 3951 ejus
2620 3881 2859 3935 debitum
2895 3882 3265 3938 misericordia
3302 3887 3495 3941 subvc—
3576 3898 3581 3903 '

1915 3976 2075 4041 niret,
2105 3982 2161 4029 ut
2186 3974 2477 4029 volentium
2506 3975 2571 4028 de
2600 3974 2713 4029 suis
2742 3975 2949 4030 meritis
2972 3975 3189 4046 gloriari
3235 3994 3392 4033 omne
3433 3996 3495 4035 os

1915 4067 2226 4120 obstruetur
2258 4083 2280 4118 ιε
2322 4073 2375 4118 et
2408 4064 2501 4135 qui
2538 4064 2818 4134 gloriatur,
2858 4066 2914 4119 in
2951 4065 3174 4121 Domino
3220 4068 3490 4139 glorietur.

1916 4156 2026 4211 Nec
2061 4154 2349 4226 Apostolus
2394 4155 2495 4209 hoc
2545 4155 2665 4210 loco
2707 4166 2924 4211 sanctos
2958 4159 3237 4228 prohibuit
3280 4175 3311 4213 a
3351 4176 3492 4230 qua:-

1919 4249 2107 4312 rendo,
2136 4246 2229 4302 sed
2254 4262 2349 4302 eos
2376 4247 2467 4317 qui
2494 4248 2729 4301 nondum
2755 4256 2882 4302 sunt
2906 4248 2959 4302 in
2984 4250 3249 4306 charitate
3272 4252 3494 4306 radicati

1920 4348 1973 4394 et
2000 4338 2237 4400 fundati,
2271 4346 2329 4391 ut
2363 4338 2570 4406 possint
2601 4339 3055 4407 comprehendere
3092 4355 3214 4395 cum
3248 4343 3497 4398 omnibus

1922 4431 2125 4486 sanctis
2145 4428 2503 4493 latitudinem,
2525 4428 2935 4500 longitudinem,
2950 4429 3286 4487 altitudinem
3306 4441 3364 4487 et
3379 4449 3500 4502 pro-

1923 4519 2176 4582 l‘undum,
2215 4534 2335 4587 qum
2374 4518 2428 4571 in
2470 4520 2658 4573 eodem
2698 4518 2819 4574 loco
2847 4521 3183 4589 exsequitur.
3224 4521 3340 4577 Non
3368 4539 3498 4595 ergo

1922 4609 2196 4681 prohibuit
2238 4626 2266 4663 a
2307 4609 2596 4677 quan-endo
2637 4610 2727 4678 qui
2769 4609 2901 4664 dicit
2938 4628 2951 4665 :
2987 4610 3288 4677 Spiritualis
3323 4622 3498 4668 autem

1924 4718 2099 4755 omnia
2116 4700 2356 4770 judicat,
2384 4701 2493 4771 ipse
2521 4710 2697 4755 autem
2732 4719 2764 4756 a
2794 4704 2998 4758 nemine
3017 4705 3315 4774 judicatur.
3353 4706 3500 4773 Quos

1922 4808 2049 4864 ergo
2081 4791 2380 4862 prohibuit,
2410 4791 2514 4846 nisi
2542 4791 2717 4849 luteos
2747 4803 2909 4865 atque
2940 4803 3184 4851 terrenos
3212 4796 3327 4866 qui,
3358 4813 3481 4852 non-

1922 4887 2050 4941 dum
2090 4885 2414 4939 intrinsecus
2450 4886 2689 4955 generati
2736 4895 2899 4958 atque
2940 4888 3163 4951 nutriti,
3210 4888 3497 4958 imaginem

1924 4975 2065 5029 illius
2089 4974 2324 5029 hominis
2346 4982 2566 5045 portant
2588 4975 2679 5044 qui
2705 4976 2914 5043 primus
2940 4975 3114 5030 factus
3143 4984 3230 5031 est
3267 4977 3331 5031 de
3358 4987 3500 5034 terra

1921 5068 2196 5123 terrenus?
2226 5066 2446 5122 Talibus
2472 5066 2603 5121 dicit
2637 5066 2926 5135 Apostolus
2958 5084 2971 5120 :
3001 5065 3045 5120 0
3074 5067 3258 5134 homo,
3289 5078 3346 5122 tu
3382 5072 3501 5141 quis

1923 5174 1978 5211 es
2004 5158 2091 5229 qui
2114 5158 2425 5227 respondeas
2449 5156 2601 5211 Deo?
2623 5157 2856 5228 nunquid
2877 5157 3006 5211 dicit
3024 5158 3325 5228 ﬁgmentum
3347 5162 3396 5215 ei
3412 5162 3503 5233 qui

1923 5265 1979 5303 se
2004 5248 2175 5318 ﬁngit,
2207 5247 2386 5313 Quae
2410 5248 2485 5303 sic
2509 5264 2589 5302 me
2613 5248 2819 5317 fecisti?
2847 5247 3096 5316 Quandiu
3123 5265 3249 5321 ergo
3272 5251 3500 5323 ﬁgmen-

1928 5349 2038 5394 tum
2064 5352 2144 5403 es,
2172 5336 2410 5392 nondum
2440 5336 2708 5407 perlectus
2736 5336 2879 5394 ﬁlius
2905 5379 2920 5405 ,
2950 5339 3078 5409 quia
3107 5341 3341 5396 nondum
3365 5340 3505 5396 hau-

1925 5430 2043 5487 sisti
2070 5428 2437 5499 plenissimam
2468 5430 2728 5501 gratiam,
2762 5447 2869 5502 qua
2896 5435 3050 5491 nobis
3082 5435 3202 5488 data
3232 5443 3314 5489 est
3350 5445 3506 5504 pote-

1926 5527 2038 5575 stas
2068 5517 2205 5573 ﬁlios
2237 5518 2330 5573 Dei
2363 5519 2499 5584 ﬁeri,
2532 5536 2637 5590 qua
2665 5524 2838 5592 possis
2866 5526 3051 5579 audire
3082 5542 3095 5577 :
3121 5523 3247 5577 Jam
3281 5541 3385 5579 non
3418 5528 3502 5581 di-

1928 5628 2042 5666 cam
2069 5628 2153 5667 ros
2183 5627 2355 5667 seruos
2394 5611 2582 5687 (Joan.
2614 5612 2684 5687 ι),
2720 5616 2793 5671 Tu
2821 5619 2935 5688 quis
2968 5634 3019 5673 es
3046 5620 3132 5691 qui
3169 5621 3499 5692 respondeas,
