3974 6202
462 269 524 325 9i
1404 296 1405 299 η
1863 267 2129 324 SEDULII
2169 268 2362 324 SCOTl
3633 273 3693 328 92

461 386 520 436 et
544 378 677 434 velis
700 393 862 434 nosse
893 378 991 433 Dei
1023 377 1253 453 Filium?
1285 377 1537 449 Legimus
1569 384 1623 432 et
1658 379 1710 432 in
1738 378 2030 449 Evangelio
2058 378 2107 437 Α
2129 378 2305 447 ﬁnxit,
2337 377 2478 443 Quid
2514 397 2593 433 me
2617 378 2786 448 fecisti
2821 381 2936 434 sic?
2962 380 3117 452 (lsai.
3152 383 3297 455 ιιι.)
3335 382 3448 438 Hoc
3474 384 3539 439 de
3566 385 3693 440 Isaia

463 482 559 523 eos
586 467 677 539 qui
697 476 948 539 proterve
968 476 1023 521 et
1048 452 1338 521 inﬁdeliter
1360 468 1701 537 inquirebant
1736 484 1765 522 a
1807 469 2034 523 Domino

459 561 518 615 in
550 576 653 632 qua
688 567 938 629 potestate
979 559 1088 611 lure
1124 558 1349 627 faceret,
1380 568 1427 612 et
1463 559 1578 629 quis
1612 559 1661 612 ei
1686 559 1907 612 dedisset
1944 574 2036 627 po-

461 659 696 704 testatem
717 650 852 702 hanc
880 648 1091 717 (Matth.
1116 648 1251 720 xxx),
1288 650 1634 728 responsione
1663 650 1876 718 quidem
1905 648 2038 702 indi-

460 753 596 810 gnos
635 739 868 793 habitos.
911 738 1174 793 Similiter
1208 755 1422 809 quoque
1449 749 1502 793 et
1530 740 1580 793 in
1611 741 1860 810 praesenti
1894 740 2030 804 loco,

460 837 665 884 motum
692 830 938 885 videmus
962 830 1304 898 Apostolum,
1336 839 1391 885 et
1423 832 1705 886 adversum
1744 831 2035 886 insolentes

458 920 784 989 quaestiones
821 935 918 989 per
956 935 1018 974 ea
1051 936 1171 989 qua:
1207 922 1481 991 respondit
1522 921 1868 991 proponentis
1908 936 2034 976 con-

458 1012 748 1065 tumaciam
778 1010 1083 1066 eonfudisse
1112 1026 1125 1064 :
1153 1010 1197 1065 0
1222 1016 1395 1077 homo,
1423 1022 1479 1065 tu
1504 1014 1618 1082 quis
1637 1030 1691 1065 es
1715 1013 1803 1083 qui
1825 1029 2035 1082 respon-

458 1102 584 1156 deas
616 1102 763 1156 Deo?
785 1102 943 1157 Certe
969 1102 1071 1156 hoc
1092 1110 1173 1156 est
1194 1102 1356 1158 homo
1380 1103 1518 1172 apud
1541 1102 1705 1159 Deum
1726 1103 1866 1170 quod
1895 1102 2035 1170 apud

459 1192 677 1261 ﬁgulum
707 1192 906 1257 lutum;
935 1201 989 1246 et
1009 1193 1145 1246 sicut
1171 1208 1358 1246 servus
1381 1208 1630 1260 nequam,
1655 1192 1698 1246 si
1724 1192 1859 1246 forte
1886 1193 2034 1246 vide-

457 1281 537 1335 bit
561 1280 778 1337 domino
810 1281 925 1335 fieri
959 1282 1155 1337 debere
1181 1283 1396 1350 aliquod
1422 1298 1585 1352 opus,
1618 1283 1756 1351 quod
1785 1290 1839 1336 et
1869 1282 2033 1337 ratio-

457 1372 542 1426 nis
566 1381 621 1426 et
647 1372 896 1426 utilitatis
923 1373 1136 1440 plenum
1166 1373 1256 1437 sit,
1286 1371 1373 1425 ille
1402 1380 1578 1425 autem
1606 1373 1817 1439 operari
1842 1371 2031 1425 nolens

459 1477 524 1517 ea
562 1477 682 1531 qua:
728 1463 774 1517 is
808 1461 992 1529 jubet,
1032 1462 1300 1515 discutere
1337 1462 1584 1529 incipiat,
1615 1470 1669 1515 et
1696 1462 1971 1529 requirere
2000 1478 2030 1515 a

456 1553 676 1607 domino
717 1560 774 1605 ut
815 1552 944 1619 quid
987 1553 1088 1605 hoc
1128 1566 1263 1620 opus
1299 1545 1628 1617 ﬁerfjubcs?
1662 1552 1746 1604 cui
1776 1552 2030 1621 prodest?

454 1644 545 1697 ubi
574 1643 939 1697 necessarium
971 1643 1093 1696 est?
1125 1642 1428 1696 contumaci
1458 1657 1612 1696 servo
1634 1657 1751 1710 quae
1781 1642 1885 1695 erit
1920 1652 2027 1695 tam

2133 469 2393 538 propheta
2429 479 2540 535 est,
2580 473 2722 540 quod
2763 472 2851 527 hic
2888 474 3163 542 proprium
3201 474 3355 543 quasi
3381 476 3566 544 ponit,
3606 491 3694 546 per

2133 562 2275 630 quod
2299 564 2552 629 ostendit,
2575 573 2761 619 contra
2787 574 3059 621 auctorem
3083 583 3217 638 opus
3238 568 3353 638 ejus
3374 586 3479 625 non
3506 587 3691 640 posse:

2134 650 2189 704 in
2223 660 2488 720 potestate
2520 653 2662 708 enim
2692 656 2925 709 auctoris
2954 663 3035 709 est
3069 656 3280 725 qualem
3314 657 3441 712 velit
3471 661 3697 713 condere

2134 748 2458 795 creaturam.
2486 741 2624 808 Quid
2654 744 2755 798 sibi
2786 744 2897 797 vult
2923 744 3084 799 homo
3106 748 3169 800 de
3194 746 3295 800 hac
3320 762 3495 801 massa
3524 748 3697 817 pcrdi-

2134 829 2296 883 tionis
2316 871 2329 894 ,
2360 839 2420 883 ut
2460 832 2567 887 Deo
2605 834 2963 903 respondeat,
3002 842 3056 889 et
3087 835 3230 889 dicat
3258 854 3269 888 :
3300 835 3476 902 Quare
3503 838 3582 892 sic
3616 854 3698 895 me

2132 914 2339 971 fecisti?
2370 916 2426 972 Si
2460 920 2543 974 vis
2586 921 2656 975 ita
2701 938 3057 992 cognoscere,
3099 924 3209 978 noli
3243 940 3362 979 esse
3389 925 3578 991 lutum,
3607 928 3697 981 sed

2133 1005 2342 1061 ellieere
2373 1007 2511 1062 ﬁlius
2540 1008 2636 1063 Dei
2666 1026 2760 1079 per
2786 1011 2926 1066 illius
2951 1013 3374 1067 misericordiam
3394 1054 3410 1079 ,
3437 1015 3527 1082 qui
3555 1015 3699 1069 dedit

2131 1104 2453 1165 potestatem
2499 1099 2635 1154 filios
2678 1100 2772 1153 Dei
2814 1100 2963 1164 ﬁcri,
3004 1103 3344 1158 credentibus
3385 1104 3439 1158 in
3486 1106 3701 1160 nomine

2132 1186 2248 1255 ejus
2272 1207 2285 1241 :
2313 1203 2418 1241 non
2445 1197 2645 1256 autem,
2685 1199 2744 1244 ut
2770 1202 2826 1245 tu
2854 1193 3027 1261 cupis,
3052 1201 3340 1263 antequam
3375 1196 3600 1250 credant
3623 1196 3699 1251 di-

2130 1277 2252 1330 vina
2291 1294 2446 1333 nosse
2480 1281 2836 1350 cupientibus.

2201 1367 2360 1420 Aliud
2392 1370 2598 1439 quidem
2637 1390 2722 1425 vas
2757 1374 2810 1426 in
2848 1374 3124 1441 honorem,
3164 1377 3311 1431 aliud
3344 1379 3397 1432 in
3432 1389 3698 1433 contume-

2131 1454 2274 1521 liam.
2305 1456 2378 1511 De
2407 1456 2686 1514 Pharaone
2710 1460 2865 1515 facile
2891 1464 3263 1532 respondetur,
3289 1468 3558 1536 prioribus
3586 1484 3700 1523 me-

2131 1545 2272 1609 ritis,
2301 1547 2497 1615 quibus
2518 1548 2707 1605 alllixit
2729 1552 2781 1604 in
2808 1568 2970 1623 regno
2998 1570 3095 1609 suo
3120 1558 3449 1625 peregrinos,
3482 1559 3698 1628 dignum

2130 1635 2376 1691 effectum
2416 1640 2501 1693 cui
2537 1642 2831 1697 obduretur
2868 1660 2984 1711 cor,
3020 1643 3213 1703 utnec
3250 1648 3703 1705 manifestissimis

454 1734 613 1805 digna
642 1734 948 1804 responsio,
984 1735 1085 1787 nisi
1123 1743 1182 1787 ut
1223 1734 1432 1787 dicatur
1471 1734 1517 1786 ei
1561 1751 1572 1784 :
1606 1732 1683 1785 Tu
1717 1734 1830 1803 quis
1862 1750 1913 1785 es
1940 1734 2028 1802 qui
2056 1703 2104 1761 Β
2133 1727 2301 1796 signis
2331 1727 2570 1796 jubentis
2610 1731 2707 1787 Dei
2741 1735 2975 1789 cederet.
3010 1735 3094 1789 Ea:
3123 1738 3300 1792 eadem
3340 1740 3473 1793 enim
3505 1758 3696 1796 massa.

452 1825 764 1895 respondeas
777 1823 884 1876 Deo
899 1824 1007 1876 ?ita
1029 1822 1218 1892 placet,
1239 1824 1311 1876 ita
1330 1822 1553 1877 Domino
1577 1823 1803 1877 videtur.
1822 1822 1877 1877 Si
1903 1822 2033 1878 fide-

453 1913 519 1969 lis
547 1930 734 1970 servus
764 1924 818 1968 et
846 1915 1081 1983 prudens
1112 1915 1424 1983 interroget,
1448 1913 1635 1967 volens
1655 1912 1951 1982 intelligere
1977 1922 2031 1967 et

454 2005 637 2059 mirari
668 2005 987 2075 sapientiam
1016 2006 1246 2070 Domini,
1277 2008 1418 2075 quod
1444 2007 1657 2061 dicatur
1681 2007 1733 2060 ei
1765 2024 1778 2059 :
1809 2005 1885 2059 Tu
1912 2008 2028 2076 quis

452 2099 546 2151 es?
583 2099 813 2168 denique
845 2115 966 2153 etnn
1011 2098 1194 2153 Daniel
1234 2099 1489 2168 propheta
1525 2097 1851 2153 voluntatem
1882 2100 2026 2154 desi-

453 2188 692 2241 derasset
719 2204 1011 2258 agnoscere
1039 2207 1050 2241 :
1088 2190 1229 2243 unde
1260 2197 1314 2243 et
1342 2190 1418 2243 vir
1445 2190 1820 2243 desideriorum
1849 2190 2026 2258 appel-

453 2277 592 2331 latus
620 2287 724 2342 est,
752 2295 857 2332 non
889 2288 972 2333 est
1000 2280 1047 2333 ei
1077 2280 1299 2347 dictum,
1336 2280 1412 2333 Tu
1436 2282 1552 2351 quis
1588 2282 1679 2333 es?
1707 2280 1799 2335 sed
1832 2281 2027 2335 missus

453 2375 535 2421 est
559 2369 781 2437 angelus
801 2409 814 2431 ,
847 2370 936 2437 qui
964 2384 1084 2423 eum
1118 2370 1181 2423 de
1211 2371 1458 2425 omnibus
1490 2370 1584 2424 Dei
1613 2369 2028 2440 dispensationi-

454 2457 554 2511 bns
581 2467 634 2512 et
665 2457 883 2526 ju-liciis
912 2461 1161 2515 edoceret
1192 2459 1211 2532 (
1227 2460 1362 2515 Dan.
1392 2460 1496 2533 is).
1524 2461 1589 2516 Et
1621 2476 1719 2516 nos
1746 2461 1789 2515 si
1826 2460 2026 2530 aliquid

456 2546 524 2599 de
548 2548 771 2601 secretis
797 2548 889 2602 Dei
920 2558 975 2603 et
1002 2551 1292 2605 reconditis
1318 2551 1685 2605 desideramus
1710 2565 2021 2622 agnoscere,

452 2635 841 2690 desideriorum
879 2646 934 2692 et
968 2655 1070 2692 non
1116 2641 1517 2694 contentionum
1547 2641 1648 2695 viri
1684 2656 1898 2703 sumus,
1928 2655 2022 2695 oc-

455 2727 653 2781 cultius
684 2727 737 2780 in
770 2729 965 2783 divinis
993 2729 1185 2786 litteris
1212 2731 1409 2786 inserta
1443 2733 1534 2786 Dei
1559 2731 1762 2801 judicia
1797 2732 2026 2787 ﬁdeliter

452 2823 509 2868 et
535 2815 812 2871 humiliter
846 2819 1209 2886 requiramus,
1251 2830 1534 2889 propterea
1568 2837 1797 2891 namque
1834 2830 1888 2877 ct
1914 2821 2022 2875 Do-

452 2905 630 2959 minus
669 2908 878 2961 dicebat
920 2927 933 2962 :
979 2908 1301 2975 Scrutakmini
1342 2910 1641 2982 Scripturas
1673 2911 1861 2984 (Joan.
1896 2912 2017 2977 xv).

452 2995 743 3066 Legentem
782 2999 898 3054 hmc
935 3001 1247 3057 meminisse
1273 3004 1523 3058 convenit
1550 3005 1805 3059 attentius
1835 3002 2024 3059 simili-

454 3086 659 3140 tudinis
701 3088 874 3153 illius,
917 3091 1041 3158 quia
1080 3091 1133 3145 in
1170 3093 1533 3162 superioribus
1564 3094 1714 3149 libris
1742 3093 2023 3162 apostolici

453 3178 720 3230 sermonis
741 3179 1134 3247 dispensatione
1158 3183 1433 3251 posuimus
1459 3201 1471 3235 :
1504 3191 1561 3236 ut
1586 3191 1838 3252 tanquam
1861 3182 2025 3251 regia:

450 3266 729 3336 cujusdam
761 3269 986 3335 domus,
1011 3286 1129 3340 qum
1166 3273 1549 3342 multiplicibus
1586 3274 1656 3327 sit
1693 3274 2026 3344 ingressibus

453 3359 871 3429 egressibusque
898 3361 1147 3417 distincta
1167 3403 1180 3422 ,
1206 3371 1262 3417 et
1292 3378 1354 3417 ex
1384 3380 1490 3417 uno
1522 3363 1575 3416 in
1605 3363 1747 3417 aliud
1772 3363 2024 3417 conclave

454 3448 525 3502 ita
566 3456 870 3503 transeatur
908 3459 967 3504 ut
1002 3452 1091 3505 vix
1128 3452 1476 3521 ingredientis
1515 3453 1710 3506 indicia
1749 3461 1840 3506 aut
1874 3466 2025 3520 egre-

452 3537 652 3594 dientis
685 3549 982 3610 appareant
1010 3559 1022 3594 :
1055 3541 1128 3595 ita
1154 3542 1317 3596 etiam
1356 3541 1579 3597 Paulum
1618 3543 1914 3597 divinorum
1939 3559 2024 3597 se—

452 3640 602 3688 creta
637 3633 913 3703 paululum
953 3634 1166 3702 quidem
1208 3635 1637 3704 subaperientcm
1676 3634 1874 3701 videri,
1918 3651 2022 3689 non

454 3732 631 3779 tamen
660 3724 818 3794 plane
843 3736 1130 3795 aperteque
1150 3726 1488 3795 pandentem.
1518 3727 1756 3795 Denique
1780 3743 1902 3782 cum
1925 3744 2022 3797 pro

452 3814 537 3867 his
562 3830 680 3882 qua:
706 3816 951 3885 superius
980 3816 1192 3871 dixerat
1224 3816 1288 3873 de
1318 3817 1485 3881 Isaac,
1509 3825 1564 3870 et
1593 3817 1659 3871 de
1684 3814 1867 3882 Jacob,
1894 3815 2019 3886 quid

451 3918 548 3973 per
570 3904 887 3959 electionem
917 3907 1158 3975 exposito
1185 3907 1277 3960 Dei
1305 3918 1591 3976 antequam
1622 3908 1818 3976 aliquid
1845 3909 2023 3976 operis

451 3993 578 4047 boni
618 3993 810 4048 malive
846 3995 1136 4063 gessissent
1187 3995 1329 4048 Deus
1372 3997 1597 4060 dixerit,
1640 3997 1721 4049 vel
1769 3997 1836 4050 de
1875 3998 1964 4051 illo
2005 4016 2017 4050 :

453 4083 534 4135 Ad
574 4083 669 4135 hoc
710 4092 907 4152 tempus
946 4084 1179 4146 veniam,
1218 4093 1264 4136 et
1305 4086 1403 4137 erit
1445 4085 1595 4139 Sara?
1630 4085 1792 4154 ﬁlius.
1834 4088 1926 4140 Vel
1957 4088 2021 4142 de

452 4171 556 4224 hoc
583 4188 595 4223 :
627 4170 789 4224 Jacob
821 4170 1013 4236 dilexi,
1056 4172 1198 4226 Esau
1227 4183 1397 4226 autem
1426 4174 1545 4228 odio
1586 4175 1761 4229 habui.
1794 4176 1928 4231 Cum
1966 4180 2018 4232 iu

450 4258 700 4327 prasenti
729 4267 903 4314 autem
932 4262 1162 4331 capitulo
1199 4263 1585 4319 introduxisset
1625 4265 1859 4334 aliquam
1899 4284 2021 4337 per-

451 4364 660 4415 sonam,
684 4352 828 4406 velut
853 4355 1304 4409 contradicentem
1327 4355 1450 4420 sibi,
1478 4364 1531 4409 et
1555 4358 1879 4425 qumstiones
1909 4376 2020 4413 mo-
2046 4373 2098 4431 Ι)

450 4447 698 4503 ventem,
748 4450 803 4494 et
847 4443 1048 4497 diceret
1098 4462 1110 4497 :
1164 4441 1414 4514 Nunquid
1463 4444 1708 4515 iniquitas
1753 4457 1826 4500 est
1877 4450 2017 4518 apud

451 4528 619 4583 Deum
645 4530 670 4583 Ρ
693 4539 746 4584 et
771 4531 815 4585 si
844 4548 944 4585 non
982 4531 1214 4595 rolentis,
1243 4550 1403 4602 neque
1432 4537 1684 4588 currentis
1702 4577 1716 4599 ,
1748 4538 1836 4589 sed
1874 4538 2020 4590 mise-

452 4622 611 4675 rentis
640 4620 733 4674 Dei
768 4631 843 4675 est
876 4635 894 4673 :
925 4624 1045 4676 etsi
1077 4622 1411 4677 Pharaonem
1440 4636 1719 4693 propterea
1754 4626 1931 4694 elegit,
1962 4635 2021 4679 nt

450 4712 505 4767 in
537 4712 653 4780 ipso
681 4713 971 4782 potentiam
997 4727 1107 4765 sum
1140 4713 1354 4767 virtutis
1380 4715 1712 4776 ostenderet,
1752 4724 1805 4768 et
1833 4716 1877 4768 si
1907 4716 2019 4784 ipse

449 4804 602 4874 cujus
636 4803 747 4857 vult
775 4803 1080 4865 miseretur,
1112 4812 1165 4857 et
1200 4818 1357 4872 quem
1395 4804 1506 4858 vult
1543 4804 1758 4858 indurat
1787 4822 1798 4856 :
1832 4804 2017 4874 utquid

448 4895 516 4949 de
548 4894 819 4959 omnibus,
850 4893 1045 4962 inquit,
1074 4894 1341 4962 queritur,
1366 4900 1421 4946 et
1445 4908 1543 4947 cur
1571 4894 1660 4961 qui
1686 4902 1875 4961 peccat
1900 4892 2015 4947 cul-

447 4985 641 5052 patur?
671 5000 793 5039 cum
820 4984 943 5038 talis
969 4984 1036 5038 de
1066 4999 1175 5037 uno
1202 4998 1413 5052 quoque
1443 4983 1611 5051 ipsius
1647 4983 1891 5037 voluntas
1916 4983 2017 5036 ha—

449 5074 659 5127 beatur.
693 5071 818 5128 Haec
846 5088 975 5142 ergo
1003 5080 1057 5127 et
1084 5072 1169 5125 his
1199 5071 1392 5125 similia
1444 5071 1824 5133 conunoventi,
1858 5079 2019 5139 atque

2128 1817 2185 1871 Id
2224 1826 2341 1883 est,
2380 1829 2722 1889 peccatorum
2766 1831 2821 1877 et
2866 1825 3247 1881 misericordiae
3291 1844 3412 1882 vasa
3454 1830 3700 1899 protulit,

2129 1908 2325 1977 quibus
2352 1910 2667 1966 subveniret
2690 1927 2811 1967 cum
2842 1914 3267 1984 deprecarentur
3296 1918 3389 1972 ﬁlii
3416 1919 3598 1974 Israel.
3631 1921 3702 1975 Et

2128 2016 2253 2053 vasa
2286 2000 2399 2054 irw.
2443 2000 2683 2067 Quorum
2730 2005 2988 2075 supplicio
3025 2007 3147 2076 illos
3184 2009 3470 2079 erudiret,
3496 2012 3549 2066 id
3595 2022 3699 2079 est,

2127 2088 2462 2145 Pharaonem
2508 2101 2563 2146 et
2604 2094 2855 2163 populum
2904 2095 3051 2164 ejus,
3096 2100 3185 2168 qui
3232 2101 3475 2169 quamvis
3520 2115 3701 2158 essent

2126 2180 2342 2248 utrique
2371 2190 2715 2250 peccatores,
2763 2193 2817 2240 et
2852 2189 3238 2256 propterea‘ad
3266 2206 3424 2244 unam
3464 2207 3701 2245 massam

2126 2270 2476 2338 pertinerent,
2539 2273 2699 2328 aliter
2734 2283 2912 2330 tamen
2960 2279 3220 2332 tractandi
3257 2286 3438 2344 erant,
3475 2281 3565 2350 qui
3606 2283 3700 2336 nni

2127 2358 2236 2413 Deo
2262 2361 2631 2432 ingemueram
2649 2406 2662 2430 ,
2689 2374 2749 2420 ut
2771 2366 2850 2421 eis
2875 2367 3183 2423 subveniret
3214 2386 3227 2423 :
3254 2369 3410 2424 aliter
3439 2370 3535 2435 illi,
3565 2387 3702 2440 quo-

2127 2467 2245 2504 rum
2289 2451 2501 2520 injustis
2534 2456 2787 2511 oneribus
2824 2457 3210 2527 ingemueram.
3256 2459 3408 2525 Quod
3446 2461 3491 2514 si
3524 2461 3700 2515 volens

2127 2541 2266 2596 Deus
2290 2545 2557 2599 ostendere
2578 2546 2729 2611 iram,
2758 2558 2806 2602 et
2830 2558 3006 2603 notam
3032 2550 3203 2619 facere
3219 2551 3501 2620 potentiam
3522 2569 3697 2606 suam.

2126 2633 2261 2700 Quia
2285 2635 2431 2689 illum
2453 2637 2543 2690 diu
2566 2638 2819 2693 sustinuit
2839 2640 3320 2710 blasphemantem,
3336 2650 3390 2697 ct
3411 2643 3702 2712 durisope-

2126 2724 2273 2779 ribus
2312 2742 2467 2780 suum
2503 2728 2755 2798 populum
2792 2729 3141 2801 aﬂligentem;
3172 2742 3525 2803 praeterquam
3552 2734 3699 2803 quod

2124 2815 2398 2869 innoxiam
2420 2824 2631 2872 aetatem
2655 2821 2999 2887 parvulorum
3021 2822 3556 2891 crudeliterjusserat
3575 2838 3702 2879 ene—

2124 2904 2255 2957 cari.
2302 2905 2438 2959 Vasa
2476 2914 2651 2960 autem
2694 2909 3073 2964 misericordim
3106 2911 3374 2967 lsraelitas
3403 2913 3559 2976 dicit,
3600 2914 3699 2982 qui

2125 2990 2267 3060 digni
2295 3002 2449 3047 erant
2470 2996 2860 3061 misericordia,
2889 3000 3012 3066 quia
3033 3007 3086 3054 et
3109 3000 3315 3054 minora
3341 3001 3694 3063 admiserant,

2124 3088 2179 3134 et
2203 3082 2438 3149 graviter
2462 3080 2675 3136 fuerant
2694 3083 2895 3139 afllicti.
2927 3086 3080 3156 Saepe
3107 3088 3171 3143 de
3199 3089 3560 3158 incompositis
3583 3090 3699 3142 elo-

2123 3168 2429 3223 cutionihus
2461 3169 2735 3238 Apostoli,
2784 3172 3184 3244 dcfectibusque
3226 3192 3410 3231 carum
3457 3192 3699 3231 commo-

2126 3258 2372 3324 nuimus,
2409 3262 2551 3327 quod
2587 3262 2640 3315 in
2672 3265 2920 3331 przcsenti
2957 3264 3076 3320 loco
3111 3266 3458 3322 nihilominus
3488 3269 3702 3322 inveni-

2124 3360 2215 3404 tur
2245 3368 2258 3402 :
2297 3367 2403 3405 non
2432 3352 2576 3405 enim
2611 3353 2855 3408 redditur
2884 3356 2952 3409 ad
2988 3356 3188 3427 aliquid
3220 3358 3321 3412 hoc
3354 3360 3493 3427 quod
3530 3361 3603 3413 ait
3643 3361 3701 3414 in

2124 3442 2386 3510 principio
2411 3443 2654 3512 capituli,
2680 3446 2822 3514 quod
2851 3447 2896 3501 si
2926 3448 3110 3503 volens
3136 3449 3296 3514 Deus,
3333 3452 3477 3505 verbi
3508 3468 3701 3517 causa,

2125 3538 2183 3582 ut
2212 3530 2264 3582 in
2292 3531 2411 3585 aliis
2440 3532 2554 3600 ipse
2580 3532 2715 3586 dixit
2750 3552 2762 3587 :
2796 3534 2945 3601 Quod
2972 3538 3018 3591 si
3039 3539 3312 3607 primitiw,
3339 3550 3519 3594 sancta
3548 3551 3626 3595 est
3649 3553 3706 3597 et

2123 3635 2316 3672 massa.
2357 3620 2500 3673 Nihil
2539 3622 2765 3677 mortale
2802 3624 3009 3690 reddit,
3049 3628 3141 3681 sed
3168 3629 3323 3695 quasi
3355 3644 3544 3699 vagam
3573 3645 3709 3686 con-

2117 3708 2449 3777 junctiouem
2477 3709 2636 3764 istam
2663 3711 2906 3781 reliquit,
2935 3730 3054 3783 quae
3078 3716 3288 3770 etiamsi
3316 3732 3423 3771 non
3451 3733 3710 3774 assuma-

2126 3805 2233 3860 tur,
2256 3796 2481 3851 lucidior
2502 3798 2703 3867 absque
2723 3813 2784 3853 ea
2806 3800 3020 3855 dabitur
3051 3803 3372 3859 intellectus.
3392 3804 3553 3861 Verbi
3570 3822 3709 3861 can-

2125 3903 2203 3949 sa,
2231 3896 2289 3939 ut
2316 3887 2388 3940 ita
2408 3887 2649 3958 legamus
2673 3907 2687 3943 :
2726 3888 2911 3943 Volens
2929 3890 3068 3945 Deus
3090 3893 3356 3946 ostendere
3378 3894 3512 3948 iram
3535 3904 3582 3949 et
3605 3913 3709 3950 no-

2125 3986 2227 4030 tam
2257 3978 2428 4046 facere
2450 3978 2729 4047 potentiam
2752 3996 2923 4041 suam,
2950 3981 3191 4034 sustinuit
3221 3984 3273 4035 in
3304 3982 3466 4036 multa
3493 3985 3713 4051 patien-

2123 4069 2194 4119 tia
2226 4085 2347 4120 rasa
2374 4069 2487 4131 ine,
2518 4070 2573 4121 in
2600 4069 2936 4137 perditionem
2961 4082 3106 4140 apta,
3134 4080 3189 4124 ut
3220 4081 3366 4125 notas
3391 4072 3581 4140 faceret
3606 4076 3703 4127 di-

2124 4157 2270 4209 vitias
2303 4155 2482 4224 gloria:
2510 4172 2621 4209 sua:
2649 4157 2704 4209 in
2729 4160 2863 4212 vasis
2898 4161 3285 4215 misericordiae.
3324 4162 3378 4215 In
3414 4177 3518 4230 quo
3548 4165 3713 4218 viale—

2125 4253 2211 4297 tur
2252 4245 2473 4314 intelligi
2517 4245 2676 4313 quia,
2721 4246 2849 4300 dum
2890 4250 3120 4302 sustinet
3156 4250 3297 4304 Deus
3332 4259 3385 4305 et
3426 4252 3711 4319 patienter

2126 4336 2227 4389 fert
2254 4335 2556 4389 incredulos
2580 4343 2633 4390 et
2657 4335 2918 4401 inﬁdeles,
2952 4346 3131 4392 notam
3157 4338 3286 4393 facit
3308 4339 3618 4395 hominibus
3646 4352 3712 4396 et

2123 4428 2434 4497 patientiam
2463 4435 2518 4482 et
2540 4429 2835 4496 potentiam
2865 4445 3038 4483 suam.
3066 4430 3383 4484 Patientiam
3403 4471 3419 4495 ,
3447 4430 3572 4485 dum
3603 4432 3712 4487 diu

2123 4519 2351 4572 sustinet
2376 4518 2419 4571 si
2452 4517 2591 4571 forte
2618 4518 2937 4586 resipiscant
2973 4528 3028 4573 et
3060 4530 3474 4584 convertantur;
3503 4530 3715 4589 poten-

2121 4609 2275 4673 tiam,
2298 4609 2422 4661 dum
2447 4606 2731 4676 aliquando
2754 4608 2924 4677 punit.
2948 4608 3015 4661 Et
3040 4625 3228 4664 rursus
3251 4611 3302 4663 in
3323 4611 3464 4664 vasis
3483 4611 3721 4665 miseri-

2121 4698 2346 4761 cordia},
2375 4698 2480 4751 hoc
2506 4704 2616 4761 est,
2648 4697 2738 4766 qui
2770 4698 3085 4766 semetipsos
3111 4701 3568 4764 emundavernut,
3601 4717 3713 4755 no—

2120 4797 2206 4843 tas
2235 4789 2361 4843 facit
2386 4789 2599 4843 divitias
2622 4789 2805 4859 gloriae
2841 4807 2853 4841 :
2891 4804 3011 4859 qua:
3044 4805 3172 4844 vasa
3203 4807 3309 4845 non
3342 4791 3715 4848 irrationabili

2120 4880 2300 4947 aliqua
2321 4919 2335 4941 ,
2367 4887 2459 4932 aut
2494 4877 2718 4933 fortuita
2752 4878 2952 4947 gratia,
2991 4878 3086 4933 sed
3123 4879 3377 4946 quoniam
3414 4895 3444 4931 a
3486 4882 3717 4949 peccati

2121 4970 2369 5023 sordibus
2413 4981 2470 5022 se
2510 4975 2939 5037 expurgaverant
2983 4968 3306 5036 praeparavit
3350 4969 3401 5021 in
3444 4967 3711 5037 gloriam.

2120 5060 2312 5115 Notam
2339 5075 2466 5129 ergo
2497 5058 2625 5112 facit
2654 5059 2796 5113 Deus
2820 5059 3110 5128 potentiam
3139 5072 3311 5121 suam,
3342 5058 3469 5110 dum
3501 5058 3716 5125 impios

2121 5153 2348 5222 castigat
2381 5159 2436 5204 et
2472 5150 2711 5219 corripit,
2740 5160 2799 5204 ut
2824 5151 3115 5205 secundum
3155 5150 3444 5219 Scriptura:
3478 5159 3722 5205 sentcn‘

2120 5244 2266 5306 tiam,
2326 5243 2450 5295 dum
2496 5239 2796 5310 flagellatur
2838 5239 3129 5308 pestilens,
3165 5241 3419 5294 innocens
3462 5240 3720 5294 astutior

2119 5335 2211 5389 ﬁat
2247 5333 2427 5404 (Prov.
2474 5332 2606 5401 XIX).
2645 5331 2872 5396 Quidam
2903 5344 3031 5383 vero
3068 5345 3097 5383 a
3130 5330 3495 5398 superioribus
3536 5343 3723 5398 τερρ-

2118 5429 2266 5476 tunt:
2298 5419 2340 5473 0
2363 5421 2536 5483 homo,
2565 5429 2620 5473 tu
2640 5420 2729 5490 qui
2756 5435 2829 5482 cs,
2854 5418 2941 5487 qui
2970 5418 3280 5486 respondeas
3309 5418 3452 5470 Deo?
3477 5416 3636 5481 Quod
3659 5422 3725 5471 si

2120 5513 2288 5568 volens
2320 5512 2461 5565 Deus
2502 5508 2767 5563 ostendere
2796 5510 2929 5559 iram
2950 5548 2962 5569 ,
2990 5515 3091 5561 etc.
3130 5507 3392 5561 Patientia
3421 5515 3474 5559 et
3510 5505 3719 5575 longa-

2120 5604 2337 5659 nituitas
2363 5609 2443 5657 est
2472 5600 2595 5665 Dei,
2629 5613 2747 5667 quze
2768 5597 2904 5651 sicut
2942 5597 3111 5650 malos
3148 5604 3408 5664 praeparat
3438 5596 3504 5648 ad
3529 5594 3722 5648 inter-

449 5164 503 5217 in
541 5164 760 5235 hujusce
788 5166 1032 5237 mysterii
1062 5164 1366 5220 cubiculum
1402 5163 1708 5233 protervius
1741 5170 1796 5215 et
1821 5162 2018 5230 impor-

450 5252 631 5307 tunius
665 5254 963 5322 ingerenti,
1004 5271 1125 5309 cum
1161 5253 1529 5323 increpatione
1571 5251 1898 5320 dignissima:
1924 5266 2017 5305 cx-

447 5343 786 5398 clamationis
809 5345 1048 5398 occurrit
1080 5363 1092 5397 :
1123 5343 1166 5398 0
1196 5345 1368 5407 homo,
1396 5353 1451 5396 tu
1472 5344 1586 5412 quis
1610 5359 1683 5404 es,
1715 5342 1802 5412 qui
1829 5350 2017 5396 contra

448 5432 722 5501 respondes
746 5431 890 5486 Deo?
913 5433 1068 5502 quasi
1091 5434 1316 5498 diceret,
1333 5433 1410 5486 'l‘u
1429 5434 1548 5502 quis
1564 5448 1639 5495 es,
1658 5431 1747 5500 qui
1771 5438 1823 5484 te
1849 5430 1899 5483 in
1925 5445 2019 5483 au-

448 5517 554 5571 lam
583 5520 724 5589 regis
760 5521 1063 5593 immergis,
1095 5530 1149 5577 et
1191 5522 1463 5577 interioris
1494 5521 1723 5576 cubiculi
1754 5536 1918 5574 ausus
1959 5534 2018 5572 cs

450 5619 655 5665 secreta
686 5615 1005 5682 penetrare?
1034 5613 1283 5681 Nunquid
1304 5615 1426 5666 dicit
1458 5614 1756 5684 ﬁgmentum
1784 5612 1830 5665 ei
1853 5612 1941 5683 qui
1965 5628 2018 5665 se
