3974 6202
205 303 271 358 95
1319 302 1651 357 COLLECT.
1693 301 1760 355 lN
1800 302 2013 389 El‘lST:
2054 301 2143 356 AD
2183 300 2346 357 110.“.
3393 310 3464 366 95

204 419 373 478 itum,
411 415 481 469 ita
512 423 565 468 et
604 414 780 468 bonos
818 423 1085 484 praeparat
1125 414 1191 468 ad
1240 430 1494 470 coronam
1533 435 1545 470 :
1586 416 1786 471 divitix
1813 416 1859 473 Α
1890 432 1980 469 sus
2021 432 2219 485 paucos
2262 416 2438 485 justus
2489 418 2666 487 perire
2705 434 2827 474 cum
2883 419 3224 476 multitudine
3275 424 3470 495 impio—

203 517 381 561 autetn
435 506 614 577 gloria:
670 512 839 568 sunt,
892 505 1125 576 dignitas
1168 505 1444 574 multiplex
1494 514 1790 576 pra-parata

204 597 566 653 credentibus.
606 595 685 649 Eo
728 595 849 663 ipso
890 595 1031 665 quod
1059 596 1136 649 ait
1173 612 1186 649 :
1217 595 1282 648 In
1316 596 1479 648 multa
1505 597 1786 673 patientia,

206 688 333 742 satis
361 685 688 756 significavit
708 685 891 754 priora
918 699 1103 739 eorum
1131 695 1373 753 peccata,
1403 686 1455 740 in
1477 686 1669 755 quibus
1698 702 1792 741 eos

202 775 457 848 pertulit,
486 783 546 829 ut
570 783 879 844 opportune
908 784 1032 829 tunc
1062 775 1395 840 vindicaret,
1423 776 1639 844 quando
1670 777 1790 831 illo-

201 885 320 923 rum
352 868 588 922 vindicta
629 866 997 921 subvenienda
1036 873 1155 919 erat
1193 882 1205 916 :
1250 864 1334 919 his
1366 866 1456 933 qui
1498 864 1793 919 liberantur

202 960 549 1013 innotescunt
574 957 779 1011 divitia:
808 957 932 1020 Dei,
964 971 1084 1010 cum
1116 970 1243 1024 erga
1283 971 1378 1009 eos
1403 956 1493 1024 qui
1528 956 1670 1009 inter
1697 957 1792 1010 ho-

205 1050 377 1104 mines
400 1057 755 1118 spernuntur,
780 1057 835 1102 et
854 1047 1087 1102 humiles
1113 1055 1256 1111 sunt,
1285 1048 1650 1102 misericordia
1676 1048 1790 1117 ejus

204 1142 509 1196 ostenditur
536 1142 679 1209 quod
708 1156 815 1194 non
846 1142 899 1194 in
932 1140 1132 1194 divitiis
1157 1142 1299 1204 suis,
1330 1155 1430 1195 nec
1469 1141 1521 1193 in
1551 1142 1788 1209 potentia

206 1249 322 1297 sua,
349 1233 444 1287 sed
474 1233 530 1286 in
564 1232 793 1286 Domino
821 1240 1043 1300 sperant
1074 1248 1086 1283 :
1119 1231 1258 1285 sicut
1297 1240 1350 1284 et
1378 1240 1505 1285 tunc
1534 1231 1788 1285 Hebrum-

207 1344 322 1381 rum
348 1342 485 1397 gens
514 1326 758 1395 dispersa
794 1324 936 1379 inter
968 1325 1211 1379 homines
1248 1333 1304 1378 et
1336 1323 1573 1392 objecta,
1617 1323 1789 1394 χΙ)ρο

208 1416 637 1469 misericordiam
661 1421 951 1468 consecuta
979 1421 1079 1467 est.
1110 1413 1187 1466 lta
1217 1428 1345 1483 ergo
1372 1413 1536 1466 etiam
1563 1412 1790 1481 populus

208 1504 442 1575 gentium
478 1503 572 1572 qui
611 1503 970 1571 spernebatur
995 1507 1048 1555 et
1073 1501 1463 1569 desperabatur
1489 1499 1666 1554 abhis
1697 1501 1788 1569 qui

209 1595 261 1647 in
289 1593 709 1649 circumcisione
736 1591 1058 1663 gloriantur,
1083 1591 1507 1645 misericordiam
1530 1604 1786 1645 consecu-

210 1692 293 1737 tus
323 1690 427 1736 est.
488 1679 697 1734 Vocabo
732 1697 836 1734 non
875 1679 1070 1750 plebem
1114 1696 1313 1744 nteant,
1354 1679 1550 1749 plebem
1596 1695 1783 1731 meam.

1893 523 2030 559 rum.
2064 506 2217 573 Quod
2258 523 2442 562 semen
2480 508 2647 563 Isaias
2670 509 2906 587 Domino
2933 512 3066 566 dicit
3099 513 3412 569 derelictum
3452 536 3467 570 :

1892 594 2019 648 illud
2047 596 2162 649 sine
2191 596 2352 650 dubio
2372 597 2514 664 quod
2537 598 2678 651 idem
2701 597 2987 667 Apostolus
3008 602 3225 671 exponit
3245 603 3296 656 in
3326 604 3471 669 aliis,

1891 700 2012 738 cum
2052 686 2181 740 dicit
2217 686 2284 739 ad
2327 687 2600 740 Abraham
2639 688 2840 742 dictum
2891 708 2903 741 :
2950 688 3062 743 Tibi
3094 691 3229 745 dabo
3277 703 3469 747 terram

1890 776 2057 839 hanc,
2085 785 2133 829 et
2174 778 2361 830 semini
2396 786 2485 829 tuo
2523 794 2543 831 :
2586 776 2707 831 Non
2736 789 2910 832 autem
2945 780 3069 834 dicit
3107 793 3154 835 et
3189 785 3469 838 seminibus

1891 874 2138 933 tanquam
2167 865 2220 918 in
2249 865 2456 928 multis,
2487 867 2578 920 sed
2612 868 2796 920 semini
2829 878 2946 931 tuo,
2979 879 3229 940 tanquam
3256 874 3311 925 in
3342 891 3467 937 uno,

1888 955 1976 1023 qui
2003 963 2078 1007 est
2108 954 2367 1008 Christus.
2400 955 2513 1009 Non
2548 964 2727 1010 autem
2764 957 2935 1012 otiose
2966 957 3130 1013 Isaias
3162 975 3345 1016 semen
3374 979 3466 1017 no-

1891 1048 2114 1101 minavit
2138 1048 2279 1117 quod
2326 1050 2588 1119 reliquum
2628 1060 2710 1105 est
2742 1070 2754 1104 :
2788 1067 2969 1106 semen
3011 1068 3244 1123 namque
3272 1055 3472 1110 dicitur

1890 1139 2034 1206 quod
2062 1139 2357 1193 seminatur
2388 1141 2440 1193 in
2477 1149 2650 1205 terra,
2692 1152 2746 1194 et
2786 1142 2909 1196 inde
2955 1152 3326 1214 resurgentem
3364 1146 3479 1199 lru-.

1889 1236 2035 1282 ctum
2070 1228 2357 1296 plurimum
2392 1231 2554 1283 totius
2594 1230 2847 1284 Ecclesia:
2886 1231 3262 1287 multitudines
3295 1233 3472 1303 prola-

1890 1325 2067 1371 turum
2087 1358 2102 1381 ,
2132 1318 2269 1373 sicut
2310 1318 2421 1386 ip.~e
2452 1319 2708 1372 Dominus
2736 1319 2868 1374 dicit
2901 1339 2912 1374 :
2949 1319 3069 1374 Nisi
3107 1339 3332 1391 granum
3356 1324 3473 1391 fru-

1889 1407 2049 1458 menti
2076 1407 2129 1459 in
2156 1416 2347 1460 terram
2377 1409 2638 1472 ceciderit,
2670 1418 2717 1462 et
2742 1421 3003 1463 mortuum
3026 1413 3055 1480 f
3088 1414 3207 1479 erit,
3238 1415 3470 1483 fructum

1884 1512 1995 1549 'non
2017 1497 2198 1563 a/fert;
2230 1505 2322 1549 aut
2351 1497 2556 1551 fructus
2585 1497 2742 1564 hujus
2782 1501 3004 1555 seminis
3030 1512 3112 1557 est
3142 1503 3471 1575 indulgentia

1888 1593 2250 1652 peccatorum.
2274 1583 2413 1649 Quid
2432 1602 2551 1653 ergo
2575 1586 2805 1639 dicemus
2823 1588 2847 1639 ?
2864 1589 3002 1656 quod
3024 1601 3346 1662 gentes,qua'
3367 1611 3470 1648 non

1890 1675 2521 1745 sectabanturjustitiam,
2555 1677 3002 1746 apprehenderunt
3022 1682 3306 1749 juslitiam.
3328 1684 3473 1749 Quo.

209 1774 465 1843 Apertum
492 1779 576 1825 est
603 1770 667 1825 de
688 1770 936 1840 gentibus
962 1770 1181 1835 dictum,
1212 1770 1336 1839 quia
1361 1770 1512 1840 prius
1540 1785 1643 1824 non
1672 1778 1789 1824 erat
1818 1762 1864 1820 B
1892 1764 2050 1818 modo
2089 1764 2178 1817 hic
2218 1764 2347 1818 dicit
2390 1766 2530 1832 quod
2570 1774 2756 1834 gentes
2794 1783 2897 1820 non
2937 1770 3284 1824 sectabantur
3309 1772 3467 1841 justi-

211 1864 354 1934 plebs
398 1864 531 1925 Dei,
562 1871 753 1932 postea
791 1870 971 1915 autem
1013 1862 1079 1915 ad
1107 1862 1452 1931 0pprobrium
1484 1860 1789 1916 Judteorum

212 1954 641 2009 miscricordiam
663 1954 994 2023 accipientes
1016 1963 1216 2008 vocata:
1240 1963 1386 2017 sunt,
1406 1963 1463 2007 ut
1484 1955 1535 2007 in
1565 1954 1681 2008 loco
1701 1953 1789 2007 tibi

210 2061 311 2099 non
338 2046 642 2099 vocabatur
667 2043 819 2114 plebs
844 2043 936 2097 Dei
962 2054 1282 2099 vocarentur
1308 2045 1378 2098 ibi
1404 2045 1495 2098 lilii
1522 2044 1617 2099 Dei
1644 2045 1749 2098 vivi
1777 2064 1788 2098 :

208 2135 359 2203 prius
382 2134 527 2187 enim
554 2148 820 2202 nusquam
848 2135 1180 2188 vocabantur
1206 2134 1332 2200 ﬁlii,
1375 2134 1474 2188 nisi
1508 2135 1559 2188 in
1589 2134 1789 2199 Judtea,

210 2227 312 2280 hoc
341 2235 452 2289 est,
495 2225 550 2278 in
594 2223 927 2279 Hierusalem
951 2265 965 2289 ,
999 2226 1088 2279 ubi
1125 2224 1315 2279 domus
1360 2224 1454 2278 Dei
1497 2235 1644 2290 erat;
1688 2233 1790 2278 ut:

213 2314 380 2368 Notus
422 2315 480 2367 in
516 2313 713 2368 Iudaea
750 2313 890 2368 Deus
932 2314 1114 2384 (Psal.
1165 2314 1358 2385 Lxxv).
1405 2313 1580 2367 Isaias
1616 2305 1805 2367 autem.

210 2407 496 2476 proclamat
523 2422 618 2476 pro
646 2404 969 2472 Israel,-boc
991 2413 1094 2469 est,
1124 2404 1318 2458 clamat
1341 2420 1438 2475 pro
1463 2405 1548 2485 bis
1567 2406 1656 2474 qui
1684 2420 1795 2459 crc-

212 2498 338 2551 dunt
370 2498 425 2550 in
459 2496 758 2561 Christum,
790 2497 844 2551 hi
873 2498 1014 2551 enim
1040 2512 1166 2551 vere
1194 2497 1464 2558 lsraelitm,
1494 2497 1633 2551 sicut
1665 2496 1796 2551 dicit

211 2586 469 2640 Dominus
493 2586 563 2640 ad
596 2585 935 2641 Nathanael?
971 2587 1107 2641 Ecce
1144 2604 1259 2641 vere
1298 2586 1544 2641 Israelita
1564 2628 1578 2653 ,
1610 2588 1663 2641 in
1691 2604 1793 2658 quo

211 2676 359 2729 dolus
400 2693 506 2729 non
536 2685 613 2729 est
644 2675 825 2746 (Joan.
858 2675 920 2747 ι).
956 2675 1209 2746 Reliquiae
1241 2676 1399 2730 salute
1422 2677 1574 2745 ﬁant.
1602 2676 1793 2732 Pauci-

216 2777 373 2822 tatem
396 2783 590 2821 eorum
621 2769 950 2823 credituram
975 2784 1095 2823 esse
1123 2769 1472 2824 demonstrat.
1502 2769 1796 2826 Providens

213 2860 279 2913 de
315 2858 513 2914 futuris
552 2861 814 2930 propheta
855 2861 1070 2915 videbat
1102 2862 1241 2931 quod
1280 2862 1497 2932 plurimi
1525 2876 1590 2916 ex
1627 2862 1790 2918 Israel

214 2949 375 3004 futuri
414 2959 573 3005 erant
617 2966 743 3005 vasa
787 2951 883 3004 ira:
917 2967 1022 3004 non
1062 2952 1344 3006 credentes
1374 2953 1498 3007 vita:
1527 2970 1668 3021 sure,
1699 2957 1793 3011 sed

218 3042 495 3096 linuinum
535 3041 838 3111 majestatis
873 3042 1279 3112 crucifigentes,
1309 3044 1382 3099 illi
1417 3046 1509 3115 qui
1548 3062 1653 3101 non
1691 3049 1794 3102 sal-

219 3142 430 3198 vantur,
474 3143 734 3203 tanquam
772 3149 936 3189 arena
977 3136 1142 3189 maris
1175 3143 1302 3190 sunt
1343 3155 1355 3190 :
1396 3137 1635 3208 reliquis:
1668 3157 1795 3197 vero

215 3224 378 3279 salvte
418 3223 582 3290 ﬁant,
628 3214 885 3294 tanquam
926 3225 1091 3279 stellte
1134 3226 1256 3281 cceli
1301 3237 1426 3283 sunt
1459 3247 1471 3282 :
1511 3238 1798 3301 utrumque

215 3314 356 3366 enim
386 3314 783 3383 promissionis,
806 3328 927 3384 quae
948 3314 1014 3367 ad
1028 3313 1299 3369 Abraham
1321 3315 1463 3371 facta
1484 3327 1586 3383 est,
1611 3320 1785 3373 conti-

218 3410 306 3455 net
324 3417 508 3456 sermo
525 3419 540 3454 :
556 3402 674 3467 erit,
698 3401 893 3471 inquit,
918 3418 1088 3456 semen
1110 3411 1257 3458 tuum
1277 3405 1411 3458 sicut
1436 3423 1596 3461 arena
1614 3409 1795 3462 maris.

294 3491 521 3545 Verbum
549 3492 683 3546 enim
715 3509 1081 3547 consummans
1114 3504 1161 3548 et
1188 3495 1425 3550 brevians
1451 3497 1504 3551 in
1530 3499 1793 3568 (equitate.

216 3581 469 3636 Historia:
511 3582 675 3637 habet
718 3583 819 3636 hoc
858 3597 1045 3637 sensus
1080 3598 1093 3636 :
1128 3584 1280 3638 Sicut
1314 3599 1415 3655 ego
1444 3587 1664 3641 verbum
1704 3587 1799 3642 ab—

215 3672 405 3726 brevio
433 3681 488 3726 et
515 3671 622 3727 cito
647 3671 881 3737 diilinio,
913 3672 988 3726 ita
1022 3672 1162 3728 Deus
1192 3674 1293 3728 hoc
1328 3676 1474 3730 omni
1511 3677 1798 3731 velocitate

218 3764 481 3834 perﬁciet.
515 3763 572 3817 In
603 3764 881 3834 prophetia
912 3771 1091 3818 autem
1119 3764 1417 3820 breviatum
1447 3767 1665 3820 verbum
1696 3767 1801 3821 No-

222 3870 344 3907 vum
368 3854 773 3908 Testamentum
802 3854 1085 3921 accipitur,
1112 3855 1235 3922 quia
1259 3855 1311 3909 in
1337 3871 1403 3910 eo
1423 3858 1603 3911 omnia
1628 3857 1800 3910 brevi-

221 3952 301 3999 ter
328 3944 721 4013 comprehensa
749 3952 874 3996 sunt
901 3952 956 3997 et
982 3943 1183 3998 clausa.
1216 3943 1421 4001 Salvari
1450 3946 1549 3999 hos
1572 3945 1797 4015 promit-

221 4034 316 4098 tit,
352 4049 495 4101 qnos
540 4032 776 4101 reliquos
816 4033 945 4087 dicit
982 4047 1079 4102 per
1111 4036 1331 4089 verbum
1368 4035 1509 4104 quod
1535 4036 1799 4090 breviavit

225 4120 485 4175 Dominus
512 4136 673 4189 super
698 4129 918 4185 terram,
943 4121 1045 4175 hoc
1072 4128 1177 4186 est,
1198 4136 1295 4191 per
1323 4121 1502 4186 ﬁdem,
1528 4138 1649 4175 cum
1679 4123 1798 4177 sub-

222 4210 342 4265 latis
378 4210 637 4265 omnibus
672 4209 999 4275 neomeniis,
1041 4217 1096 4264 ct
1131 4211 1384 4275 sabbato,
1424 4219 1478 4266 et
1516 4211 1798 4267 circumci-

220 4302 397 4363 sione.
442 4309 500 4355 et
538 4299 655 4369 lege
700 4314 985 4363 escarum,
1019 4306 1073 4352 et
1111 4299 1466 4354 oblationibus
1507 4316 1795 4370 pecorum,

221 4394 327 4448 sola
366 4393 506 4447 ﬁdes
547 4392 818 4462 proposita
849 4399 931 4445 est
962 4391 1029 4445 ad
1068 4390 1295 4445 salutem
1332 4407 1449 4459 qua:
1485 4393 1791 4446 abbreviata

220 4493 385 4539 estex
414 4484 535 4554 lege
562 4501 575 4536 :
609 4483 733 4552 quia
759 4498 879 4551 qua:
905 4483 957 4536 in
984 4482 1087 4535 lide
1115 4493 1239 4536 sunt
1276 4482 1559 4547 habentur,
1584 4485 1794 4540 dicente

222 4575 500 4629 Salvatore
527 4591 539 4626 :
574 4572 651 4625 De
673 4589 752 4625 me
775 4572 911 4625 enim
939 4572 1141 4641 scripsit
1167 4571 1391 4641 Moyses.
1420 4570 1543 4624 Sive
1571 4572 1793 4627 verbum

220 4665 520 4720 breviatum
550 4670 635 4718 est
672 4663 835 4716 totius
860 4662 1144 4725 doctrinae,
1181 4670 1239 4715 ut
1268 4662 1408 4729 quod
1437 4662 1585 4729 prius
1623 4661 1704 4716 lex
1741 4670 1795 4715 et

221 4757 491 4826 propheta:
516 4754 867 4811 continebant
892 4754 946 4806 in
970 4753 1247 4806 latitudine
1271 4759 1682 4821 praeceptorum,
1704 4769 1796 4807 ve—

223 4848 372 4901 niens
394 4846 657 4901 Dominus
684 4844 1077 4914 pronuntiaret,
1100 4850 1154 4896 et
1179 4842 1383 4895 diceret
1413 4856 1426 4892 :
1456 4840 1651 4910 Diliges
1680 4841 1792 4894 Do—

222 4940 415 4991 minum
444 4935 615 4990 Deum
642 4949 708 4987 ea:
744 4941 853 4985 toto
891 4931 1045 4985 corde
1077 4940 1168 4983 tuo
1189 4971 1202 4995 ,
1238 4940 1285 4983 et
1324 4930 1617 4999 proximum
1652 4939 1797 4982 tuum

224 5029 349 5081 sicut
375 5038 424 5082 te
453 5028 624 5098 ipsum
653 5039 673 5076 .'
708 5026 764 5078 in
792 5025 874 5077 Itis
899 5024 1101 5077 duobus
1130 5024 1394 5077 mandatis
1414 5022 1598 5092 pendet
1633 5024 1799 5077 ontnis

223 5122 303 5174 lex
326 5130 374 5174 et
399 5122 662 5191 prophetae
692 5117 914 5189 (Matth.
943 5116 1088 5189 χχιι)
1109 5157 1123 5181 ,
1150 5116 1203 5169 in
1229 5131 1337 5186 quo
1365 5115 1646 5169 evidenter
1673 5129 1799 5183 pro-

222 5216 407 5284 phetas
429 5223 484 5269 et
502 5215 675 5284 legem
702 5213 912 5267 duobus
935 5214 1019 5267 his
1040 5212 1378 5267 sermonibus
1403 5212 1682 5266 breviavit.
1704 5211 1803 5265 Po-

216 5313 326 5358 test
346 5312 401 5358 et
424 5305 728 5359 breviatum
760 5302 980 5356 verbum
1007 5302 1109 5356 diei
1141 5301 1389 5372 symboli,
1412 5300 1554 5369 quod
1579 5301 1801 5355 creden—

224 5396 362 5451 tibus
390 5397 642 5461 traditur,
678 5395 733 5448 in
758 5407 867 5462 quo
897 5393 1061 5447 totius
1097 5391 1333 5463 mysterii
1364 5406 1573 5445 summa
1614 5392 1797 5461 paucis

227 5503 457 5544 connexa
488 5487 838 5545 sermonibus
872 5486 1195 5540 continetur.

294 5578 409 5635 Nisi
433 5579 693 5633 Dominus
720 5576 942 5631 sabaotlt
974 5575 1258 5643 reliquisset
1282 5571 1426 5624 nobis
1448 5587 1640 5636 semen,
1664 5574 1795 5625 sicut

233 5668 445 5725 Sodoma
469 5673 597 5742 [acti
618 5683 872 5731 essemus,
898 5674 1000 5722 ctc.
1027 5663 1176 5737 (lsai.
1206 5662 1264 5735 t).
1290 5661 1423 5727 Quia
1447 5676 1552 5716 non
1581 5671 1662 5717 est
1681 5678 1797 5731 pas-

1820 4434 1873 4493 Β

1895 1851 2053 1914 tiam,
2095 1858 2151 1904 et
2188 1852 2713 1920 comprehenderunt
2743 1853 3043 1923 justitiam?
3088 1858 3216 1913 Vide
3256 1874 3384 1931 ergo
3421 1862 3467 1917 si

1893 1941 1996 1995 hoc
2032 1942 2191 1995 modo
2230 1942 2500 2011 possimus
2538 1945 2863 2011 respondere
2896 1964 2908 1999 :
2948 1946 3091 2001 aliud
3125 1958 3208 2004 est
3249 1954 3470 2018 sectari,

1892 2030 2037 2084 aliud
2084 2039 2168 2085 est
2206 2032 2422 2086 insitam
2460 2033 2680 2087 habere.
2728 2033 2935 2089 Sectari
2986 2036 3202 2103 dicitur,
3241 2041 3333 2108 qui
3376 2042 3472 2097 do—

1892 2122 2065 2175 ctrina
2099 2132 2153 2175 et
2186 2122 2413 2177 lectione
2444 2123 2608 2177 multa
2645 2126 2856 2193 assequi
2888 2127 3090 2196 aliquid
3121 2133 3268 2198 cupit
3292 2146 3306 2182 :
3330 2133 3471 2187 unde

1890 2220 1945 2263 et
1981 2226 2010 2263 a
2050 2213 2306 2265 scctendo
2351 2222 2511 2267 seetse
2554 2214 2828 2283 appellata:
2864 2228 2988 2270 sunt
3034 2209 3337 2286 hujusmodi
3385 2223 3473 2276 do-

1892 2305 2079 2358 ctrina:
2118 2320 2239 2374 quae
2286 2306 2563 2360 hominum
2604 2307 2895 2362 traditione
2937 2309 3236 2364 discuntur.
3270 2311 3473 2367 Gentes

1891 2406 2020 2462 ergo
2046 2408 2167 2461 qua:
2193 2393 2362 2464 legem
2408 2395 2603 2450 tabulis
2624 2396 2707 2450 vel
2735 2396 2928 2453 litteris
2955 2400 3212 2468 scriptam
3240 2418 3345 2457 non
3375 2404 3473 2458 ha-

1892 2481 2142 2545 buerunt,
2173 2498 2279 2537 non
2315 2483 2566 2538 dicuntur
2590 2494 2788 2540 secuta:
2819 2502 2937 2542 esse
2955 2488 3249 2557 justitiam,
3281 2493 3472 2547 habue-

1893 2579 2021 2625 runt
2045 2579 2222 2625 tamen
2247 2571 2483 2637 insitam,
2512 2588 2675 2643 quam
2701 2574 2788 2630 lex
2815 2590 2908 2631 eos
2935 2579 3195 2633 naturalis
3218 2581 3430 2636 edocuit
3457 2597 3471 2635 :

1893 2662 2097 2718 idcirco
2124 2678 2252 2733 ergo
2277 2664 2509 2732 proximi
2548 2664 2771 2721 luerunt
2792 2666 3017 2735 iustitia:
3040 2671 3089 2724 ei
3126 2685 3245 2739 qua:
3269 2686 3336 2725 ex
3373 2672 3478 2729 lide

1892 2766 1996 2822 est,
2029 2758 2081 2811 id
2108 2766 2210 2821 est,
2236 2758 2471 2813 Christo.

1967 2847 2133 2901 Israel
2176 2865 2291 2902 vero
2330 2859 2535 2903 sectans
2574 2849 2736 2920 legem
2768 2851 3027 2920 justitiw,
3066 2852 3119 2906 in
3168 2854 3328 2923 legem
3373 2872 3474 2908 non

1891 2943 2139 3012 pervenit.
2173 2942 2239 2995 Et
2273 2942 2359 2996 hic
2388 2942 2570 3008 locus,
2612 2943 2755 2997 sicut
2790 2957 2952 3012 supra
2988 2944 3253 3009 diximus,
3292 2946 3479 3001 obser-

1894 3034 2136 3097 vaudus;
2168 3034 2222 3087 in
2251 3049 2357 3088 uno
2384 3035 2678 3104 eodemque
2706 3034 2970 3090 versiculo
2999 3034 3208 3090 diverse
3234 3038 3477 3093 nominat

1897 3123 2088 3194 legem.
2113 3124 2328 3178 Certum
2357 3134 2439 3179 est
2466 3125 2609 3179 enim
2639 3125 2764 3195 quia
2792 3126 3104 3180 sectabatur
3128 3127 3297 3197 legem
3315 3127 3467 3196 justi-

1898 3213 1986 3267 tize
2010 3213 2304 3268 secundum
2331 3213 2565 3269 litteram
2589 3254 2603 3279 ,
2634 3214 2727 3269 sed
2755 3214 2809 3268 in
2845 3213 3018 3283 legem
3047 3232 3151 3271 non
3181 3218 3428 3286 pervenit
3461 3238 3471 3271 :

1896 3322 2056 3376 quam
2079 3305 2288 3375 legem?
2310 3305 2425 3360 sine
2447 3304 2607 3360 dubio
2630 3306 2869 3374 spiritus.
2901 3305 3083 3376 Neque
3105 3308 3250 3361 enim
3275 3308 3375 3363 hoc
3397 3310 3478 3363 di-

1897 3408 2043 3455 ceret
2079 3398 2396 3470 Apostolus,
2447 3400 2574 3469 quia
2618 3399 2789 3468 legem
2835 3415 2999 3469 quam
3045 3401 3376 3465 sectabatur,
3424 3412 3475 3456 ct

1896 3507 2058 3561 quam
2097 3491 2345 3558 tenebat,
2377 3500 2431 3546 et
2455 3507 2616 3560 quam
2655 3490 2918 3556 habebat,
2948 3492 3002 3546 in
3042 3493 3181 3547 hanc
3208 3509 3314 3548 non
3353 3508 3465 3562 per-

1896 3584 2062 3638 venit.
2094 3582 2275 3636 Prima
2305 3581 2517 3650 justitia
2558 3590 2642 3636 est
2675 3596 3001 3652 cognoscere
3029 3582 3361 3645 Creatorem,
3389 3580 3483 3636 de-

1896 3673 2021 3726 inde
2043 3672 2316 3726 custodire
2341 3687 2460 3740 qua":
2492 3670 2762 3741 praecepit.

1969 3763 2182 3826 Quare?
2209 3762 2345 3826 Quia
2379 3781 2480 3817 non
2521 3779 2584 3815 ea:
2615 3763 2722 3829 fide
2760 3775 2779 3811 :
2814 3762 2905 3814 sed
2940 3761 3091 3829 quasi
3116 3775 3181 3811 ex
3212 3759 3472 3828 operibus.

1897 3852 2094 3904 Reddit
2136 3866 2352 3904 causam
2383 3865 2551 3918 quare
2587 3866 2692 3903 non
2730 3849 2991 3902 invenerit
3023 3847 3317 3917 justitiam,
3350 3851 3473 3917 quia

1896 3941 2033 3996 falso
2059 3943 2111 3996 in
2142 3940 2396 4010 operibus
2419 3940 2627 4010 gloriati
2656 3940 2877 3994 credere
2903 3937 3210 3993 noluerunt.

1973 4031 2312 4100 O/I'cnderunt
2339 4032 2475 4084 enim
2501 4032 2555 4083 in
2581 4029 2807 4099 lapidem
2835 4028 3155 4097 oﬂ'ensionis.
3188 4027 3243 4080 1d
3276 4035 3390 4090 est,
3424 4028 3475 4081 in

1896 4122 2169 4177 Christum
2191 4160 2205 4184 ,
2234 4120 2358 4189 quia
2397 4135 2500 4172 non
2533 4118 2876 4173 crediderunt
2915 4116 2968 4169 in
2998 4130 3141 4170 eum.
3180 4114 3304 4168 ideo
3342 4114 3477 4183 lapis

1895 4214 2210 4270 oll‘ensionis
2228 4221 2312 4266 est
2338 4212 2460 4266 :‘eui
2486 4211 2666 4264 videre
2696 4210 2818 4262 licet
2844 4208 3067 4277 lapidem
3091 4222 3197 4261 non
3225 4205 3439 4260 oll‘cndtt
3462 4224 3474 4270 ;

1897 4305 1990 4375 qui
2025 4312 2204 4357 autem
2240 4316 2413 4355 Circus
2454 4299 2699 4368 impingit
2725 4313 2814 4359 se,
2843 4297 2983 4365 quod
3010 4297 3233 4365 contigit
3257 4294 3476 4358 ludatis,

1898 4409 2035 4463 quos
2062 4407 2159 4446 sua
2192 4390 2396 4444 malitia
2426 4388 2716 4443 excatcavit
2736 4427 2750 4447 ,
2781 4395 2838 4439 ut
2865 4385 3139 4438 Christum
3177 4401 3281 4438 non
3314 4401 3476 4453 agam

1899 4492 2112 4538 scentes
2138 4481 2531 4550 cruciﬁgercnt.
2565 4478 2669 4533 Sed
2704 4478 2907 4532 idcirco
2936 4476 3069 4546 lapis
3091 4475 3400 4530 offensionis
3422 4487 3477 4529 et

1897 4581 2049 4642 petra
2079 4571 2320 4627 scaudali
2349 4570 2635 4640 pnedictus
2664 4576 2748 4622 est
2777 4566 3054 4632 Christus,
3080 4569 3203 4637 quia
3242 4568 3394 4622 multi
3425 4568 3476 4622 in

1899 4662 2181 4716 nativitate
2203 4661 2319 4729 ejus
2339 4668 2393 4713 et
2414 4659 2662 4727 passione
2685 4657 2996 4712 scandalum
3022 4657 3315 4727 patiuntur.
3342 4658 3477 4711 Ecce

1898 4768 2031 4822 pono
2065 4752 2120 4803 in
2149 4748 2277 4803 Sion
2310 4748 2537 4817 lapidem
2573 4747 2875 4816 oﬂensionis
2911 4756 2958 4799 et
2984 4756 3182 4816 petram
3216 4746 3472 4799 scandali.

1900 4839 2186 4894 Sciendum
2225 4843 2310 4890 est
2341 4837 2483 4905 quod
2518 4836 2571 4889 in
2615 4836 2749 4889 lsaia
2793 4836 3053 4905 propheta
3091 4836 3193 4889 hoc
3230 4835 3474 4888 testimo-

1899 4930 2049 4984 nium
2092 4928 2351 4997 scriptum
2387 4927 2474 4981 sit.
2518 4926 2862 4995 Compertum
2903 4934 2989 4980 est
3028 4925 3083 4977 in
3118 4935 3268 4993 petra
3299 4924 3381 4980 vel
3420 4927 3474 4980 in

1900 5019 2076 5090 lapide
2103 5020 2375 5074 Christum
2404 5034 2524 5074 esse
2550 5018 2928 5089 signiﬁcatum.
2966 5016 3154 5070 Daniel
3179 5018 3323 5071 enim
3353 5034 3477 5088 pro-

1900 5114 2059 5181 pheta
2089 5112 2317 5180 lapidem
2354 5112 2496 5165 hunc
2522 5110 2669 5174 dicit,
2698 5110 2786 5179 qui
2812 5108 3070 5161 abscissus
3100 5126 3133 5161 a
3161 5120 3332 5163 monte
3365 5112 3475 5165 sine

1902 5203 2141 5256 manibus
2161 5242 2175 5265 ,
2202 5201 2450 5271 percussit
2483 5209 2531 5253 et
2570 5197 2871 5252 comminuit
2900 5197 3075 5250 omnia
3108 5214 3264 5267 regna
3282 5240 3296 5260 ,
3325 5210 3372 5254 et
3398 5216 3477 5255 re-

1903 5294 2053 5365 plevit
2084 5309 2286 5345 omnem
2321 5302 2512 5344 terram
2555 5289 2726 5360 (Dan.
2771 5287 2875 5360 tt),
2920 5287 3060 5356 quod
3100 5291 3372 5343 evidenter
3408 5290 3475 5344 de

1905 5383 2120 5439 Christo
2147 5384 2345 5436 dictum
2386 5388 2485 5434 est.
2519 5380 2584 5432 Et
2620 5379 2674 5431 in
2711 5378 2825 5448 lege
2862 5387 3044 5449 petra,
3079 5381 3142 5435 de
3174 5396 3275 5449 qua
3310 5379 3476 5434 ﬂuxe—

1907 5482 2029 5526 rant
2065 5486 2249 5539 aqua),
2288 5468 2536 5523 Christus
2564 5475 2648 5521 cst
2689 5467 2987 5536 appellatos
3019 5485 3030 5519 ε
3068 5467 3226 5520 Petra
3267 5478 3437 5520 autem
3460 5510 3472 5531 ,

1904 5562 2108 5631 inquit,
2147 5572 2257 5613 erat
2301 5558 2559 5615 Christus.
2604 5558 2838 5613 Oﬂ'ensio
2880 5573 3009 5626 ergo
3048 5559 3219 5628 posita
3261 5560 3311 5613 in
3345 5557 3473 5611 Sion

1903 5655 2148 5712 Christus
2167 5660 2248 5707 est
2283 5670 2292 5705 :
2326 5651 2457 5706 Sion
2482 5666 2607 5707 vero
2632 5650 2855 5705 altitudo
2881 5658 2979 5714 est,
3009 5650 3118 5702 sive
3146 5651 3332 5704 obitas
3363 5652 3473 5718 ipsa
