  <div class='ocr_page' id='page_1' title='image "/cluster/home/n/w/nwhite01/storage/ocr_20150623/103/hvd.32044054759691/053.png"; bbox 0 0 3974 6202; ppageno 0'>
   <div class='ocr_carea' id='block_1_1' title="bbox 529 283 3760 347">
    <p class='ocr_par' dir='ltr' id='par_1_1' title="bbox 529 283 3760 347">
     <span class='ocr_line' id='line_1_1' title="bbox 529 283 3760 347; baseline -0.002 -1"><span class='ocrx_word' id='word_1_1' title='bbox 529 288 598 347; x_wconf 77' lang='lat'><strong>95</strong></span> <span class='ocrx_word' id='word_1_2' title='bbox 1939 284 2115 343; x_wconf 84' lang='lat' dir='ltr'><strong>SEDU</strong></span> <span class='ocrx_word' id='word_1_3' title='bbox 2126 283 2208 341; x_wconf 86' lang='lat' dir='ltr'><strong>Lll</strong></span> <span class='ocrx_word' id='word_1_4' title='bbox 2251 287 2443 346; x_wconf 86' lang='lat' dir='ltr'><strong>SCOTl</strong></span> <span class='ocrx_word' id='word_1_5' title='bbox 3696 285 3760 339; x_wconf 82' lang='lat'><strong>96</strong></span> 
     </span>
    </p>
   </div>
   <div class='ocr_carea' id='block_1_2' title="bbox 530 395 3759 476">
    <p class='ocr_par' dir='ltr' id='par_1_2' title="bbox 530 395 3759 476">
     <span class='ocr_line' id='line_1_2' title="bbox 530 395 3759 476; baseline -0.004 -15"><span class='ocrx_word' id='word_1_6' title='bbox 530 405 882 470; x_wconf 80' lang='lat' dir='ltr'><strong>Hierusalem,</strong></span> <span class='ocrx_word' id='word_1_7' title='bbox 911 420 1031 476; x_wconf 65' lang='lat' dir='ltr'><strong>quae</strong></span> <span class='ocrx_word' id='word_1_8' title='bbox 1055 414 1275 476; x_wconf 77' lang='lat' dir='ltr'><strong>propter</strong></span> <span class='ocrx_word' id='word_1_9' title='bbox 1301 404 1549 461; x_wconf 85' lang='lat' dir='ltr'><strong>nctitiam</strong></span> <span class='ocrx_word' id='word_1_10' title='bbox 1578 402 1672 459; x_wconf 85' lang='lat' dir='ltr'><strong>Dei</strong></span> <span class='ocrx_word' id='word_1_11' title='bbox 1693 415 1801 457; x_wconf 92' lang='lat' dir='ltr'><strong>non</strong></span> <span class='ocrx_word' id='word_1_12' title='bbox 1829 400 2101 455; x_wconf 80' lang='lat' dir='ltr'><strong>immerito</strong></span> <span class='ocrx_word' id='word_1_13' title='bbox 2129 400 2182 457; x_wconf 83' lang='lat' dir='ltr'><strong>A</strong></span> <span class='ocrx_word' id='word_1_14' title='bbox 2206 400 2338 455; x_wconf 63' lang='lat' dir='ltr'><strong>dacis</strong></span> <span class='ocrx_word' id='word_1_15' title='bbox 2374 400 2741 454; x_wconf 88' lang='lat' dir='ltr'><strong>testimonium</strong></span> <span class='ocrx_word' id='word_1_16' title='bbox 2781 398 3028 470; x_wconf 86' lang='lat' dir='ltr'><strong>perhibet</strong></span> <span class='ocrx_word' id='word_1_17' title='bbox 3056 395 3250 452; x_wconf 79' lang='lat' dir='ltr'><strong>Paulus</strong></span> <span class='ocrx_word' id='word_1_18' title='bbox 3286 397 3432 475; x_wconf 83' lang='lat' dir='ltr'><strong>quod</strong></span> <span class='ocrx_word' id='word_1_19' title='bbox 3471 395 3759 451; x_wconf 68' lang='lat' dir='ltr'><strong>aemulatio-</strong></span> 
     </span>
    </p>
   </div>
   <div class='ocr_carea' id='block_1_3' title="bbox 527 489 2103 563">
    <p class='ocr_par' dir='ltr' id='par_1_3' title="bbox 527 489 2103 563">
     <span class='ocr_line' id='line_1_3' title="bbox 527 489 2103 563; baseline -0.004 -14"><span class='ocrx_word' id='word_1_20' title='bbox 527 496 738 551; x_wconf 79' lang='lat' dir='ltr'><strong>excelsa</strong></span> <span class='ocrx_word' id='word_1_21' title='bbox 771 496 911 550; x_wconf 89' lang='lat' dir='ltr'><strong>dicta</strong></span> <span class='ocrx_word' id='word_1_22' title='bbox 943 505 1055 560; x_wconf 88' lang='lat' dir='ltr'><strong>est,</strong></span> <span class='ocrx_word' id='word_1_23' title='bbox 1084 496 1137 548; x_wconf 90' lang='lat' dir='ltr'><strong>in</strong></span> <span class='ocrx_word' id='word_1_24' title='bbox 1172 511 1276 563; x_wconf 89' lang='lat' dir='ltr'><strong>qua</strong></span> <span class='ocrx_word' id='word_1_25' title='bbox 1309 495 1556 550; x_wconf 77' lang='lat' dir='ltr'><strong>Salvator</strong></span> <span class='ocrx_word' id='word_1_26' title='bbox 1580 509 1612 548; x_wconf 89' lang='lat' dir='ltr'><strong>a</strong></span> <span class='ocrx_word' id='word_1_27' title='bbox 1639 493 1749 548; x_wconf 93' lang='lat' dir='ltr'><strong>Deo</strong></span> <span class='ocrx_word' id='word_1_28' title='bbox 1772 491 1931 547; x_wconf 90' lang='lat' dir='ltr'><strong>Patre</strong></span> <span class='ocrx_word' id='word_1_29' title='bbox 1958 489 2103 559; x_wconf 78' lang='lat' dir='ltr'><strong>posi-</strong></span> 
     </span>
    </p>
   </div>
   <div class='ocr_carea' id='block_1_4' title="bbox 529 584 2103 659">
    <p class='ocr_par' dir='ltr' id='par_1_4' title="bbox 529 584 2103 659">
     <span class='ocr_line' id='line_1_4' title="bbox 529 584 2103 659; baseline -0.004 -15"><span class='ocrx_word' id='word_1_30' title='bbox 529 599 617 644; x_wconf 87' lang='lat' dir='ltr'><strong>tus</strong></span> <span class='ocrx_word' id='word_1_31' title='bbox 654 588 989 659; x_wconf 65' lang='lat' dir='ltr'><strong>praedicator,</strong></span> <span class='ocrx_word' id='word_1_32' title='bbox 1035 586 1260 643; x_wconf 80' lang='lat' dir='ltr'><strong>oﬂ‘ensio</strong></span> <span class='ocrx_word' id='word_1_33' title='bbox 1292 586 1466 643; x_wconf 82' lang='lat' dir='ltr'><strong>factus</strong></span> <span class='ocrx_word' id='word_1_34' title='bbox 1504 595 1589 642; x_wconf 86' lang='lat' dir='ltr'><strong>est</strong></span> <span class='ocrx_word' id='word_1_35' title='bbox 1624 584 1859 651; x_wconf 70' lang='lat' dir='ltr'><strong>Judaeis‘,</strong></span> <span class='ocrx_word' id='word_1_36' title='bbox 1891 584 2017 641; x_wconf 85' lang='lat' dir='ltr'><strong>dum</strong></span> <span class='ocrx_word' id='word_1_37' title='bbox 2044 595 2103 638; x_wconf 87' lang='lat' dir='ltr'><strong>se</strong></span> 
     </span>
    </p>
   </div>
   <div class='ocr_carea' id='block_1_5' title="bbox 527 679 2103 751">
    <p class='ocr_par' dir='ltr' id='par_1_5' title="bbox 527 679 2103 751">
     <span class='ocr_line' id='line_1_5' title="bbox 527 679 2103 751; baseline -0.004 -16"><span class='ocrx_word' id='word_1_38' title='bbox 527 680 723 735; x_wconf 77' lang='lat' dir='ltr'><strong>Filium</strong></span> <span class='ocrx_word' id='word_1_39' title='bbox 748 680 842 734; x_wconf 87' lang='lat' dir='ltr'><strong>Dei</strong></span> <span class='ocrx_word' id='word_1_40' title='bbox 868 680 1142 748; x_wconf 67' lang='lat' dir='ltr'><strong>praedicat,</strong></span> <span class='ocrx_word' id='word_1_41' title='bbox 1172 687 1356 735; x_wconf 90' lang='lat' dir='ltr'><strong>natum</strong></span> <span class='ocrx_word' id='word_1_42' title='bbox 1380 680 1447 735; x_wconf 92' lang='lat' dir='ltr'><strong>de</strong></span> <span class='ocrx_word' id='word_1_43' title='bbox 1469 679 1674 751; x_wconf 88' lang='lat' dir='ltr'><strong>Spiritu</strong></span> <span class='ocrx_word' id='word_1_44' title='bbox 1695 686 1882 733; x_wconf 90' lang='lat' dir='ltr'><strong>sancto</strong></span> <span class='ocrx_word' id='word_1_45' title='bbox 1901 691 1968 730; x_wconf 82' lang='lat' dir='ltr'><strong>ex</strong></span> <span class='ocrx_word' id='word_1_46' title='bbox 1987 691 2103 730; x_wconf 90' lang='lat' dir='ltr'><strong>mu-</strong></span> 
     </span>
    </p>
   </div>
   <div class='ocr_carea' id='block_1_6' title="bbox 527 767 2101 839">
    <p class='ocr_par' dir='ltr' id='par_1_6' title="bbox 527 767 2101 839">
     <span class='ocr_line' id='line_1_6' title="bbox 527 767 2101 839; baseline -0.001 -17"><span class='ocrx_word' id='word_1_47' title='bbox 527 769 678 824; x_wconf 90' lang='lat' dir='ltr'><strong>liere.</strong></span> <span class='ocrx_word' id='word_1_48' title='bbox 696 767 800 822; x_wconf 84' lang='lat' dir='ltr'><strong>Per</strong></span> <span class='ocrx_word' id='word_1_49' title='bbox 820 783 1014 838; x_wconf 89' lang='lat' dir='ltr'><strong>corpus</strong></span> <span class='ocrx_word' id='word_1_50' title='bbox 1034 777 1213 825; x_wconf 89' lang='lat' dir='ltr'><strong>autem</strong></span> <span class='ocrx_word' id='word_1_51' title='bbox 1237 779 1426 826; x_wconf 89' lang='lat' dir='ltr'><strong>contra</strong></span> <span class='ocrx_word' id='word_1_52' title='bbox 1449 769 1764 827; x_wconf 83' lang='lat' dir='ltr'><strong>scandalum</strong></span> <span class='ocrx_word' id='word_1_53' title='bbox 1788 769 1931 839; x_wconf 85' lang='lat' dir='ltr'><strong>passi</strong></span> <span class='ocrx_word' id='word_1_54' title='bbox 1954 776 2101 833; x_wconf 90' lang='lat' dir='ltr'><strong>sunt,</strong></span> 
     </span>
    </p>
   </div>
   <div class='ocr_carea' id='block_1_7' title="bbox 524 856 2102 931">
    <p class='ocr_par' dir='ltr' id='par_1_7' title="bbox 524 856 2102 931">
     <span class='ocr_line' id='line_1_7' title="bbox 524 856 2102 931; baseline 0 -19"><span class='ocrx_word' id='word_1_55' title='bbox 524 866 581 912; x_wconf 91' lang='lat' dir='ltr'><strong>et</strong></span> <span class='ocrx_word' id='word_1_56' title='bbox 618 857 868 913; x_wconf 89' lang='lat' dir='ltr'><strong>dicebant</strong></span> <span class='ocrx_word' id='word_1_57' title='bbox 901 877 914 913; x_wconf 92' lang='lat'><strong>:</strong></span> <span class='ocrx_word' id='word_1_58' title='bbox 947 856 1138 914; x_wconf 82' lang='lat' dir='ltr'><strong><em>Nonne</em></strong></span> <span class='ocrx_word' id='word_1_59' title='bbox 1160 870 1327 914; x_wconf 80' lang='lat' dir='ltr'><strong>mater</strong></span> <span class='ocrx_word' id='word_1_60' title='bbox 1354 862 1469 931; x_wconf 88' lang='lat' dir='ltr'><strong>ejus</strong></span> <span class='ocrx_word' id='word_1_61' title='bbox 1502 870 1549 915; x_wconf 89' lang='lat' dir='ltr'><strong>et</strong></span> <span class='ocrx_word' id='word_1_62' title='bbox 1588 861 1776 930; x_wconf 88' lang='lat' dir='ltr'><strong>fratres</strong></span> <span class='ocrx_word' id='word_1_63' title='bbox 1811 859 1924 929; x_wconf 87' lang='lat' dir='ltr'><strong>ejus</strong></span> <span class='ocrx_word' id='word_1_64' title='bbox 1961 859 2102 930; x_wconf 83' lang='lat' dir='ltr'><strong>apud</strong></span> 
     </span>
    </p>
   </div>
   <div class='ocr_carea' id='block_1_8' title="bbox 526 949 2101 1022">
    <p class='ocr_par' dir='ltr' id='par_1_8' title="bbox 526 949 2101 1022">
     <span class='ocr_line' id='line_1_8' title="bbox 526 949 2101 1022; baseline 0.003 -22"><span class='ocrx_word' id='word_1_65' title='bbox 526 964 620 1002; x_wconf 90' lang='lat' dir='ltr'><strong>nos</strong></span> <span class='ocrx_word' id='word_1_66' title='bbox 646 959 766 1003; x_wconf 87' lang='lat' dir='ltr'><strong>sunt</strong></span> <span class='ocrx_word' id='word_1_67' title='bbox 797 949 989 1020; x_wconf 78' lang='lat' dir='ltr'><strong>(Marc.</strong></span> <span class='ocrx_word' id='word_1_68' title='bbox 1014 952 1128 1022; x_wconf 82' lang='lat' dir='ltr'><strong>vi)?</strong></span> <span class='ocrx_word' id='word_1_69' title='bbox 1151 952 1415 1022; x_wconf 89' lang='lat' dir='ltr'><strong>quomodo</strong></span> <span class='ocrx_word' id='word_1_70' title='bbox 1439 966 1568 1020; x_wconf 84' lang='lat' dir='ltr'><strong>ergo</strong></span> <span class='ocrx_word' id='word_1_71' title='bbox 1592 951 1682 1005; x_wconf 84' lang='lat' dir='ltr'><strong>hic</strong></span> <span class='ocrx_word' id='word_1_72' title='bbox 1708 951 1861 1015; x_wconf 89' lang='lat' dir='ltr'><strong>dicit,</strong></span> <span class='ocrx_word' id='word_1_73' title='bbox 1885 951 2010 1020; x_wconf 84' lang='lat' dir='ltr'><strong>quia</strong></span> <span class='ocrx_word' id='word_1_74' title='bbox 2034 952 2101 1005; x_wconf 87' lang='lat' dir='ltr'><strong>de</strong></span> 
     </span>
    </p>
   </div>
   <div class='ocr_carea' id='block_1_9' title="bbox 525 1036 2100 1111">
    <p class='ocr_par' dir='ltr' id='par_1_9' title="bbox 525 1036 2100 1111">
     <span class='ocr_line' id='line_1_9' title="bbox 525 1036 2100 1111; baseline 0.005 -22"><span class='ocrx_word' id='word_1_75' title='bbox 525 1036 665 1090; x_wconf 86' lang='lat' dir='ltr'><strong>coelo</strong></span> <span class='ocrx_word' id='word_1_76' title='bbox 692 1037 1005 1093; x_wconf 80' lang='lat' dir='ltr'><strong>descendit?</strong></span> <span class='ocrx_word' id='word_1_77' title='bbox 1032 1041 1157 1096; x_wconf 61' lang='lat' dir='ltr'><strong>Hac</strong></span> <span class='ocrx_word' id='word_1_78' title='bbox 1182 1041 1361 1111; x_wconf 85' lang='lat' dir='ltr'><strong>itaque</strong></span> <span class='ocrx_word' id='word_1_79' title='bbox 1386 1050 1536 1111; x_wconf 85' lang='lat' dir='ltr'><strong>petra</strong></span> <span class='ocrx_word' id='word_1_80' title='bbox 1565 1042 1876 1097; x_wconf 85' lang='lat' dir='ltr'><strong>scandalum</strong></span> <span class='ocrx_word' id='word_1_81' title='bbox 1900 1050 1984 1098; x_wconf 88' lang='lat' dir='ltr'><strong>est</strong></span> <span class='ocrx_word' id='word_1_82' title='bbox 2007 1041 2100 1097; x_wconf 84' lang='lat' dir='ltr'><strong>Ju-</strong></span> 
     </span>
    </p>
   </div>
   <div class='ocr_carea' id='block_1_10' title="bbox 525 1128 2101 1205">
    <p class='ocr_par' dir='ltr' id='par_1_10' title="bbox 525 1128 2101 1205">
     <span class='ocr_line' id='line_1_10' title="bbox 525 1128 2101 1205; baseline 0.006 -24"><span class='ocrx_word' id='word_1_83' title='bbox 525 1128 653 1183; x_wconf 70' lang='lat' dir='ltr'><strong>dzeis</strong></span> <span class='ocrx_word' id='word_1_84' title='bbox 676 1138 731 1183; x_wconf 90' lang='lat' dir='ltr'><strong>et</strong></span> <span class='ocrx_word' id='word_1_85' title='bbox 750 1138 899 1199; x_wconf 83' lang='lat' dir='ltr'><strong>petra</strong></span> <span class='ocrx_word' id='word_1_86' title='bbox 922 1131 1251 1195; x_wconf 77' lang='lat' dir='ltr'><strong>offensionis,</strong></span> <span class='ocrx_word' id='word_1_87' title='bbox 1270 1148 1390 1203; x_wconf 69' lang='lat' dir='ltr'><strong>qua:</strong></span> <span class='ocrx_word' id='word_1_88' title='bbox 1407 1142 1557 1203; x_wconf 88' lang='lat' dir='ltr'><strong>petra</strong></span> <span class='ocrx_word' id='word_1_89' title='bbox 1582 1134 1698 1189; x_wconf 85' lang='lat' dir='ltr'><strong>sine</strong></span> <span class='ocrx_word' id='word_1_90' title='bbox 1720 1134 1883 1189; x_wconf 89' lang='lat' dir='ltr'><strong>dubio</strong></span> <span class='ocrx_word' id='word_1_91' title='bbox 1904 1149 2101 1205; x_wconf 87' lang='lat' dir='ltr'><strong>corpus</strong></span> 
     </span>
    </p>
   </div>
   <div class='ocr_carea' id='block_1_11' title="bbox 526 1214 2102 1294">
    <p class='ocr_par' dir='ltr' id='par_1_11' title="bbox 526 1214 2102 1294">
     <span class='ocr_line' id='line_1_11' title="bbox 526 1214 2102 1294; baseline 0.008 -27"><span class='ocrx_word' id='word_1_92' title='bbox 526 1214 842 1286; x_wconf 82' lang='lat' dir='ltr'><strong>intelligitur</strong></span> <span class='ocrx_word' id='word_1_93' title='bbox 865 1217 1180 1285; x_wconf 85' lang='lat' dir='ltr'><strong>Salvatoris,</strong></span> <span class='ocrx_word' id='word_1_94' title='bbox 1207 1223 1322 1275; x_wconf 76' lang='lat' dir='ltr'><strong>hzec</strong></span> <span class='ocrx_word' id='word_1_95' title='bbox 1341 1223 1521 1277; x_wconf 77' lang='lat' dir='ltr'><strong>excisa</strong></span> <span class='ocrx_word' id='word_1_96' title='bbox 1551 1223 1667 1277; x_wconf 88' lang='lat' dir='ltr'><strong>sine</strong></span> <span class='ocrx_word' id='word_1_97' title='bbox 1690 1224 1959 1287; x_wconf 89' lang='lat' dir='ltr'><strong>manibus,</strong></span> <span class='ocrx_word' id='word_1_98' title='bbox 1980 1240 2102 1294; x_wconf 89' lang='lat' dir='ltr'><strong>pro-</strong></span> 
     </span>
    </p>
   </div>
   <div class='ocr_carea' id='block_1_12' title="bbox 522 1308 2101 1380">
    <p class='ocr_par' dir='ltr' id='par_1_12' title="bbox 522 1308 2101 1380">
     <span class='ocr_line' id='line_1_12' title="bbox 522 1308 2101 1380; baseline 0.006 -22"><span class='ocrx_word' id='word_1_99' title='bbox 522 1312 708 1373; x_wconf 89' lang='lat' dir='ltr'><strong>pterea</strong></span> <span class='ocrx_word' id='word_1_100' title='bbox 732 1309 872 1376; x_wconf 90' lang='lat' dir='ltr'><strong>quod</strong></span> <span class='ocrx_word' id='word_1_101' title='bbox 900 1308 1015 1364; x_wconf 90' lang='lat' dir='ltr'><strong>sine</strong></span> <span class='ocrx_word' id='word_1_102' title='bbox 1035 1311 1152 1366; x_wconf 91' lang='lat' dir='ltr'><strong>viro</strong></span> <span class='ocrx_word' id='word_1_103' title='bbox 1173 1311 1241 1367; x_wconf 92' lang='lat' dir='ltr'><strong>de</strong></span> <span class='ocrx_word' id='word_1_104' title='bbox 1261 1310 1466 1380; x_wconf 85' lang='lat' dir='ltr'><strong>Spiritu</strong></span> <span class='ocrx_word' id='word_1_105' title='bbox 1488 1321 1676 1368; x_wconf 90' lang='lat' dir='ltr'><strong>sancto</strong></span> <span class='ocrx_word' id='word_1_106' title='bbox 1702 1322 1825 1367; x_wconf 90' lang='lat' dir='ltr'><strong>nata</strong></span> <span class='ocrx_word' id='word_1_107' title='bbox 1848 1323 1950 1368; x_wconf 89' lang='lat' dir='ltr'><strong>est.</strong></span> <span class='ocrx_word' id='word_1_108' title='bbox 1973 1313 2101 1368; x_wconf 88' lang='lat' dir='ltr'><strong>0m-</strong></span> 
     </span>
    </p>
   </div>
   <div class='ocr_carea' id='block_1_13' title="bbox 524 1396 2099 1471">
    <p class='ocr_par' dir='ltr' id='par_1_13' title="bbox 524 1396 2099 1471">
     <span class='ocr_line' id='line_1_13' title="bbox 524 1396 2099 1471; baseline 0.007 -23"><span class='ocrx_word' id='word_1_109' title='bbox 524 1396 605 1449; x_wconf 87' lang='lat' dir='ltr'><strong>nis</strong></span> <span class='ocrx_word' id='word_1_110' title='bbox 639 1397 729 1466; x_wconf 89' lang='lat' dir='ltr'><strong>qui</strong></span> <span class='ocrx_word' id='word_1_111' title='bbox 765 1399 928 1453; x_wconf 84' lang='lat' dir='ltr'><strong>credit</strong></span> <span class='ocrx_word' id='word_1_112' title='bbox 965 1400 1021 1453; x_wconf 90' lang='lat' dir='ltr'><strong>in</strong></span> <span class='ocrx_word' id='word_1_113' title='bbox 1050 1417 1167 1455; x_wconf 86' lang='lat' dir='ltr'><strong>eum</strong></span> <span class='ocrx_word' id='word_1_114' title='bbox 1197 1418 1300 1455; x_wconf 90' lang='lat' dir='ltr'><strong>non</strong></span> <span class='ocrx_word' id='word_1_115' title='bbox 1334 1402 1700 1471; x_wconf 78' lang='lat' dir='ltr'><strong>confundetur.</strong></span> <span class='ocrx_word' id='word_1_116' title='bbox 1737 1402 1851 1457; x_wconf 88' lang='lat' dir='ltr'><strong>Non</strong></span> <span class='ocrx_word' id='word_1_117' title='bbox 1883 1401 2099 1459; x_wconf 60' lang='lat' dir='ltr'><strong>Iudaeus</strong></span> 
     </span>
    </p>
   </div>
   <div class='ocr_carea' id='block_1_14' title="bbox 523 1485 2100 1562">
    <p class='ocr_par' dir='ltr' id='par_1_14' title="bbox 523 1485 2100 1562">
     <span class='ocr_line' id='line_1_14' title="bbox 523 1485 2100 1562; baseline 0.006 -23"><span class='ocrx_word' id='word_1_118' title='bbox 523 1485 700 1551; x_wconf 88' lang='lat' dir='ltr'><strong>solus,</strong></span> <span class='ocrx_word' id='word_1_119' title='bbox 730 1490 822 1543; x_wconf 91' lang='lat' dir='ltr'><strong>sed</strong></span> <span class='ocrx_word' id='word_1_120' title='bbox 850 1492 1026 1547; x_wconf 90' lang='lat' dir='ltr'><strong>omnis</strong></span> <span class='ocrx_word' id='word_1_121' title='bbox 1054 1491 1146 1561; x_wconf 89' lang='lat' dir='ltr'><strong>qui</strong></span> <span class='ocrx_word' id='word_1_122' title='bbox 1178 1492 1497 1557; x_wconf 85' lang='lat' dir='ltr'><strong>crediderit,</strong></span> <span class='ocrx_word' id='word_1_123' title='bbox 1525 1492 1592 1546; x_wconf 91' lang='lat' dir='ltr'><strong>de</strong></span> <span class='ocrx_word' id='word_1_124' title='bbox 1614 1492 1862 1562; x_wconf 85' lang='lat' dir='ltr'><strong>pristinis</strong></span> <span class='ocrx_word' id='word_1_125' title='bbox 1891 1492 2100 1548; x_wconf 86' lang='lat' dir='ltr'><strong>delictis</strong></span> 
     </span>
    </p>
   </div>
   <div class='ocr_carea' id='block_1_15' title="bbox 524 1579 1037 1635">
    <p class='ocr_par' dir='ltr' id='par_1_15' title="bbox 524 1579 1037 1635">
     <span class='ocr_line' id='line_1_15' title="bbox 524 1579 1037 1635; baseline 0.006 -4"><span class='ocrx_word' id='word_1_126' title='bbox 524 1592 630 1633; x_wconf 88' lang='lat' dir='ltr'><strong>non</strong></span> <span class='ocrx_word' id='word_1_127' title='bbox 664 1579 1037 1635; x_wconf 80' lang='lat' dir='ltr'><strong>confundetur.</strong></span> 
     </span>
    </p>
   </div>
   <div class='ocr_carea' id='block_1_16' title="bbox 1139 1669 1471 1727">
    <p class='ocr_par' dir='ltr' id='par_1_16' title="bbox 1139 1669 1471 1727">
     <span class='ocr_line' id='line_1_16' title="bbox 1139 1669 1471 1727; baseline -0.006 0"><span class='ocrx_word' id='word_1_128' title='bbox 1139 1669 1367 1727; x_wconf 84' lang='lat' dir='ltr'><strong>CAPUT</strong></span> <span class='ocrx_word' id='word_1_129' title='bbox 1404 1670 1471 1725; x_wconf 86' lang='lat' dir='ltr'><strong>X.</strong></span> 
     </span>
    </p>
   </div>
   <div class='ocr_carea' id='block_1_17' title="bbox 2203 489 3761 558">
    <p class='ocr_par' dir='ltr' id='par_1_17' title="bbox 2203 489 3761 558">
     <span class='ocr_line' id='line_1_17' title="bbox 2203 489 3761 558; baseline 0 -14"><span class='ocrx_word' id='word_1_130' title='bbox 2203 504 2326 545; x_wconf 89' lang='lat' dir='ltr'><strong>nem</strong></span> <span class='ocrx_word' id='word_1_131' title='bbox 2350 490 2465 556; x_wconf 88' lang='lat' dir='ltr'><strong>Dei,</strong></span> <span class='ocrx_word' id='word_1_132' title='bbox 2493 491 2618 546; x_wconf 89' lang='lat' dir='ltr'><strong>licet</strong></span> <span class='ocrx_word' id='word_1_133' title='bbox 2647 506 2751 545; x_wconf 92' lang='lat' dir='ltr'><strong>non</strong></span> <span class='ocrx_word' id='word_1_134' title='bbox 2787 490 3080 546; x_wconf 88' lang='lat' dir='ltr'><strong>secundum</strong></span> <span class='ocrx_word' id='word_1_135' title='bbox 3106 489 3410 555; x_wconf 85' lang='lat' dir='ltr'><strong>scientiam,</strong></span> <span class='ocrx_word' id='word_1_136' title='bbox 3438 498 3616 544; x_wconf 90' lang='lat' dir='ltr'><strong>tamen</strong></span> <span class='ocrx_word' id='word_1_137' title='bbox 3644 490 3761 558; x_wconf 83' lang='lat' dir='ltr'><strong>quia</strong></span> 
     </span>
    </p>
   </div>
   <div class='ocr_carea' id='block_1_18' title="bbox 2202 580 3763 651">
    <p class='ocr_par' dir='ltr' id='par_1_18' title="bbox 2202 580 3763 651">
     <span class='ocr_line' id='line_1_18' title="bbox 2202 580 3763 651; baseline -0.001 -16"><span class='ocrx_word' id='word_1_138' title='bbox 2202 591 2475 651; x_wconf 86' lang='lat' dir='ltr'><strong>utcunque</strong></span> <span class='ocrx_word' id='word_1_139' title='bbox 2522 583 2758 638; x_wconf 85' lang='lat' dir='ltr'><strong>habeant</strong></span> <span class='ocrx_word' id='word_1_140' title='bbox 2782 597 3002 637; x_wconf 84' lang='lat' dir='ltr'><strong>causam</strong></span> <span class='ocrx_word' id='word_1_141' title='bbox 3028 581 3187 636; x_wconf 87' lang='lat' dir='ltr'><strong>docet</strong></span> <span class='ocrx_word' id='word_1_142' title='bbox 3206 580 3514 651; x_wconf 83' lang='lat' dir='ltr'><strong>Apostolus,</strong></span> <span class='ocrx_word' id='word_1_143' title='bbox 3546 596 3650 650; x_wconf 90' lang='lat' dir='ltr'><strong>qua</strong></span> <span class='ocrx_word' id='word_1_144' title='bbox 3679 580 3763 633; x_wconf 87' lang='lat' dir='ltr'><strong>ob-</strong></span> 
     </span>
    </p>
   </div>
   <div class='ocr_carea' id='block_1_19' title="bbox 2201 671 3765 742">
    <p class='ocr_par' dir='ltr' id='par_1_19' title="bbox 2201 671 3765 742">
     <span class='ocr_line' id='line_1_19' title="bbox 2201 671 3765 742; baseline -0.003 -14"><span class='ocrx_word' id='word_1_145' title='bbox 2201 674 2506 729; x_wconf 88' lang='lat' dir='ltr'><strong>secratione</strong></span> <span class='ocrx_word' id='word_1_146' title='bbox 2557 688 2655 742; x_wconf 90' lang='lat' dir='ltr'><strong>pro</strong></span> <span class='ocrx_word' id='word_1_147' title='bbox 2703 673 2809 729; x_wconf 89' lang='lat' dir='ltr'><strong>illis</strong></span> <span class='ocrx_word' id='word_1_148' title='bbox 2852 671 3073 728; x_wconf 74' lang='lat' dir='ltr'><strong>oﬂ&#39;erret</strong></span> <span class='ocrx_word' id='word_1_149' title='bbox 3112 673 3259 727; x_wconf 90' lang='lat' dir='ltr'><strong>Deo:</strong></span> <span class='ocrx_word' id='word_1_150' title='bbox 3288 671 3480 726; x_wconf 88' lang='lat' dir='ltr'><strong>melius</strong></span> <span class='ocrx_word' id='word_1_151' title='bbox 3507 678 3589 724; x_wconf 91' lang='lat' dir='ltr'><strong>est</strong></span> <span class='ocrx_word' id='word_1_152' title='bbox 3625 671 3765 724; x_wconf 86' lang='lat' dir='ltr'><strong>enim</strong></span> 
     </span>
    </p>
   </div>
   <div class='ocr_carea' id='block_1_20' title="bbox 2202 758 3763 826">
    <p class='ocr_par' dir='ltr' id='par_1_20' title="bbox 2202 758 3763 826">
     <span class='ocr_line' id='line_1_20' title="bbox 2202 758 3763 826; baseline -0.003 -10"><span class='ocrx_word' id='word_1_153' title='bbox 2202 761 2400 818; x_wconf 89' lang='lat' dir='ltr'><strong>habere</strong></span> <span class='ocrx_word' id='word_1_154' title='bbox 2441 762 2616 818; x_wconf 85' lang='lat' dir='ltr'><strong>zelum</strong></span> <span class='ocrx_word' id='word_1_155' title='bbox 2660 763 2777 826; x_wconf 86' lang='lat' dir='ltr'><strong>Dei,</strong></span> <span class='ocrx_word' id='word_1_156' title='bbox 2822 763 2947 817; x_wconf 90' lang='lat' dir='ltr'><strong>licet</strong></span> <span class='ocrx_word' id='word_1_157' title='bbox 2989 778 3095 816; x_wconf 92' lang='lat' dir='ltr'><strong>non</strong></span> <span class='ocrx_word' id='word_1_158' title='bbox 3139 761 3432 815; x_wconf 88' lang='lat' dir='ltr'><strong>secundum</strong></span> <span class='ocrx_word' id='word_1_159' title='bbox 3462 758 3763 823; x_wconf 87' lang='lat' dir='ltr'><strong>scientiam,</strong></span> 
     </span>
    </p>
   </div>
   <div class='ocr_carea' id='block_1_21' title="bbox 2201 851 3769 922">
    <p class='ocr_par' dir='ltr' id='par_1_21' title="bbox 2201 851 3769 922">
     <span class='ocr_line' id='line_1_21' title="bbox 2201 851 3769 922; baseline -0.001 -16"><span class='ocrx_word' id='word_1_160' title='bbox 2201 868 2361 922; x_wconf 91' lang='lat' dir='ltr'><strong>quam</strong></span> <span class='ocrx_word' id='word_1_161' title='bbox 2390 854 2604 922; x_wconf 89' lang='lat' dir='ltr'><strong>penitus</strong></span> <span class='ocrx_word' id='word_1_162' title='bbox 2631 868 2737 908; x_wconf 90' lang='lat' dir='ltr'><strong>non</strong></span> <span class='ocrx_word' id='word_1_163' title='bbox 2766 852 2985 907; x_wconf 85' lang='lat' dir='ltr'><strong>habere.</strong></span> <span class='ocrx_word' id='word_1_164' title='bbox 3024 851 3130 906; x_wconf 96' lang='lat' dir='ltr'><strong>Sed</strong></span> <span class='ocrx_word' id='word_1_165' title='bbox 3165 868 3267 906; x_wconf 87' lang='lat' dir='ltr'><strong>non</strong></span> <span class='ocrx_word' id='word_1_166' title='bbox 3294 852 3577 905; x_wconf 86' lang='lat' dir='ltr'><strong>secundum</strong></span> <span class='ocrx_word' id='word_1_167' title='bbox 3604 852 3769 905; x_wconf 85' lang='lat' dir='ltr'><strong>scien-</strong></span> 
     </span>
    </p>
   </div>
   <div class='ocr_carea' id='block_1_22' title="bbox 2200 941 3770 1013">
    <p class='ocr_par' dir='ltr' id='par_1_22' title="bbox 2200 941 3770 1013">
     <span class='ocr_line' id='line_1_22' title="bbox 2200 941 3770 1013; baseline 0 -17"><span class='ocrx_word' id='word_1_168' title='bbox 2200 942 2347 996; x_wconf 82' lang='lat' dir='ltr'><strong>tiain.</strong></span> <span class='ocrx_word' id='word_1_169' title='bbox 2399 943 2611 998; x_wconf 77' lang='lat' dir='ltr'><strong>Veteris</strong></span> <span class='ocrx_word' id='word_1_170' title='bbox 2650 942 2858 997; x_wconf 88' lang='lat' dir='ltr'><strong>scilicet</strong></span> <span class='ocrx_word' id='word_1_171' title='bbox 2908 942 3059 1013; x_wconf 83' lang='lat' dir='ltr'><strong>legis,</strong></span> <span class='ocrx_word' id='word_1_172' title='bbox 3102 958 3222 1012; x_wconf 76' lang='lat' dir='ltr'><strong>qua:</strong></span> <span class='ocrx_word' id='word_1_173' title='bbox 3260 941 3597 1012; x_wconf 88' lang='lat' dir='ltr'><strong>prophetavit</strong></span> <span class='ocrx_word' id='word_1_174' title='bbox 3629 942 3770 1012; x_wconf 90' lang='lat' dir='ltr'><strong>quod</strong></span> 
     </span>
    </p>
   </div>
   <div class='ocr_carea' id='block_1_23' title="bbox 2201 1034 3767 1091">
    <p class='ocr_par' dir='ltr' id='par_1_23' title="bbox 2201 1034 3767 1091">
     <span class='ocr_line' id='line_1_23' title="bbox 2201 1034 3767 1091; baseline 0 -2"><span class='ocrx_word' id='word_1_175' title='bbox 2201 1035 2449 1090; x_wconf 80' lang='lat' dir='ltr'><strong>crederet</strong></span> <span class='ocrx_word' id='word_1_176' title='bbox 2486 1044 2628 1091; x_wconf 83' lang='lat' dir='ltr'><strong>totus</strong></span> <span class='ocrx_word' id='word_1_177' title='bbox 2655 1034 2886 1089; x_wconf 90' lang='lat' dir='ltr'><strong>mundus</strong></span> <span class='ocrx_word' id='word_1_178' title='bbox 2916 1034 3133 1089; x_wconf 86' lang='lat' dir='ltr'><strong>Christo</strong></span> <span class='ocrx_word' id='word_1_179' title='bbox 3163 1035 3481 1090; x_wconf 78' lang='lat' dir='ltr'><strong>adveniente</strong></span> <span class='ocrx_word' id='word_1_180' title='bbox 3506 1052 3517 1089; x_wconf 91' lang='lat'>:</span> <span class='ocrx_word' id='word_1_181' title='bbox 3544 1035 3635 1090; x_wconf 88' lang='lat' dir='ltr'><strong>sed</strong></span> <span class='ocrx_word' id='word_1_182' title='bbox 3663 1050 3767 1089; x_wconf 93' lang='lat' dir='ltr'><strong>non</strong></span> 
     </span>
    </p>
   </div>
   <div class='ocr_carea' id='block_1_24' title="bbox 2199 1123 3772 1195">
    <p class='ocr_par' dir='ltr' id='par_1_24' title="bbox 2199 1123 3772 1195">
     <span class='ocr_line' id='line_1_24' title="bbox 2199 1123 3772 1195; baseline 0 -17"><span class='ocrx_word' id='word_1_183' title='bbox 2199 1133 2567 1192; x_wconf 83' lang='lat' dir='ltr'><strong>cognoverunt</strong></span> <span class='ocrx_word' id='word_1_184' title='bbox 2610 1125 2734 1193; x_wconf 89' lang='lat' dir='ltr'><strong>quia</strong></span> <span class='ocrx_word' id='word_1_185' title='bbox 2777 1125 3027 1180; x_wconf 84' lang='lat' dir='ltr'><strong>Christus</strong></span> <span class='ocrx_word' id='word_1_186' title='bbox 3062 1125 3298 1179; x_wconf 76' lang='lat' dir='ltr'><strong>advenit.</strong></span> <span class='ocrx_word' id='word_1_187' title='bbox 3333 1123 3642 1195; x_wconf 86' lang='lat' dir='ltr'><strong>Ignorantes</strong></span> <span class='ocrx_word' id='word_1_188' title='bbox 3673 1125 3772 1195; x_wconf 80' lang='lat' dir='ltr'><strong>ju-</strong></span> 
     </span>
    </p>
   </div>
   <div class='ocr_carea' id='block_1_25' title="bbox 2198 1212 3767 1285">
    <p class='ocr_par' dir='ltr' id='par_1_25' title="bbox 2198 1212 3767 1285">
     <span class='ocr_line' id='line_1_25' title="bbox 2198 1212 3767 1285; baseline 0.002 -20"><span class='ocrx_word' id='word_1_189' title='bbox 2198 1213 2397 1267; x_wconf 87' lang='lat' dir='ltr'><strong>stitiam</strong></span> <span class='ocrx_word' id='word_1_190' title='bbox 2440 1213 2557 1268; x_wconf 87' lang='lat' dir='ltr'><strong>Dei.</strong></span> <span class='ocrx_word' id='word_1_191' title='bbox 2611 1213 2927 1285; x_wconf 85' lang='lat' dir='ltr'><strong>Ignorantes</strong></span> <span class='ocrx_word' id='word_1_192' title='bbox 2975 1214 3119 1268; x_wconf 88' lang='lat' dir='ltr'><strong>enim</strong></span> <span class='ocrx_word' id='word_1_193' title='bbox 3173 1214 3316 1267; x_wconf 88' lang='lat' dir='ltr'><strong>hunc</strong></span> <span class='ocrx_word' id='word_1_194' title='bbox 3347 1227 3466 1268; x_wconf 89' lang='lat' dir='ltr'><strong>esse</strong></span> <span class='ocrx_word' id='word_1_195' title='bbox 3495 1212 3767 1268; x_wconf 83' lang='lat' dir='ltr'><strong>Christum</strong></span> 
     </span>
    </p>
   </div>
   <div class='ocr_carea' id='block_1_26' title="bbox 2160 1303 3770 1372">
    <p class='ocr_par' dir='ltr' id='par_1_26' title="bbox 2160 1303 3770 1372">
     <span class='ocr_line' id='line_1_26' title="bbox 2160 1303 3770 1372; baseline 0.001 -15"><span class='ocrx_word' id='word_1_196' title='bbox 2160 1344 2165 1351; x_wconf 95' lang='lat'><strong>.</strong></span> <span class='ocrx_word' id='word_1_197' title='bbox 2199 1319 2359 1372; x_wconf 89' lang='lat' dir='ltr'><strong>quem</strong></span> <span class='ocrx_word' id='word_1_198' title='bbox 2401 1305 2730 1372; x_wconf 83' lang='lat' dir='ltr'><strong>promiserat</strong></span> <span class='ocrx_word' id='word_1_199' title='bbox 2768 1304 2929 1368; x_wconf 89' lang='lat' dir='ltr'><strong>Deus,</strong></span> <span class='ocrx_word' id='word_1_200' title='bbox 2971 1303 3200 1358; x_wconf 87' lang='lat' dir='ltr'><strong>alterum</strong></span> <span class='ocrx_word' id='word_1_201' title='bbox 3239 1303 3654 1372; x_wconf 82' lang='lat' dir='ltr'><strong>exspectandum</strong></span> <span class='ocrx_word' id='word_1_202' title='bbox 3692 1304 3770 1358; x_wconf 81' lang='lat' dir='ltr'><strong>di-</strong></span> 
     </span>
    </p>
   </div>
   <div class='ocr_carea' id='block_1_27' title="bbox 2199 1393 3766 1464">
    <p class='ocr_par' dir='ltr' id='par_1_27' title="bbox 2199 1393 3766 1464">
     <span class='ocr_line' id='line_1_27' title="bbox 2199 1393 3766 1464; baseline 0.002 -19"><span class='ocrx_word' id='word_1_203' title='bbox 2199 1393 2417 1457; x_wconf 83' lang='lat' dir='ltr'><strong>cehant,</strong></span> <span class='ocrx_word' id='word_1_204' title='bbox 2449 1393 2575 1447; x_wconf 89' lang='lat' dir='ltr'><strong>huic</strong></span> <span class='ocrx_word' id='word_1_205' title='bbox 2596 1393 2836 1462; x_wconf 88' lang='lat' dir='ltr'><strong>justitias</strong></span> <span class='ocrx_word' id='word_1_206' title='bbox 2884 1409 3010 1449; x_wconf 91' lang='lat' dir='ltr'><strong>snas</strong></span> <span class='ocrx_word' id='word_1_207' title='bbox 3057 1408 3191 1462; x_wconf 89' lang='lat' dir='ltr'><strong>quas</strong></span> <span class='ocrx_word' id='word_1_208' title='bbox 3227 1409 3293 1447; x_wconf 78' lang='lat' dir='ltr'><strong>ex</strong></span> <span class='ocrx_word' id='word_1_209' title='bbox 3339 1393 3456 1464; x_wconf 72' lang='lat' dir='ltr'><strong>lege</strong></span> <span class='ocrx_word' id='word_1_210' title='bbox 3503 1393 3766 1448; x_wconf 75' lang='lat' dir='ltr'><strong>habebant</strong></span> 
     </span>
    </p>
   </div>
   <div class='ocr_carea' id='block_1_28' title="bbox 2200 1482 3762 1554">
    <p class='ocr_par' dir='ltr' id='par_1_28' title="bbox 2200 1482 3762 1554">
     <span class='ocr_line' id='line_1_28' title="bbox 2200 1482 3762 1554; baseline 0 -16"><span class='ocrx_word' id='word_1_211' title='bbox 2200 1493 2610 1553; x_wconf 81' lang='lat' dir='ltr'><strong>anteponentes,</strong></span> <span class='ocrx_word' id='word_1_212' title='bbox 2661 1484 2754 1554; x_wconf 88' lang='lat' dir='ltr'><strong>qui</strong></span> <span class='ocrx_word' id='word_1_213' title='bbox 2795 1492 2878 1539; x_wconf 90' lang='lat' dir='ltr'><strong>est</strong></span> <span class='ocrx_word' id='word_1_214' title='bbox 2920 1484 3013 1538; x_wconf 88' lang='lat' dir='ltr'><strong>Dei</strong></span> <span class='ocrx_word' id='word_1_215' title='bbox 3052 1483 3261 1552; x_wconf 87' lang='lat' dir='ltr'><strong>justitia</strong></span> <span class='ocrx_word' id='word_1_216' title='bbox 3300 1484 3355 1538; x_wconf 93' lang='lat' dir='ltr'><strong>in</strong></span> <span class='ocrx_word' id='word_1_217' title='bbox 3394 1482 3762 1554; x_wconf 82' lang='lat' dir='ltr'><strong>fidezjustitia</strong></span> 
     </span>
    </p>
   </div>
   <div class='ocr_carea' id='block_1_29' title="bbox 2200 1572 3765 1643">
    <p class='ocr_par' dir='ltr' id='par_1_29' title="bbox 2200 1572 3765 1643">
     <span class='ocr_line' id='line_1_29' title="bbox 2200 1572 3765 1643; baseline 0.001 -17"><span class='ocrx_word' id='word_1_218' title='bbox 2200 1572 2343 1628; x_wconf 87' lang='lat' dir='ltr'><strong>enim</strong></span> <span class='ocrx_word' id='word_1_219' title='bbox 2386 1572 2500 1642; x_wconf 89' lang='lat' dir='ltr'><strong>ipse</strong></span> <span class='ocrx_word' id='word_1_220' title='bbox 2534 1580 2639 1638; x_wconf 90' lang='lat' dir='ltr'><strong>est,</strong></span> <span class='ocrx_word' id='word_1_221' title='bbox 2685 1574 2813 1642; x_wconf 88' lang='lat' dir='ltr'><strong>quia</strong></span> <span class='ocrx_word' id='word_1_222' title='bbox 2841 1573 2983 1643; x_wconf 87' lang='lat' dir='ltr'><strong>quod</strong></span> <span class='ocrx_word' id='word_1_223' title='bbox 3008 1573 3334 1643; x_wconf 84' lang='lat' dir='ltr'><strong>promiserat</strong></span> <span class='ocrx_word' id='word_1_224' title='bbox 3367 1572 3528 1637; x_wconf 88' lang='lat' dir='ltr'><strong>Deus,</strong></span> <span class='ocrx_word' id='word_1_225' title='bbox 3566 1573 3619 1627; x_wconf 90' lang='lat' dir='ltr'><strong>in</strong></span> <span class='ocrx_word' id='word_1_226' title='bbox 3649 1573 3765 1643; x_wconf 89' lang='lat' dir='ltr'><strong>ipso</strong></span> 
     </span>
    </p>
   </div>
   <div class='ocr_carea' id='block_1_30' title="bbox 2200 1662 3766 1736">
    <p class='ocr_par' dir='ltr' id='par_1_30' title="bbox 2200 1662 3766 1736">
     <span class='ocr_line' id='line_1_30' title="bbox 2200 1662 3766 1736; baseline 0.001 -17"><span class='ocrx_word' id='word_1_227' title='bbox 2200 1664 2457 1734; x_wconf 87' lang='lat' dir='ltr'><strong>implevit.</strong></span> <span class='ocrx_word' id='word_1_228' title='bbox 2476 1663 2630 1721; x_wconf 84' lang='lat' dir='ltr'><strong>Finis</strong></span> <span class='ocrx_word' id='word_1_229' title='bbox 2650 1667 2787 1719; x_wconf 89' lang='lat' dir='ltr'><strong>enim</strong></span> <span class='ocrx_word' id='word_1_230' title='bbox 2811 1664 2936 1736; x_wconf 80' lang='lat' dir='ltr'><strong>legis</strong></span> <span class='ocrx_word' id='word_1_231' title='bbox 2958 1662 3215 1719; x_wconf 74' lang='lat' dir='ltr'><strong>Christus.</strong></span> <span class='ocrx_word' id='word_1_232' title='bbox 3241 1664 3352 1720; x_wconf 84' lang='lat' dir='ltr'><strong>Hoc</strong></span> <span class='ocrx_word' id='word_1_233' title='bbox 3373 1674 3473 1727; x_wconf 90' lang='lat' dir='ltr'><strong>est,</strong></span> <span class='ocrx_word' id='word_1_234' title='bbox 3492 1663 3766 1736; x_wconf 82' lang='lat' dir='ltr'><strong>perfectio-</strong></span> 
     </span>
    </p>
   </div>
   <div class='ocr_carea' id='block_1_31' title="bbox 594 1741 3762 1831">
    <p class='ocr_par' dir='ltr' id='par_1_31' title="bbox 594 1741 3762 1831">
     <span class='ocr_line' id='line_1_31' title="bbox 594 1741 3762 1831; baseline -0.001 -19"><span class='ocrx_word' id='word_1_235' title='bbox 594 1756 839 1825; x_wconf 83' lang='lat' dir='ltr'><strong>Fratres,</strong></span> <span class='ocrx_word' id='word_1_236' title='bbox 890 1759 1134 1815; x_wconf 79' lang='lat' dir='ltr'><strong>voluntas</strong></span> <span class='ocrx_word' id='word_1_237' title='bbox 1166 1761 1375 1831; x_wconf 82' lang='lat' dir='ltr'><strong>quidem</strong></span> <span class='ocrx_word' id='word_1_238' title='bbox 1414 1759 1589 1815; x_wconf 82' lang='lat' dir='ltr'><strong>cordis</strong></span> <span class='ocrx_word' id='word_1_239' title='bbox 1622 1763 1746 1828; x_wconf 84' lang='lat' dir='ltr'><strong>mei,</strong></span> <span class='ocrx_word' id='word_1_240' title='bbox 1775 1771 1880 1819; x_wconf 75' lang='lat' dir='ltr'><strong>etc.</strong></span> <span class='ocrx_word' id='word_1_241' title='bbox 1922 1763 1978 1818; x_wconf 84' lang='grc' dir='ltr'><strong>1η</strong></span> <span class='ocrx_word' id='word_1_242' title='bbox 2008 1765 2094 1821; x_wconf 74' lang='lat' dir='ltr'><strong>his</strong></span> <span class='ocrx_word' id='word_1_243' title='bbox 2120 1741 2167 1800; x_wconf 79' lang='grc' dir='ltr'><strong>Β</strong></span> <span class='ocrx_word' id='word_1_244' title='bbox 2196 1772 2317 1812; x_wconf 87' lang='lat' dir='ltr'><strong>nem</strong></span> <span class='ocrx_word' id='word_1_245' title='bbox 2364 1756 2499 1827; x_wconf 90' lang='lat' dir='ltr'><strong>legis</strong></span> <span class='ocrx_word' id='word_1_246' title='bbox 2543 1757 2708 1812; x_wconf 86' lang='lat' dir='ltr'><strong>habet</strong></span> <span class='ocrx_word' id='word_1_247' title='bbox 2746 1757 2838 1827; x_wconf 88' lang='lat' dir='ltr'><strong>qui</strong></span> <span class='ocrx_word' id='word_1_248' title='bbox 2882 1756 3055 1811; x_wconf 90' lang='lat' dir='ltr'><strong>credit</strong></span> <span class='ocrx_word' id='word_1_249' title='bbox 3089 1755 3143 1810; x_wconf 92' lang='lat' dir='ltr'><strong>in</strong></span> <span class='ocrx_word' id='word_1_250' title='bbox 3169 1755 3421 1820; x_wconf 88' lang='lat' dir='ltr'><strong>Christo;</strong></span> <span class='ocrx_word' id='word_1_251' title='bbox 3467 1771 3587 1810; x_wconf 88' lang='lat' dir='ltr'><strong>cum</strong></span> <span class='ocrx_word' id='word_1_252' title='bbox 3618 1755 3762 1811; x_wconf 86' lang='lat' dir='ltr'><strong>enim</strong></span> 
     </span>
    </p>
   </div>
   <div class='ocr_carea' id='block_1_32' title="bbox 525 1851 2092 1921">
    <p class='ocr_par' dir='ltr' id='par_1_32' title="bbox 525 1851 2092 1921">
     <span class='ocr_line' id='line_1_32' title="bbox 525 1851 2092 1921; baseline 0.006 -21"><span class='ocrx_word' id='word_1_253' title='bbox 525 1861 644 1915; x_wconf 78' lang='lat' dir='ltr'><strong>quze</strong></span> <span class='ocrx_word' id='word_1_254' title='bbox 692 1863 862 1917; x_wconf 89' lang='lat' dir='ltr'><strong>nuper</strong></span> <span class='ocrx_word' id='word_1_255' title='bbox 910 1851 1155 1921; x_wconf 80' lang='lat' dir='ltr'><strong>exposita</strong></span> <span class='ocrx_word' id='word_1_256' title='bbox 1205 1859 1349 1916; x_wconf 87' lang='lat' dir='ltr'><strong>sunt,</strong></span> <span class='ocrx_word' id='word_1_257' title='bbox 1396 1852 1579 1907; x_wconf 91' lang='lat' dir='ltr'><strong>multis</strong></span> <span class='ocrx_word' id='word_1_258' title='bbox 1628 1854 1953 1909; x_wconf 88' lang='lat' dir='ltr'><strong>testimoniis</strong></span> <span class='ocrx_word' id='word_1_259' title='bbox 2000 1855 2092 1909; x_wconf 88' lang='lat' dir='ltr'><strong>ad-</strong></span> 
     </span>
    </p>
   </div>
   <div class='ocr_carea' id='block_1_33' title="bbox 521 1938 2093 2015">
    <p class='ocr_par' dir='ltr' id='par_1_33' title="bbox 521 1938 2093 2015">
     <span class='ocr_line' id='line_1_33' title="bbox 521 1938 2093 2015; baseline 0.004 -22"><span class='ocrx_word' id='word_1_260' title='bbox 521 1953 737 1993; x_wconf 85' lang='lat' dir='ltr'><strong>versum</strong></span> <span class='ocrx_word' id='word_1_261' title='bbox 767 1938 929 1995; x_wconf 84' lang='lat' dir='ltr'><strong>Israel</strong></span> <span class='ocrx_word' id='word_1_262' title='bbox 958 1956 1087 1997; x_wconf 84' lang='lat' dir='ltr'><strong>usus</strong></span> <span class='ocrx_word' id='word_1_263' title='bbox 1123 1951 1208 1997; x_wconf 90' lang='lat' dir='ltr'><strong>est</strong></span> <span class='ocrx_word' id='word_1_264' title='bbox 1244 1943 1655 2013; x_wconf 83' lang='lat' dir='ltr'><strong>prophetarum,</strong></span> <span class='ocrx_word' id='word_1_265' title='bbox 1696 1944 1770 1998; x_wconf 88' lang='lat' dir='ltr'><strong>ita</strong></span> <span class='ocrx_word' id='word_1_266' title='bbox 1798 1953 1857 1998; x_wconf 91' lang='lat' dir='ltr'><strong>ut</strong></span> <span class='ocrx_word' id='word_1_267' title='bbox 1888 1945 2093 2015; x_wconf 80' lang='lat' dir='ltr'><strong>profer-</strong></span> 
     </span>
    </p>
   </div>
   <div class='ocr_carea' id='block_1_34' title="bbox 522 2027 2093 2105">
    <p class='ocr_par' dir='ltr' id='par_1_34' title="bbox 522 2027 2093 2105">
     <span class='ocr_line' id='line_1_34' title="bbox 522 2027 2093 2105; baseline 0.006 -23"><span class='ocrx_word' id='word_1_268' title='bbox 522 2034 607 2082; x_wconf 87' lang='lat' dir='ltr'><strong>ret</strong></span> <span class='ocrx_word' id='word_1_269' title='bbox 633 2027 699 2082; x_wconf 88' lang='lat' dir='ltr'><strong>de</strong></span> <span class='ocrx_word' id='word_1_270' title='bbox 730 2028 865 2083; x_wconf 89' lang='lat' dir='ltr'><strong>lsaia</strong></span> <span class='ocrx_word' id='word_1_271' title='bbox 895 2048 907 2084; x_wconf 93' lang='lat'>:</span> <span class='ocrx_word' id='word_1_272' title='bbox 941 2029 1062 2084; x_wconf 88' lang='lat' dir='ltr'><strong>Nisi</strong></span> <span class='ocrx_word' id='word_1_273' title='bbox 1105 2031 1362 2087; x_wconf 79' lang='lat' dir='ltr'><strong>Dominus</strong></span> <span class='ocrx_word' id='word_1_274' title='bbox 1410 2032 1644 2088; x_wconf 78' lang='lat' dir='ltr'><strong>Sabaoth</strong></span> <span class='ocrx_word' id='word_1_275' title='bbox 1686 2034 1974 2105; x_wconf 77' lang='lat' dir='ltr'><strong>reliquisset</strong></span> <span class='ocrx_word' id='word_1_276' title='bbox 2014 2055 2093 2091; x_wconf 89' lang='lat' dir='ltr'><strong>se-</strong></span> 
     </span>
    </p>
   </div>
   <div class='ocr_carea' id='block_1_35' title="bbox 521 2119 2092 2195">
    <p class='ocr_par' dir='ltr' id='par_1_35' title="bbox 521 2119 2092 2195">
     <span class='ocr_line' id='line_1_35' title="bbox 521 2119 2092 2195; baseline 0.006 -24"><span class='ocrx_word' id='word_1_277' title='bbox 521 2135 663 2183; x_wconf 85' lang='lat' dir='ltr'><strong>men,</strong></span> <span class='ocrx_word' id='word_1_278' title='bbox 706 2126 838 2182; x_wconf 90' lang='lat' dir='ltr'><strong>etc.,</strong></span> <span class='ocrx_word' id='word_1_279' title='bbox 887 2125 1169 2188; x_wconf 86' lang='lat' dir='ltr'><strong>propterea</strong></span> <span class='ocrx_word' id='word_1_280' title='bbox 1217 2119 1380 2175; x_wconf 90' lang='lat' dir='ltr'><strong>solari</strong></span> <span class='ocrx_word' id='word_1_281' title='bbox 1424 2137 1568 2177; x_wconf 89' lang='lat' dir='ltr'><strong>nunc</strong></span> <span class='ocrx_word' id='word_1_282' title='bbox 1607 2138 1795 2178; x_wconf 86' lang='lat' dir='ltr'><strong>rursus</strong></span> <span class='ocrx_word' id='word_1_283' title='bbox 1838 2125 2092 2195; x_wconf 88' lang='lat' dir='ltr'><strong>populum</strong></span> 
     </span>
    </p>
   </div>
   <div class='ocr_carea' id='block_1_36' title="bbox 523 2207 2089 2279">
    <p class='ocr_par' dir='ltr' id='par_1_36' title="bbox 523 2207 2089 2279">
     <span class='ocr_line' id='line_1_36' title="bbox 523 2207 2089 2279; baseline 0.006 -19"><span class='ocrx_word' id='word_1_284' title='bbox 523 2207 729 2273; x_wconf 88' lang='lat' dir='ltr'><strong>volens,</strong></span> <span class='ocrx_word' id='word_1_285' title='bbox 760 2219 816 2263; x_wconf 89' lang='lat' dir='ltr'><strong>et</strong></span> <span class='ocrx_word' id='word_1_286' title='bbox 843 2223 940 2277; x_wconf 89' lang='lat' dir='ltr'><strong>per</strong></span> <span class='ocrx_word' id='word_1_287' title='bbox 963 2208 1064 2263; x_wconf 92' lang='lat' dir='ltr'><strong>hoc</strong></span> <span class='ocrx_word' id='word_1_288' title='bbox 1093 2208 1325 2264; x_wconf 76' lang='lat' dir='ltr'><strong>invitam</strong></span> <span class='ocrx_word' id='word_1_289' title='bbox 1352 2211 1420 2265; x_wconf 84' lang='lat' dir='ltr'><strong>ad</strong></span> <span class='ocrx_word' id='word_1_290' title='bbox 1445 2210 1626 2278; x_wconf 81' lang='lat' dir='ltr'><strong>(idem,</strong></span> <span class='ocrx_word' id='word_1_291' title='bbox 1653 2213 1784 2269; x_wconf 90' lang='lat' dir='ltr'><strong>dicit</strong></span> <span class='ocrx_word' id='word_1_292' title='bbox 1811 2229 1826 2268; x_wconf 89' lang='lat'><strong>:</strong></span> <span class='ocrx_word' id='word_1_293' title='bbox 1851 2212 2089 2279; x_wconf 82' lang='lat' dir='ltr'><strong>Fratres,</strong></span> 
     </span>
    </p>
   </div>
   <div class='ocr_carea' id='block_1_37' title="bbox 521 2299 2093 2371">
    <p class='ocr_par' dir='ltr' id='par_1_37' title="bbox 521 2299 2093 2371">
     <span class='ocr_line' id='line_1_37' title="bbox 521 2299 2093 2371; baseline 0.007 -19"><span class='ocrx_word' id='word_1_294' title='bbox 521 2299 761 2355; x_wconf 67' lang='lat' dir='ltr'><strong>uoluntas</strong></span> <span class='ocrx_word' id='word_1_295' title='bbox 784 2299 992 2371; x_wconf 85' lang='lat' dir='ltr'><strong>quidem</strong></span> <span class='ocrx_word' id='word_1_296' title='bbox 1014 2301 1204 2366; x_wconf 83' lang='lat' dir='ltr'><strong>cordis,</strong></span> <span class='ocrx_word' id='word_1_297' title='bbox 1232 2311 1362 2368; x_wconf 89' lang='lat' dir='ltr'><strong>etc.,</strong></span> <span class='ocrx_word' id='word_1_298' title='bbox 1388 2311 1445 2359; x_wconf 89' lang='lat' dir='ltr'><strong>et</strong></span> <span class='ocrx_word' id='word_1_299' title='bbox 1467 2319 1690 2360; x_wconf 89' lang='lat' dir='ltr'><strong>causam</strong></span> <span class='ocrx_word' id='word_1_300' title='bbox 1716 2321 1815 2361; x_wconf 89' lang='lat' dir='ltr'><strong>cur</strong></span> <span class='ocrx_word' id='word_1_301' title='bbox 1842 2307 2093 2363; x_wconf 86' lang='lat' dir='ltr'><strong>voluntas</strong></span> 
     </span>
    </p>
   </div>
   <div class='ocr_carea' id='block_1_38' title="bbox 522 2390 2088 2465">
    <p class='ocr_par' dir='ltr' id='par_1_38' title="bbox 522 2390 2088 2465">
     <span class='ocr_line' id='line_1_38' title="bbox 522 2390 2088 2465; baseline 0.006 -21"><span class='ocrx_word' id='word_1_302' title='bbox 522 2405 619 2445; x_wconf 88' lang='lat' dir='ltr'><strong>sua</strong></span> <span class='ocrx_word' id='word_1_303' title='bbox 657 2398 712 2445; x_wconf 89' lang='lat' dir='ltr'><strong>et</strong></span> <span class='ocrx_word' id='word_1_304' title='bbox 755 2390 1059 2447; x_wconf 86' lang='lat' dir='ltr'><strong>obsecratio</strong></span> <span class='ocrx_word' id='word_1_305' title='bbox 1102 2408 1203 2465; x_wconf 88' lang='lat' dir='ltr'><strong>pro</strong></span> <span class='ocrx_word' id='word_1_306' title='bbox 1248 2393 1358 2449; x_wconf 91' lang='lat' dir='ltr'><strong>illis</strong></span> <span class='ocrx_word' id='word_1_307' title='bbox 1406 2395 1545 2465; x_wconf 88' lang='lat' dir='ltr'><strong>apud</strong></span> <span class='ocrx_word' id='word_1_308' title='bbox 1594 2395 1764 2451; x_wconf 91' lang='lat' dir='ltr'><strong>Deum</strong></span> <span class='ocrx_word' id='word_1_309' title='bbox 1805 2397 2088 2465; x_wconf 88' lang='lat' dir='ltr'><strong>habeatur,</strong></span> 
     </span>
    </p>
   </div>
   <div class='ocr_carea' id='block_1_39' title="bbox 517 2479 2088 2555">
    <p class='ocr_par' dir='ltr' id='par_1_39' title="bbox 517 2479 2088 2555">
     <span class='ocr_line' id='line_1_39' title="bbox 517 2479 2088 2555; baseline 0.006 -22"><span class='ocrx_word' id='word_1_310' title='bbox 517 2480 773 2535; x_wconf 85' lang='lat' dir='ltr'><strong>ostendit.</strong></span> <span class='ocrx_word' id='word_1_311' title='bbox 817 2479 1188 2536; x_wconf 85' lang='lat' dir='ltr'><strong>Testimonium</strong></span> <span class='ocrx_word' id='word_1_312' title='bbox 1236 2483 1373 2538; x_wconf 88' lang='lat' dir='ltr'><strong>enim</strong></span> <span class='ocrx_word' id='word_1_313' title='bbox 1401 2525 1415 2550; x_wconf 91' lang='lat'><strong>,</strong></span> <span class='ocrx_word' id='word_1_314' title='bbox 1460 2485 1654 2554; x_wconf 84' lang='lat' dir='ltr'><strong>inquit,</strong></span> <span class='ocrx_word' id='word_1_315' title='bbox 1696 2485 1936 2555; x_wconf 83' lang='lat' dir='ltr'><strong>perhibeo</strong></span> <span class='ocrx_word' id='word_1_316' title='bbox 1962 2486 2088 2553; x_wconf 77' lang='lat' dir='ltr'><strong>illis,</strong></span> 
     </span>
    </p>
   </div>
   <div class='ocr_carea' id='block_1_40' title="bbox 515 2570 2089 2645">
    <p class='ocr_par' dir='ltr' id='par_1_40' title="bbox 515 2570 2089 2645">
     <span class='ocr_line' id='line_1_40' title="bbox 515 2570 2089 2645; baseline 0.006 -23"><span class='ocrx_word' id='word_1_317' title='bbox 515 2580 653 2639; x_wconf 81' lang='lat' dir='ltr'><strong>quoa</strong></span> <span class='ocrx_word' id='word_1_318' title='bbox 677 2570 1080 2637; x_wconf 78' lang='lat' dir='ltr'><strong>annulationem,</strong></span> <span class='ocrx_word' id='word_1_319' title='bbox 1109 2580 1213 2628; x_wconf 90' lang='lat' dir='ltr'><strong>etc.</strong></span> <span class='ocrx_word' id='word_1_320' title='bbox 1245 2573 1520 2641; x_wconf 81' lang='lat' dir='ltr'><strong>Quamvis,</strong></span> <span class='ocrx_word' id='word_1_321' title='bbox 1552 2575 1748 2645; x_wconf 88' lang='lat' dir='ltr'><strong>inquit,</strong></span> <span class='ocrx_word' id='word_1_322' title='bbox 1784 2584 1864 2631; x_wconf 89' lang='lat' dir='ltr'><strong>tot</strong></span> <span class='ocrx_word' id='word_1_323' title='bbox 1890 2584 1946 2631; x_wconf 87' lang='lat' dir='ltr'><strong>et</strong></span> <span class='ocrx_word' id='word_1_324' title='bbox 1971 2585 2089 2631; x_wconf 82' lang='lat' dir='ltr'><strong>tan-</strong></span> 
     </span>
    </p>
   </div>
   <div class='ocr_carea' id='block_1_41' title="bbox 518 2660 2089 2732">
    <p class='ocr_par' dir='ltr' id='par_1_41' title="bbox 518 2660 2089 2732">
     <span class='ocr_line' id='line_1_41' title="bbox 518 2660 2089 2732; baseline 0.003 -17"><span class='ocrx_word' id='word_1_325' title='bbox 518 2660 589 2715; x_wconf 89' lang='lat' dir='ltr'><strong>tis</strong></span> <span class='ocrx_word' id='word_1_326' title='bbox 631 2660 741 2716; x_wconf 91' lang='lat' dir='ltr'><strong>sint</strong></span> <span class='ocrx_word' id='word_1_327' title='bbox 783 2661 1005 2717; x_wconf 85' lang='lat' dir='ltr'><strong>involuti</strong></span> <span class='ocrx_word' id='word_1_328' title='bbox 1038 2671 1383 2732; x_wconf 88' lang='lat' dir='ltr'><strong>peccatorum</strong></span> <span class='ocrx_word' id='word_1_329' title='bbox 1423 2680 1642 2720; x_wconf 89' lang='lat' dir='ltr'><strong>suorum</strong></span> <span class='ocrx_word' id='word_1_330' title='bbox 1681 2667 1858 2732; x_wconf 89' lang='lat' dir='ltr'><strong>malis,</strong></span> <span class='ocrx_word' id='word_1_331' title='bbox 1887 2676 2089 2732; x_wconf 84' lang='lat' dir='ltr'><strong>tamen,</strong></span> 
     </span>
    </p>
   </div>
   <div class='ocr_carea' id='block_1_42' title="bbox 519 2751 2087 2826">
    <p class='ocr_par' dir='ltr' id='par_1_42' title="bbox 519 2751 2087 2826">
     <span class='ocr_line' id='line_1_42' title="bbox 519 2751 2087 2826; baseline 0.006 -22"><span class='ocrx_word' id='word_1_332' title='bbox 519 2751 645 2821; x_wconf 87' lang='lat' dir='ltr'><strong>quia</strong></span> <span class='ocrx_word' id='word_1_333' title='bbox 674 2751 957 2807; x_wconf 75' lang='lat' dir='ltr'><strong>ineffabilis</strong></span> <span class='ocrx_word' id='word_1_334' title='bbox 987 2754 1135 2809; x_wconf 90' lang='lat' dir='ltr'><strong>zelus</strong></span> <span class='ocrx_word' id='word_1_335' title='bbox 1163 2761 1220 2808; x_wconf 89' lang='lat' dir='ltr'><strong>et</strong></span> <span class='ocrx_word' id='word_1_336' title='bbox 1247 2754 1519 2811; x_wconf 55' lang='lat' dir='ltr'><strong>aemulatio</strong></span> <span class='ocrx_word' id='word_1_337' title='bbox 1549 2756 1643 2811; x_wconf 90' lang='lat' dir='ltr'><strong>Dei</strong></span> <span class='ocrx_word' id='word_1_338' title='bbox 1674 2764 1759 2811; x_wconf 87' lang='lat' dir='ltr'><strong>est</strong></span> <span class='ocrx_word' id='word_1_339' title='bbox 1784 2757 1925 2826; x_wconf 89' lang='lat' dir='ltr'><strong>apud</strong></span> <span class='ocrx_word' id='word_1_340' title='bbox 1947 2756 2087 2822; x_wconf 88' lang='lat' dir='ltr'><strong>illos,</strong></span> 
     </span>
    </p>
   </div>
   <div class='ocr_carea' id='block_1_43' title="bbox 517 2842 2090 2916">
    <p class='ocr_par' dir='ltr' id='par_1_43' title="bbox 517 2842 2090 2916">
     <span class='ocr_line' id='line_1_43' title="bbox 517 2842 2090 2916; baseline 0.004 -21"><span class='ocrx_word' id='word_1_341' title='bbox 517 2842 635 2896; x_wconf 72' lang='lat' dir='ltr'><strong>hmo</strong></span> <span class='ocrx_word' id='word_1_342' title='bbox 668 2857 755 2896; x_wconf 91' lang='lat' dir='ltr'><strong>me</strong></span> <span class='ocrx_word' id='word_1_343' title='bbox 785 2844 1079 2897; x_wconf 87' lang='lat' dir='ltr'><strong>commovit</strong></span> <span class='ocrx_word' id='word_1_344' title='bbox 1121 2860 1284 2899; x_wconf 91' lang='lat' dir='ltr'><strong>causa</strong></span> <span class='ocrx_word' id='word_1_345' title='bbox 1323 2844 1611 2901; x_wconf 88' lang='lat' dir='ltr'><strong>obsecrare</strong></span> <span class='ocrx_word' id='word_1_346' title='bbox 1657 2846 1946 2901; x_wconf 91' lang='lat' dir='ltr'><strong>Dominum</strong></span> <span class='ocrx_word' id='word_1_347' title='bbox 1989 2862 2090 2916; x_wconf 87' lang='lat' dir='ltr'><strong>pro</strong></span> 
     </span>
    </p>
   </div>
   <div class='ocr_carea' id='block_1_44' title="bbox 514 2931 2085 3006">
    <p class='ocr_par' dir='ltr' id='par_1_44' title="bbox 514 2931 2085 3006">
     <span class='ocr_line' id='line_1_44' title="bbox 514 2931 2085 3006; baseline 0.006 -20"><span class='ocrx_word' id='word_1_348' title='bbox 514 2931 667 3001; x_wconf 89' lang='lat' dir='ltr'><strong>ipsis,</strong></span> <span class='ocrx_word' id='word_1_349' title='bbox 694 2940 752 2986; x_wconf 88' lang='lat' dir='ltr'><strong>ut</strong></span> <span class='ocrx_word' id='word_1_350' title='bbox 772 2932 854 2986; x_wconf 85' lang='lat' dir='ltr'><strong>vel</strong></span> <span class='ocrx_word' id='word_1_351' title='bbox 880 2934 933 2987; x_wconf 92' lang='lat' dir='ltr'><strong>in</strong></span> <span class='ocrx_word' id='word_1_352' title='bbox 959 2934 1065 2989; x_wconf 85' lang='lat' dir='ltr'><strong>fine</strong></span> <span class='ocrx_word' id='word_1_353' title='bbox 1089 2934 1377 3005; x_wconf 86' lang='lat' dir='ltr'><strong>aliquando</strong></span> <span class='ocrx_word' id='word_1_354' title='bbox 1395 2937 1711 3006; x_wconf 88' lang='lat' dir='ltr'><strong>perveniant</strong></span> <span class='ocrx_word' id='word_1_355' title='bbox 1733 2939 1801 2994; x_wconf 88' lang='lat' dir='ltr'><strong>ad</strong></span> <span class='ocrx_word' id='word_1_356' title='bbox 1824 2939 2085 2996; x_wconf 87' lang='lat' dir='ltr'><strong>salutem:</strong></span> 
     </span>
    </p>
   </div>
   <div class='ocr_carea' id='block_1_45' title="bbox 512 3022 2082 3092">
    <p class='ocr_par' dir='ltr' id='par_1_45' title="bbox 512 3022 2082 3092">
     <span class='ocr_line' id='line_1_45' title="bbox 512 3022 2082 3092; baseline 0.007 -16"><span class='ocrx_word' id='word_1_357' title='bbox 512 3022 868 3078; x_wconf 87' lang='lat' dir='ltr'><strong>habentenim</strong></span> <span class='ocrx_word' id='word_1_358' title='bbox 893 3025 1067 3080; x_wconf 86' lang='lat' dir='ltr'><strong>zelum</strong></span> <span class='ocrx_word' id='word_1_359' title='bbox 1088 3027 1313 3092; x_wconf 87' lang='lat' dir='ltr'><strong>Dei,sed</strong></span> <span class='ocrx_word' id='word_1_360' title='bbox 1335 3043 1442 3082; x_wconf 91' lang='lat' dir='ltr'><strong>non</strong></span> <span class='ocrx_word' id='word_1_361' title='bbox 1467 3030 1760 3084; x_wconf 89' lang='lat' dir='ltr'><strong>secundum</strong></span> <span class='ocrx_word' id='word_1_362' title='bbox 1782 3031 2082 3089; x_wconf 87' lang='lat' dir='ltr'><strong>scientiam.</strong></span> 
     </span>
    </p>
   </div>
   <div class='ocr_carea' id='block_1_46' title="bbox 512 3100 2085 3183">
    <p class='ocr_par' dir='ltr' id='par_1_46' title="bbox 512 3100 2085 3183">
     <span class='ocr_line' id='line_1_46' title="bbox 512 3100 2085 3183; baseline 0.006 -15"><span class='ocrx_word' id='word_1_363' title='bbox 512 3100 577 3168; x_wconf 74' lang='lat' dir='ltr'><strong>Et</strong></span> <span class='ocrx_word' id='word_1_364' title='bbox 595 3114 786 3182; x_wconf 88' lang='lat' dir='ltr'><strong>probat</strong></span> <span class='ocrx_word' id='word_1_365' title='bbox 797 3116 1065 3183; x_wconf 86' lang='lat' dir='ltr'><strong>quomodo</strong></span> <span class='ocrx_word' id='word_1_366' title='bbox 1084 3131 1190 3170; x_wconf 89' lang='lat' dir='ltr'><strong>non</strong></span> <span class='ocrx_word' id='word_1_367' title='bbox 1211 3119 1501 3173; x_wconf 90' lang='lat' dir='ltr'><strong>secundum</strong></span> <span class='ocrx_word' id='word_1_368' title='bbox 1515 3120 1795 3175; x_wconf 88' lang='lat' dir='ltr'><strong>scientiam</strong></span> <span class='ocrx_word' id='word_1_369' title='bbox 1808 3122 1978 3176; x_wconf 87' lang='lat' dir='ltr'><strong>zelum</strong></span> <span class='ocrx_word' id='word_1_370' title='bbox 1991 3123 2085 3177; x_wconf 89' lang='lat' dir='ltr'><strong>Dei</strong></span> 
     </span>
    </p>
   </div>
   <div class='ocr_carea' id='block_1_47' title="bbox 512 3205 2091 3285">
    <p class='ocr_par' dir='ltr' id='par_1_47' title="bbox 512 3205 2091 3285">
     <span class='ocr_line' id='line_1_47' title="bbox 512 3205 2091 3285; baseline 0.008 -28"><span class='ocrx_word' id='word_1_371' title='bbox 512 3205 747 3259; x_wconf 87' lang='lat' dir='ltr'><strong>habeant</strong></span> <span class='ocrx_word' id='word_1_372' title='bbox 765 3225 777 3259; x_wconf 91' lang='lat'><strong>:</strong></span> <span class='ocrx_word' id='word_1_373' title='bbox 799 3205 937 3270; x_wconf 84' lang='lat' dir='ltr'><strong>Quia</strong></span> <span class='ocrx_word' id='word_1_374' title='bbox 948 3208 1266 3277; x_wconf 87' lang='lat' dir='ltr'><strong>ignorantes,</strong></span> <span class='ocrx_word' id='word_1_375' title='bbox 1281 3209 1472 3279; x_wconf 89' lang='lat' dir='ltr'><strong>inquit,</strong></span> <span class='ocrx_word' id='word_1_376' title='bbox 1487 3210 1585 3265; x_wconf 88' lang='lat' dir='ltr'><strong>Dei</strong></span> <span class='ocrx_word' id='word_1_377' title='bbox 1587 3212 1871 3281; x_wconf 88' lang='lat' dir='ltr'><strong>justitiam,</strong></span> <span class='ocrx_word' id='word_1_378' title='bbox 1884 3216 2091 3285; x_wconf 76' lang='lat' dir='ltr'><strong>suteju-</strong></span> 
     </span>
    </p>
   </div>
   <div class='ocr_carea' id='block_1_48' title="bbox 510 3294 2086 3373">
    <p class='ocr_par' dir='ltr' id='par_1_48' title="bbox 510 3294 2086 3373">
     <span class='ocr_line' id='line_1_48' title="bbox 510 3294 2086 3373; baseline 0.009 -26"><span class='ocrx_word' id='word_1_379' title='bbox 510 3294 665 3347; x_wconf 77' lang='lat' dir='ltr'><strong>stimr</strong></span> <span class='ocrx_word' id='word_1_380' title='bbox 689 3295 1060 3365; x_wconf 85' lang='lat' dir='ltr'><strong>obtemperant.</strong></span> <span class='ocrx_word' id='word_1_381' title='bbox 1080 3297 1194 3353; x_wconf 89' lang='lat' dir='ltr'><strong>Non</strong></span> <span class='ocrx_word' id='word_1_382' title='bbox 1221 3300 1447 3355; x_wconf 90' lang='lat' dir='ltr'><strong>multum</strong></span> <span class='ocrx_word' id='word_1_383' title='bbox 1478 3316 1607 3372; x_wconf 77' lang='lat' dir='ltr'><strong>ergo</strong></span> <span class='ocrx_word' id='word_1_384' title='bbox 1638 3304 1859 3373; x_wconf 87' lang='lat' dir='ltr'><strong>prodest</strong></span> <span class='ocrx_word' id='word_1_385' title='bbox 1886 3304 2086 3361; x_wconf 88' lang='lat' dir='ltr'><strong>habere</strong></span> 
     </span>
    </p>
   </div>
   <div class='ocr_carea' id='block_1_49' title="bbox 511 3385 2083 3467">
    <p class='ocr_par' dir='ltr' id='par_1_49' title="bbox 511 3385 2083 3467">
     <span class='ocr_line' id='line_1_49' title="bbox 511 3385 2083 3467; baseline 0.008 -26"><span class='ocrx_word' id='word_1_386' title='bbox 511 3387 684 3442; x_wconf 87' lang='lat' dir='ltr'><strong>zelum</strong></span> <span class='ocrx_word' id='word_1_387' title='bbox 700 3385 793 3443; x_wconf 90' lang='lat' dir='ltr'><strong>Dei</strong></span> <span class='ocrx_word' id='word_1_388' title='bbox 805 3429 818 3452; x_wconf 92' lang='lat'><strong>,</strong></span> <span class='ocrx_word' id='word_1_389' title='bbox 834 3396 889 3443; x_wconf 91' lang='lat' dir='ltr'><strong>et</strong></span> <span class='ocrx_word' id='word_1_390' title='bbox 902 3403 1008 3443; x_wconf 90' lang='lat' dir='ltr'><strong>non</strong></span> <span class='ocrx_word' id='word_1_391' title='bbox 1023 3390 1224 3446; x_wconf 88' lang='lat' dir='ltr'><strong>habere</strong></span> <span class='ocrx_word' id='word_1_392' title='bbox 1237 3392 1513 3448; x_wconf 90' lang='lat' dir='ltr'><strong>scientiam</strong></span> <span class='ocrx_word' id='word_1_393' title='bbox 1529 3394 1649 3448; x_wconf 87' lang='lat' dir='ltr'><strong>zeli.</strong></span> <span class='ocrx_word' id='word_1_394' title='bbox 1664 3395 1903 3467; x_wconf 88' lang='lat' dir='ltr'><strong>Denique</strong></span> <span class='ocrx_word' id='word_1_395' title='bbox 1915 3396 2083 3453; x_wconf 82' lang='lat' dir='ltr'><strong>Judaei</strong></span> 
     </span>
    </p>
   </div>
   <div class='ocr_carea' id='block_1_50' title="bbox 511 3480 2082 3555">
    <p class='ocr_par' dir='ltr' id='par_1_50' title="bbox 511 3480 2082 3555">
     <span class='ocr_line' id='line_1_50' title="bbox 511 3480 2082 3555; baseline 0.006 -22"><span class='ocrx_word' id='word_1_396' title='bbox 511 3485 764 3548; x_wconf 88' lang='lat' dir='ltr'><strong>putantes</strong></span> <span class='ocrx_word' id='word_1_397' title='bbox 792 3494 849 3533; x_wconf 91' lang='lat' dir='ltr'><strong>se</strong></span> <span class='ocrx_word' id='word_1_398' title='bbox 875 3480 991 3535; x_wconf 89' lang='lat' dir='ltr'><strong>zelo</strong></span> <span class='ocrx_word' id='word_1_399' title='bbox 1021 3480 1116 3535; x_wconf 90' lang='lat' dir='ltr'><strong>Dei</strong></span> <span class='ocrx_word' id='word_1_400' title='bbox 1158 3495 1343 3551; x_wconf 88' lang='lat' dir='ltr'><strong>agere,</strong></span> <span class='ocrx_word' id='word_1_401' title='bbox 1387 3484 1636 3555; x_wconf 85' lang='lat' dir='ltr'><strong>sacrilegi</strong></span> <span class='ocrx_word' id='word_1_402' title='bbox 1676 3487 2003 3542; x_wconf 83' lang='lat' dir='ltr'><strong>exstiterunt</strong></span> <span class='ocrx_word' id='word_1_403' title='bbox 2028 3488 2082 3542; x_wconf 91' lang='lat' dir='ltr'><strong>in</strong></span> 
     </span>
    </p>
   </div>
   <div class='ocr_carea' id='block_1_51' title="bbox 509 3568 2079 3639">
    <p class='ocr_par' dir='ltr' id='par_1_51' title="bbox 509 3568 2079 3639">
     <span class='ocr_line' id='line_1_51' title="bbox 509 3568 2079 3639; baseline 0.006 -17"><span class='ocrx_word' id='word_1_404' title='bbox 509 3568 705 3623; x_wconf 87' lang='lat' dir='ltr'><strong>Filium</strong></span> <span class='ocrx_word' id='word_1_405' title='bbox 732 3568 850 3635; x_wconf 91' lang='lat' dir='ltr'><strong>Dei,</strong></span> <span class='ocrx_word' id='word_1_406' title='bbox 866 3570 993 3639; x_wconf 88' lang='lat' dir='ltr'><strong>quia</strong></span> <span class='ocrx_word' id='word_1_407' title='bbox 1010 3586 1116 3625; x_wconf 91' lang='lat' dir='ltr'><strong>non</strong></span> <span class='ocrx_word' id='word_1_408' title='bbox 1131 3570 1426 3627; x_wconf 90' lang='lat' dir='ltr'><strong>secundum</strong></span> <span class='ocrx_word' id='word_1_409' title='bbox 1445 3575 1724 3629; x_wconf 88' lang='lat' dir='ltr'><strong>scientiam</strong></span> <span class='ocrx_word' id='word_1_410' title='bbox 1746 3576 1903 3630; x_wconf 89' lang='lat' dir='ltr'><strong>zelati</strong></span> <span class='ocrx_word' id='word_1_411' title='bbox 1922 3585 2047 3631; x_wconf 91' lang='lat' dir='ltr'><strong>sunt</strong></span> <span class='ocrx_word' id='word_1_412' title='bbox 2064 3594 2079 3631; x_wconf 92' lang='lat'><strong>:</strong></span> 
     </span>
    </p>
   </div>
   <div class='ocr_carea' id='block_1_52' title="bbox 507 3659 2081 3734">
    <p class='ocr_par' dir='ltr' id='par_1_52' title="bbox 507 3659 2081 3734">
     <span class='ocr_line' id='line_1_52' title="bbox 507 3659 2081 3734; baseline 0.006 -21"><span class='ocrx_word' id='word_1_413' title='bbox 507 3660 650 3715; x_wconf 87' lang='lat' dir='ltr'><strong>sicut</strong></span> <span class='ocrx_word' id='word_1_414' title='bbox 696 3659 950 3725; x_wconf 89' lang='lat' dir='ltr'><strong>Phinees,</strong></span> <span class='ocrx_word' id='word_1_415' title='bbox 987 3660 1128 3717; x_wconf 87' lang='lat' dir='ltr'><strong>filius</strong></span> <span class='ocrx_word' id='word_1_416' title='bbox 1148 3662 1390 3729; x_wconf 88' lang='lat' dir='ltr'><strong>Eleazar,</strong></span> <span class='ocrx_word' id='word_1_417' title='bbox 1439 3665 1530 3734; x_wconf 90' lang='lat' dir='ltr'><strong>qui</strong></span> <span class='ocrx_word' id='word_1_418' title='bbox 1575 3667 1869 3722; x_wconf 87' lang='lat' dir='ltr'><strong>secundum</strong></span> <span class='ocrx_word' id='word_1_419' title='bbox 1905 3668 2081 3724; x_wconf 85' lang='lat' dir='ltr'><strong>scien-</strong></span> 
     </span>
    </p>
   </div>
   <div class='ocr_carea' id='block_1_53' title="bbox 507 3748 2079 3825">
    <p class='ocr_par' dir='ltr' id='par_1_53' title="bbox 507 3748 2079 3825">
     <span class='ocr_line' id='line_1_53' title="bbox 507 3748 2079 3825; baseline 0.008 -25"><span class='ocrx_word' id='word_1_420' title='bbox 507 3748 643 3802; x_wconf 89' lang='lat' dir='ltr'><strong>tiam</strong></span> <span class='ocrx_word' id='word_1_421' title='bbox 672 3748 875 3803; x_wconf 87' lang='lat' dir='ltr'><strong>zelatus</strong></span> <span class='ocrx_word' id='word_1_422' title='bbox 906 3750 1183 3806; x_wconf 86' lang='lat' dir='ltr'><strong>interemit</strong></span> <span class='ocrx_word' id='word_1_423' title='bbox 1218 3752 1563 3808; x_wconf 85' lang='lat' dir='ltr'><strong>Madianitam</strong></span> <span class='ocrx_word' id='word_1_424' title='bbox 1601 3756 1807 3825; x_wconf 89' lang='lat' dir='ltr'><strong>pariter</strong></span> <span class='ocrx_word' id='word_1_425' title='bbox 1832 3765 1887 3812; x_wconf 90' lang='lat' dir='ltr'><strong>et</strong></span> <span class='ocrx_word' id='word_1_426' title='bbox 1911 3757 2079 3814; x_wconf 84' lang='lat' dir='ltr'><strong>Israe-</strong></span> 
     </span>
    </p>
   </div>
   <div class='ocr_carea' id='block_1_54' title="bbox 509 3840 2081 3906">
    <p class='ocr_par' dir='ltr' id='par_1_54' title="bbox 509 3840 2081 3906">
     <span class='ocr_line' id='line_1_54' title="bbox 509 3840 2081 3906; baseline 0.008 -13"><span class='ocrx_word' id='word_1_427' title='bbox 509 3840 661 3894; x_wconf 79' lang='lat' dir='ltr'><strong>litain</strong></span> <span class='ocrx_word' id='word_1_428' title='bbox 699 3841 1057 3898; x_wconf 85' lang='lat' dir='ltr'><strong>fornicantem</strong></span> <span class='ocrx_word' id='word_1_429' title='bbox 1087 3859 1208 3898; x_wconf 90' lang='lat' dir='ltr'><strong>cum</strong></span> <span class='ocrx_word' id='word_1_430' title='bbox 1241 3861 1325 3901; x_wconf 87' lang='lat' dir='ltr'><strong>ea.</strong></span> <span class='ocrx_word' id='word_1_431' title='bbox 1358 3845 1579 3901; x_wconf 87' lang='lat' dir='ltr'><strong>Poterat</strong></span> <span class='ocrx_word' id='word_1_432' title='bbox 1607 3855 1789 3903; x_wconf 87' lang='lat' dir='ltr'><strong>autem</strong></span> <span class='ocrx_word' id='word_1_433' title='bbox 1817 3848 1998 3905; x_wconf 87' lang='lat' dir='ltr'><strong>dicere</strong></span> <span class='ocrx_word' id='word_1_434' title='bbox 2026 3860 2081 3906; x_wconf 89' lang='lat' dir='ltr'><strong>et</strong></span> 
     </span>
    </p>
   </div>
   <div class='ocr_carea' id='block_1_55' title="bbox 508 3930 2077 4003">
    <p class='ocr_par' dir='ltr' id='par_1_55' title="bbox 508 3930 2077 4003">
     <span class='ocr_line' id='line_1_55' title="bbox 508 3930 2077 4003; baseline 0.007 -18"><span class='ocrx_word' id='word_1_435' title='bbox 508 3931 574 3985; x_wconf 89' lang='lat' dir='ltr'><strong>de</strong></span> <span class='ocrx_word' id='word_1_436' title='bbox 599 3930 719 3984; x_wconf 88' lang='lat' dir='ltr'><strong>aliis</strong></span> <span class='ocrx_word' id='word_1_437' title='bbox 744 3931 1035 4000; x_wconf 82' lang='lat' dir='ltr'><strong>Apostolus</strong></span> <span class='ocrx_word' id='word_1_438' title='bbox 1083 3935 1175 4001; x_wconf 91' lang='lat' dir='ltr'><strong>qui</strong></span> <span class='ocrx_word' id='word_1_439' title='bbox 1220 3936 1539 3991; x_wconf 89' lang='lat' dir='ltr'><strong>charitatem</strong></span> <span class='ocrx_word' id='word_1_440' title='bbox 1585 3938 1679 3993; x_wconf 89' lang='lat' dir='ltr'><strong>Dei</strong></span> <span class='ocrx_word' id='word_1_441' title='bbox 1724 3940 1943 4003; x_wconf 88' lang='lat' dir='ltr'><strong>habent,</strong></span> <span class='ocrx_word' id='word_1_442' title='bbox 1983 3942 2077 3996; x_wconf 86' lang='lat' dir='ltr'><strong>sed</strong></span> 
     </span>
    </p>
   </div>
   <div class='ocr_carea' id='block_1_56' title="bbox 509 4021 2077 4096">
    <p class='ocr_par' dir='ltr' id='par_1_56' title="bbox 509 4021 2077 4096">
     <span class='ocr_line' id='line_1_56' title="bbox 509 4021 2077 4096; baseline 0.007 -22"><span class='ocrx_word' id='word_1_443' title='bbox 509 4036 616 4075; x_wconf 91' lang='lat' dir='ltr'><strong>non</strong></span> <span class='ocrx_word' id='word_1_444' title='bbox 658 4021 950 4074; x_wconf 88' lang='lat' dir='ltr'><strong>secundum</strong></span> <span class='ocrx_word' id='word_1_445' title='bbox 990 4021 1271 4075; x_wconf 86' lang='lat' dir='ltr'><strong>scientiam</strong></span> <span class='ocrx_word' id='word_1_446' title='bbox 1299 4041 1311 4076; x_wconf 92' lang='lat'><strong>:</strong></span> <span class='ocrx_word' id='word_1_447' title='bbox 1342 4024 1387 4077; x_wconf 89' lang='lat' dir='ltr'><strong>si</strong></span> <span class='ocrx_word' id='word_1_448' title='bbox 1415 4026 1557 4079; x_wconf 88' lang='lat' dir='ltr'><strong>enim</strong></span> <span class='ocrx_word' id='word_1_449' title='bbox 1584 4026 1779 4081; x_wconf 86' lang='lat' dir='ltr'><strong>habeat</strong></span> <span class='ocrx_word' id='word_1_450' title='bbox 1802 4029 1922 4096; x_wconf 87' lang='lat' dir='ltr'><strong>quis</strong></span> <span class='ocrx_word' id='word_1_451' title='bbox 1949 4030 2077 4085; x_wconf 70' lang='lat' dir='ltr'><strong>affe-</strong></span> 
     </span>
    </p>
   </div>
   <div class='ocr_carea' id='block_1_57' title="bbox 506 4109 2075 4189">
    <p class='ocr_par' dir='ltr' id='par_1_57' title="bbox 506 4109 2075 4189">
     <span class='ocr_line' id='line_1_57' title="bbox 506 4109 2075 4189; baseline 0.006 -26"><span class='ocrx_word' id='word_1_452' title='bbox 506 4117 653 4164; x_wconf 87' lang='lat' dir='ltr'><strong>ctum</strong></span> <span class='ocrx_word' id='word_1_453' title='bbox 680 4125 805 4179; x_wconf 83' lang='lat' dir='ltr'><strong>erga</strong></span> <span class='ocrx_word' id='word_1_454' title='bbox 841 4109 1031 4173; x_wconf 88' lang='lat' dir='ltr'><strong>Deum,</strong></span> <span class='ocrx_word' id='word_1_455' title='bbox 1074 4110 1286 4179; x_wconf 80' lang='lat' dir='ltr'><strong>ignoret</strong></span> <span class='ocrx_word' id='word_1_456' title='bbox 1334 4121 1512 4166; x_wconf 89' lang='lat' dir='ltr'><strong>autem</strong></span> <span class='ocrx_word' id='word_1_457' title='bbox 1545 4117 1670 4184; x_wconf 87' lang='lat' dir='ltr'><strong>quia</strong></span> <span class='ocrx_word' id='word_1_458' title='bbox 1716 4117 1942 4171; x_wconf 79' lang='lat' dir='ltr'><strong>charitas</strong></span> <span class='ocrx_word' id='word_1_459' title='bbox 1982 4137 2075 4189; x_wconf 81' lang='lat' dir='ltr'><strong>pu-</strong></span> 
     </span>
    </p>
   </div>
   <div class='ocr_carea' id='block_1_58' title="bbox 503 4199 2071 4285">
    <p class='ocr_par' dir='ltr' id='par_1_58' title="bbox 503 4199 2071 4285">
     <span class='ocr_line' id='line_1_58' title="bbox 503 4199 2071 4285; baseline 0.007 -31"><span class='ocrx_word' id='word_1_460' title='bbox 503 4201 635 4254; x_wconf 86' lang='lat' dir='ltr'><strong>tiens</strong></span> <span class='ocrx_word' id='word_1_461' title='bbox 670 4209 769 4265; x_wconf 89' lang='lat' dir='ltr'><strong>est,</strong></span> <span class='ocrx_word' id='word_1_462' title='bbox 814 4199 1033 4270; x_wconf 82' lang='lat' dir='ltr'><strong>benigna</strong></span> <span class='ocrx_word' id='word_1_463' title='bbox 1074 4211 1169 4265; x_wconf 90' lang='lat' dir='ltr'><strong>est,</strong></span> <span class='ocrx_word' id='word_1_464' title='bbox 1216 4220 1316 4258; x_wconf 91' lang='lat' dir='ltr'><strong>non</strong></span> <span class='ocrx_word' id='word_1_465' title='bbox 1359 4205 1615 4271; x_wconf 81' lang='lat' dir='ltr'><strong>inridens,</strong></span> <span class='ocrx_word' id='word_1_466' title='bbox 1669 4224 1772 4262; x_wconf 87' lang='lat' dir='ltr'><strong>non</strong></span> <span class='ocrx_word' id='word_1_467' title='bbox 1801 4226 2071 4285; x_wconf 65' lang='grc' dir='ltr'><strong>μετρεῖ-φη</strong></span> 
     </span>
    </p>
   </div>
   <div class='ocr_carea' id='block_1_59' title="bbox 502 4291 2072 4370">
    <p class='ocr_par' dir='ltr' id='par_1_59' title="bbox 502 4291 2072 4370">
     <span class='ocr_line' id='line_1_59' title="bbox 502 4291 2072 4370; baseline 0.01 -29"><span class='ocrx_word' id='word_1_468' title='bbox 502 4307 684 4360; x_wconf 88' lang='lat' dir='ltr'><strong>agens,</strong></span> <span class='ocrx_word' id='word_1_469' title='bbox 715 4307 817 4343; x_wconf 89' lang='lat' dir='ltr'><strong>non</strong></span> <span class='ocrx_word' id='word_1_470' title='bbox 838 4291 1044 4361; x_wconf 80' lang='lat' dir='ltr'><strong>inﬂata,</strong></span> <span class='ocrx_word' id='word_1_471' title='bbox 1099 4309 1203 4347; x_wconf 90' lang='lat' dir='ltr'><strong>non</strong></span> <span class='ocrx_word' id='word_1_472' title='bbox 1243 4303 1318 4347; x_wconf 89' lang='lat' dir='ltr'><strong>est</strong></span> <span class='ocrx_word' id='word_1_473' title='bbox 1351 4296 1650 4362; x_wconf 81' lang='lat' dir='ltr'><strong>ambitiosa,</strong></span> <span class='ocrx_word' id='word_1_474' title='bbox 1691 4314 1795 4352; x_wconf 86' lang='lat' dir='ltr'><strong>non</strong></span> <span class='ocrx_word' id='word_1_475' title='bbox 1833 4316 2072 4370; x_wconf 61' lang='lat' dir='ltr'><strong>quarens</strong></span> 
     </span>
    </p>
   </div>
   <div class='ocr_carea' id='block_1_60' title="bbox 498 4382 2070 4451">
    <p class='ocr_par' dir='ltr' id='par_1_60' title="bbox 498 4382 2070 4451">
     <span class='ocr_line' id='line_1_60' title="bbox 498 4382 2070 4451; baseline 0.009 -19"><span class='ocrx_word' id='word_1_476' title='bbox 498 4396 617 4451; x_wconf 71' lang='lat' dir='ltr'><strong>qua:</strong></span> <span class='ocrx_word' id='word_1_477' title='bbox 641 4397 737 4434; x_wconf 88' lang='lat' dir='ltr'><strong>sua</strong></span> <span class='ocrx_word' id='word_1_478' title='bbox 767 4390 908 4447; x_wconf 83' lang='lat' dir='ltr'><strong>sunt,</strong></span> <span class='ocrx_word' id='word_1_479' title='bbox 936 4382 1054 4436; x_wconf 69' lang='lat' dir='ltr'><strong>baac</strong></span> <span class='ocrx_word' id='word_1_480' title='bbox 1078 4392 1133 4436; x_wconf 85' lang='lat' dir='ltr'><strong>et</strong></span> <span class='ocrx_word' id='word_1_481' title='bbox 1161 4383 1246 4437; x_wconf 91' lang='lat' dir='ltr'><strong>his</strong></span> <span class='ocrx_word' id='word_1_482' title='bbox 1272 4384 1469 4440; x_wconf 90' lang='lat' dir='ltr'><strong>similia</strong></span> <span class='ocrx_word' id='word_1_483' title='bbox 1505 4387 1551 4441; x_wconf 91' lang='lat' dir='ltr'><strong>si</strong></span> <span class='ocrx_word' id='word_1_484' title='bbox 1584 4388 1643 4442; x_wconf 93' lang='lat' dir='ltr'><strong>in</strong></span> <span class='ocrx_word' id='word_1_485' title='bbox 1671 4389 1935 4445; x_wconf 85' lang='lat' dir='ltr'><strong>charitate</strong></span> <span class='ocrx_word' id='word_1_486' title='bbox 1964 4408 2070 4447; x_wconf 90' lang='lat' dir='ltr'><strong>non</strong></span> 
     </span>
    </p>
   </div>
   <div class='ocr_carea' id='block_1_61' title="bbox 500 4472 2072 4549">
    <p class='ocr_par' dir='ltr' id='par_1_61' title="bbox 500 4472 2072 4549">
     <span class='ocr_line' id='line_1_61' title="bbox 500 4472 2072 4549; baseline 0.007 -22"><span class='ocrx_word' id='word_1_487' title='bbox 500 4473 718 4538; x_wconf 84' lang='lat' dir='ltr'><strong>habeat,</strong></span> <span class='ocrx_word' id='word_1_488' title='bbox 740 4473 855 4527; x_wconf 91' lang='lat' dir='ltr'><strong>solo</strong></span> <span class='ocrx_word' id='word_1_489' title='bbox 879 4472 1073 4527; x_wconf 62' lang='lat' dir='ltr'><strong>affectu</strong></span> <span class='ocrx_word' id='word_1_490' title='bbox 1101 4474 1288 4542; x_wconf 86' lang='lat' dir='ltr'><strong>diligat</strong></span> <span class='ocrx_word' id='word_1_491' title='bbox 1316 4476 1483 4532; x_wconf 89' lang='lat' dir='ltr'><strong>Deum</strong></span> <span class='ocrx_word' id='word_1_492' title='bbox 1512 4489 1900 4549; x_wconf 87' lang='lat' dir='ltr'><strong>competenter,</strong></span> <span class='ocrx_word' id='word_1_493' title='bbox 1927 4491 1982 4536; x_wconf 87' lang='lat' dir='ltr'><strong>et</strong></span> <span class='ocrx_word' id='word_1_494' title='bbox 2005 4484 2072 4539; x_wconf 89' lang='lat' dir='ltr'><strong>ad</strong></span> 
     </span>
    </p>
   </div>
   <div class='ocr_carea' id='block_1_62' title="bbox 500 4565 2070 4636">
    <p class='ocr_par' dir='ltr' id='par_1_62' title="bbox 500 4565 2070 4636">
     <span class='ocr_line' id='line_1_62' title="bbox 500 4565 2070 4636; baseline 0.008 -19"><span class='ocrx_word' id='word_1_495' title='bbox 500 4565 672 4632; x_wconf 85' lang='lat' dir='ltr'><strong>ipsum</strong></span> <span class='ocrx_word' id='word_1_496' title='bbox 711 4565 919 4619; x_wconf 88' lang='lat' dir='ltr'><strong>dicetur</strong></span> <span class='ocrx_word' id='word_1_497' title='bbox 974 4567 1098 4635; x_wconf 88' lang='lat' dir='ltr'><strong>quia</strong></span> <span class='ocrx_word' id='word_1_498' title='bbox 1129 4568 1450 4623; x_wconf 87' lang='lat' dir='ltr'><strong>charitatem</strong></span> <span class='ocrx_word' id='word_1_499' title='bbox 1480 4569 1576 4625; x_wconf 90' lang='lat' dir='ltr'><strong>Dei</strong></span> <span class='ocrx_word' id='word_1_500' title='bbox 1609 4572 1790 4636; x_wconf 86' lang='lat' dir='ltr'><strong>habet,</strong></span> <span class='ocrx_word' id='word_1_501' title='bbox 1830 4575 1923 4628; x_wconf 89' lang='lat' dir='ltr'><strong>sed</strong></span> <span class='ocrx_word' id='word_1_502' title='bbox 1963 4591 2070 4632; x_wconf 87' lang='lat' dir='ltr'><strong>non</strong></span> 
     </span>
    </p>
   </div>
   <div class='ocr_carea' id='block_1_63' title="bbox 499 4653 2071 4731">
    <p class='ocr_par' dir='ltr' id='par_1_63' title="bbox 499 4653 2071 4731">
     <span class='ocr_line' id='line_1_63' title="bbox 499 4653 2071 4731; baseline 0.008 -25"><span class='ocrx_word' id='word_1_503' title='bbox 499 4653 794 4707; x_wconf 86' lang='lat' dir='ltr'><strong>secundum</strong></span> <span class='ocrx_word' id='word_1_504' title='bbox 822 4653 1127 4708; x_wconf 89' lang='lat' dir='ltr'><strong>scientiam.</strong></span> <span class='ocrx_word' id='word_1_505' title='bbox 1160 4654 1424 4711; x_wconf 89' lang='lat' dir='ltr'><strong>Similiter</strong></span> <span class='ocrx_word' id='word_1_506' title='bbox 1455 4667 1637 4713; x_wconf 90' lang='lat' dir='ltr'><strong>autem</strong></span> <span class='ocrx_word' id='word_1_507' title='bbox 1669 4661 1775 4715; x_wconf 92' lang='lat' dir='ltr'><strong>dici</strong></span> <span class='ocrx_word' id='word_1_508' title='bbox 1805 4671 1983 4731; x_wconf 85' lang='lat' dir='ltr'><strong>potest</strong></span> <span class='ocrx_word' id='word_1_509' title='bbox 2015 4672 2071 4718; x_wconf 85' lang='lat' dir='ltr'><strong>et</strong></span> 
     </span>
    </p>
   </div>
   <div class='ocr_carea' id='block_1_64' title="bbox 497 4742 2067 4812">
    <p class='ocr_par' dir='ltr' id='par_1_64' title="bbox 497 4742 2067 4812">
     <span class='ocr_line' id='line_1_64' title="bbox 497 4742 2067 4812; baseline 0.006 -14"><span class='ocrx_word' id='word_1_510' title='bbox 497 4744 563 4798; x_wconf 83' lang='lat' dir='ltr'><strong>de.</strong></span> <span class='ocrx_word' id='word_1_511' title='bbox 598 4742 703 4797; x_wconf 89' lang='lat' dir='ltr'><strong>alio</strong></span> <span class='ocrx_word' id='word_1_512' title='bbox 752 4743 844 4812; x_wconf 89' lang='lat' dir='ltr'><strong>qui</strong></span> <span class='ocrx_word' id='word_1_513' title='bbox 888 4742 1046 4798; x_wconf 82' lang='lat' dir='ltr'><strong>fidem</strong></span> <span class='ocrx_word' id='word_1_514' title='bbox 1096 4744 1191 4798; x_wconf 91' lang='lat' dir='ltr'><strong>Dci</strong></span> <span class='ocrx_word' id='word_1_515' title='bbox 1240 4745 1421 4811; x_wconf 88' lang='lat' dir='ltr'><strong>habet,</strong></span> <span class='ocrx_word' id='word_1_516' title='bbox 1474 4749 1568 4802; x_wconf 90' lang='lat' dir='ltr'><strong>sed</strong></span> <span class='ocrx_word' id='word_1_517' title='bbox 1614 4765 1723 4805; x_wconf 89' lang='lat' dir='ltr'><strong>non</strong></span> <span class='ocrx_word' id='word_1_518' title='bbox 1771 4754 2067 4807; x_wconf 89' lang='lat' dir='ltr'><strong>secundum</strong></span> 
     </span>
    </p>
   </div>
   <div class='ocr_carea' id='block_1_65' title="bbox 494 4833 2065 4910">
    <p class='ocr_par' dir='ltr' id='par_1_65' title="bbox 494 4833 2065 4910">
     <span class='ocr_line' id='line_1_65' title="bbox 494 4833 2065 4910; baseline 0.004 -21"><span class='ocrx_word' id='word_1_519' title='bbox 494 4834 794 4900; x_wconf 86' lang='lat' dir='ltr'><strong>scientiam,</strong></span> <span class='ocrx_word' id='word_1_520' title='bbox 843 4833 889 4888; x_wconf 88' lang='lat' dir='ltr'><strong>si</strong></span> <span class='ocrx_word' id='word_1_521' title='bbox 933 4834 1143 4905; x_wconf 84' lang='lat' dir='ltr'><strong>ignoret</strong></span> <span class='ocrx_word' id='word_1_522' title='bbox 1184 4836 1311 4904; x_wconf 84' lang='lat' dir='ltr'><strong>quia</strong></span> <span class='ocrx_word' id='word_1_523' title='bbox 1356 4837 1485 4905; x_wconf 84' lang='lat' dir='ltr'><strong>fides</strong></span> <span class='ocrx_word' id='word_1_524' title='bbox 1532 4836 1625 4892; x_wconf 90' lang='lat' dir='ltr'><strong>Dei</strong></span> <span class='ocrx_word' id='word_1_525' title='bbox 1673 4841 1785 4894; x_wconf 88' lang='lat' dir='ltr'><strong>sine</strong></span> <span class='ocrx_word' id='word_1_526' title='bbox 1828 4841 2065 4910; x_wconf 84' lang='lat' dir='ltr'><strong>operibus</strong></span> 
     </span>
    </p>
   </div>
   <div class='ocr_carea' id='block_1_66' title="bbox 493 4924 2064 4998">
    <p class='ocr_par' dir='ltr' id='par_1_66' title="bbox 493 4924 2064 4998">
     <span class='ocr_line' id='line_1_66' title="bbox 493 4924 2064 4998; baseline 0.006 -22"><span class='ocrx_word' id='word_1_527' title='bbox 493 4934 701 4979; x_wconf 88' lang='lat' dir='ltr'><strong>mortua</strong></span> <span class='ocrx_word' id='word_1_528' title='bbox 726 4935 819 4978; x_wconf 86' lang='lat' dir='ltr'><strong>est.</strong></span> <span class='ocrx_word' id='word_1_529' title='bbox 848 4924 1030 4980; x_wconf 84' lang='lat' dir='ltr'><strong>Potest</strong></span> <span class='ocrx_word' id='word_1_530' title='bbox 1066 4933 1123 4980; x_wconf 89' lang='lat' dir='ltr'><strong>et</strong></span> <span class='ocrx_word' id='word_1_531' title='bbox 1156 4926 1222 4981; x_wconf 89' lang='lat' dir='ltr'><strong>de</strong></span> <span class='ocrx_word' id='word_1_532' title='bbox 1252 4926 1358 4981; x_wconf 90' lang='lat' dir='ltr'><strong>alio</strong></span> <span class='ocrx_word' id='word_1_533' title='bbox 1386 4926 1491 4982; x_wconf 90' lang='lat' dir='ltr'><strong>dici</strong></span> <span class='ocrx_word' id='word_1_534' title='bbox 1518 4929 1609 4998; x_wconf 88' lang='lat' dir='ltr'><strong>qui</strong></span> <span class='ocrx_word' id='word_1_535' title='bbox 1634 4930 1937 4986; x_wconf 86' lang='lat' dir='ltr'><strong>castitatem</strong></span> <span class='ocrx_word' id='word_1_536' title='bbox 1973 4932 2064 4986; x_wconf 89' lang='lat' dir='ltr'><strong>ha-</strong></span> 
     </span>
    </p>
   </div>
   <div class='ocr_carea' id='block_1_67' title="bbox 494 5014 2065 5090">
    <p class='ocr_par' dir='ltr' id='par_1_67' title="bbox 494 5014 2065 5090">
     <span class='ocr_line' id='line_1_67' title="bbox 494 5014 2065 5090; baseline 0.008 -23"><span class='ocrx_word' id='word_1_537' title='bbox 494 5014 604 5079; x_wconf 88' lang='lat' dir='ltr'><strong>bet,</strong></span> <span class='ocrx_word' id='word_1_538' title='bbox 644 5017 736 5070; x_wconf 79' lang='lat' dir='ltr'><strong>sed</strong></span> <span class='ocrx_word' id='word_1_539' title='bbox 763 5031 870 5071; x_wconf 90' lang='lat' dir='ltr'><strong>non</strong></span> <span class='ocrx_word' id='word_1_540' title='bbox 905 5019 1196 5072; x_wconf 89' lang='lat' dir='ltr'><strong>secundum</strong></span> <span class='ocrx_word' id='word_1_541' title='bbox 1235 5018 1537 5086; x_wconf 87' lang='lat' dir='ltr'><strong>scientiam,</strong></span> <span class='ocrx_word' id='word_1_542' title='bbox 1576 5021 1777 5090; x_wconf 86' lang='lat' dir='ltr'><strong>quippe</strong></span> <span class='ocrx_word' id='word_1_543' title='bbox 1804 5022 1850 5075; x_wconf 89' lang='lat' dir='ltr'><strong>si</strong></span> <span class='ocrx_word' id='word_1_544' title='bbox 1875 5022 1943 5077; x_wconf 89' lang='lat' dir='ltr'><strong>ab</strong></span> <span class='ocrx_word' id='word_1_545' title='bbox 1968 5024 2065 5079; x_wconf 86' lang='lat' dir='ltr'><strong>ho-</strong></span> 
     </span>
    </p>
   </div>
   <div class='ocr_carea' id='block_1_68' title="bbox 494 5106 2060 5181">
    <p class='ocr_par' dir='ltr' id='par_1_68' title="bbox 494 5106 2060 5181">
     <span class='ocr_line' id='line_1_68' title="bbox 494 5106 2060 5181; baseline 0.007 -24"><span class='ocrx_word' id='word_1_546' title='bbox 494 5106 727 5160; x_wconf 86' lang='lat' dir='ltr'><strong>minibus</strong></span> <span class='ocrx_word' id='word_1_547' title='bbox 764 5107 970 5162; x_wconf 89' lang='lat' dir='ltr'><strong>laudari</strong></span> <span class='ocrx_word' id='word_1_548' title='bbox 1002 5109 1133 5163; x_wconf 92' lang='lat' dir='ltr'><strong>vult.</strong></span> <span class='ocrx_word' id='word_1_549' title='bbox 1165 5108 1230 5163; x_wconf 88' lang='lat' dir='ltr'><strong>Et</strong></span> <span class='ocrx_word' id='word_1_550' title='bbox 1256 5109 1393 5164; x_wconf 91' lang='lat' dir='ltr'><strong>alius</strong></span> <span class='ocrx_word' id='word_1_551' title='bbox 1420 5111 1695 5166; x_wconf 89' lang='lat' dir='ltr'><strong>abstinens</strong></span> <span class='ocrx_word' id='word_1_552' title='bbox 1721 5120 1898 5181; x_wconf 89' lang='lat' dir='ltr'><strong>potest</strong></span> <span class='ocrx_word' id='word_1_553' title='bbox 1922 5114 2027 5168; x_wconf 92' lang='lat' dir='ltr'><strong>dici</strong></span> <span class='ocrx_word' id='word_1_554' title='bbox 2046 5154 2060 5179; x_wconf 92' lang='lat'><strong>,</strong></span> 
     </span>
    </p>
   </div>
   <div class='ocr_carea' id='block_1_69' title="bbox 492 5196 2059 5271">
    <p class='ocr_par' dir='ltr' id='par_1_69' title="bbox 492 5196 2059 5271">
     <span class='ocr_line' id='line_1_69' title="bbox 492 5196 2059 5271; baseline 0.005 -21"><span class='ocrx_word' id='word_1_555' title='bbox 492 5196 586 5250; x_wconf 85' lang='lat' dir='ltr'><strong>sed</strong></span> <span class='ocrx_word' id='word_1_556' title='bbox 616 5213 719 5251; x_wconf 92' lang='lat' dir='ltr'><strong>non</strong></span> <span class='ocrx_word' id='word_1_557' title='bbox 749 5200 1044 5254; x_wconf 90' lang='lat' dir='ltr'><strong>secundum</strong></span> <span class='ocrx_word' id='word_1_558' title='bbox 1070 5200 1375 5266; x_wconf 90' lang='lat' dir='ltr'><strong>scientiam,</strong></span> <span class='ocrx_word' id='word_1_559' title='bbox 1405 5201 1452 5255; x_wconf 92' lang='lat' dir='ltr'><strong>si</strong></span> <span class='ocrx_word' id='word_1_560' title='bbox 1482 5209 1770 5271; x_wconf 87' lang='lat' dir='ltr'><strong>propterea</strong></span> <span class='ocrx_word' id='word_1_561' title='bbox 1794 5210 1854 5256; x_wconf 87' lang='lat' dir='ltr'><strong>ut</strong></span> <span class='ocrx_word' id='word_1_562' title='bbox 1882 5202 2059 5258; x_wconf 91' lang='lat' dir='ltr'><strong>homi-</strong></span> 
     </span>
    </p>
   </div>
   <div class='ocr_carea' id='block_1_70' title="bbox 491 5282 2064 5368">
    <p class='ocr_par' dir='ltr' id='par_1_70' title="bbox 491 5282 2064 5368">
     <span class='ocr_line' id='line_1_70' title="bbox 491 5282 2064 5368; baseline 0.005 -24"><span class='ocrx_word' id='word_1_563' title='bbox 491 5290 653 5345; x_wconf 90' lang='lat' dir='ltr'><strong>nibus</strong></span> <span class='ocrx_word' id='word_1_564' title='bbox 689 5282 965 5359; x_wconf 79' lang='lat' dir='ltr'><strong>appareat.</strong></span> <span class='ocrx_word' id='word_1_565' title='bbox 996 5294 1062 5347; x_wconf 88' lang='lat' dir='ltr'><strong>Et</strong></span> <span class='ocrx_word' id='word_1_566' title='bbox 1095 5295 1176 5350; x_wconf 86' lang='lat' dir='ltr'><strong>sic</strong></span> <span class='ocrx_word' id='word_1_567' title='bbox 1206 5309 1306 5365; x_wconf 87' lang='lat' dir='ltr'><strong>per</strong></span> <span class='ocrx_word' id='word_1_568' title='bbox 1332 5294 1538 5365; x_wconf 85' lang='lat' dir='ltr'><strong>singula</strong></span> <span class='ocrx_word' id='word_1_569' title='bbox 1569 5311 1797 5366; x_wconf 82' lang='lat' dir='ltr'><strong>quaeque</strong></span> <span class='ocrx_word' id='word_1_570' title='bbox 1826 5312 1945 5367; x_wconf 67' lang='lat' dir='ltr'><strong>quae</strong></span> <span class='ocrx_word' id='word_1_571' title='bbox 1973 5312 2064 5368; x_wconf 80' lang='lat' dir='ltr'><strong>ge-</strong></span> 
     </span>
    </p>
   </div>
   <div class='ocr_carea' id='block_1_71' title="bbox 494 5385 2056 5456">
    <p class='ocr_par' dir='ltr' id='par_1_71' title="bbox 494 5385 2056 5456">
     <span class='ocr_line' id='line_1_71' title="bbox 494 5385 2056 5456; baseline 0.003 -17"><span class='ocrx_word' id='word_1_572' title='bbox 494 5387 684 5442; x_wconf 89' lang='lat' dir='ltr'><strong>rimus.</strong></span> <span class='ocrx_word' id='word_1_573' title='bbox 713 5385 957 5455; x_wconf 89' lang='lat' dir='ltr'><strong>Denique</strong></span> <span class='ocrx_word' id='word_1_574' title='bbox 982 5394 1037 5440; x_wconf 89' lang='lat' dir='ltr'><strong>et</strong></span> <span class='ocrx_word' id='word_1_575' title='bbox 1061 5387 1286 5456; x_wconf 90' lang='lat' dir='ltr'><strong>apostoli</strong></span> <span class='ocrx_word' id='word_1_576' title='bbox 1311 5387 1559 5443; x_wconf 86' lang='lat' dir='ltr'><strong>dicebant</strong></span> <span class='ocrx_word' id='word_1_577' title='bbox 1584 5388 1649 5441; x_wconf 92' lang='lat' dir='ltr'><strong>ad</strong></span> <span class='ocrx_word' id='word_1_578' title='bbox 1681 5387 2015 5444; x_wconf 87' lang='lat' dir='ltr'><strong>Salvatorem</strong></span> <span class='ocrx_word' id='word_1_579' title='bbox 2045 5407 2056 5443; x_wconf 90' lang='lat'>:</span> 
     </span>
    </p>
   </div>
   <div class='ocr_carea' id='block_1_72' title="bbox 493 5476 2060 5551">
    <p class='ocr_par' dir='ltr' id='par_1_72' title="bbox 493 5476 2060 5551">
     <span class='ocr_line' id='line_1_72' title="bbox 493 5476 2060 5551; baseline 0.005 -23"><span class='ocrx_word' id='word_1_580' title='bbox 493 5478 636 5546; x_wconf 79' lang='lat' dir='ltr'><strong>Auge</strong></span> <span class='ocrx_word' id='word_1_581' title='bbox 662 5477 807 5533; x_wconf 87' lang='lat' dir='ltr'><strong>nobis</strong></span> <span class='ocrx_word' id='word_1_582' title='bbox 828 5478 984 5547; x_wconf 75' lang='lat' dir='ltr'><strong>fidem</strong></span> <span class='ocrx_word' id='word_1_583' title='bbox 1013 5476 1164 5551; x_wconf 88' lang='lat' dir='ltr'><strong>(Luc.</strong></span> <span class='ocrx_word' id='word_1_584' title='bbox 1196 5479 1329 5543; x_wconf 79' lang='lat' dir='ltr'><strong>xvu)</strong></span> <span class='ocrx_word' id='word_1_585' title='bbox 1355 5496 1369 5534; x_wconf 91' lang='lat'><strong>:</strong></span> <span class='ocrx_word' id='word_1_586' title='bbox 1399 5480 1500 5533; x_wconf 86' lang='lat' dir='ltr'><strong>hoc</strong></span> <span class='ocrx_word' id='word_1_587' title='bbox 1529 5491 1631 5544; x_wconf 85' lang='lat' dir='ltr'><strong>est,</strong></span> <span class='ocrx_word' id='word_1_588' title='bbox 1660 5481 1916 5536; x_wconf 87' lang='lat' dir='ltr'><strong>habentes</strong></span> <span class='ocrx_word' id='word_1_589' title='bbox 1942 5497 2060 5536; x_wconf 86' lang='lat' dir='ltr'><strong>eam</strong></span> 
     </span>
    </p>
   </div>
   <div class='ocr_carea' id='block_1_73' title="bbox 493 5566 2060 5636">
    <p class='ocr_par' dir='ltr' id='par_1_73' title="bbox 493 5566 2060 5636">
     <span class='ocr_line' id='line_1_73' title="bbox 493 5566 2060 5636; baseline 0.006 -17"><span class='ocrx_word' id='word_1_590' title='bbox 493 5566 653 5620; x_wconf 83' lang='lat' dir='ltr'><strong>[idem</strong></span> <span class='ocrx_word' id='word_1_591' title='bbox 694 5583 811 5636; x_wconf 71' lang='lat' dir='ltr'><strong>qua:</strong></span> <span class='ocrx_word' id='word_1_592' title='bbox 850 5585 953 5622; x_wconf 88' lang='lat' dir='ltr'><strong>non</strong></span> <span class='ocrx_word' id='word_1_593' title='bbox 993 5578 1074 5624; x_wconf 88' lang='lat' dir='ltr'><strong>est</strong></span> <span class='ocrx_word' id='word_1_594' title='bbox 1116 5569 1407 5624; x_wconf 89' lang='lat' dir='ltr'><strong>secundum</strong></span> <span class='ocrx_word' id='word_1_595' title='bbox 1438 5572 1741 5636; x_wconf 82' lang='lat' dir='ltr'><strong>scientiam,</strong></span> <span class='ocrx_word' id='word_1_596' title='bbox 1770 5572 2060 5628; x_wconf 79' lang='lat' dir='ltr'><strong>habeamus</strong></span> 
     </span>
    </p>
   </div>
   <div class='ocr_carea' id='block_1_74' title="bbox 490 5658 2063 5729">
    <p class='ocr_par' dir='ltr' id='par_1_74' title="bbox 490 5658 2063 5729">
     <span class='ocr_line' id='line_1_74' title="bbox 490 5658 2063 5729; baseline 0.003 -18"><span class='ocrx_word' id='word_1_597' title='bbox 490 5670 609 5712; x_wconf 85' lang='lat' dir='ltr'><strong>cam</strong></span> <span class='ocrx_word' id='word_1_598' title='bbox 634 5658 793 5714; x_wconf 86' lang='lat' dir='ltr'><strong>fidem</strong></span> <span class='ocrx_word' id='word_1_599' title='bbox 826 5677 942 5729; x_wconf 67' lang='lat' dir='ltr'><strong>qum</strong></span> <span class='ocrx_word' id='word_1_600' title='bbox 973 5670 1053 5717; x_wconf 86' lang='lat' dir='ltr'><strong>est</strong></span> <span class='ocrx_word' id='word_1_601' title='bbox 1090 5660 1380 5718; x_wconf 80' lang='lat' dir='ltr'><strong>secundum</strong></span> <span class='ocrx_word' id='word_1_602' title='bbox 1405 5661 1699 5715; x_wconf 83' lang='lat' dir='ltr'><strong>scientiam.</strong></span> <span class='ocrx_word' id='word_1_603' title='bbox 1732 5662 1948 5716; x_wconf 84' lang='lat' dir='ltr'><strong>Interim</strong></span> <span class='ocrx_word' id='word_1_604' title='bbox 1976 5659 2063 5716; x_wconf 82' lang='lat' dir='ltr'><strong>Ju-</strong></span> 
     </span>
    </p>
   </div>
   <div class='ocr_carea' id='block_1_75' title="bbox 2099 4439 2149 4497">
    <p class='ocr_par' dir='ltr' id='par_1_75' title="bbox 2099 4439 2149 4497">
     <span class='ocr_line' id='line_1_75' title="bbox 2099 4439 2149 4497; baseline 0 0"><span class='ocrx_word' id='word_1_605' title='bbox 2099 4439 2149 4497; x_wconf 91' lang='lat' dir='ltr'><strong>D</strong></span> 
     </span>
    </p>
   </div>
   <div class='ocr_carea' id='block_1_76' title="bbox 2193 1844 3763 1916">
    <p class='ocr_par' dir='ltr' id='par_1_76' title="bbox 2193 1844 3763 1916">
     <span class='ocr_line' id='line_1_76' title="bbox 2193 1844 3763 1916; baseline -0.003 -15"><span class='ocrx_word' id='word_1_606' title='bbox 2193 1846 2371 1901; x_wconf 82' lang='lat' dir='ltr'><strong>nullus</strong></span> <span class='ocrx_word' id='word_1_607' title='bbox 2408 1844 2805 1915; x_wconf 80' lang='lat' dir='ltr'><strong>justiﬁearetur</strong></span> <span class='ocrx_word' id='word_1_608' title='bbox 2849 1860 2916 1900; x_wconf 81' lang='lat' dir='ltr'><strong>ex</strong></span> <span class='ocrx_word' id='word_1_609' title='bbox 2956 1846 3096 1916; x_wconf 77' lang='lat' dir='ltr'><strong>lege,</strong></span> <span class='ocrx_word' id='word_1_610' title='bbox 3137 1845 3264 1914; x_wconf 89' lang='lat' dir='ltr'><strong>quia</strong></span> <span class='ocrx_word' id='word_1_611' title='bbox 3312 1860 3472 1900; x_wconf 91' lang='lat' dir='ltr'><strong>nemo</strong></span> <span class='ocrx_word' id='word_1_612' title='bbox 3511 1844 3763 1913; x_wconf 88' lang='lat' dir='ltr'><strong>implebat</strong></span> 
     </span>
    </p>
   </div>
   <div class='ocr_carea' id='block_1_77' title="bbox 2192 1920 3761 2007">
    <p class='ocr_par' dir='ltr' id='par_1_77' title="bbox 2192 1920 3761 2007">
     <span class='ocr_line' id='line_1_77' title="bbox 2192 1920 3761 2007; baseline -0.002 -17"><span class='ocrx_word' id='word_1_613' title='bbox 2192 1936 2385 2005; x_wconf 84' lang='lat' dir='ltr'><strong>legem,</strong></span> <span class='ocrx_word' id='word_1_614' title='bbox 2435 1936 2540 1991; x_wconf 90' lang='lat' dir='ltr'><strong>nisi</strong></span> <span class='ocrx_word' id='word_1_615' title='bbox 2585 1937 2676 2007; x_wconf 88' lang='lat' dir='ltr'><strong>qui</strong></span> <span class='ocrx_word' id='word_1_616' title='bbox 2718 1920 2961 2005; x_wconf 85' lang='lat' dir='ltr'><strong>speraret</strong></span> <span class='ocrx_word' id='word_1_617' title='bbox 2998 1937 3051 1991; x_wconf 90' lang='lat' dir='ltr'><strong>in</strong></span> <span class='ocrx_word' id='word_1_618' title='bbox 3088 1936 3500 2006; x_wconf 89' lang='lat' dir='ltr'><strong>promissionem</strong></span> <span class='ocrx_word' id='word_1_619' title='bbox 3541 1934 3761 1999; x_wconf 89' lang='lat' dir='ltr'><strong>Christi,</strong></span> 
     </span>
    </p>
   </div>
   <div class='ocr_carea' id='block_1_78' title="bbox 2193 2025 3759 2097">
    <p class='ocr_par' dir='ltr' id='par_1_78' title="bbox 2193 2025 3759 2097">
     <span class='ocr_line' id='line_1_78' title="bbox 2193 2025 3759 2097; baseline 0.002 -19"><span class='ocrx_word' id='word_1_620' title='bbox 2193 2025 2327 2081; x_wconf 80' lang='lat' dir='ltr'><strong>fides</strong></span> <span class='ocrx_word' id='word_1_621' title='bbox 2350 2026 2524 2095; x_wconf 88' lang='lat' dir='ltr'><strong>posita</strong></span> <span class='ocrx_word' id='word_1_622' title='bbox 2552 2035 2656 2091; x_wconf 91' lang='lat' dir='ltr'><strong>est,</strong></span> <span class='ocrx_word' id='word_1_623' title='bbox 2688 2041 2809 2095; x_wconf 65' lang='lat' dir='ltr'><strong>quae</strong></span> <span class='ocrx_word' id='word_1_624' title='bbox 2846 2027 3091 2081; x_wconf 89' lang='lat' dir='ltr'><strong>crederet</strong></span> <span class='ocrx_word' id='word_1_625' title='bbox 3118 2041 3218 2096; x_wconf 88' lang='lat' dir='ltr'><strong>pro</strong></span> <span class='ocrx_word' id='word_1_626' title='bbox 3244 2025 3573 2096; x_wconf 82' lang='lat' dir='ltr'><strong>perfectione</strong></span> <span class='ocrx_word' id='word_1_627' title='bbox 3609 2025 3759 2097; x_wconf 88' lang='lat' dir='ltr'><strong>legis,</strong></span> 
     </span>
    </p>
   </div>
   <div class='ocr_carea' id='block_1_79' title="bbox 2192 2116 3761 2187">
    <p class='ocr_par' dir='ltr' id='par_1_79' title="bbox 2192 2116 3761 2187">
     <span class='ocr_line' id='line_1_79' title="bbox 2192 2116 3761 2187; baseline -0.001 -16"><span class='ocrx_word' id='word_1_628' title='bbox 2192 2126 2254 2171; x_wconf 89' lang='lat' dir='ltr'><strong>ut</strong></span> <span class='ocrx_word' id='word_1_629' title='bbox 2301 2118 2356 2172; x_wconf 91' lang='lat' dir='ltr'><strong>in</strong></span> <span class='ocrx_word' id='word_1_630' title='bbox 2398 2118 2647 2173; x_wconf 89' lang='lat' dir='ltr'><strong>omnibus</strong></span> <span class='ocrx_word' id='word_1_631' title='bbox 2690 2118 3072 2187; x_wconf 66' lang='lat' dir='ltr'><strong>praetermissis</strong></span> <span class='ocrx_word' id='word_1_632' title='bbox 3113 2118 3246 2173; x_wconf 80' lang='lat' dir='ltr'><strong>ﬁdes</strong></span> <span class='ocrx_word' id='word_1_633' title='bbox 3289 2116 3627 2173; x_wconf 84' lang='lat' dir='ltr'><strong>satisfaceret</strong></span> <span class='ocrx_word' id='word_1_634' title='bbox 3665 2133 3761 2187; x_wconf 87' lang='lat' dir='ltr'><strong>pro</strong></span> 
     </span>
    </p>
   </div>
   <div class='ocr_carea' id='block_1_80' title="bbox 2194 2208 3762 2280">
    <p class='ocr_par' dir='ltr' id='par_1_80' title="bbox 2194 2208 3762 2280">
     <span class='ocr_line' id='line_1_80' title="bbox 2194 2208 3762 2280; baseline -0.001 -17"><span class='ocrx_word' id='word_1_635' title='bbox 2194 2216 2303 2263; x_wconf 88' lang='lat' dir='ltr'><strong>tota</strong></span> <span class='ocrx_word' id='word_1_636' title='bbox 2326 2208 2463 2280; x_wconf 85' lang='lat' dir='ltr'><strong>lege.</strong></span> <span class='ocrx_word' id='word_1_637' title='bbox 2491 2208 2698 2279; x_wconf 81' lang='lat' dir='ltr'><strong>Moyses</strong></span> <span class='ocrx_word' id='word_1_638' title='bbox 2725 2210 2865 2263; x_wconf 84' lang='lat' dir='ltr'><strong>enim</strong></span> <span class='ocrx_word' id='word_1_639' title='bbox 2886 2210 3114 2279; x_wconf 85' lang='lat' dir='ltr'><strong>scripsit.</strong></span> <span class='ocrx_word' id='word_1_640' title='bbox 3140 2209 3259 2279; x_wconf 87' lang='lat' dir='ltr'><strong>Ipse</strong></span> <span class='ocrx_word' id='word_1_641' title='bbox 3287 2208 3496 2280; x_wconf 82' lang='lat' dir='ltr'><strong>Moyses</strong></span> <span class='ocrx_word' id='word_1_642' title='bbox 3522 2209 3762 2263; x_wconf 80' lang='lat' dir='ltr'><strong>distinxit</strong></span> 
     </span>
    </p>
   </div>
   <div class='ocr_carea' id='block_1_81' title="bbox 2192 2296 3764 2368">
    <p class='ocr_par' dir='ltr' id='par_1_81' title="bbox 2192 2296 3764 2368">
     <span class='ocr_line' id='line_1_81' title="bbox 2192 2296 3764 2368; baseline 0.001 -17"><span class='ocrx_word' id='word_1_643' title='bbox 2192 2298 2333 2352; x_wconf 88' lang='lat' dir='ltr'><strong>inter</strong></span> <span class='ocrx_word' id='word_1_644' title='bbox 2360 2308 2649 2368; x_wconf 89' lang='lat' dir='ltr'><strong>utramque</strong></span> <span class='ocrx_word' id='word_1_645' title='bbox 2671 2296 2965 2367; x_wconf 79' lang='lat' dir='ltr'><strong>justitiam,</strong></span> <span class='ocrx_word' id='word_1_646' title='bbox 3004 2298 3127 2354; x_wconf 77' lang='lat' dir='ltr'><strong>fidei</strong></span> <span class='ocrx_word' id='word_1_647' title='bbox 3164 2299 3375 2354; x_wconf 86' lang='lat' dir='ltr'><strong>scilicet</strong></span> <span class='ocrx_word' id='word_1_648' title='bbox 3409 2306 3567 2367; x_wconf 87' lang='lat' dir='ltr'><strong>atque</strong></span> <span class='ocrx_word' id='word_1_649' title='bbox 3600 2298 3764 2352; x_wconf 74' lang='lat' dir='ltr'><strong>facto-</strong></span> 
     </span>
    </p>
   </div>
   <div class='ocr_carea' id='block_1_82' title="bbox 2193 2387 3764 2459">
    <p class='ocr_par' dir='ltr' id='par_1_82' title="bbox 2193 2387 3764 2459">
     <span class='ocr_line' id='line_1_82' title="bbox 2193 2387 3764 2459; baseline 0.001 -17"><span class='ocrx_word' id='word_1_650' title='bbox 2193 2404 2333 2453; x_wconf 92' lang='lat' dir='ltr'><strong>rum,</strong></span> <span class='ocrx_word' id='word_1_651' title='bbox 2382 2388 2507 2457; x_wconf 91' lang='lat' dir='ltr'><strong>quia</strong></span> <span class='ocrx_word' id='word_1_652' title='bbox 2551 2387 2724 2443; x_wconf 89' lang='lat' dir='ltr'><strong>altera</strong></span> <span class='ocrx_word' id='word_1_653' title='bbox 2770 2389 3044 2459; x_wconf 84' lang='lat' dir='ltr'><strong>operibus,</strong></span> <span class='ocrx_word' id='word_1_654' title='bbox 3083 2389 3249 2443; x_wconf 88' lang='lat' dir='ltr'><strong>altera</strong></span> <span class='ocrx_word' id='word_1_655' title='bbox 3288 2388 3401 2443; x_wconf 89' lang='lat' dir='ltr'><strong>sola</strong></span> <span class='ocrx_word' id='word_1_656' title='bbox 3442 2388 3764 2443; x_wconf 88' lang='lat' dir='ltr'><strong>credulitate</strong></span> 
     </span>
    </p>
   </div>
   <div class='ocr_carea' id='block_1_83' title="bbox 2184 2477 3762 2553">
    <p class='ocr_par' dir='ltr' id='par_1_83' title="bbox 2184 2477 3762 2553">
     <span class='ocr_line' id='line_1_83' title="bbox 2184 2477 3762 2553; baseline 0.001 -19"><span class='ocrx_word' id='word_1_657' title='bbox 2184 2479 2449 2550; x_wconf 83' lang='lat' dir='ltr'><strong>justifieet</strong></span> <span class='ocrx_word' id='word_1_658' title='bbox 2474 2477 2844 2537; x_wconf 83' lang='lat' dir='ltr'><strong>accedentem.</strong></span> <span class='ocrx_word' id='word_1_659' title='bbox 2875 2480 3138 2546; x_wconf 83' lang='lat' dir='ltr'><strong>Quoniam</strong></span> <span class='ocrx_word' id='word_1_660' title='bbox 3156 2484 3244 2553; x_wconf 87' lang='lat' dir='ltr'><strong>qui</strong></span> <span class='ocrx_word' id='word_1_661' title='bbox 3274 2482 3448 2551; x_wconf 74' lang='lat' dir='ltr'><strong>fecciit</strong></span> <span class='ocrx_word' id='word_1_662' title='bbox 3474 2499 3533 2535; x_wconf 88' lang='lat' dir='ltr'><strong>ea</strong></span> <span class='ocrx_word' id='word_1_663' title='bbox 3555 2483 3681 2536; x_wconf 83' lang='lat' dir='ltr'><strong>vivet</strong></span> <span class='ocrx_word' id='word_1_664' title='bbox 3707 2483 3762 2536; x_wconf 86' lang='lat' dir='ltr'><strong>in</strong></span> 
     </span>
    </p>
   </div>
   <div class='ocr_carea' id='block_1_84' title="bbox 2187 2569 3765 2643">
    <p class='ocr_par' dir='ltr' id='par_1_84' title="bbox 2187 2569 3765 2643">
     <span class='ocr_line' id='line_1_84' title="bbox 2187 2569 3765 2643; baseline 0.003 -20"><span class='ocrx_word' id='word_1_665' title='bbox 2187 2570 2284 2624; x_wconf 91' lang='lat' dir='ltr'><strong>eis.</strong></span> <span class='ocrx_word' id='word_1_666' title='bbox 2324 2569 2413 2631; x_wconf 70' lang='lat' dir='ltr'><strong>id,</strong></span> <span class='ocrx_word' id='word_1_667' title='bbox 2435 2578 2540 2636; x_wconf 88' lang='lat' dir='ltr'><strong>est,</strong></span> <span class='ocrx_word' id='word_1_668' title='bbox 2572 2570 2864 2625; x_wconf 83' lang='lat' dir='ltr'><strong>vindictam</strong></span> <span class='ocrx_word' id='word_1_669' title='bbox 2898 2571 3032 2643; x_wconf 83' lang='lat' dir='ltr'><strong>legis</strong></span> <span class='ocrx_word' id='word_1_670' title='bbox 3074 2571 3295 2642; x_wconf 76' lang='lat' dir='ltr'><strong>etfugiet</strong></span> <span class='ocrx_word' id='word_1_671' title='bbox 3329 2582 3385 2627; x_wconf 91' lang='lat' dir='ltr'><strong>et</strong></span> <span class='ocrx_word' id='word_1_672' title='bbox 3426 2573 3563 2627; x_wconf 87' lang='lat' dir='ltr'><strong>bona</strong></span> <span class='ocrx_word' id='word_1_673' title='bbox 3606 2581 3765 2627; x_wconf 62' lang='lat' dir='ltr'><strong>term:</strong></span> 
     </span>
    </p>
   </div>
   <div class='ocr_carea' id='block_1_85' title="bbox 2190 2660 3763 2733">
    <p class='ocr_par' dir='ltr' id='par_1_85' title="bbox 2190 2660 3763 2733">
     <span class='ocr_line' id='line_1_85' title="bbox 2190 2660 3763 2733; baseline 0.002 -18"><span class='ocrx_word' id='word_1_674' title='bbox 2190 2661 2439 2731; x_wconf 88' lang='lat' dir='ltr'><strong>accipiet.</strong></span> <span class='ocrx_word' id='word_1_675' title='bbox 2485 2660 2715 2728; x_wconf 82' lang='lat' dir='ltr'><strong>Quidam</strong></span> <span class='ocrx_word' id='word_1_676' title='bbox 2746 2677 2809 2716; x_wconf 85' lang='lat' dir='ltr'><strong>ex</strong></span> <span class='ocrx_word' id='word_1_677' title='bbox 2850 2662 2953 2717; x_wconf 93' lang='lat' dir='ltr'><strong>hoc</strong></span> <span class='ocrx_word' id='word_1_678' title='bbox 2996 2661 3115 2717; x_wconf 83' lang='lat' dir='ltr'><strong>loco</strong></span> <span class='ocrx_word' id='word_1_679' title='bbox 3152 2670 3340 2733; x_wconf 89' lang='lat' dir='ltr'><strong>putant</strong></span> <span class='ocrx_word' id='word_1_680' title='bbox 3378 2661 3590 2717; x_wconf 72' lang='lat' dir='ltr'><strong>Iudaeos</strong></span> <span class='ocrx_word' id='word_1_681' title='bbox 3625 2678 3763 2731; x_wconf 75' lang='lat' dir='ltr'><strong>pne-</strong></span> 
     </span>
    </p>
   </div>
   <div class='ocr_carea' id='block_1_86' title="bbox 2189 2754 3763 2824">
    <p class='ocr_par' dir='ltr' id='par_1_86' title="bbox 2189 2754 3763 2824">
     <span class='ocr_line' id='line_1_86' title="bbox 2189 2754 3763 2824; baseline 0.003 -18"><span class='ocrx_word' id='word_1_682' title='bbox 2189 2759 2398 2806; x_wconf 88' lang='lat' dir='ltr'><strong>sentem</strong></span> <span class='ocrx_word' id='word_1_683' title='bbox 2462 2760 2671 2807; x_wconf 86' lang='lat' dir='ltr'><strong>tantum</strong></span> <span class='ocrx_word' id='word_1_684' title='bbox 2745 2754 2913 2808; x_wconf 85' lang='lat' dir='ltr'><strong>vitam</strong></span> <span class='ocrx_word' id='word_1_685' title='bbox 2983 2769 3051 2809; x_wconf 84' lang='lat' dir='ltr'><strong>ex</strong></span> <span class='ocrx_word' id='word_1_686' title='bbox 3115 2754 3249 2823; x_wconf 80' lang='lat' dir='ltr'><strong>legis</strong></span> <span class='ocrx_word' id='word_1_687' title='bbox 3321 2755 3574 2824; x_wconf 91' lang='lat' dir='ltr'><strong>operibus</strong></span> <span class='ocrx_word' id='word_1_688' title='bbox 3644 2771 3763 2810; x_wconf 89' lang='lat' dir='ltr'><strong>me-</strong></span> 
     </span>
    </p>
   </div>
   <div class='ocr_carea' id='block_1_87' title="bbox 2190 2843 3763 2912">
    <p class='ocr_par' dir='ltr' id='par_1_87' title="bbox 2190 2843 3763 2912">
     <span class='ocr_line' id='line_1_87' title="bbox 2190 2843 3763 2912; baseline 0.003 -15"><span class='ocrx_word' id='word_1_689' title='bbox 2190 2843 2392 2906; x_wconf 87' lang='lat' dir='ltr'><strong>ruisse,</strong></span> <span class='ocrx_word' id='word_1_690' title='bbox 2447 2846 2588 2912; x_wconf 88' lang='lat' dir='ltr'><strong>quod</strong></span> <span class='ocrx_word' id='word_1_691' title='bbox 2636 2859 2824 2899; x_wconf 89' lang='lat' dir='ltr'><strong>verum</strong></span> <span class='ocrx_word' id='word_1_692' title='bbox 2876 2862 2984 2900; x_wconf 90' lang='lat' dir='ltr'><strong>non</strong></span> <span class='ocrx_word' id='word_1_693' title='bbox 3034 2862 3156 2901; x_wconf 84' lang='lat' dir='ltr'><strong>esse</strong></span> <span class='ocrx_word' id='word_1_694' title='bbox 3197 2848 3410 2901; x_wconf 90' lang='lat' dir='ltr'><strong>Domini</strong></span> <span class='ocrx_word' id='word_1_695' title='bbox 3454 2847 3618 2901; x_wconf 83' lang='lat' dir='ltr'><strong>verba</strong></span> <span class='ocrx_word' id='word_1_696' title='bbox 3667 2847 3763 2902; x_wconf 84' lang='lat' dir='ltr'><strong>de-</strong></span> 
     </span>
    </p>
   </div>
   <div class='ocr_carea' id='block_1_88' title="bbox 2188 2931 3763 3007">
    <p class='ocr_par' dir='ltr' id='par_1_88' title="bbox 2188 2931 3763 3007">
     <span class='ocr_line' id='line_1_88' title="bbox 2188 2931 3763 3007; baseline 0.004 -22"><span class='ocrx_word' id='word_1_697' title='bbox 2188 2931 2417 2999; x_wconf 88' lang='lat' dir='ltr'><strong>clarant,</strong></span> <span class='ocrx_word' id='word_1_698' title='bbox 2468 2934 2558 3003; x_wconf 91' lang='lat' dir='ltr'><strong>qui</strong></span> <span class='ocrx_word' id='word_1_699' title='bbox 2595 2934 2662 2989; x_wconf 90' lang='lat' dir='ltr'><strong>de</strong></span> <span class='ocrx_word' id='word_1_700' title='bbox 2691 2935 2801 2989; x_wconf 85' lang='lat' dir='ltr'><strong>vita</strong></span> <span class='ocrx_word' id='word_1_701' title='bbox 2835 2935 3201 3007; x_wconf 83' lang='lat' dir='ltr'><strong>interrogatus</strong></span> <span class='ocrx_word' id='word_1_702' title='bbox 3238 2946 3460 3001; x_wconf 72' lang='lat' dir='ltr'><strong>teterna,</strong></span> <span class='ocrx_word' id='word_1_703' title='bbox 3508 2938 3763 2992; x_wconf 85' lang='lat' dir='ltr'><strong>mandata</strong></span> 
     </span>
    </p>
   </div>
   <div class='ocr_carea' id='block_1_89' title="bbox 2190 3022 3762 3095">
    <p class='ocr_par' dir='ltr' id='par_1_89' title="bbox 2190 3022 3762 3095">
     <span class='ocr_line' id='line_1_89' title="bbox 2190 3022 3762 3095; baseline 0.004 -20"><span class='ocrx_word' id='word_1_704' title='bbox 2190 3022 2324 3091; x_wconf 74' lang='lat' dir='ltr'><strong>legis</strong></span> <span class='ocrx_word' id='word_1_705' title='bbox 2359 3026 2605 3095; x_wconf 89' lang='lat' dir='ltr'><strong>opponit,</strong></span> <span class='ocrx_word' id='word_1_706' title='bbox 2643 3026 2864 3081; x_wconf 90' lang='lat' dir='ltr'><strong>dicens:</strong></span> <span class='ocrx_word' id='word_1_707' title='bbox 2900 3026 2962 3082; x_wconf 86' lang='lat' dir='ltr'><strong>Si</strong></span> <span class='ocrx_word' id='word_1_708' title='bbox 2986 3028 3059 3082; x_wconf 79' lang='lat' dir='ltr'><strong>vis</strong></span> <span class='ocrx_word' id='word_1_709' title='bbox 3100 3028 3154 3081; x_wconf 89' lang='lat' dir='ltr'><strong>in</strong></span> <span class='ocrx_word' id='word_1_710' title='bbox 3184 3028 3340 3082; x_wconf 76' lang='lat' dir='ltr'><strong>vitam</strong></span> <span class='ocrx_word' id='word_1_711' title='bbox 3381 3031 3568 3092; x_wconf 88' lang='lat' dir='ltr'><strong>venire,</strong></span> <span class='ocrx_word' id='word_1_712' title='bbox 3611 3046 3762 3084; x_wconf 82' lang='lat' dir='ltr'><strong>serva</strong></span> 
     </span>
    </p>
   </div>
   <div class='ocr_carea' id='block_1_90' title="bbox 2192 3115 3762 3190">
    <p class='ocr_par' dir='ltr' id='par_1_90' title="bbox 2192 3115 3762 3190">
     <span class='ocr_line' id='line_1_90' title="bbox 2192 3115 3762 3190; baseline 0.005 -22"><span class='ocrx_word' id='word_1_713' title='bbox 2192 3115 2441 3169; x_wconf 85' lang='lat' dir='ltr'><strong>mandata</strong></span> <span class='ocrx_word' id='word_1_714' title='bbox 2494 3115 2707 3187; x_wconf 64' lang='lat' dir='ltr'><strong>(Matth.</strong></span> <span class='ocrx_word' id='word_1_715' title='bbox 2762 3118 2899 3189; x_wconf 80' lang='lat' dir='ltr'><strong>xix).</strong></span> <span class='ocrx_word' id='word_1_716' title='bbox 2932 3118 3085 3174; x_wconf 87' lang='lat' dir='ltr'><strong>Unde</strong></span> <span class='ocrx_word' id='word_1_717' title='bbox 3124 3119 3472 3188; x_wconf 79' lang='lat' dir='ltr'><strong>intelligimus</strong></span> <span class='ocrx_word' id='word_1_718' title='bbox 3496 3122 3637 3189; x_wconf 85' lang='lat' dir='ltr'><strong>quod</strong></span> <span class='ocrx_word' id='word_1_719' title='bbox 3665 3123 3762 3190; x_wconf 88' lang='lat' dir='ltr'><strong>qui</strong></span> 
     </span>
    </p>
   </div>
   <div class='ocr_carea' id='block_1_91' title="bbox 2188 3209 3761 3280">
    <p class='ocr_par' dir='ltr' id='par_1_91' title="bbox 2188 3209 3761 3280">
     <span class='ocr_line' id='line_1_91' title="bbox 2188 3209 3761 3280; baseline 0.003 -17"><span class='ocrx_word' id='word_1_720' title='bbox 2188 3222 2286 3263; x_wconf 90' lang='lat' dir='ltr'><strong>suo</strong></span> <span class='ocrx_word' id='word_1_721' title='bbox 2317 3217 2557 3278; x_wconf 90' lang='lat' dir='ltr'><strong>tempore</strong></span> <span class='ocrx_word' id='word_1_722' title='bbox 2578 3209 2750 3280; x_wconf 79' lang='lat' dir='ltr'><strong>legem</strong></span> <span class='ocrx_word' id='word_1_723' title='bbox 2777 3211 3034 3275; x_wconf 84' lang='lat' dir='ltr'><strong>servavit,</strong></span> <span class='ocrx_word' id='word_1_724' title='bbox 3066 3220 3322 3267; x_wconf 67' lang='lat' dir='ltr'><strong>maternam</strong></span> <span class='ocrx_word' id='word_1_725' title='bbox 3355 3214 3520 3268; x_wconf 89' lang='lat' dir='ltr'><strong>vitam</strong></span> <span class='ocrx_word' id='word_1_726' title='bbox 3551 3214 3761 3269; x_wconf 88' lang='lat' dir='ltr'><strong>habuit.</strong></span> 
     </span>
    </p>
   </div>
   <div class='ocr_carea' id='block_1_92' title="bbox 2189 3297 3768 3375">
    <p class='ocr_par' dir='ltr' id='par_1_92' title="bbox 2189 3297 3768 3375">
     <span class='ocr_line' id='line_1_92' title="bbox 2189 3297 3768 3375; baseline 0.007 -25"><span class='ocrx_word' id='word_1_727' title='bbox 2189 3297 2319 3363; x_wconf 71' lang='lat' dir='ltr'><strong>Quae</strong></span> <span class='ocrx_word' id='word_1_728' title='bbox 2351 3310 2527 3353; x_wconf 82' lang='lat' dir='ltr'><strong>autem</strong></span> <span class='ocrx_word' id='word_1_729' title='bbox 2552 3317 2617 3354; x_wconf 77' lang='lat' dir='ltr'><strong>ea:</strong></span> <span class='ocrx_word' id='word_1_730' title='bbox 2648 3300 2753 3369; x_wconf 81' lang='lat' dir='ltr'><strong>ﬁde</strong></span> <span class='ocrx_word' id='word_1_731' title='bbox 2785 3311 2858 3355; x_wconf 87' lang='lat' dir='ltr'><strong>est</strong></span> <span class='ocrx_word' id='word_1_732' title='bbox 2880 3302 3114 3372; x_wconf 87' lang='lat' dir='ltr'><strong>justitia,</strong></span> <span class='ocrx_word' id='word_1_733' title='bbox 3143 3304 3219 3357; x_wconf 89' lang='lat' dir='ltr'><strong>sic</strong></span> <span class='ocrx_word' id='word_1_734' title='bbox 3246 3305 3395 3358; x_wconf 84' lang='lat' dir='ltr'><strong>dicit.</strong></span> <span class='ocrx_word' id='word_1_735' title='bbox 3422 3303 3479 3360; x_wconf 80' lang='lat' dir='ltr'><strong>Id</strong></span> <span class='ocrx_word' id='word_1_736' title='bbox 3503 3313 3585 3360; x_wconf 84' lang='lat' dir='ltr'><strong>est</strong></span> <span class='ocrx_word' id='word_1_737' title='bbox 3614 3304 3768 3375; x_wconf 76' lang='lat' dir='ltr'><strong>Moy-</strong></span> 
     </span>
    </p>
   </div>
   <div class='ocr_carea' id='block_1_93' title="bbox 2158 3389 3767 3465">
    <p class='ocr_par' dir='ltr' id='par_1_93' title="bbox 2158 3389 3767 3465">
     <span class='ocr_line' id='line_1_93' title="bbox 2158 3389 3767 3465; baseline 0.005 -23"><span class='ocrx_word' id='word_1_738' title='bbox 2158 3404 2289 3450; x_wconf 82' lang='lat' dir='ltr'><strong>ses.</strong></span> <span class='ocrx_word' id='word_1_739' title='bbox 2324 3389 2405 3444; x_wconf 86' lang='lat' dir='ltr'><strong>Ne</strong></span> <span class='ocrx_word' id='word_1_740' title='bbox 2429 3391 2626 3445; x_wconf 71' lang='lat' dir='ltr'><strong>dixeris</strong></span> <span class='ocrx_word' id='word_1_741' title='bbox 2655 3393 2707 3445; x_wconf 87' lang='lat' dir='ltr'><strong>in</strong></span> <span class='ocrx_word' id='word_1_742' title='bbox 2738 3393 2916 3457; x_wconf 85' lang='lat' dir='ltr'><strong>corde,</strong></span> <span class='ocrx_word' id='word_1_743' title='bbox 2958 3401 3062 3448; x_wconf 90' lang='lat' dir='ltr'><strong>etc.</strong></span> <span class='ocrx_word' id='word_1_744' title='bbox 3111 3393 3224 3449; x_wconf 84' lang='lat' dir='ltr'><strong>Hoc</strong></span> <span class='ocrx_word' id='word_1_745' title='bbox 3263 3403 3367 3460; x_wconf 90' lang='lat' dir='ltr'><strong>est,</strong></span> <span class='ocrx_word' id='word_1_746' title='bbox 3412 3409 3511 3450; x_wconf 90' lang='lat' dir='ltr'><strong>nec</strong></span> <span class='ocrx_word' id='word_1_747' title='bbox 3535 3395 3601 3450; x_wconf 90' lang='lat' dir='ltr'><strong>de</strong></span> <span class='ocrx_word' id='word_1_748' title='bbox 3634 3411 3767 3465; x_wconf 86' lang='lat' dir='ltr'><strong>pas-</strong></span> 
     </span>
    </p>
   </div>
   <div class='ocr_carea' id='block_1_94' title="bbox 2184 3479 3767 3555">
    <p class='ocr_par' dir='ltr' id='par_1_94' title="bbox 2184 3479 3767 3555">
     <span class='ocr_line' id='line_1_94' title="bbox 2184 3479 3767 3555; baseline 0.004 -22"><span class='ocrx_word' id='word_1_749' title='bbox 2184 3479 2356 3546; x_wconf 89' lang='lat' dir='ltr'><strong>sione,</strong></span> <span class='ocrx_word' id='word_1_750' title='bbox 2390 3495 2564 3550; x_wconf 90' lang='lat' dir='ltr'><strong>neque</strong></span> <span class='ocrx_word' id='word_1_751' title='bbox 2590 3480 2657 3536; x_wconf 92' lang='lat' dir='ltr'><strong>de</strong></span> <span class='ocrx_word' id='word_1_752' title='bbox 2699 3482 3014 3538; x_wconf 90' lang='lat' dir='ltr'><strong>ascensione</strong></span> <span class='ocrx_word' id='word_1_753' title='bbox 3059 3481 3193 3551; x_wconf 80' lang='lat' dir='ltr'><strong>ejus,</strong></span> <span class='ocrx_word' id='word_1_754' title='bbox 3246 3485 3371 3554; x_wconf 91' lang='lat' dir='ltr'><strong>quia</strong></span> <span class='ocrx_word' id='word_1_755' title='bbox 3402 3501 3432 3539; x_wconf 93' lang='lat' dir='ltr'><strong>a</strong></span> <span class='ocrx_word' id='word_1_756' title='bbox 3467 3485 3767 3555; x_wconf 88' lang='lat' dir='ltr'><strong>semetipso</strong></span> 
     </span>
    </p>
   </div>
   <div class='ocr_carea' id='block_1_95' title="bbox 2183 3567 3789 3643">
    <p class='ocr_par' dir='ltr' id='par_1_95' title="bbox 2183 3567 3789 3643">
     <span class='ocr_line' id='line_1_95' title="bbox 2183 3567 3789 3643; baseline 0.006 -21"><span class='ocrx_word' id='word_1_757' title='bbox 2183 3567 2382 3624; x_wconf 88' lang='lat' dir='ltr'><strong>factum</strong></span> <span class='ocrx_word' id='word_1_758' title='bbox 2429 3578 2547 3636; x_wconf 90' lang='lat' dir='ltr'><strong>est,</strong></span> <span class='ocrx_word' id='word_1_759' title='bbox 2600 3573 2655 3626; x_wconf 91' lang='lat' dir='ltr'><strong>in</strong></span> <span class='ocrx_word' id='word_1_760' title='bbox 2700 3573 2861 3627; x_wconf 79' lang='lat' dir='ltr'><strong>corde</strong></span> <span class='ocrx_word' id='word_1_761' title='bbox 2911 3580 3001 3628; x_wconf 89' lang='lat' dir='ltr'><strong>tuo</strong></span> <span class='ocrx_word' id='word_1_762' title='bbox 3044 3573 3242 3629; x_wconf 87' lang='lat' dir='ltr'><strong>debeas</strong></span> <span class='ocrx_word' id='word_1_763' title='bbox 3291 3575 3558 3631; x_wconf 89' lang='lat' dir='ltr'><strong>dubitare.</strong></span> <span class='ocrx_word' id='word_1_764' title='bbox 3605 3576 3789 3643; x_wconf 79' lang='lat' dir='ltr'><strong>Quod-</strong></span> 
     </span>
    </p>
   </div>
   <div class='ocr_carea' id='block_1_96' title="bbox 2180 3660 3769 3737">
    <p class='ocr_par' dir='ltr' id='par_1_96' title="bbox 2180 3660 3769 3737">
     <span class='ocr_line' id='line_1_96' title="bbox 2180 3660 3769 3737; baseline 0.008 -25"><span class='ocrx_word' id='word_1_765' title='bbox 2180 3673 2311 3730; x_wconf 85' lang='lat' dir='ltr'><strong>ergo</strong></span> <span class='ocrx_word' id='word_1_766' title='bbox 2352 3660 2467 3724; x_wconf 91' lang='lat' dir='ltr'><strong>ait,</strong></span> <span class='ocrx_word' id='word_1_767' title='bbox 2515 3660 2598 3714; x_wconf 87' lang='lat' dir='ltr'><strong>Ne</strong></span> <span class='ocrx_word' id='word_1_768' title='bbox 2643 3661 2840 3715; x_wconf 69' lang='lat' dir='ltr'><strong>dixeris</strong></span> <span class='ocrx_word' id='word_1_769' title='bbox 2888 3660 2943 3716; x_wconf 83' lang='lat' dir='ltr'><strong>in</strong></span> <span class='ocrx_word' id='word_1_770' title='bbox 2987 3663 3143 3718; x_wconf 87' lang='lat' dir='ltr'><strong>corde</strong></span> <span class='ocrx_word' id='word_1_771' title='bbox 3186 3674 3318 3733; x_wconf 87' lang='lat' dir='ltr'><strong>tuo,</strong></span> <span class='ocrx_word' id='word_1_772' title='bbox 3381 3667 3623 3737; x_wconf 86' lang='lat' dir='ltr'><strong>exceptis</strong></span> <span class='ocrx_word' id='word_1_773' title='bbox 3672 3668 3769 3724; x_wconf 87' lang='lat' dir='ltr'><strong>his</strong></span> 
     </span>
    </p>
   </div>
   <div class='ocr_carea' id='block_1_97' title="bbox 2180 3750 3764 3817">
    <p class='ocr_par' dir='ltr' id='par_1_97' title="bbox 2180 3750 3764 3817">
     <span class='ocr_line' id='line_1_97' title="bbox 2180 3750 3764 3817; baseline 0.007 -16"><span class='ocrx_word' id='word_1_774' title='bbox 2180 3764 2301 3817; x_wconf 64' lang='lat' dir='ltr'><strong>quae</strong></span> <span class='ocrx_word' id='word_1_775' title='bbox 2365 3750 2541 3805; x_wconf 87' lang='lat' dir='ltr'><strong>media</strong></span> <span class='ocrx_word' id='word_1_776' title='bbox 2598 3750 2913 3816; x_wconf 88' lang='lat' dir='ltr'><strong>interserit,</strong></span> <span class='ocrx_word' id='word_1_777' title='bbox 2972 3754 3068 3806; x_wconf 87' lang='lat' dir='ltr'><strong>hoc</strong></span> <span class='ocrx_word' id='word_1_778' title='bbox 3129 3764 3206 3807; x_wconf 85' lang='lat' dir='ltr'><strong>est</strong></span> <span class='ocrx_word' id='word_1_779' title='bbox 3266 3754 3531 3810; x_wconf 87' lang='lat' dir='ltr'><strong>Christum</strong></span> <span class='ocrx_word' id='word_1_780' title='bbox 3586 3758 3764 3812; x_wconf 87' lang='lat' dir='ltr'><strong>dedu-</strong></span> 
     </span>
    </p>
   </div>
   <div class='ocr_carea' id='block_1_98' title="bbox 2179 3839 3765 3907">
    <p class='ocr_par' dir='ltr' id='par_1_98' title="bbox 2179 3839 3765 3907">
     <span class='ocr_line' id='line_1_98' title="bbox 2179 3839 3765 3907; baseline 0.008 -16"><span class='ocrx_word' id='word_1_781' title='bbox 2179 3855 2314 3901; x_wconf 89' lang='lat' dir='ltr'><strong>cere,</strong></span> <span class='ocrx_word' id='word_1_782' title='bbox 2341 3839 2425 3893; x_wconf 86' lang='lat' dir='ltr'><strong>vel</strong></span> <span class='ocrx_word' id='word_1_783' title='bbox 2452 3841 2731 3895; x_wconf 83' lang='lat' dir='ltr'><strong>amortuis</strong></span> <span class='ocrx_word' id='word_1_784' title='bbox 2778 3841 3056 3907; x_wconf 89' lang='lat' dir='ltr'><strong>reducere,</strong></span> <span class='ocrx_word' id='word_1_785' title='bbox 3102 3843 3168 3897; x_wconf 87' lang='lat' dir='ltr'><strong>de</strong></span> <span class='ocrx_word' id='word_1_786' title='bbox 3209 3844 3627 3902; x_wconf 87' lang='lat' dir='ltr'><strong>Deuteronomio</strong></span> <span class='ocrx_word' id='word_1_787' title='bbox 3677 3848 3765 3903; x_wconf 85' lang='lat' dir='ltr'><strong>vi—</strong></span> 
     </span>
    </p>
   </div>
   <div class='ocr_carea' id='block_1_99' title="bbox 2179 3931 3746 4005">
    <p class='ocr_par' dir='ltr' id='par_1_99' title="bbox 2179 3931 3746 4005">
     <span class='ocr_line' id='line_1_99' title="bbox 2179 3931 3746 4005; baseline 0.006 -21"><span class='ocrx_word' id='word_1_788' title='bbox 2179 3931 2335 3985; x_wconf 88' lang='lat' dir='ltr'><strong>detur</strong></span> <span class='ocrx_word' id='word_1_789' title='bbox 2381 3941 2748 4001; x_wconf 86' lang='lat' dir='ltr'><strong>assumptum,</strong></span> <span class='ocrx_word' id='word_1_790' title='bbox 2798 3932 2886 3987; x_wconf 89' lang='lat' dir='ltr'><strong>ubi</strong></span> <span class='ocrx_word' id='word_1_791' title='bbox 2933 3932 3035 3988; x_wconf 92' lang='lat' dir='ltr'><strong>hoc</strong></span> <span class='ocrx_word' id='word_1_792' title='bbox 3090 3932 3249 3989; x_wconf 86' lang='lat' dir='ltr'><strong>modo</strong></span> <span class='ocrx_word' id='word_1_793' title='bbox 3296 3937 3556 4005; x_wconf 87' lang='lat' dir='ltr'><strong>scriptum</strong></span> <span class='ocrx_word' id='word_1_794' title='bbox 3611 3946 3694 3992; x_wconf 90' lang='lat' dir='ltr'><strong>est</strong></span> <span class='ocrx_word' id='word_1_795' title='bbox 3729 3958 3746 3992; x_wconf 88' lang='lat'><strong>:</strong></span> 
     </span>
    </p>
   </div>
   <div class='ocr_carea' id='block_1_100' title="bbox 2180 4020 3763 4093">
    <p class='ocr_par' dir='ltr' id='par_1_100' title="bbox 2180 4020 3763 4093">
     <span class='ocr_line' id='line_1_100' title="bbox 2180 4020 3763 4093; baseline 0.006 -20"><span class='ocrx_word' id='word_1_796' title='bbox 2180 4020 2494 4075; x_wconf 77' lang='lat' dir='ltr'><strong>Mandatum</strong></span> <span class='ocrx_word' id='word_1_797' title='bbox 2531 4023 2628 4076; x_wconf 87' lang='lat' dir='ltr'><strong>hoc</strong></span> <span class='ocrx_word' id='word_1_798' title='bbox 2665 4023 2803 4093; x_wconf 87' lang='lat' dir='ltr'><strong>quod</strong></span> <span class='ocrx_word' id='word_1_799' title='bbox 2842 4040 2933 4092; x_wconf 85' lang='lat' dir='ltr'><strong>ego</strong></span> <span class='ocrx_word' id='word_1_800' title='bbox 2977 4025 3168 4078; x_wconf 88' lang='lat' dir='ltr'><strong>mando</strong></span> <span class='ocrx_word' id='word_1_801' title='bbox 3203 4028 3298 4079; x_wconf 79' lang='lat' dir='ltr'><strong>tibi</strong></span> <span class='ocrx_word' id='word_1_802' title='bbox 3332 4027 3501 4090; x_wconf 76' lang='lat' dir='ltr'><strong>hodie,</strong></span> <span class='ocrx_word' id='word_1_803' title='bbox 3535 4045 3637 4081; x_wconf 87' lang='lat' dir='ltr'><strong>non</strong></span> <span class='ocrx_word' id='word_1_804' title='bbox 3675 4041 3763 4084; x_wconf 84' lang='lat' dir='ltr'><strong>est</strong></span> 
     </span>
    </p>
   </div>
   <div class='ocr_carea' id='block_1_101' title="bbox 2174 4102 3756 4182">
    <p class='ocr_par' dir='ltr' id='par_1_101' title="bbox 2174 4102 3756 4182">
     <span class='ocr_line' id='line_1_101' title="bbox 2174 4102 3756 4182; baseline 0.006 -21"><span class='ocrx_word' id='word_1_805' title='bbox 2174 4102 2621 4178; x_wconf 62' lang='lat' dir='ltr'><strong>supereialtatum</strong></span> <span class='ocrx_word' id='word_1_806' title='bbox 2641 4129 2671 4164; x_wconf 92' lang='lat' dir='ltr'><strong>a</strong></span> <span class='ocrx_word' id='word_1_807' title='bbox 2696 4122 2761 4171; x_wconf 87' lang='lat' dir='ltr'><strong>te,</strong></span> <span class='ocrx_word' id='word_1_808' title='bbox 2796 4129 2886 4166; x_wconf 87' lang='lat' dir='ltr'><strong>nec</strong></span> <span class='ocrx_word' id='word_1_809' title='bbox 2920 4111 3070 4182; x_wconf 85' lang='lat' dir='ltr'><strong>longe</strong></span> <span class='ocrx_word' id='word_1_810' title='bbox 3095 4124 3199 4167; x_wconf 90' lang='lat' dir='ltr'><strong>ate</strong></span> <span class='ocrx_word' id='word_1_811' title='bbox 3226 4105 3257 4166; x_wconf 66' lang='grc' dir='ltr'><strong>ε’</strong></span> <span class='ocrx_word' id='word_1_812' title='bbox 3275 4132 3378 4169; x_wconf 91' lang='lat' dir='ltr'><strong>non</strong></span> <span class='ocrx_word' id='word_1_813' title='bbox 3411 4126 3484 4169; x_wconf 83' lang='lat' dir='ltr'><strong>est</strong></span> <span class='ocrx_word' id='word_1_814' title='bbox 3516 4116 3571 4167; x_wconf 88' lang='lat' dir='ltr'><strong>in</strong></span> <span class='ocrx_word' id='word_1_815' title='bbox 3598 4116 3756 4180; x_wconf 79' lang='lat' dir='ltr'><strong>caelo,</strong></span> 
     </span>
    </p>
   </div>
   <div class='ocr_carea' id='block_1_102' title="bbox 2175 4199 3760 4279">
    <p class='ocr_par' dir='ltr' id='par_1_102' title="bbox 2175 4199 3760 4279">
     <span class='ocr_line' id='line_1_102' title="bbox 2175 4199 3760 4279; baseline 0.006 -25"><span class='ocrx_word' id='word_1_816' title='bbox 2175 4210 2229 4254; x_wconf 88' lang='lat' dir='ltr'><strong>ut</strong></span> <span class='ocrx_word' id='word_1_817' title='bbox 2252 4199 2400 4254; x_wconf 84' lang='lat' dir='ltr'><strong>dicas</strong></span> <span class='ocrx_word' id='word_1_818' title='bbox 2421 4212 2440 4249; x_wconf 87' lang='lat'><strong><em>:</em></strong></span> <span class='ocrx_word' id='word_1_819' title='bbox 2468 4200 2597 4266; x_wconf 83' lang='lat' dir='ltr'><strong>Quis</strong></span> <span class='ocrx_word' id='word_1_820' title='bbox 2627 4203 2866 4256; x_wconf 86' lang='lat' dir='ltr'><strong>ascendet</strong></span> <span class='ocrx_word' id='word_1_821' title='bbox 2918 4221 2949 4256; x_wconf 92' lang='lat' dir='ltr'><strong>a</strong></span> <span class='ocrx_word' id='word_1_822' title='bbox 2977 4205 3123 4259; x_wconf 85' lang='lat' dir='ltr'><strong>nobis</strong></span> <span class='ocrx_word' id='word_1_823' title='bbox 3150 4206 3202 4259; x_wconf 88' lang='lat' dir='ltr'><strong>in</strong></span> <span class='ocrx_word' id='word_1_824' title='bbox 3224 4205 3427 4272; x_wconf 61' lang='lat' dir='ltr'><strong>ratium,</strong></span> <span class='ocrx_word' id='word_1_825' title='bbox 3457 4217 3505 4261; x_wconf 89' lang='lat' dir='ltr'><strong>et</strong></span> <span class='ocrx_word' id='word_1_826' title='bbox 3532 4209 3760 4279; x_wconf 81' lang='lat' dir='ltr'><strong>accipiet</strong></span> 
     </span>
    </p>
   </div>
   <div class='ocr_carea' id='block_1_103' title="bbox 2174 4291 3759 4369">
    <p class='ocr_par' dir='ltr' id='par_1_103' title="bbox 2174 4291 3759 4369">
     <span class='ocr_line' id='line_1_103' title="bbox 2174 4291 3759 4369; baseline 0.008 -26"><span class='ocrx_word' id='word_1_827' title='bbox 2174 4292 2307 4344; x_wconf 83' lang='lat' dir='ltr'><strong>illud</strong></span> <span class='ocrx_word' id='word_1_828' title='bbox 2344 4291 2521 4356; x_wconf 85' lang='lat' dir='ltr'><strong>nobis,</strong></span> <span class='ocrx_word' id='word_1_829' title='bbox 2543 4301 2598 4344; x_wconf 87' lang='lat' dir='ltr'><strong>ut</strong></span> <span class='ocrx_word' id='word_1_830' title='bbox 2629 4293 2899 4348; x_wconf 86' lang='lat' dir='ltr'><strong>audientes</strong></span> <span class='ocrx_word' id='word_1_831' title='bbox 2923 4294 3182 4363; x_wconf 84' lang='lat' dir='ltr'><strong>faciamus</strong></span> <span class='ocrx_word' id='word_1_832' title='bbox 3211 4296 3383 4350; x_wconf 81' lang='lat' dir='ltr'><strong>illud?</strong></span> <span class='ocrx_word' id='word_1_833' title='bbox 3412 4315 3574 4369; x_wconf 87' lang='lat' dir='ltr'><strong>neque</strong></span> <span class='ocrx_word' id='word_1_834' title='bbox 3600 4310 3759 4356; x_wconf 85' lang='lat' dir='ltr'><strong>trans</strong></span> 
     </span>
    </p>
   </div>
   <div class='ocr_carea' id='block_1_104' title="bbox 2174 4381 3755 4459">
    <p class='ocr_par' dir='ltr' id='par_1_104' title="bbox 2174 4381 3755 4459">
     <span class='ocr_line' id='line_1_104' title="bbox 2174 4381 3755 4459; baseline 0.006 -26"><span class='ocrx_word' id='word_1_835' title='bbox 2174 4397 2340 4445; x_wconf 86' lang='lat' dir='ltr'><strong>mare,</strong></span> <span class='ocrx_word' id='word_1_836' title='bbox 2372 4389 2426 4433; x_wconf 89' lang='lat' dir='ltr'><strong>ut</strong></span> <span class='ocrx_word' id='word_1_837' title='bbox 2458 4381 2643 4435; x_wconf 86' lang='lat' dir='ltr'><strong>dicas:</strong></span> <span class='ocrx_word' id='word_1_838' title='bbox 2674 4381 2805 4446; x_wconf 85' lang='lat' dir='ltr'><strong>Quis</strong></span> <span class='ocrx_word' id='word_1_839' title='bbox 2835 4384 3074 4437; x_wconf 84' lang='lat' dir='ltr'><strong>transibit</strong></span> <span class='ocrx_word' id='word_1_840' title='bbox 3101 4386 3247 4439; x_wconf 88' lang='lat' dir='ltr'><strong>nobis</strong></span> <span class='ocrx_word' id='word_1_841' title='bbox 3272 4398 3500 4451; x_wconf 89' lang='lat' dir='ltr'><strong>mare,et</strong></span> <span class='ocrx_word' id='word_1_842' title='bbox 3528 4390 3755 4459; x_wconf 81' lang='lat' dir='ltr'><strong>accipiet</strong></span> 
     </span>
    </p>
   </div>
   <div class='ocr_carea' id='block_1_105' title="bbox 2175 4472 3757 4551">
    <p class='ocr_par' dir='ltr' id='par_1_105' title="bbox 2175 4472 3757 4551">
     <span class='ocr_line' id='line_1_105' title="bbox 2175 4472 3757 4551; baseline 0.008 -26"><span class='ocrx_word' id='word_1_843' title='bbox 2175 4472 2329 4538; x_wconf 82' lang='lat' dir='ltr'><strong>illud,</strong></span> <span class='ocrx_word' id='word_1_844' title='bbox 2362 4483 2420 4526; x_wconf 90' lang='lat' dir='ltr'><strong>ut</strong></span> <span class='ocrx_word' id='word_1_845' title='bbox 2449 4474 2717 4528; x_wconf 84' lang='lat' dir='ltr'><strong>audientes</strong></span> <span class='ocrx_word' id='word_1_846' title='bbox 2735 4475 2996 4544; x_wconf 87' lang='lat' dir='ltr'><strong>faciamus</strong></span> <span class='ocrx_word' id='word_1_847' title='bbox 3038 4477 3211 4531; x_wconf 86' lang='lat' dir='ltr'><strong>illud?</strong></span> <span class='ocrx_word' id='word_1_848' title='bbox 3266 4478 3452 4533; x_wconf 82' lang='lat' dir='ltr'><strong>Verum</strong></span> <span class='ocrx_word' id='word_1_849' title='bbox 3488 4481 3650 4551; x_wconf 79' lang='lat' dir='ltr'><strong>juxta</strong></span> <span class='ocrx_word' id='word_1_850' title='bbox 3697 4492 3757 4537; x_wconf 84' lang='lat' dir='ltr'><strong>te</strong></span> 
     </span>
    </p>
   </div>
   <div class='ocr_carea' id='block_1_106' title="bbox 2172 4565 3757 4642">
    <p class='ocr_par' dir='ltr' id='par_1_106' title="bbox 2172 4565 3757 4642">
     <span class='ocr_line' id='line_1_106' title="bbox 2172 4565 3757 4642; baseline 0.006 -23"><span class='ocrx_word' id='word_1_851' title='bbox 2172 4575 2248 4619; x_wconf 87' lang='lat' dir='ltr'><strong>est</strong></span> <span class='ocrx_word' id='word_1_852' title='bbox 2306 4565 2455 4620; x_wconf 76' lang='lat' dir='ltr'><strong>valde</strong></span> <span class='ocrx_word' id='word_1_853' title='bbox 2485 4567 2541 4619; x_wconf 85' lang='lat' dir='ltr'><strong>in</strong></span> <span class='ocrx_word' id='word_1_854' title='bbox 2567 4582 2656 4620; x_wconf 91' lang='lat' dir='ltr'><strong>ore</strong></span> <span class='ocrx_word' id='word_1_855' title='bbox 2683 4576 2793 4631; x_wconf 82' lang='lat' dir='ltr'><strong>tuo,</strong></span> <span class='ocrx_word' id='word_1_856' title='bbox 2844 4577 2894 4621; x_wconf 89' lang='lat' dir='ltr'><strong>et</strong></span> <span class='ocrx_word' id='word_1_857' title='bbox 2931 4568 2987 4623; x_wconf 87' lang='lat' dir='ltr'><strong>in</strong></span> <span class='ocrx_word' id='word_1_858' title='bbox 3028 4570 3269 4625; x_wconf 86' lang='lat' dir='ltr'><strong>manibus</strong></span> <span class='ocrx_word' id='word_1_859' title='bbox 3302 4573 3442 4636; x_wconf 85' lang='lat' dir='ltr'><strong>tuis,</strong></span> <span class='ocrx_word' id='word_1_860' title='bbox 3481 4583 3534 4625; x_wconf 89' lang='lat' dir='ltr'><strong>ut</strong></span> <span class='ocrx_word' id='word_1_861' title='bbox 3573 4572 3757 4642; x_wconf 77' lang='lat' dir='ltr'><strong>facias</strong></span> 
     </span>
    </p>
   </div>
   <div class='ocr_carea' id='block_1_107' title="bbox 2171 4652 3754 4725">
    <p class='ocr_par' dir='ltr' id='par_1_107' title="bbox 2171 4652 3754 4725">
     <span class='ocr_line' id='line_1_107' title="bbox 2171 4652 3754 4725; baseline 0.006 -19"><span class='ocrx_word' id='word_1_862' title='bbox 2171 4653 2305 4708; x_wconf 84' lang='lat' dir='ltr'><strong>illud</strong></span> <span class='ocrx_word' id='word_1_863' title='bbox 2339 4653 2517 4725; x_wconf 89' lang='lat' dir='ltr'><strong>(Deut.</strong></span> <span class='ocrx_word' id='word_1_864' title='bbox 2564 4653 2713 4725; x_wconf 80' lang='lat' dir='ltr'><strong>xxx).</strong></span> <span class='ocrx_word' id='word_1_865' title='bbox 2745 4652 3017 4711; x_wconf 82' lang='lat' dir='ltr'><strong>Justitiam</strong></span> <span class='ocrx_word' id='word_1_866' title='bbox 3050 4656 3191 4711; x_wconf 87' lang='lat' dir='ltr'><strong>hanc</strong></span> <span class='ocrx_word' id='word_1_867' title='bbox 3218 4658 3347 4712; x_wconf 84' lang='lat' dir='ltr'><strong>dicit</strong></span> <span class='ocrx_word' id='word_1_868' title='bbox 3369 4674 3490 4714; x_wconf 88' lang='lat' dir='ltr'><strong>esse</strong></span> <span class='ocrx_word' id='word_1_869' title='bbox 3523 4660 3668 4723; x_wconf 81' lang='lat' dir='ltr'><strong>fidei,</strong></span> <span class='ocrx_word' id='word_1_870' title='bbox 3701 4662 3754 4716; x_wconf 91' lang='lat' dir='ltr'><strong>si</strong></span> 
     </span>
    </p>
   </div>
   <div class='ocr_carea' id='block_1_108' title="bbox 2173 4745 3755 4820">
    <p class='ocr_par' dir='ltr' id='par_1_108' title="bbox 2173 4745 3755 4820">
     <span class='ocr_line' id='line_1_108' title="bbox 2173 4745 3755 4820; baseline 0.004 -22"><span class='ocrx_word' id='word_1_871' title='bbox 2173 4761 2278 4799; x_wconf 92' lang='lat' dir='ltr'><strong>non</strong></span> <span class='ocrx_word' id='word_1_872' title='bbox 2304 4745 2512 4800; x_wconf 90' lang='lat' dir='ltr'><strong>dubitet</strong></span> <span class='ocrx_word' id='word_1_873' title='bbox 2533 4746 2599 4801; x_wconf 89' lang='lat' dir='ltr'><strong>de</strong></span> <span class='ocrx_word' id='word_1_874' title='bbox 2622 4761 2715 4816; x_wconf 88' lang='lat' dir='ltr'><strong>spe</strong></span> <span class='ocrx_word' id='word_1_875' title='bbox 2753 4746 2845 4801; x_wconf 91' lang='lat' dir='ltr'><strong>Dei</strong></span> <span class='ocrx_word' id='word_1_876' title='bbox 2872 4762 2992 4815; x_wconf 67' lang='lat' dir='ltr'><strong>quae</strong></span> <span class='ocrx_word' id='word_1_877' title='bbox 3013 4747 3069 4801; x_wconf 88' lang='lat' dir='ltr'><strong>in</strong></span> <span class='ocrx_word' id='word_1_878' title='bbox 3095 4746 3310 4803; x_wconf 91' lang='lat' dir='ltr'><strong>Christo</strong></span> <span class='ocrx_word' id='word_1_879' title='bbox 3337 4758 3437 4814; x_wconf 88' lang='lat' dir='ltr'><strong>est,</strong></span> <span class='ocrx_word' id='word_1_880' title='bbox 3467 4750 3591 4820; x_wconf 86' lang='lat' dir='ltr'><strong>quia</strong></span> <span class='ocrx_word' id='word_1_881' title='bbox 3622 4750 3755 4805; x_wconf 67' lang='lat' dir='ltr'><strong>ideo</strong></span> 
     </span>
    </p>
   </div>
   <div class='ocr_carea' id='block_1_109' title="bbox 2170 4836 3753 4906">
    <p class='ocr_par' dir='ltr' id='par_1_109' title="bbox 2170 4836 3753 4906">
     <span class='ocr_line' id='line_1_109' title="bbox 2170 4836 3753 4906; baseline 0.006 -18"><span class='ocrx_word' id='word_1_882' title='bbox 2170 4851 2362 4905; x_wconf 90' lang='lat' dir='ltr'><strong>passus</strong></span> <span class='ocrx_word' id='word_1_883' title='bbox 2388 4845 2491 4899; x_wconf 90' lang='lat' dir='ltr'><strong>est,</strong></span> <span class='ocrx_word' id='word_1_884' title='bbox 2525 4847 2584 4890; x_wconf 92' lang='lat' dir='ltr'><strong>ut</strong></span> <span class='ocrx_word' id='word_1_885' title='bbox 2619 4836 2931 4906; x_wconf 79' lang='lat' dir='ltr'><strong>exspoliatis</strong></span> <span class='ocrx_word' id='word_1_886' title='bbox 2962 4837 3166 4905; x_wconf 83' lang='lat' dir='ltr'><strong>inferis,</strong></span> <span class='ocrx_word' id='word_1_887' title='bbox 3205 4840 3404 4895; x_wconf 86' lang='lat' dir='ltr'><strong>virtute</strong></span> <span class='ocrx_word' id='word_1_888' title='bbox 3438 4840 3617 4896; x_wconf 86' lang='lat' dir='ltr'><strong>Patris</strong></span> <span class='ocrx_word' id='word_1_889' title='bbox 3647 4841 3753 4897; x_wconf 85' lang='lat' dir='ltr'><strong>de—</strong></span> 
     </span>
    </p>
   </div>
   <div class='ocr_carea' id='block_1_110' title="bbox 2171 4926 3752 5001">
    <p class='ocr_par' dir='ltr' id='par_1_110' title="bbox 2171 4926 3752 5001">
     <span class='ocr_line' id='line_1_110' title="bbox 2171 4926 3752 5001; baseline 0.006 -23"><span class='ocrx_word' id='word_1_890' title='bbox 2171 4926 2310 4979; x_wconf 88' lang='lat' dir='ltr'><strong>victa</strong></span> <span class='ocrx_word' id='word_1_891' title='bbox 2334 4934 2506 4980; x_wconf 89' lang='lat' dir='ltr'><strong>morte</strong></span> <span class='ocrx_word' id='word_1_892' title='bbox 2528 4941 2831 4996; x_wconf 84' lang='lat' dir='ltr'><strong>resurgens,</strong></span> <span class='ocrx_word' id='word_1_893' title='bbox 2859 4942 2979 4981; x_wconf 88' lang='lat' dir='ltr'><strong>cum</strong></span> <span class='ocrx_word' id='word_1_894' title='bbox 3009 4929 3293 4985; x_wconf 83' lang='lat' dir='ltr'><strong>animabus</strong></span> <span class='ocrx_word' id='word_1_895' title='bbox 3316 4931 3517 5001; x_wconf 86' lang='lat' dir='ltr'><strong>ereptis</strong></span> <span class='ocrx_word' id='word_1_896' title='bbox 3542 4931 3597 4986; x_wconf 90' lang='lat' dir='ltr'><strong>in</strong></span> <span class='ocrx_word' id='word_1_897' title='bbox 3629 4947 3752 4987; x_wconf 72' lang='lat' dir='ltr'><strong>cce-</strong></span> 
     </span>
    </p>
   </div>
   <div class='ocr_carea' id='block_1_111' title="bbox 2173 5016 3748 5091">
    <p class='ocr_par' dir='ltr' id='par_1_111' title="bbox 2173 5016 3748 5091">
     <span class='ocr_line' id='line_1_111' title="bbox 2173 5016 3748 5091; baseline 0.006 -23"><span class='ocrx_word' id='word_1_898' title='bbox 2173 5016 2283 5069; x_wconf 87' lang='lat' dir='ltr'><strong>lum</strong></span> <span class='ocrx_word' id='word_1_899' title='bbox 2306 5017 2642 5071; x_wconf 82' lang='lat' dir='ltr'><strong>ascenderet.</strong></span> <span class='ocrx_word' id='word_1_900' title='bbox 2678 5016 2785 5071; x_wconf 85' lang='lat' dir='ltr'><strong>Sed</strong></span> <span class='ocrx_word' id='word_1_901' title='bbox 2816 5017 2942 5087; x_wconf 87' lang='lat' dir='ltr'><strong>quid</strong></span> <span class='ocrx_word' id='word_1_902' title='bbox 2980 5018 3107 5072; x_wconf 84' lang='lat' dir='ltr'><strong>dicit</strong></span> <span class='ocrx_word' id='word_1_903' title='bbox 3149 5019 3462 5091; x_wconf 77' lang='lat' dir='ltr'><strong>Scriptura?</strong></span> <span class='ocrx_word' id='word_1_904' title='bbox 3490 5019 3603 5076; x_wconf 82' lang='lat' dir='ltr'><strong>Hoc</strong></span> <span class='ocrx_word' id='word_1_905' title='bbox 3633 5029 3748 5088; x_wconf 77' lang='lat' dir='ltr'><strong>est,</strong></span> 
     </span>
    </p>
   </div>
   <div class='ocr_carea' id='block_1_112' title="bbox 2171 5106 3747 5176">
    <p class='ocr_par' dir='ltr' id='par_1_112' title="bbox 2171 5106 3747 5176">
     <span class='ocr_line' id='line_1_112' title="bbox 2171 5106 3747 5176; baseline 0.004 -16"><span class='ocrx_word' id='word_1_906' title='bbox 2171 5116 2231 5161; x_wconf 91' lang='lat' dir='ltr'><strong>ut</strong></span> <span class='ocrx_word' id='word_1_907' title='bbox 2274 5107 2633 5162; x_wconf 88' lang='lat' dir='ltr'><strong>ascendamus</strong></span> <span class='ocrx_word' id='word_1_908' title='bbox 2673 5106 2942 5164; x_wconf 84' lang='lat' dir='ltr'><strong>deducere</strong></span> <span class='ocrx_word' id='word_1_909' title='bbox 2962 5108 3258 5176; x_wconf 87' lang='lat' dir='ltr'><strong>Christum,</strong></span> <span class='ocrx_word' id='word_1_910' title='bbox 3285 5110 3590 5166; x_wconf 84' lang='lat' dir='ltr'><strong>confitendo</strong></span> <span class='ocrx_word' id='word_1_911' title='bbox 3612 5127 3747 5167; x_wconf 89' lang='lat' dir='ltr'><strong>eum</strong></span> 
     </span>
    </p>
   </div>
   <div class='ocr_carea' id='block_1_113' title="bbox 2171 5198 3747 5269">
    <p class='ocr_par' dir='ltr' id='par_1_113' title="bbox 2171 5198 3747 5269">
     <span class='ocr_line' id='line_1_113' title="bbox 2171 5198 3747 5269; baseline 0.004 -17"><span class='ocrx_word' id='word_1_912' title='bbox 2171 5206 2354 5254; x_wconf 89' lang='lat' dir='ltr'><strong>nostro</strong></span> <span class='ocrx_word' id='word_1_913' title='bbox 2386 5213 2502 5261; x_wconf 88' lang='lat' dir='ltr'><strong>ore,</strong></span> <span class='ocrx_word' id='word_1_914' title='bbox 2535 5198 2677 5268; x_wconf 73' lang='lat' dir='ltr'><strong>quoi</strong></span> <span class='ocrx_word' id='word_1_915' title='bbox 2703 5206 2787 5252; x_wconf 87' lang='lat' dir='ltr'><strong>est</strong></span> <span class='ocrx_word' id='word_1_916' title='bbox 2813 5200 2969 5269; x_wconf 86' lang='lat' dir='ltr'><strong>quasi</strong></span> <span class='ocrx_word' id='word_1_917' title='bbox 3005 5199 3200 5255; x_wconf 71' lang='lat' dir='ltr'><strong>cmlmn</strong></span> <span class='ocrx_word' id='word_1_918' title='bbox 3244 5210 3509 5269; x_wconf 89' lang='lat' dir='ltr'><strong>nostrum,</strong></span> <span class='ocrx_word' id='word_1_919' title='bbox 3552 5211 3610 5258; x_wconf 90' lang='lat' dir='ltr'><strong>et</strong></span> <span class='ocrx_word' id='word_1_920' title='bbox 3651 5203 3747 5258; x_wconf 90' lang='lat' dir='ltr'><strong>in-</strong></span> 
     </span>
    </p>
   </div>
   <div class='ocr_carea' id='block_1_114' title="bbox 2170 5289 3752 5364">
    <p class='ocr_par' dir='ltr' id='par_1_114' title="bbox 2170 5289 3752 5364">
     <span class='ocr_line' id='line_1_114' title="bbox 2170 5289 3752 5364; baseline 0.002 -18"><span class='ocrx_word' id='word_1_921' title='bbox 2170 5300 2371 5346; x_wconf 90' lang='lat' dir='ltr'><strong>tremus</strong></span> <span class='ocrx_word' id='word_1_922' title='bbox 2411 5290 2465 5343; x_wconf 94' lang='lat' dir='ltr'><strong>in</strong></span> <span class='ocrx_word' id='word_1_923' title='bbox 2508 5289 2759 5359; x_wconf 84' lang='lat' dir='ltr'><strong>abyssum</strong></span> <span class='ocrx_word' id='word_1_924' title='bbox 2796 5289 2966 5346; x_wconf 88' lang='lat' dir='ltr'><strong>nostri</strong></span> <span class='ocrx_word' id='word_1_925' title='bbox 3016 5291 3214 5355; x_wconf 88' lang='lat' dir='ltr'><strong>cordis,</strong></span> <span class='ocrx_word' id='word_1_926' title='bbox 3262 5290 3329 5348; x_wconf 87' lang='lat' dir='ltr'><strong>de</strong></span> <span class='ocrx_word' id='word_1_927' title='bbox 3372 5308 3478 5362; x_wconf 89' lang='lat' dir='ltr'><strong>quo</strong></span> <span class='ocrx_word' id='word_1_928' title='bbox 3522 5302 3752 5364; x_wconf 88' lang='lat' dir='ltr'><strong>oportet</strong></span> 
     </span>
    </p>
   </div>
   <div class='ocr_carea' id='block_1_115' title="bbox 2166 5382 3744 5459">
    <p class='ocr_par' dir='ltr' id='par_1_115' title="bbox 2166 5382 3744 5459">
     <span class='ocr_line' id='line_1_115' title="bbox 2166 5382 3744 5459; baseline 0.003 -22"><span class='ocrx_word' id='word_1_929' title='bbox 2166 5398 2264 5438; x_wconf 90' lang='lat' dir='ltr'><strong>nos</strong></span> <span class='ocrx_word' id='word_1_930' title='bbox 2306 5397 2563 5437; x_wconf 89' lang='lat' dir='ltr'><strong>revocare</strong></span> <span class='ocrx_word' id='word_1_931' title='bbox 2611 5382 2920 5449; x_wconf 86' lang='lat' dir='ltr'><strong>Christum,</strong></span> <span class='ocrx_word' id='word_1_932' title='bbox 2966 5392 3025 5437; x_wconf 92' lang='lat' dir='ltr'><strong>ut</strong></span> <span class='ocrx_word' id='word_1_933' title='bbox 3067 5384 3212 5452; x_wconf 91' lang='lat' dir='ltr'><strong>quod</strong></span> <span class='ocrx_word' id='word_1_934' title='bbox 3240 5385 3404 5459; x_wconf 65' lang='lat' dir='ltr'><strong>corde</strong></span> <span class='ocrx_word' id='word_1_935' title='bbox 3440 5386 3744 5452; x_wconf 86' lang='lat' dir='ltr'><strong>credimus,</strong></span> 
     </span>
    </p>
   </div>
   <div class='ocr_carea' id='block_1_116' title="bbox 2163 5472 3745 5543">
    <p class='ocr_par' dir='ltr' id='par_1_116' title="bbox 2163 5472 3745 5543">
     <span class='ocr_line' id='line_1_116' title="bbox 2163 5472 3745 5543; baseline 0.003 -16"><span class='ocrx_word' id='word_1_936' title='bbox 2163 5490 2257 5528; x_wconf 86' lang='lat' dir='ltr'><strong>ore</strong></span> <span class='ocrx_word' id='word_1_937' title='bbox 2282 5473 2653 5528; x_wconf 80' lang='lat' dir='ltr'><strong>confiteamur.</strong></span> <span class='ocrx_word' id='word_1_938' title='bbox 2685 5472 2797 5529; x_wconf 80' lang='lat' dir='ltr'><strong>Hoc</strong></span> <span class='ocrx_word' id='word_1_939' title='bbox 2823 5475 3081 5543; x_wconf 88' lang='lat' dir='ltr'><strong>scriptum</strong></span> <span class='ocrx_word' id='word_1_940' title='bbox 3106 5486 3190 5531; x_wconf 89' lang='lat' dir='ltr'><strong>est</strong></span> <span class='ocrx_word' id='word_1_941' title='bbox 3215 5477 3270 5531; x_wconf 91' lang='lat' dir='ltr'><strong>in</strong></span> <span class='ocrx_word' id='word_1_942' title='bbox 3296 5477 3745 5539; x_wconf 87' lang='lat' dir='ltr'><strong>Deuteronomio,</strong></span> 
     </span>
    </p>
   </div>
   <div class='ocr_carea' id='block_1_117' title="bbox 2162 5567 3748 5642">
    <p class='ocr_par' dir='ltr' id='par_1_117' title="bbox 2162 5567 3748 5642">
     <span class='ocr_line' id='line_1_117' title="bbox 2162 5567 3748 5642; baseline 0.003 -22"><span class='ocrx_word' id='word_1_943' title='bbox 2162 5568 2289 5637; x_wconf 87' lang='lat' dir='ltr'><strong>quia</strong></span> <span class='ocrx_word' id='word_1_944' title='bbox 2330 5583 2435 5623; x_wconf 92' lang='lat' dir='ltr'><strong>non</strong></span> <span class='ocrx_word' id='word_1_945' title='bbox 2478 5575 2560 5622; x_wconf 89' lang='lat' dir='ltr'><strong>cst</strong></span> <span class='ocrx_word' id='word_1_946' title='bbox 2601 5567 2759 5633; x_wconf 77' lang='lat' dir='ltr'><strong>longe</strong></span> <span class='ocrx_word' id='word_1_947' title='bbox 2788 5568 2855 5623; x_wconf 89' lang='lat' dir='ltr'><strong>ab</strong></span> <span class='ocrx_word' id='word_1_948' title='bbox 2885 5570 3067 5624; x_wconf 90' lang='lat' dir='ltr'><strong>animo</strong></span> <span class='ocrx_word' id='word_1_949' title='bbox 3102 5580 3287 5627; x_wconf 88' lang='lat' dir='ltr'><strong>nostro</strong></span> <span class='ocrx_word' id='word_1_950' title='bbox 3321 5573 3404 5627; x_wconf 87' lang='lat' dir='ltr'><strong>vel</strong></span> <span class='ocrx_word' id='word_1_951' title='bbox 3434 5588 3551 5639; x_wconf 89' lang='lat' dir='ltr'><strong>ore,</strong></span> <span class='ocrx_word' id='word_1_952' title='bbox 3590 5571 3748 5642; x_wconf 87' lang='lat' dir='ltr'><strong>quod</strong></span> 
     </span>
    </p>
   </div>
   <div class='ocr_carea' id='block_1_118' title="bbox 2165 5657 3747 5731">
    <p class='ocr_par' dir='ltr' id='par_1_118' title="bbox 2165 5657 3747 5731">
     <span class='ocr_line' id='line_1_118' title="bbox 2165 5657 3747 5731; baseline 0.002 -19"><span class='ocrx_word' id='word_1_953' title='bbox 2165 5660 2318 5714; x_wconf 63' lang='lat' dir='ltr'><strong>nobis</strong></span> <span class='ocrx_word' id='word_1_954' title='bbox 2377 5657 2573 5715; x_wconf 83' lang='lat' dir='ltr'><strong>dicitur</strong></span> <span class='ocrx_word' id='word_1_955' title='bbox 2622 5666 2678 5711; x_wconf 92' lang='lat' dir='ltr'><strong>ut</strong></span> <span class='ocrx_word' id='word_1_956' title='bbox 2727 5659 3045 5715; x_wconf 85' lang='lat' dir='ltr'><strong>credamus:</strong></span> <span class='ocrx_word' id='word_1_957' title='bbox 3080 5662 3324 5731; x_wconf 78' lang='lat' dir='ltr'><strong>quamvis</strong></span> <span class='ocrx_word' id='word_1_958' title='bbox 3376 5662 3514 5716; x_wconf 84' lang='lat' dir='ltr'><strong>enim</strong></span> <span class='ocrx_word' id='word_1_959' title='bbox 3563 5660 3747 5716; x_wconf 82' lang='lat' dir='ltr'><strong>oculis</strong></span> 
     </span>
    </p>
   </div>
  </div>
