3974 6202
207 356 281 413 97
1347 350 1677 407 COLLECT.
1721 347 1788 403 ΙΝ
1829 344 2047 401 EPIST.
2086 344 2178 398 AD
2214 341 2378 399 ROM.
3387 348 3453 404 9s

211 481 323 519 non
346 463 613 526 videatur,
643 477 673 517 a
702 471 902 517 natura
928 470 1107 516 tamen
1135 461 1437 517 animorum
1461 472 1514 517 et
1539 459 1792 530 loquendi
1823 463 1868 522 Α
1899 454 2265 517 crediderunt,
2299 463 2353 507 et
2380 453 2499 507 ideo
2526 467 2624 508 nec
2656 452 2907 508 invocant
2933 467 3055 508 eum
3079 449 3133 506 in
3162 466 3320 521 quem
3352 466 3461 505 non

211 556 428 609 ratione
467 568 573 606 non
615 552 890 607 discordat
918 550 1060 621 quod
1086 551 1376 606 credimus.
1408 551 1470 604 In
1500 551 1617 620 ipsa
1647 550 1791 603 enim

215 654 408 699 natura
441 644 645 698 inserta
671 650 802 697 sunt
825 642 971 697 velut
998 642 1223 707 semina,
1255 656 1375 711 quae
1407 642 1589 697 auditu
1620 650 1676 695 et
1701 656 1795 695 vo-

213 735 422 789 luntate
455 747 520 787 ex
556 733 772 788 cultura
810 731 1141 787 fructiﬁcant
1178 733 1543 786 testimonium
1583 741 1794 786 creato.

214 826 309 889 ris,
346 824 451 878 hoc
491 830 595 886 est,
626 820 853 877 verbum
897 821 1040 875 ﬁdei.
1081 820 1297 875 Nullum
1343 836 1479 890 opus
1517 820 1668 885 dicit,
1701 820 1796 874 sed

213 914 384 970 solam
412 913 575 968 ﬁdem
604 913 835 967 dandam
860 911 914 965 in
935 926 1157 966 causam
1188 910 1413 966 Christi.

282 1002 423 1069 Quia
440 1004 491 1056 si
510 1002 813 1071 conﬁtearis
839 1002 895 1056 in
920 1018 1008 1055 ore
1029 1010 1119 1055 tuo
1142 1001 1424 1055 Dominum
1445 1001 1644 1056 Iesum.
1666 1002 1797 1068 Qua:

214 1093 463 1162 superius
505 1092 723 1146 locutus
771 1100 890 1157 est,
934 1091 1025 1146 hic
1070 1091 1161 1146 illa
1206 1092 1578 1148 manifestavit
1609 1110 1622 1147 :
1653 1094 1796 1149 hanc

216 1198 333 1237 esse
380 1181 631 1252 regulam
674 1181 820 1249 ﬁdei,
864 1181 1086 1237 credere
1127 1182 1412 1237 Dominum
1442 1198 1563 1238 esse
1585 1182 1788 1247 Iesum,

216 1282 271 1328 et
303 1288 410 1327 non
441 1272 770 1327 erubescere
800 1272 925 1341 quia
974 1272 1116 1327 Deus
1153 1272 1300 1326 illum
1339 1287 1403 1327 ex
1446 1274 1675 1329 mortuis
1704 1274 1798 1328 de-

217 1364 365 1418 duxit
390 1363 448 1416 in
478 1362 700 1427 caelum,
729 1361 978 1417 conﬁteri
1003 1361 1156 1428 Quod
1180 1362 1318 1416 Deus
1341 1362 1489 1417 illum
1527 1364 1796 1418 suscitavit

218 1474 247 1509 a
269 1454 509 1510 mortuis.
551 1452 775 1508 Certum
811 1460 895 1507 est
922 1453 1049 1523 quia
1077 1454 1358 1508 suscitavit
1385 1468 1528 1517 eum,
1556 1456 1621 1509 ad
1637 1454 1799 1522 justi-

221 1546 526 1599 ﬁcationem
576 1545 660 1599 sui
703 1545 918 1599 credit:
952 1545 1151 1613 alioqui
1195 1545 1325 1614 quid
1363 1546 1608 1615 proderit
1657 1547 1797 1600 scire

219 1651 303 1691 me
333 1644 389 1690 et
429 1635 669 1690 credere
693 1635 837 1704 quod
870 1633 1055 1689 Iesum
1094 1634 1237 1689 Deus
1276 1636 1556 1690 suscitavit
1590 1651 1621 1689 a
1652 1652 1799 1691 mor-

222 1728 342 1791 tuis,
387 1725 435 1780 si
478 1726 532 1779 in
576 1740 663 1779 me
708 1726 825 1795 ipso
854 1740 976 1780 eum
1009 1739 1119 1779 non
1161 1725 1391 1780 habeam
1442 1727 1797 1781 suscitatum?

1893 544 2254 598 crediderunt.
2306 544 2362 597 ln
2410 545 2513 598 hoc
2550 552 2729 598 autem
2762 544 3069 599 arctissima
3113 555 3209 598 eos
3248 541 3466 595 conclu-

1894 635 2048 689 sione
2086 634 2448 705 constringit:
2477 632 2657 699 Salus,
2705 635 2896 704 inquit,
2929 650 3038 689 non
3067 641 3150 689 est
3185 632 3286 688 nisi
3317 632 3469 687 invo-

1894 725 2068 791 canti;
2102 739 2259 779 nemo
2297 739 2426 779 vero
2454 725 2668 781 invocat
2691 726 2784 795 qui
2813 741 2921 780 non
2945 726 3154 782 credit:
3185 739 3313 794 ergo
3340 723 3465 792 quia

1893 829 2000 868 non
2030 814 2270 879 creditis,
2314 829 2423 868 non
2468 814 2769 881 invocatis;
2801 825 2856 870 et
2883 817 3008 885 quia
3047 831 3153 870 non
3181 813 3465 878 invocatis,

1891 920 2000 959 non
2027 905 2332 961 salvamini.

1963 993 2068 1049 Sed
2090 997 2371 1064 quomodo,
2403 997 2597 1067 inquit,
2642 999 2849 1052 credent
2884 1000 2933 1053 ei
2969 1016 3120 1069 quem
3149 1016 3252 1054 non
3283 999 3468 1053 audie-

1894 1088 2056 1140 runt?
2091 1087 2386 1145 Possumus
2414 1091 2492 1145 sic
2523 1091 2842 1162 intelligere,
2882 1092 3056 1162 ipsum
3088 1093 3139 1146 in
3171 1107 3337 1147 carne
3367 1109 3465 1163 po-

1894 1176 2074 1241 situm,
2115 1180 2201 1233 vel
2235 1178 2521 1257 Apostolos
2553 1183 2671 1253 ejus
2709 1185 3067 1252 praedicantes
3096 1185 3160 1238 de
3190 1200 3258 1239 eo
3280 1184 3470 1240 audire

1895 1267 2206 1322 noluerunt.
2237 1269 2425 1327 Potest
2451 1280 2629 1327 autem
2659 1281 2712 1327 et
2741 1274 2844 1329 hoc
2872 1274 3120 1343 intelligi,
3149 1275 3274 1344 quia
3298 1275 3465 1328 etiam

1896 1370 2042 1411 nunc
2061 1357 2313 1413 Christus
2342 1376 2556 1431 semper
2579 1372 2832 1432 tanquam
2856 1364 3078 1417 verbum
3111 1373 3163 1417 et
3192 1365 3328 1418 ratio
3354 1365 3473 1417 uni-

1897 1450 2093 1518 cuique
2140 1452 2381 1521 loquitur
2419 1455 2472 1508 in
2503 1458 2684 1521 corde,
2733 1464 2787 1511 et
2830 1457 2896 1510 de
2937 1457 3135 1526 pietate
3180 1458 3354 1523 docet,
3404 1459 3471 1514 dc

1892 1538 2128 1607 iustitia,
2173 1543 2240 1596 de
2279 1545 2550 1609 castitate,
2593 1546 2660 1599 de
2701 1546 2977 1614 pudicitia,
3024 1555 3080 1601 et
3118 1548 3183 1601 de
3223 1549 3474 1603 omnibus

1898 1629 2066 1684 simul
2119 1632 2412 1688 virtutibus
2460 1641 2810 1703 protestatur,
2858 1635 2997 1689 sicut
3044 1643 3098 1690 et
3144 1636 3257 1705 ipse
3300 1638 3473 1693 dicit:

1899 1718 2031 1774 Oves
2065 1737 2196 1775 mea:
2225 1739 2399 1777 uocem
2446 1740 2616 1778 meam
2665 1726 2890 1779 audiunt
2940 1724 3122 1797 (Joan.
3174 1727 3328 1798 xxx).
3380 1728 3474 1784 Sic

220 1819 325 1889 Ego
352 1819 398 1872 si
438 1818 495 1871 in
531 1817 774 1872 novitate
819 1817 948 1873 vita:
995 1833 1099 1872 non
1148 1818 1384 1885 ambulo,
1430 1827 1487 1873 et
1524 1827 1794 1875 vetustate
1822 1809 1868 1868 Β
1896 1809 2127 1881 denique
2163 1813 2216 1867 ίιι
2252 1815 2416 1869 corde
2455 1814 2607 1870 Pauli
2653 1815 2992 1885 loquebatur,
3030 1819 3103 1872 ila
3128 1828 3187 1872 ιιι
3213 1818 3302 1873 ille
3330 1820 3475 1874 dice-

217 1908 478 1979 peccandi
528 1907 975 1963 consuetudinem
1024 1923 1132 1963 non
1174 1908 1339 1979 fugio,
1388 1909 1622 1962 nondum
1665 1909 1797 1964 mihi

214 2004 468 2058 Christus
506 2001 810 2056 resurrexit
834 2015 866 2054 a
890 2001 1137 2055 mortuis.
1174 1998 1257 2055 Ad
1287 2002 1432 2055 hunc
1462 2009 1639 2055 autem
1671 2016 1797 2057 sen-

213 2109 331 2147 sum
353 2109 418 2148 ea
461 2091 794 2165 conveniunt
820 2106 939 2161 qua:
963 2099 1284 2161 sequuntur.
1313 2091 1449 2144 Dicit
1489 2092 1625 2145 enim
1651 2090 1798 2146 Scri-

213 2191 393 2251 ptura.
424 2180 483 2234 In
511 2180 652 2235 Isaia
682 2199 696 2233 :
729 2179 873 2246 Quia
917 2182 1085 2234 omnis
1111 2181 1201 2252 qui
1241 2181 1403 2233 credit
1430 2181 1483 2234 in
1522 2197 1663 2245 eum,
1694 2197 1797 2234 non

216 2271 474 2324 erubescit
527 2270 665 2342 (Isa.
712 2270 863 2341 xcv).
914 2271 1200 2326 Erubescit
1248 2281 1427 2325 autem
1479 2271 1658 2326 omnis
1704 2272 1798 2341 qui

219 2371 427 2430 peccat,
459 2363 606 2417 sicut
637 2369 693 2417 et
731 2362 904 2417 Adam
944 2362 1209 2432 peccavit,
1251 2370 1307 2417 et
1331 2363 1566 2429 erubuit,
1592 2373 1648 2419 et
1677 2364 1799 2418 abs-

220 2453 398 2507 condit
438 2468 519 2509 se.
563 2452 664 2521 Qui
700 2455 768 2509 ad
820 2455 965 2510 hunc
1004 2456 1256 2509 ruborem
1294 2456 1501 2525 peccati
1545 2457 1796 2524 incurrit,

220 2545 442 2598 credere
466 2560 577 2597 non
599 2544 833 2599 videtur.

288 2632 462 2687 Corde
478 2632 617 2687 enim
644 2632 878 2687 creditur
895 2634 964 2687 ad
979 2635 1264 2704 justitiam.
1300 2636 1441 2707 Ergo
1469 2637 1514 2691 si
1543 2636 1673 2693 ﬁdes
1696 2637 1802 2693 suf-

224 2722 333 2776 ﬁcit
361 2723 432 2777 ad
459 2723 734 2793 justitiam
763 2731 819 2779 et
847 2725 1114 2779 confessio
1149 2727 1214 2780 ad
1249 2727 1497 2791 salutem,
1531 2729 1674 2783 inter
1700 2728 1799 2784 Ju-

224 2816 395 2870 dzeum
441 2824 497 2870 et
535 2815 807 2871 Gentilem
853 2818 1132 2873 credentes
1180 2819 1334 2872 nulla
1388 2819 1645 2874 discretio
1693 2829 1798 2875 est.

228 2904 406 2959 Omnis
425 2912 521 2977 qui
536 2907 699 2960 credit
715 2923 822 2961 non
842 2907 1208 2977 confundetur.
1225 2908 1358 2964 Cum
1376 2925 1601 2965 examen
1627 2911 1802 2981 cmpe-

228 2999 297 3051 rit
325 2998 441 3053 ﬁeri
472 2999 718 3053 omnium
743 3014 925 3054 rerum
948 3000 999 3053 in
1029 3000 1115 3055 die
1132 2999 1344 3068 judicii,
1381 3009 1437 3055 ct
1459 3002 1636 3056 omnia
1664 3001 1799 3057 falsa

230 3098 533 3144 commenta
564 3089 653 3144 vel
676 3091 929 3161 dogmata
953 3091 1008 3146 in
1034 3090 1404 3147 confusionem
1428 3092 1640 3157 deduci,
1669 3100 1800 3148 tunc

227 3180 284 3232 in
316 3178 596 3234 Christum
636 3181 920 3235 credentes
952 3181 1259 3251 gaudebunt
1283 3181 1529 3236 videntes
1551 3182 1803 3237 omnibus

224 3269 563 3326 manifestari
589 3271 717 3341 quia
744 3271 887 3341 quod
915 3271 1263 3326 crediderunt
1287 3286 1475 3326 verum
1503 3281 1590 3327 est
1616 3291 1628 3326 :
1654 3274 1802 3343 aspi-

224 3363 368 3416 cient
404 3362 554 3417 enim
584 3362 727 3417 inter
756 3371 983 3418 caeteros
1017 3378 1077 3418 se
1114 3362 1377 3434 gloriosos
1409 3371 1465 3419 et
1490 3365 1804 3433 prudentes,

224 3454 317 3522 qui
342 3455 601 3519 astimati
640 3453 859 3510 fuerant
909 3455 1349 3525 contemptibiles
1390 3465 1445 3511 et
1488 3456 1656 3510 stulti.
1689 3455 1803 3513 Illic

223 3546 370 3599 enim
400 3554 487 3601 est
507 3562 640 3601 vera
678 3547 948 3618 probatio,
995 3546 1084 3602 ubi
1124 3556 1179 3601 et
1218 3548 1580 3602 remuneratio
1600 3556 1800 3603 etoon-

223 3633 519 3691 demnatio.
564 3635 690 3691 Non
736 3647 814 3691 est
855 3639 994 3691 enim
1034 3636 1301 3690 distinctio
1333 3636 1510 3691 Iudici
1533 3647 1580 3690 et
1610 3636 1800 3692 Cra-ci.

224 3724 563 3782 Generaliter
612 3737 796 3783 autem
856 3726 1112 3782 confundi
1181 3736 1404 3798 propter
1452 3726 1804 3782 diﬂidentiam

226 3817 358 3872 dicit
414 3810 513 3873 aut
564 3819 843 3874 sublimari
897 3833 1058 3874 causa
1113 3819 1470 3885 credulitatis,
1516 3819 1641 3888 quia
1688 3818 1806 3873 sine

228 3906 450 3961 Christo
473 3907 617 3976 apud
632 3907 800 3962 Deum
829 3906 973 3961 nulla
1000 3906 1165 3971 salus,
1198 3907 1309 3961 imo
1331 3920 1492 3976 paena
1521 3916 1624 3960 est.
1650 3905 1804 3958 Dives

228 4000 281 4052 in
309 4014 502 4052 omnes
536 3999 626 4068 qui
660 4001 901 4054 invocant
926 4015 1064 4052 eum.
1093 3997 1246 4054 Unus
1285 3998 1545 4054 Dominus
1565 3996 1805 4052 omnium

230 4098 282 4141 et
303 4088 695 4144 abundantiam
716 4090 1102 4145 misericordia:
1126 4098 1180 4144 et
1208 4089 1438 4143 salutem
1476 4087 1641 4143 habet
1665 4086 1806 4140 unde

234 4181 519 4251 largiatur.
550 4182 667 4237 Non
690 4183 843 4248 dixit,
872 4182 1161 4239 Dominum
1187 4184 1410 4240 divitem
1438 4181 1803 4249 credentibus,

231 4278 321 4332 sed
342 4274 727 4331 invocantibus
745 4275 893 4329 illum
925 4293 938 4328 :
966 4275 1313 4332 credentibus
1337 4275 1482 4329 enim
1509 4273 1621 4329 sola
1648 4274 1808 4328 datur

235 4366 478 4421 remissio
517 4374 886 4436 peccatorum.
929 4363 1185 4435 Sequitur
1224 4374 1404 4420 autem
1450 4373 1513 4420 ut
1554 4365 1807 4435 precibus

233 4457 440 4512 deditus
486 4455 752 4510 liberetur
787 4470 819 4510 a
847 4455 1009 4522 malo,
1052 4464 1107 4512 et
1142 4456 1314 4527 possit
1360 4456 1615 4526 consequi
1661 4457 1806 4528 quod

234 4547 475 4615 promisit
502 4547 650 4601 Deus
673 4554 785 4601 toto
813 4547 977 4602 corde
997 4546 1371 4618 vigilantibus.
1402 4546 1496 4601 Hae
1523 4555 1650 4601 sunt
1674 4547 1809 4602 divi-

236 4639 319 4692 tia:
340 4637 579 4703 Domini,
608 4637 653 4691 si
673 4635 884 4706 iustitia
905 4637 1078 4705 nobis,
1105 4646 1162 4694 et
1187 4638 1414 4703 veritas,
1442 4645 1499 4693 et
1520 4638 1804 4708 sapientia,

234 4737 286 4782 et
312 4725 700 4792 sanctiﬁcatio,
743 4726 889 4796 quod
931 4735 1104 4783 totum
1137 4734 1222 4784 est
1245 4725 1496 4783 Christus
1521 4726 1805 4793 Dominus,

238 4820 561 4875 dominetur.
612 4816 708 4873 Ha:
754 4817 900 4873 enim
935 4829 1061 4875 sunt
1102 4818 1222 4891 ejus
1263 4818 1482 4885 divitiae,
1529 4827 1717 4889 utpote
1752 4819 1806 4874 in

236 4924 339 4977 quo
374 4919 505 4964 sunt
541 4922 735 4964 omnes
762 4907 1004 4963 thesauri
1027 4909 1309 4980 sapientia:
1334 4916 1390 4964 et
1415 4908 1657 4964 scientia:
1685 4907 1808 4971 abs-

236 5001 456 5055 conditi.
494 5000 723 5056 Videtur
758 4999 893 5055 mihi
939 5001 1141 5071 grande
1185 4999 1401 5070 aliquod
1429 4999 1485 5054 iu
1513 4997 1811 5069 Scripturis

236 5091 429 5147 divinis
478 5093 582 5149 sub
632 5093 993 5148 invocationis
1047 5092 1264 5148 nomine
1319 5090 1589 5162 designari
1636 5105 1652 5143 :
1700 5104 1809 5144 non

236 5184 380 5237 enim
402 5183 470 5239 de
490 5183 959 5254 qualibuscunque
978 5182 1134 5249 viris,
1162 5182 1255 5238 sed
1279 5181 1587 5251 ingentibus
1607 5186 1663 5234 et
1681 5193 1812 5249 pra:-

236 5273 407 5343 cipuis
430 5274 714 5340 scribitur,
744 5273 872 5347 quia
898 5273 1042 5329 Enos
1062 5274 1262 5344 primus
1284 5272 1430 5342 εωρίι
1455 5271 1700 5325 invocare
1724 5284 1814 5322 no-

235 5380 352 5419 men
375 5362 591 5419 Domini
611 5362 771 5439 (Gen.
800 5368 897 5435 ιν).

304 5452 489 5511 Omnis
526 5457 666 5511 enim
700 5456 996 5527 quicunque
1040 5453 1356 5510 invocaret-it
1386 5469 1570 5508 nomen
1599 5452 1814 5507 Domini

234 5546 406 5601 solm
445 5548 545 5602 erit
579 5546 743 5620 (loel.
769 5547 853 5618 ιι).
900 5545 1058 5615 Apud
1101 5544 1305 5601 Joelem
1351 5544 1664 5614 prophetam
1711 5543 1814 5597 hoc

236 5639 494 5710 scriptum
540 5648 627 5695 est
660 5657 674 5694 :
709 5638 988 5706 Quomodo
1039 5653 1159 5707 ergo
1208 5635 1522 5691 invocabant
1573 5651 1711 5699 eum,
1760 5633 1814 5686 in

234 5748 383 5798 quem
419 5748 525 5787 non
569 5730 952 5786 crediderunt?
995 5727 1269 5785 Christum
1312 5727 1458 5781 enim
1498 5725 1664 5780 Judaei
1705 5739 1814 5779 non

1900 1906 2013 1954 ret:
2031 1900 2113 1954 An
2132 1905 2538 1973 experimentum
2561 1906 2675 1976 ejus
2702 1907 2935 1978 qmvritis
2956 1908 3044 1978 qui
3059 1906 3288 1979 loquitur
3315 1909 3369 1962 in
3394 1926 3477 1964 me

1899 1986 2178 2046 Christus?
2218 1992 2474 2062 Sequitur
2515 2013 2529 2049 :
2583 1995 2857 2062 Quomodo
2899 2009 3069 2052 autem
3108 1999 3322 2054 audient
3365 1999 3477 2054 sine

1897 2081 2255 2149 prwdicante?
2299 2084 2356 2138 In
2406 2084 2509 2140 hoc
2552 2086 2725 2156 magis
2771 2086 3179 2156 praedicandum
3227 2104 3477 2144 sermone

1900 2171 2177 2229 Christum
2221 2178 2460 2232 ostendit
2502 2179 2697 2239 audiri,
2747 2179 2800 2233 in
2844 2180 3040 2249 quibus
3079 2182 3374 2237 secundum
3410 2198 3476 2238 ea

1898 2280 2018 2334 qua:
2055 2282 2217 2337 supra
2253 2269 2511 2337 diximus,
2544 2269 2795 2326 Christus
2832 2270 2977 2341 loqui
3005 2281 3061 2327 et
3089 2273 3285 2329 docere
3324 2290 3477 2329 mou-

1901 2364 2133 2413 strator.

1973 2446 2248 2512 Quomodo
2281 2459 2453 2504 autent
2480 2451 2841 2521 praedicabunt
2868 2453 2970 2507 nisi
3000 2452 3313 2508 mittantur?
3340 2453 3481 2509 Dim-

1901 2537 2075 2592 cuitas
2108 2540 2238 2593 mihi
2267 2542 2513 2609 qumdam
2551 2541 2603 2595 in
2638 2542 2741 2596 hoc
2771 2556 3022 2596 sermone
3051 2543 3265 2598 videtur
3290 2558 3481 2598 exsur-

1901 2644 2048 2700 gere.
2088 2629 2143 2683 Si
2170 2632 2315 2685 enim
2346 2632 2418 2686 ita
2451 2633 2812 2702 intelligamus
2855 2634 2998 2703 quod
3042 2644 3325 2704 propterea
3368 2651 3476 2689 non

1899 2722 2195 2793 przedicent
2226 2724 2352 2792 quia
2392 2740 2500 2778 non
2532 2725 2834 2786 mittantur,
2879 2726 3024 2780 nullo
3063 2734 3242 2787 autem
3280 2728 3476 2795 praedi-

1906 2821 2064 2867 cante
2091 2828 2198 2867 non
2233 2815 2475 2879 audiant,
2515 2831 2623 2871 non
2648 2815 2930 2871 credentes
2956 2816 3099 2870 enim
3126 2832 3234 2872 non
3264 2820 3481 2873 invoca-

1900 2904 2054 2968 bunt,
2080 2920 2187 2959 non
2222 2906 2536 2960 invocantes
2570 2920 2676 2960 non
2714 2905 3089 2967 salvabuntur,
3117 2906 3388 2978 colligitur
3408 2922 3476 2962 ex

1902 2996 2003 3058 liis,
2029 3006 2088 3051 ut
2112 3012 2275 3053 causa
2300 3013 2404 3067 qua
2433 3013 2540 3052 non
2575 3005 2700 3052 sunt
2729 2997 2944 3062 salvati,
2981 2998 3047 3051 ad
3074 2999 3261 3052 vitium
3294 2998 3482 3053 redeat

1904 3088 2143 3143 auctoris
2171 3088 2264 3158 qui
2286 3104 2394 3143 non
2427 3088 2636 3142 miserit
2661 3089 3037 3159 prtedicantes.
3074 3089 3180 3143 Sed
3210 3090 3383 3161 magis
3411 3091 3479 3145 ad

1905 3176 2057 3231 illum
2106 3193 2227 3242 nos,
2257 3178 2349 3246 qui
2378 3178 2578 3232 rectior
2601 3185 2704 3241 est,
2737 3178 2791 3231 in
2814 3178 3181 3250 intelligentia:
3210 3180 3482 3238 tramitem

1904 3265 2274 3332 dellectamus,
2302 3275 2357 3322 et
2385 3269 2530 3338 quod
2566 3267 2721 3332 dixit,
2772 3267 3044 3334 Quomodo
3084 3280 3258 3324 autem
3289 3272 3484 3342 prwdi—

1903 3358 2097 3412 cobunt
2150 3360 2254 3427 nisi
2297 3360 2616 3414 mittantur?
2662 3361 2743 3415 sic
2783 3361 3130 3432 accipiamus,
3163 3363 3314 3433 quasi
3339 3363 3486 3417 dicat

1902 3452 2192 3522 Apostolus
2228 3468 2244 3507 :
2285 3453 2395 3510 Nos
2436 3469 2714 3524 praecones
2755 3463 2811 3510 et
2856 3457 3243 3526 praedicatores
3283 3455 3484 3511 Christi

1903 3557 2010 3596 non
2051 3557 2341 3613 possumus
2386 3544 2720 3612 praedicare,
2779 3558 2880 3599 nec
2929 3543 3282 3598 annuntiandi
3327 3544 3485 3597 nobis

1904 3632 2077 3687 virtus
2108 3633 2216 3687 ulla
2265 3634 2605 3699 subsisteret,
2647 3634 2750 3689 nisi
2792 3635 3010 3689 adesset
3046 3633 3203 3687 nobis
3234 3633 3347 3711 ipse
3388 3632 3481 3701 qui

1904 3724 2071 3779 misit.
2123 3727 2277 3792 Quod
2336 3727 2381 3781 si
2426 3728 2847 3797 praedicantibus
2896 3727 3081 3780 audire
3131 3739 3237 3779 non
3295 3723 3483 3786 vultis.

1903 3824 2085 3870 vestra
2120 3815 2235 3882 jam
2277 3817 2433 3885 culpa
2488 3825 2600 3882 est;
2629 3825 2686 3871 et
2712 3817 2758 3870 si
2789 3816 3071 3870 audientes
3097 3829 3203 3868 non
3237 3813 3482 3881 creditis,

1904 3914 1960 3961 ct
1987 3920 2093 3960 non
2127 3907 2412 3961 credentes
2452 3922 2559 3962 non
2589 3906 2874 3971 invocatis,
2913 3905 3046 3961 salvi
3078 3920 3198 3961 esse
3226 3907 3481 3978 nequitis.

1906 3998 2043 4065 Quia
2071 4012 2202 4069 ergo
2229 3997 2383 4052 missi
2431 4005 2557 4052 sunt
2597 3998 2666 4052 ad
2704 3996 3167 4068 praedicationem,
3198 3997 3397 4053 idcirco
3418 3997 3486 4051 de

1905 4088 1991 4143 his
2012 4088 2104 4158 qui
2129 4089 2197 4143 ab
2227 4088 2343 4158 ipso
2379 4088 2533 4143 missi
2562 4097 2692 4143 sunt
2721 4087 2983 4160 scriptum
3012 4096 3095 4145 est
3126 4107 3140 4143 :
3168 4089 3339 4155 Quam
3367 4106 3483 4161 spc-

1908 4177 2036 4231 ciosi
2058 4186 2180 4231 sunt
2202 4176 2356 4247 pedes
2387 4177 2854 4247 euangelizandum
2882 4194 3084 4249 pacem,
3116 4177 3484 4248 euangelizan—

1907 4271 2039 4324 tium
2085 4269 2261 4324 bona!
2305 4268 2420 4324 Hoc
2460 4271 2722 4340 propheta
2760 4270 2895 4325 dicit
2917 4270 3148 4326 Nahum.
3196 4272 3367 4328 Pedes
3396 4271 3483 4327 di-

1908 4360 2097 4424 cendo,
2124 4360 2413 4415 adventum
2435 4359 2703 4430 signiﬁcat
2738 4359 3101 4429 apostolorum
3143 4362 3485 4418 circumeun-
3540 4403 3551 4410 .

1831 4492 1883 4551 Β
1912 4452 2042 4506 tium
2086 4452 2347 4507 mundum
2387 4458 2443 4506 et
2487 4466 2716 4522 regnum
2761 4451 2857 4507 Dei
2903 4453 3310 4522 pmdicantium
3340 4473 3353 4508 :
3385 4457 3484 4510 ad-

1911 4548 2103 4596 ventus
2141 4542 2286 4596 enim
2330 4540 2571 4611 ipsorum
2624 4541 2950 4597 illuminavit
2996 4542 3272 4609 homines,
3339 4544 3483 4600 viam

1911 4630 2201 4686 ostendens
2233 4646 2339 4700 qua
2374 4632 2486 4685 itur
2512 4632 2566 4686 in
2596 4647 2730 4702 pace
2759 4633 2827 4687 ad
2861 4632 3051 4687 Deum.
3082 4633 3189 4688 Aut
3212 4644 3361 4690 certe
3390 4651 3486 4705 pe-

1912 4722 2008 4776 des
2038 4721 2093 4775 in
2117 4721 2219 4776 hoc
2248 4721 2365 4775 loco
2392 4735 2493 4791 pro
2513 4722 2764 4777 sensibus
2790 4722 2969 4793 posuit
2998 4741 3010 4776 :
3041 4722 3109 4778 de
3146 4723 3231 4778 his
3258 4725 3488 4794 pedibus

1911 4818 1967 4866 et
2001 4810 2055 4864 in
2091 4809 2384 4880 Evangelia
2417 4808 2668 4865 Salvator
2697 4810 2811 4866 ait:
2842 4810 2995 4866 Sicut
3022 4828 3114 4883 ego
3154 4811 3408 4889 Dominus
3435 4824 3484 4869 et

1912 4902 2159 4972 magister
2172 4900 2275 4953 lavi
2291 4899 2447 4970 pedes
2462 4909 2678 4966 uestros,
2688 4910 2736 4955 et
2751 4901 2966 4955 inuicem
2983 4900 3152 4954 lavate
3160 4902 3315 4971 pedes
3328 4902 3487 4964 alter-

1911 4992 2426 5061 utrum:ea:emplum
2449 4991 2585 5044 enim
2605 4990 2728 5044 dedi
2760 4991 2900 5044 vobis
2923 4989 3101 5062 (Joan.
3125 4990 3267 5063 xm).
3285 4991 3485 5047 Videa-

1911 5098 2032 5137 mus
2051 5082 2192 5152 quod
2211 5082 2282 5137 sit
2300 5083 2444 5137 istud
2463 5081 2787 5153 exemplum,
2813 5096 2919 5151 quo
2939 5082 3179 5152 magistri
3201 5083 3493 5156 discipulo-_

1912 5191 2031 5229 rum
2054 5174 2236 5230 lavare
2253 5174 2485 5229 debeant
2503 5174 2687 5244 pedes,
2708 5174 2881 5227 autde
2905 5189 3010 5243 qua
3029 5189 3167 5245 aqua
3196 5174 3402 5232 lavare.
3426 5178 3485 5234 Si

1912 5266 2036 5336 quis
2078 5266 2316 5320 inveniat
2359 5281 2557 5336 aquam
2597 5266 2798 5329 vivam,
2851 5273 2903 5319 et
2936 5266 2983 5321 si
3009 5268 3131 5336 quis
3165 5269 3397 5339 accipiat
3416 5269 3486 5324 de

1914 5357 2200 5427 baptismo,
2232 5364 2288 5410 et
2314 5370 2453 5425 aqua
2484 5356 2572 5410 illa
2610 5355 2705 5410 ﬁat
2732 5355 2786 5409 in
2813 5370 2881 5410 eo
2903 5356 3025 5413 fons
3054 5375 3207 5428 aqua:
3238 5359 3487 5413 salientis

1916 5448 1970 5502 in
2004 5448 2169 5502 vitam
2210 5457 2490 5511 aeternam,
2522 5447 2624 5501 iste
2653 5447 2721 5501 de
2746 5447 2850 5502 hac
2876 5464 3016 5518 aqua
3046 5449 3303 5504 doctrina:
3329 5448 3488 5518 spiri-

1919 5535 2080 5591 tualis
2115 5544 2292 5606 potest
2334 5535 2519 5590 lavare
2554 5536 2721 5606 pedes
2761 5537 3168 5607 discipulorum,
3207 5548 3260 5593 et
3298 5553 3489 5594 omnes

1919 5644 1985 5684 es
2016 5629 2198 5684 animo
2242 5628 2481 5697 ipsorum
2531 5628 2903 5684 immunditias
2933 5629 3224 5699 sordcsque
3248 5629 3488 5696 diluere;

1919 5730 1974 5776 et
2017 5723 2120 5777 hoc
2164 5718 2388 5789 faciens,
2441 5721 2623 5776 datum
2657 5736 2688 5774 a
2721 5720 2980 5790 magistro
3024 5720 3263 5793 implevit
3310 5733 3504 5775 excute
