3974 6202
528 333 593 388 99
1937 321 2080 377 SEDl

2185 317 2203 372 l
2243 317 2433 373 SCOTI

3661 317 3750 376 l00

526 441 693 510 plum.
716 436 843 505 Qum
864 445 1039 491 autem
1063 437 1201 489 bona
1227 435 1336 488 sint
1355 447 1473 501 qua:
1493 431 1862 501 evangelizant
1888 430 2095 502 (quam-
2125 428 2176 487 A
2203 429 2336 482 tales
2368 444 2473 483 non
2504 430 2677 484 solum
2708 430 2873 491 vocis,
2907 430 3000 484 sed
3032 429 3193 485 verba
3217 438 3269 483 et
3292 429 3555 486 rationem
3581 444 3749 500 perve-

527 531 609 586 vis
632 531 731 584 hoc
754 530 924 597 ipsum
950 525 1091 594 quod
1112 525 1241 577 dicit
1266 522 1656 593 evangelizare,
1684 521 2089 589 interpretatur,

522 623 663 678 bona
688 616 1052 688 annuntiare),
1097 631 1217 685 quae
1261 616 1370 669 sint
1408 624 1586 668 tamen
1619 614 1759 667 bona
1792 627 1913 680 qua:
1939 610 2097 665 bonis

526 714 761 777 addidit,
809 709 1165 778 requiramus.
1218 707 1395 762 Unum
1434 713 1489 759 et
1531 719 1720 758 verum
1770 703 1968 757 bonum
2013 708 2099 755 est

525 807 687 870 Deus,
717 803 870 873 cujus
897 802 1074 871 imago
1107 799 1367 853 bonitatis
1411 805 1496 851 est
1542 796 1732 859 Filius,
1776 803 1833 848 et
1856 792 2096 862 Spiritus

523 898 639 966 ejus
665 894 756 963 qui
794 892 993 946 dicitur
1038 892 1249 944 bonus:
1277 889 1408 942 illud
1455 902 1586 955 ergo
1632 901 1819 949 unum,
1873 884 1998 953 quia
2038 884 2109 936 in‘

522 986 632 1039 Deo
658 985 837 1047 Patre,
863 991 918 1035 ct
947 981 1102 1044 Filio,
1130 988 1185 1035 et
1224 978 1430 1048 Spiritu
1468 985 1665 1030 sancto
1685 986 1790 1038 est,
1830 974 1971 1029 bona
1997 989 2094 1027 no-

520 1075 772 1139 minavit;
806 1075 906 1127 hoc
938 1080 1022 1125 est
1050 1072 1195 1125 enim
1222 1068 1371 1139 quod
1396 1067 1723 1121 annuntiant
1751 1064 2093 1135 evangelistte

519 1164 813 1219 secundum
859 1168 1184 1230 praeceptum
1226 1158 1324 1211 Dei
1373 1165 1428 1211 et
1471 1155 1770 1209 Salvatoris
1812 1153 1984 1207 nostri
2013 1152 2093 1206 di-

520 1253 714 1316 centis,
740 1251 841 1316 Ite,
863 1251 1041 1304 docete
1061 1266 1236 1303 omnes
1259 1256 1456 1317 gentes,
1479 1247 1799 1316 baptizantes
1818 1260 1903 1298 eos
1925 1244 1980 1297 in
2000 1258 2092 1295 no-

518 1344 656 1397 mine
670 1341 863 1406 Patris,
887 1351 933 1394 et
955 1341 1100 1402 Filii,
1128 1349 1174 1392 et
1196 1337 1421 1408 Spiritus
1444 1336 1610 1389 sancti
1633 1333 1849 1405 (Matth.
1874 1329 2087 1401 xxvut).

516 1433 829 1502 Exemplum
859 1448 988 1486 vero
1036 1432 1138 1485 hoc
1167 1429 1232 1483 de
1265 1427 1403 1481 Isaia
1448 1427 1660 1479 videtur
1707 1432 2082 1492 assumptum;

516 1524 611 1577 sed
644 1524 713 1577 ibi
750 1524 1011 1592 propheta
1043 1522 1109 1573 ad
1145 1521 1317 1588 ipsum
1363 1516 1648 1570 Dominum
1684 1512 2087 1582 evangelizandi

515 1612 745 1667 oliicium
790 1612 990 1666 retulit.
1026 1611 1100 1664 Ita
1130 1612 1274 1664 enim
1304 1612 1382 1666 ait
1410 1631 1421 1665 :
1449 1613 1574 1682 quia
1616 1627 1709 1681 ego
1750 1611 1860 1680 ipse
1888 1610 1975 1680 qui
2011 1608 2088 1662 lo-

514 1705 709 1773 quebar
727 1720 839 1757 ecce
863 1703 1068 1756 adsunt.
1104 1703 1274 1767 Quam
1309 1704 1516 1773 pulchri
1546 1704 1602 1757 in
1629 1703 1890 1756 montibus
1920 1710 1974 1754 ut
1995 1718 2084 1770 pe-

2202 520 2345 573 nisse
2386 522 2703 589 pronuntiat
2727 540 2738 574 :
2766 521 2909 590 quod
2938 522 3122 589 utique
3151 520 3433 574 audientes
3462 535 3748 576 sermonem

2199 610 2320 665 ﬁdei
2358 612 2521 664 etiam
2562 610 2891 678 perscrutari
2930 617 3175 678 possunt.
3203 608 3303 663 Sed
3330 609 3485 663 dico:
3514 608 3749 681 Nunquid

2200 698 2368 753 Israel
2396 716 2499 753 non
2528 701 2766 770 cognovit
2783 700 2809 752 .7
2832 698 3036 754 Gentes
3072 699 3277 754 scilicet
3314 715 3433 755 esse
3460 708 3671 754 vocatas
3690 701 3753 757 ad

2198 789 2379 844 ﬁdem.
2430 789 2655 844 Videtur
2699 804 2761 844 ea
2790 805 2910 859 qutr
2954 790 3201 860 superius
3240 790 3377 845 dixit
3415 791 3479 845 de
3508 789 3750 847 Gentibus

2195 880 2505 949 prolocutus
2536 900 2547 933 :
2575 888 2718 935 nunc
2758 896 2907 946 vero,
2940 888 2999 935 ut
3038 880 3139 935 sibi
3174 882 3341 936 moris
3371 890 3473 947 est,
3506 882 3661 937 etiam
3692 883 3751 938 de

2196 969 2359 1024 Israel
2387 970 2680 1040 subiungit,
2711 978 2765 1024 et
2784 969 2898 1023 vult
2927 970 3069 1038 quod
3100 970 3482 1025 inexcusabilis
3511 971 3578 1026 sit
3600 971 3749 1027 Israel

2196 1062 2423 1115 testibus
2474 1061 2685 1116 idoneis
2722 1063 3096 1131 comprobare.
3138 1061 3278 1131 Ipse,
3317 1063 3505 1132 inquit,
3559 1061 3749 1134 Moyses

2193 1150 2340 1215 dicit,
2367 1166 2433 1204 ex
2461 1165 2692 1222 persona
2730 1149 2825 1205 Dei
2853 1170 2864 1204 :
2902 1150 3009 1220 Ego
3044 1151 3113 1204 ad
3148 1151 3531 1206 wmulationem
3559 1170 3642 1207 vos
3664 1153 3751 1208 ad-

2192 1241 2381 1294 ducam
2410 1241 2465 1293 in
2493 1257 2597 1294 non
2638 1251 2859 1310 gentem,
2888 1241 2954 1295 de
2981 1240 3304 1296 Christianis
3344 1242 3459 1296 sine
3497 1242 3655 1299 dubio
3680 1245 3751 1299 di-

2192 1346 2340 1395 cens,
2368 1332 2461 1400 qui
2490 1347 2520 1385 a
2552 1331 2663 1386 Deo
2697 1332 2765 1385 ad
2802 1331 3200 1386 aemulationem
3242 1332 3440 1402 prioris
3468 1333 3643 1403 pepuli
3675 1335 3750 1388 in-

2191 1423 2393 1478 creduli
2429 1425 2673 1493 concepti
2702 1433 2758 1478 et
2788 1425 3048 1494 assumpti
3080 1433 3224 1480 sunt.
3256 1425 3338 1479 Ad
3374 1424 3745 1482 a’mulationem

2190 1529 2277 1566 vos
2304 1513 2589 1566 adducam.
2620 1513 2754 1579 Quia
2786 1529 2882 1582 per
2908 1530 2966 1569 se
2995 1513 3162 1569 Judati
3192 1514 3247 1568 in
3280 1515 3360 1568 ira
3391 1516 3540 1571 missi
3570 1532 3748 1573 excru-

2192 1603 2429 1668 ciantur,
2467 1604 2681 1672 quando
2710 1605 2935 1659 audiunt
2958 1604 3251 1675 prophetas
3276 1614 3333 1659 et
3357 1605 3531 1676 legem
3560 1608 3625 1662 ad
3656 1623 3747 1664 nos

2187 1694 2460 1764 pertinere
2498 1694 2587 1763 qui
2615 1694 2890 1749 Christum
2932 1695 3220 1751 credimus.
3274 1695 3343 1751 In
3383 1707 3582 1768 gentem
3628 1700 3749 1753 insi-

515 1796 605 1848 des
645 1794 1045 1864 cvangelizantis
1092 1795 1330 1848 auditum
1373 1797 1534 1866 pacis,
1587 1804 1643 1848 ut
1674 1794 2081 1864 euangelizantis
2110 1773 2157 1831 Β
2183 1787 2424 1855 rientem.
2459 1784 2570 1839 Hoc
2594 1794 2695 1853 est,
2735 1786 2852 1841 sine
2880 1787 2995 1858 lege
3020 1794 3074 1841 et
3105 1802 3214 1841 non
3249 1788 3557 1844 adorantem
3588 1789 3747 1849 Deum

516 1885 648 1937 bona
672 1883 805 1955 (Isai
854 1883 981 1954 ut)!
1014 1884 1211 1937 Verum
1253 1885 1386 1938 mihi
1431 1885 1645 1940 videtur
1689 1884 1905 1949 Paulus,
1958 1885 2082 1952 quia

517 1975 777 2043 proiihcta
817 1975 1048 2037 dixerat,
1094 1983 1148 2026 ut
1187 1974 1339 2044 pedes
1378 1974 1787 2045 euangelizantis
1827 1973 1980 2039 bona,
2031 1981 2085 2028 et

516 2066 617 2120 hoc
672 2067 827 2136 quasi
891 2082 956 2121 ex
1018 2066 1243 2139 alterius
1295 2067 1698 2136 comparatione
1755 2080 2085 2120 commemo-

515 2168 698 2218 rasse,
757 2156 904 2209 velut
953 2156 998 2209 si
1048 2155 1394 2209 diceret:lta
1443 2155 1625 2221 adem,
1678 2163 1738 2209 ut
1784 2156 1945 2210 homo
1991 2157 2083 2225 qui

513 2246 849 2314 cvangelizat
874 2260 1064 2315 pacem
1096 2255 1149 2300 et
1174 2245 1513 2315 evangelizat
1543 2246 1705 2299 bona.-

585 2334 690 2389 Scd
728 2352 831 2388 non
878 2352 1053 2389 omnes
1093 2335 1338 2388 obediunt
1380 2334 1683 2405 Evangelio.
1729 2334 1869 2404 Ergo
1906 2336 1950 2389 si
1985 2350 2084 2389 nec

513 2426 583 2479 illi
615 2442 801 2480 omnes
819 2426 1135 2480 obedierunt
1158 2426 1224 2480 ad
1251 2442 1389 2496 quos
1412 2426 1502 2480 isti
1528 2427 1677 2480 missi
1706 2435 1849 2489 sunt,
1881 2435 2083 2495 quanto

514 2518 685 2570 minus
724 2517 811 2570 isti
840 2516 906 2570 ad
934 2530 1068 2584 quos
1103 2531 1263 2569 nemo
1289 2525 1374 2569 est
1408 2516 1726 2570 destinatus.
1765 2514 1894 2580 Quis
1922 2516 2087 2568 credi-

511 2608 586 2659 dit
639 2606 844 2659 auditei
894 2607 1098 2659 vestro?
1149 2607 1411 2659 Firmavit
1469 2606 1715 2674 exemplo
1767 2605 2083 2674 prophetico

498 2698 722 2753 Indicos
776 2712 896 2752 esse
948 2697 1374 2752 contradictores
1423 2696 1744 2766 evangeliea:
1794 2695 2076 2750 veritatis:

512 2790 654 2843 hunc
687 2796 865 2842 autem
898 2803 1179 2842 numerum
1208 2787 1381 2857 tangit
1409 2786 1501 2855 qui
1531 2786 1688 2841 ﬁdem
1728 2801 1835 2839 non
1865 2784 2079 2853 recipit,

509 2881 651 2949 quod
677 2879 1153 2950 ponitApostolus,
1192 2880 1318 2947 quia
1358 2878 1526 2932 Isaias
1572 2877 1807 2930 dixerit:
1836 2876 2077 2941 Domine,

508 2974 624 3043 quis
662 2973 881 3026 credidit
924 2972 1130 3025 auditui
1160 2981 1335 3025 nostro
1357 2972 1382 3024 ?
1421 2969 1551 3034 Quis
1590 2984 1690 3038 pro
1719 2982 1844 3022 raro
1873 2968 2076 3022 dictum

512 3074 614 3116 est.
649 3063 711 3116 Et
743 3063 1032 3116 observare
1068 3062 1324 3116 debemus
1372 3062 1514 3129 quod
1549 3075 1728 3115 sermo
1748 3060 1910 3115 bicin
1933 3058 2077 3113 Scri-

512 3154 685 3223 pturis
715 3154 985 3207 interdum
1012 3170 1110 3223 pro
1140 3170 1287 3218 raro,
1311 3154 1578 3207 interdum
1598 3168 1695 3221 pro
1728 3152 1875 3206 nullo
1903 3152 2075 3207 omni-

510 3261 580 3298 no
617 3246 849 3315 ponitur.
883 3245 1041 3299 Verbi
1069 3246 1260 3314 gratia,
1300 3252 1359 3297 ut
1384 3260 1506 3298 cum
1530 3244 1729 3299 dicitur
1759 3260 1772 3297 :
1805 3243 1936 3307 Quis
1984 3260 2075 3297 sa-

508 3338 692 3404 piens,
746 3344 793 3389 et
847 3335 1087 3405 intelligit
1135 3336 1291 3387 Iure?
1348 3334 1447 3388 Ubi
1498 3349 1628 3387 vero
1675 3332 1910 3387 dicitur:
1948 3333 2078 3399 Quis

509 3425 741 3478 ascendit
767 3424 823 3476 in
855 3423 1058 3488 caelum,
1106 3424 1200 3475 hoc
1242 3432 1337 3486 est,
1375 3419 1639 3475 Christum
1681 3422 1962 3484 deducere;
2005 3421 2080 3475 vel

510 3516 628 3584 quis
663 3513 927 3567 descendit
957 3512 1013 3567 in
1045 3513 1309 3583 abyssum,
1343 3513 1439 3565 hoc
1468 3522 1562 3575 est,
1588 3512 1852 3566 Christum
1877 3529 1910 3565 a
1939 3528 2080 3565 πηοτ-

510 3606 615 3660 tuis
665 3603 1070 3659 reducereHIic
1117 3604 1233 3670 quis
1277 3603 1454 3658 nullus
1492 3604 1807 3682 intelligitur
1845 3624 1858 3658 :
1902 3605 2079 3661 nullus

510 3701 653 3754 enim
680 3707 763 3753 est
783 3698 875 3767 qui
896 3696 1139 3751 ascendit
1159 3697 1211 3750 in
1242 3695 1438 3750 coelum
1466 3695 1741 3751 Christum
1772 3697 1896 3752 inde
1920 3698 2079 3753 dedu-

508 3803 651 3843 cere.
689 3787 842 3841 Nunc
873 3802 1002 3858 ergo
1038 3786 1277 3851 Domine,
1317 3787 1433 3856 quis
1476 3787 1694 3840 credidit
1732 3788 1940 3842 auditui
1979 3805 2074 3842 no-

510 3884 655 3936 stre?
673 3881 818 3949 quod
859 3881 989 3934 dicit
1030 3879 1219 3943 Isaias,
1260 3895 1443 3933 rarum
1479 3893 1749 3948 quemque
1786 3879 2073 3950 signiﬁcat.

511 3972 733 4027 Videlur
771 3983 948 4026 tamen
988 3971 1155 4025 Isaias
1192 3972 1308 4024 haec
1334 3987 1401 4024 ex
1436 3986 1670 4038 persona
1714 3972 2074 4039 apostolorum

509 4063 857 4133 prophetare,
898 4061 1095 4130 quibus
1134 4059 1396 4113 creditum
1455 4059 1630 4112 fuerat
1674 4060 2074 4127 prtedieationis

508 4151 773 4215 cilicium;
806 4165 931 4203 nam
957 4157 1014 4203 et
1039 4148 1139 4218 ipsi
1172 4163 1294 4203 cum
1332 4148 1610 4202 raritatem
1646 4149 1980 4203 credentium
2009 4151 2075 4206 de

507 4242 702 4311 populo
749 4239 911 4294 Israel
958 4239 1226 4303 viderent,
1268 4239 1453 4294 dicunt
1496 4236 1564 4293 ad
1614 4239 1939 4295 Dominum:
1973 4240 2077 4295 Do-

508 4330 667 4395 mine,
716 4330 829 4402 quis
869 4329 1087 4383 credidit
1132 4329 1337 4383 auditui
1380 4329 1595 4382 nostra?
1651 4329 1794 4399 Ergo
1833 4331 1963 4399 fides
2010 4350 2074 4386 ex

2185 1891 2395 1930 verum.
2436 1876 2612 1931 Isaias
2649 1886 2822 1931 autem
2857 1879 3016 1932 audet
3042 1888 3090 1933 et
3120 1879 3266 1933 dicit.
3312 1880 3451 1935 Dicit
3471 1881 3749 1949 Apostolus

2187 1966 2252 2021 de
2276 1966 2413 2021 Isaia
2442 1969 2569 2037 quia
2613 1969 2776 2022 audet
2804 1978 2860 2023 et
2885 1969 3016 2025 dicit
3040 1988 3052 2023 :
3082 1970 3185 2025 hoc
3209 1969 3428 2035 indicat,
3464 1973 3588 2041 quia
3613 1988 3750 2028 moro

2187 2067 2294 2114 tem
2320 2068 2672 2116 contemnens
2696 2070 2752 2115 et
2784 2063 3189 2131 persecutiones
3217 2079 3337 2133 qua:
3369 2063 3748 2131 inferebantur,

2185 2151 2434 2219 quamvis
2480 2152 2645 2206 sciret
2683 2153 2784 2207 sibi
2826 2153 3111 2208 imminere
3137 2154 3457 2223 periculum,
3487 2156 3646 2210 audet
3671 2164 3750 2210 ta-

2188 2257 2311 2297 men
2339 2250 2393 2296 et
2414 2244 2671 2313 przedicat
2696 2246 2930 2303 Verbum
2956 2246 3073 2300 Dei.
3103 2246 3169 2300 Et
3200 2263 3265 2301 ex
3300 2262 3529 2317 persona
3554 2248 3749 2305 Christi

2186 2331 2319 2386 dicit
2358 2347 2372 2386 :
2417 2332 2516 2387 llic
2565 2332 2732 2388 Israel
2783 2335 3020 2390 carnalis
3064 2345 3169 2401 est,
3218 2338 3321 2391 hoc
3370 2348 3474 2404 est,
3524 2339 3750 2395 Abrahae

2186 2420 2349 2487 ﬁlius,
2380 2424 2473 2477 sed
2509 2439 2617 2478 non
2662 2426 2959 2479 secundum
3005 2424 3161 2480 ﬁdem
3189 2445 3201 2477 :
3228 2442 3352 2482 nam
3388 2427 3551 2484 Israel
3594 2446 3750 2487 verus

2186 2520 2239 2566 et
2262 2513 2559 2581 spiritualis
2581 2526 2685 2580 est,
2715 2516 2806 2585 qui
2833 2517 3103 2573 credendo
3124 2518 3273 2573 videt
3292 2518 3480 2575 Deum.
3507 2519 3746 2577 Inventus

2184 2618 2299 2655 sum
2349 2603 2414 2657 ab
2461 2604 2543 2658 his
2586 2605 2677 2676 qui
2719 2622 2800 2660 me
2846 2624 2949 2662 non
3000 2610 3411 2681 interrogabant.
3461 2611 3595 2678 Quia
3643 2630 3748 2668 non

2185 2693 2355 2747 Deum
2396 2695 2490 2748 sed
2530 2697 2792 2752 daamonia
2839 2698 3265 2770 interrogabant,
3296 2716 3395 2771 per
3430 2718 3659 2772 augures
3694 2714 3749 2760 et

2185 2784 2507 2855 astrologos,
2537 2796 2698 2856 atque
2727 2790 3002 2858 aruspices
3030 2790 3316 2846 idolorum.
3350 2792 3431 2846 Ad
3466 2791 3635 2847 Israel
3656 2811 3751 2848 au-

2182 2883 2284 2928 tem
2331 2876 2456 2946 quid
2495 2877 2661 2932 dicit?
2704 2877 2999 2949 Superiora
3032 2882 3250 2950 quidem
3298 2882 3366 2937 ad
3393 2881 3610 2948 Gentes,
3661 2899 3750 2940 sc-

2180 2967 2402 3034 quentia
2429 2983 2557 3022 vero
2582 2969 2805 3039 exponit
2835 2972 2901 3025 ad
2924 2971 3091 3026 Israel
3124 2988 3244 3027 esse
3278 2972 3577 3029 referenda.
3619 2973 3750 3029 Tota

2178 3056 2265 3110 die
2283 3057 2509 3127 expendi
2546 3075 2734 3113 manus
2762 3077 2923 3115 meas.
2956 3061 3068 3117 Hoc
3089 3071 3192 3129 est,
3226 3072 3338 3119 toto
3369 3071 3608 3135 tempore
3646 3067 3752 3121 mi—

2180 3147 2368 3201 rabilia
2400 3147 2484 3201 vel
2505 3147 2691 3219 plagas
2714 3152 2929 3205 extendi
2954 3170 2967 3205 :
2997 3166 3097 3208 nec
3127 3153 3206 3208 sic
3234 3155 3593 3211 crediderunt.
3620 3157 3751 3213 Cer-

2181 3244 2293 3290 tum
2316 3245 2399 3291 est
2425 3245 2608 3292 autem
2635 3240 2776 3308 quod
2800 3249 2989 3311 gentes
3010 3251 3167 3297 erant
3205 3260 3323 3314 qum
3348 3245 3619 3301 Christum
3647 3263 3753 3305 nec

2180 3343 2424 3397 quaerere
2448 3340 2730 3398 noverant,
2756 3348 2857 3388 nec
2880 3334 2947 3389 de
2971 3350 3036 3391 eo
3064 3336 3399 3408 interrogem
3422 3339 3749 3407 didicerant;

2179 3419 2503 3475 invenerunt
2527 3428 2704 3477 tamen
2732 3439 2890 3493 quem
2924 3441 3031 3481 non
3066 3429 3450 3497 quaesiverunt,
3476 3431 3601 3500 quia
3633 3432 3754 3503 ipse

2178 3525 2271 3564 eos
2300 3512 2547 3581 quaasivit
2572 3514 2740 3583 prior.
2770 3514 2961 3569 Pastor
2988 3518 3133 3571 enim
3159 3517 3334 3574 bonus
3361 3528 3416 3575 et
3443 3535 3598 3576 ovem
3626 3538 3751 3592 qua:

2159 3604 2414 3672 perierat
2450 3605 2756 3673 requisivit,
2800 3598 3147 3675 et'sapientia
3171 3618 3257 3663 est
3283 3625 3404 3680 qua:
3432 3610 3755 3668 drachmam

2177 3695 2443 3763 perditam
2475 3711 2723 3765 quaerens
2752 3698 2977 3752 invenit.
3005 3697 3175 3755 Judaei
3200 3710 3381 3755 autem
3409 3702 3758 3780 interrogant

2179 3784 2492 3854 Scripturas
2516 3783 2583 3839 de
2610 3801 2695 3850 eo,
2721 3796 2778 3841 et
2803 3788 3081 3843 inveniunt
3104 3790 3229 3860 quia
3252 3806 3386 3845 crux
3410 3790 3525 3860 ejus
3549 3791 3757 3849 ludatis

2177 3886 2261 3930 est
2282 3876 2614 3931 scandalum.
2634 3877 2756 3933 Ideo
2778 3878 2909 3933 dicit
2926 3879 2992 3933 ad
3003 3894 3124 3934 eos:
3144 3878 3274 3934 Tota
3295 3881 3379 3935 die
3399 3884 3627 3952 expandi
3642 3901 3759 3938 ma-

2179 3983 2275 4019 nus
2295 3984 2456 4033 meas,
2486 3969 2589 4023 hoc
2606 3977 2688 4023 est
2710 3984 2831 4023 cum
2858 3970 3122 4040 penderet
3142 3971 3193 4024 in
3213 3987 3395 4038 cruce,
3430 3972 3504 4027 illi
3528 3989 3635 4027 non
3668 3989 3759 4029 so-

2176 4057 2285 4111 lum
2300 4059 2776 4124 invenerunteum,
2794 4062 2889 4117 sed
2906 4063 3126 4132 insuper
3140 4063 3389 4118 dixerunt
3402 4064 3449 4118 ei
3467 4082 3480 4116 :
3500 4062 3556 4118 Si
3572 4062 3620 4114 F
3623 4064 3759 4120 ilius

2175 4147 2275 4201 Dei
2296 4165 2370 4212 es,
2391 4149 2643 4204 descende
2666 4167 2803 4204 nunc
2830 4152 2893 4206 de
2914 4168 3084 4215 cruce,
3109 4163 3156 4208 et
3184 4155 3465 4209 credimus.
3488 4155 3544 4210 In
3568 4170 3771 4211 exem~

2175 4238 2414 4309 plaribus
2439 4247 2619 4293 autem
2646 4238 2995 4296 Hebrteorum
3022 4258 3131 4296 non
3153 4244 3316 4298 habet
3342 4254 3528 4299 contra
3564 4245 3759 4301 dicen-

2177 4339 2287 4384 tem
2317 4369 2331 4393 ,
2378 4328 2666 4397 Apostolus
2708 4339 2889 4386 autem
2931 4341 3150 4388 secutus
3196 4334 3340 4388 LXX
3390 4336 3759 4405 interpretum

506 4423 694 4477 auditu
719 4430 813 4485 est,
855 4421 1065 4475 auditus
1099 4429 1274 4473 autem
1297 4435 1389 4489 per
1416 4419 1623 4473 verbum
1654 4418 1771 4472 Dei.
1801 4419 1936 4486 Quia
1968 4422 2070 4477 nisi
2096 4441 2151 4503 D
2175 4420 2454 4474 veritatem
2498 4420 2551 4474 in
2590 4420 2703 4476 suis
2745 4419 3061 4491 Scripturis,
3107 4424 3247 4479 sicut
3288 4424 3363 4479 illi
3402 4426 3754 4495 interpretati

507 4515 717 4567 dicatur
740 4511 957 4579 aliquid,
989 4523 1089 4563 nec
1120 4508 1292 4562 audiri
1316 4517 1510 4577 potest,
1542 4524 1641 4564 nec
1668 4510 1835 4564 credi.
1869 4509 1937 4564 In
1966 4528 2070 4565 om-

511 4620 627 4657 nem
659 4612 852 4655 terram
872 4601 1029 4653 exivit
1059 4615 1216 4652 sonus
1242 4615 1439 4652 eorum.
1473 4599 1587 4654 Hoc
1610 4600 1675 4656 de
1700 4599 1913 4655 Psalmo
1933 4618 2065 4660 xvm

508 4693 821 4755 assumitur,
860 4690 947 4744 ubi
971 4690 1085 4743 ait:
1113 4689 1236 4742 Non
1261 4698 1380 4742 sunt
1410 4689 1652 4760 loquelw,
1683 4707 1844 4760 neque
1866 4707 2067 4746 sermo-

508 4801 615 4837 nes.
658 4783 714 4836 In
744 4796 849 4850 quo
875 4794 971 4850 pro
1012 4779 1314 4849 linguarum
1359 4788 1416 4832 et
1451 4794 1759 4834 sermonum
1807 4781 2069 4836 varietate

506 4874 707 4927 Gentes
736 4871 852 4925 sine
881 4869 1042 4923 dubio
1071 4869 1457 4938 intelliguntur,
1490 4877 1544 4922 et
1565 4869 1762 4924 dicitur
1787 4871 1914 4939 quia
1940 4885 2070 4940 apo-

505 4963 766 5036 stolorum
805 4959 1005 5015 Christi
1052 4959 1103 5012 in
1150 4974 1363 5013 omnem
1408 4959 1624 5027 quidem
1651 4967 1854 5013 ter-ram
1904 4975 2068 5014 sonus

506 5055 719 5119 exierit,
773 5055 825 5108 in
869 5053 1005 5106 ﬁnes
1039 5065 1170 5104 vero
1208 5049 1357 5103 orbis
1396 5056 1572 5115 teme,
1610 5064 1718 5103 non
1751 5064 1933 5112 sonus,
1974 5052 2067 5105 sed

506 5144 669 5196 verba
716 5141 1097 5211 pervenerint:
1130 5140 1272 5209 quod
1319 5140 1393 5192 ita
1437 5138 1659 5208 intelligi
1704 5147 1901 5207 potest,
1939 5140 2066 5208 quia

509 5242 711 5288 terram
743 5234 1017 5301 imperitos
1055 5247 1295 5303 quosque
1333 5239 1387 5286 et
1429 5230 1742 5285 indoeibiles
1769 5246 1960 5287 omnes
1988 5234 2069 5289 di-

505 5333 613 5390 cat,
645 5323 713 5379 ad
741 5338 877 5394 quos
907 5339 1010 5377 non
1040 5325 1223 5389 verba,
1266 5323 1322 5377 in
1368 5323 1563 5392 quibus
1599 5324 1739 5378 ratio
1767 5324 1889 5379 ﬁdei
1920 5340 2067 5381 com-

507 5426 760 5472 monetur
803 5423 859 5471 et
894 5413 1202 5485 explanatio
1247 5416 1542 5484 sapientiae,
1590 5415 1687 5470 sed
1731 5431 1895 5471 sonus
1944 5416 2066 5472 ﬁdei

507 5508 775 5562 communi
797 5516 852 5562 et
873 5504 1098 5577 simplici
1124 5505 1499 5573 praedicatione
1524 5496 1845 5574 pervenerit.
1877 5506 2064 5562 Finem
2116 5548 2121 5553 -

510 5615 636 5653 vero
668 5599 813 5652 orbis
841 5607 1013 5660 terrae,
1055 5596 1355 5652 creditores
1399 5612 1642 5667 quosque
1682 5597 2061 5668 appellaverit;

509 5687 628 5741 ﬁnis
657 5690 797 5742 enim
828 5686 1211 5754 perfectionem
1242 5687 1441 5742 indicat
1468 5701 1668 5741 rerum.
1704 5685 1782 5741 Ad
1815 5687 1914 5745 hos
1937 5703 2066 5757 ergo

2174 4522 2321 4577 sunt,
2353 4511 2526 4579 ponit.

2776 4601 3003 4658 CAPUT
3049 4603 3138 4656 XI.

2239 4692 2371 4746 Dico
2386 4692 2568 4762 igitur:
2585 4691 2835 4762 Nunquid
2850 4692 3034 4761 repulit
3052 4693 3187 4747 Deus
3198 4693 3547 4748 licere-ditatem
3565 4699 3765 4751 suam?

2176 4783 2312 4850 Quia
2350 4785 2484 4839 satis
2535 4784 2655 4840 illos
2703 4784 3115 4849 bumiliaverat,
3166 4784 3325 4839 modo
3368 4786 3521 4855 quasi
3569 4785 3764 4843 bonus

2175 4874 2364 4928 doctor
2400 4875 2709 4929 consolatur
2735 4888 2860 4938 cos,
2896 4887 2962 4927 ne
2998 4872 3118 4927 illos
3152 4873 3377 4927 nimium
3413 4875 3765 4929 exacerbare

2170 4966 2464 5020 videretur.
2494 4963 2661 5018 Absit.
2696 4962 2810 5016 Non
2841 4976 3063 5028 omnes,
3091 4962 3195 5028 ait,
3229 4962 3456 5032 repulit,
3487 4962 3590 5016 nisi
3625 4962 3762 5018 illos

2172 5055 2261 5125 qui
2290 5069 2395 5108 non
2421 5053 2783 5108 crediderunt.
2812 5051 2954 5105 Nam
2978 5060 3025 5104 et
3052 5066 3143 5120 ego
3169 5049 3413 5104 Israelita
3434 5065 3570 5103 sum.
3604 5048 3761 5116 Quia

2172 5163 2276 5201 non
2326 5145 2526 5201 idcirco
2563 5142 2771 5213 expulsi
2805 5151 2962 5207 sunt,
3004 5141 3145 5210 quod
3180 5155 3346 5210 genus
3381 5148 3506 5194 sunt
3547 5138 3761 5195 Israel.

2171 5238 2287 5293 Non
2310 5252 2437 5307 ergo
2459 5233 2655 5303 repulit
2676 5232 2818 5286 Deus
2840 5231 3048 5301 plebem
3072 5244 3224 5284 suam
3243 5270 3257 5296 ,
3282 5243 3443 5297 quam
3468 5227 3768 5296 praescivit

2172 5342 2293 5384 esse
2323 5325 2668 5379 credituram.
2706 5322 2776 5376 Et
2802 5329 2862 5375 ut
2889 5321 2992 5374 hoc
3018 5318 3273 5389 probaret
3300 5317 3546 5388 exemplo
3564 5358 3578 5383 ,
3616 5318 3770 5371 sub-

2163 5418 2367 5489 jungit,
2400 5414 2585 5469 dicens
2613 5430 2626 5466 :
2661 5411 2803 5466 Nam
2828 5419 2875 5471 et
2899 5425 2991 5479 ego
3015 5407 3266 5463 Israelita
3291 5424 3427 5461 sum.
3458 5408 3539 5461 An
3566 5409 3763 5460 nesci-

2169 5509 2233 5561 tis
2264 5508 2317 5560 in
2350 5504 2468 5559 Elia
2498 5504 2623 5574 quid
2652 5502 2777 5556 dicit
2810 5498 3083 5569 Scriptura
3115 5496 3254 5569 (III
3284 5496 3409 5568 Reg.
3443 5513 3534 5551 ιιι
3557 5497 3575 5567 )
3596 5496 3625 5548 ?
3672 5495 3769 5553 Ne

2169 5597 2443 5652 videretur
2468 5606 2694 5663 parvum
2724 5588 2865 5658 quod
2893 5586 3137 5657 exemplo
3167 5586 3248 5641 sui
3275 5601 3381 5640 non
3411 5599 3529 5640 esse
3556 5584 3769 5653 repul-

2170 5705 2283 5745 sam
2316 5687 2521 5756 plebem
2549 5683 2640 5738 Dei
2674 5681 2899 5737 docebat
2927 5678 3245 5747 Apostolus,
3269 5677 3527 5731 validiora
3561 5676 3772 5747 requi-
