3974 6202
240 348 333 402 ιδι

1377 338 1701 397 COLLECT.
1744 336 1810 391 IN
1847 335 2063 391 EPIST.
2106 338 2195 391 AD
2236 336 2396 392 ROM.

3372 330 3477 389 102

242 466 314 520 rit
345 460 616 530 exempla,
656 458 791 513 dicit
820 477 831 511 :
877 459 954 511 An
992 457 1194 510 nescitis
1214 497 1226 519 ,
1264 464 1367 509 etc.
1406 456 1461 508 In
1495 455 1688 523 quibus
1718 451 1811 503 do—
1841 452 1885 508 A
1918 451 2168 504 mandata
2186 452 2611 509 contemnerent,
2629 444 2771 498 unde
2793 459 2822 497 a
2842 442 3119 497 Salvatore
3144 449 3472 512 arguuntur:

246 563 362 616 cet,
403 552 542 621 quod
588 548 855 619 propheta
900 546 1184 616 aliquando
1230 546 1339 600 Deo
1382 544 1640 614 repletus,
1689 556 1810 596 cum

248 643 385 710 apud
415 640 581 694 Deum
612 638 891 706 querelam
920 635 1095 706 populi
1126 633 1554 703 praevaricatoris
1580 645 1813 700 expone-

246 741 360 789 ret.
389 730 480 799 qui
509 743 615 782 non
656 726 834 781 solum
874 727 1165 796 prophetas
1206 724 1496 779 oczidisset
1534 729 1587 775 ct
1618 721 1810 775 altaria

244 820 633 883 subvertisset,
672 832 866 871 verum
901 824 955 869 et
988 815 1190 878 Eliam,
1227 814 1317 884 qui
1352 813 1632 867 videbatur
1668 810 1812 864 solus

244 925 528 982 superesse
568 925 634 963 ex
673 908 954 979 prophetis
995 907 1237 970 Domini,
1284 913 1573 960 conaretur
1614 902 1815 957 exstin-

244 1017 435 1075 guere,
468 1002 699 1056 Domino
727 1000 942 1055 dicebat
970 1020 982 1057 :
1030 998 1099 1051 Et
1126 1015 1218 1067 ego
1248 996 1459 1049 relictus
1486 1010 1599 1048 sum
1641 992 1811 1055 solus,

244 1102 289 1146 et
320 1105 568 1163 quierunt
596 1091 828 1143 animum
865 1103 1053 1142 meam.
1098 1086 1205 1141 Sed
1243 1086 1367 1156 quid
1408 1086 1532 1137 dicit
1573 1083 1651 1136 illi
1683 1083 1816 1135 divi-

244 1198 366 1236 num
397 1195 705 1251 responsum
729 1178 755 1231 ?
780 1176 983 1247 Reliqui
1016 1177 1141 1228 mihi
1169 1184 1360 1245 septem
1390 1172 1557 1226 millia
1584 1172 1812 1225 virorum

243 1271 329 1340 qui
363 1287 469 1324 non
508 1276 850 1322 curvaverant
883 1282 1051 1335 genua
1088 1274 1205 1319 ante
1242 1262 1396 1317 Baal.
1448 1263 1646 1332 Aperta
1692 1268 1818 1315 sunt

248 1362 381 1414 haec.
419 1357 673 1413 Ostendit
709 1356 854 1410 enim
892 1369 998 1409 non
1037 1354 1206 1410 solum
1247 1353 1417 1407 Eliam
1456 1351 1814 1416 remansisse,

247 1452 338 1519 qui
371 1451 601 1504 devotus
638 1448 750 1501 Deo
787 1461 893 1501 non
933 1446 1237 1501 adoraverit
1271 1445 1407 1501 idola
1429 1485 1443 1506 ,
1482 1445 1576 1499 sed
1624 1443 1819 1497 multos

249 1542 339 1610 qui
376 1541 429 1593 in
465 1538 574 1593 fide
606 1537 703 1592 Dei
734 1544 1164 1607 permanserunt.
1202 1534 1339 1590 Huic
1372 1535 1449 1589 rei
1485 1543 1541 1589 et
1581 1534 1821 1588 historiae

249 1630 495 1700 congruit
519 1629 664 1697 quod
686 1627 836 1681 multi
860 1642 958 1696 per
977 1626 1263 1695 speluncas
1283 1624 1534 1679 occultati
1556 1624 1684 1686 sint,
1703 1638 1822 1691 por-

249 1729 366 1789 pter
384 1719 579 1773 Achab
605 1732 785 1788 regem
815 1715 1073 1770 Samarize
1101 1708 1154 1769 et
1180 1714 1396 1769 Jezabel
1424 1728 1645 1767 uxorem
1670 1711 1786 1780 ejus
1803 1752 1818 1778 ,

1915 541 2139 595 Culicem
2168 540 2471 609 linquentes,
2499 535 2752 590 cautelam
2778 544 2947 587 autem
2971 533 3239 603 glutientes
3261 531 3474 603 (Matth.

1916 647 2050 684 xxrtl
2077 630 2115 700 ).
2147 630 2301 681 Dedit
2331 628 2436 681 illis
2480 625 2721 696 spiritum
2760 624 3185 694 compunctionis.
3219 623 3332 678 IIoc
3361 631 3477 686 est,

1914 719 2159 787 spiritum
2185 717 2386 771 erroris
2410 715 2494 769 vel
2520 713 2872 777 inﬁdelitatis,
2901 728 2994 766 seu
3025 712 3253 766 invidias.
3285 710 3479 765 Oculos

1914 819 1970 862 ut
2011 825 2113 862 non
2156 807 2393 887 videant,
2436 814 2485 859 et
2527 820 2679 857 aures
2722 813 2777 856 ut
2819 819 2922 856 non
2962 802 3202 855 audiant.
3246 800 3481 867 Quaestio

1915 899 2071 953 nobis
2095 897 2363 968 quomodo
2387 896 2451 949 de
2472 896 2613 948 bono
2639 893 2795 963 digne
2822 893 3022 946 dictum
3046 892 3308 957 videatur,
3338 891 3482 961 quod

1917 991 2029 1059 ipse
2060 987 2266 1042 dederit
2296 985 2479 1042 oculos
2506 985 2723 1040 residuo
2749 982 2912 1036 Israel
2940 983 3137 1050 quibus
3162 998 3267 1036 non
3302 983 3485 1037 videat

1915 1090 1969 1134 et
1998 1094 2157 1132 aures
2195 1077 2390 1147 quibus
2430 1090 2533 1129 non
2574 1073 2797 1128 audiat:
2828 1080 2882 1125 et
2919 1072 3040 1125 vide
3081 1085 3148 1125 ne
3189 1070 3328 1125 forte
3368 1072 3485 1124 hzec

1916 1170 2089 1240 magis
2127 1167 2412 1222 retributio
2450 1165 2521 1220 sit
2561 1172 2616 1219 et
2669 1177 2877 1217 merces
2932 1161 3356 1226 incredulitatis,
3399 1177 3485 1216 se-

1917 1262 2151 1316 cundum
2197 1275 2259 1314 ea
2307 1272 2425 1327 qum
2466 1257 2521 1313 in
2558 1254 2926 1324 superioribus
2970 1253 3344 1320 exposuimus,
3392 1252 3485 1306 ubi

1918 1353 2042 1422 quia
2071 1366 2176 1404 non
2205 1348 2566 1419 probaverunt
2595 1345 2764 1399 Deum
2792 1344 2993 1397 habere
3024 1343 3079 1396 in
3122 1342 3311 1396 notitia
3329 1383 3344 1407 ,
3373 1350 3486 1395 tra-

1918 1442 2050 1496 didit
2093 1439 2212 1493 illos
2248 1438 2390 1491 Deus
2427 1438 2484 1489 in
2527 1435 2798 1506 reprobum
2839 1448 3093 1488 sensum:
3125 1433 3251 1487 hinc
3289 1432 3485 1487 etenim

1918 1536 2105 1591 oculus
2136 1541 2187 1588 et
2218 1533 2365 1586 auris
2394 1529 2601 1593 cordis,
2635 1540 2739 1581 non
2766 1527 3012 1595 corporis
3041 1526 3258 1590 dicitur,
3292 1526 3488 1595 quibus

1921 1625 2174 1680 excarcati
2214 1631 2373 1686 sunt,
2415 1629 2469 1674 et
2498 1635 2604 1673 non
2634 1618 2886 1683 audiunt,
2918 1617 2972 1671 hi
3003 1617 3186 1685 utique
3216 1616 3490 1672 Christum

1921 1717 2164 1770 videntes
2203 1714 2256 1766 in
2299 1725 2557 1779 corpore,
2600 1717 2654 1763 et
2692 1709 2970 1762 audientes
3009 1708 3306 1762 doctrinam
3336 1708 3486 1777 ejus,

251 1810 336 1878 qui
354 1825 455 1878 per
471 1807 966 1877 pseudoprophetas
981 1804 1263 1860 credentes
1277 1804 1677 1873 Deiprophetas
1696 1818 1821 1871 per-
1847 1789 1894 1848 Β
1923 1821 2023 1859 nec
2051 1804 2269 1859 credere
2296 1802 2549 1871 operibus
2575 1814 2694 1867 qua:
2723 1800 3008 1863 videbant,
3039 1814 3137 1852 nec
3160 1800 3324 1853 verbo
3348 1798 3491 1868 quod

250 1899 633 1969 sequebantur,
679 1905 735 1951 et
769 1894 1022 1966 populum
1050 1895 1117 1949 ad
1147 1892 1505 1949 idololatriam
1535 1892 1814 1961 cogebant.

251 1992 382 2057 Quid
412 1999 596 2044 autem
624 1998 681 2044 et
709 1990 823 2059 ipse
850 2002 1106 2042 numerus
1143 1994 1347 2056 septem
1380 1984 1546 2039 millia
1585 1985 1822 2037 virorum

251 2085 479 2147 indicet,
506 2084 804 2138 videamus.
827 2080 1177 2151 Septenarius
1203 2085 1460 2133 numerus
1486 2078 1553 2131 ad
1583 2077 1821 2145 requiem

250 2174 518 2243 pertinet:
546 2174 597 2227 in
627 2174 855 2243 septima
882 2172 1028 2226 enim
1051 2172 1323 2242 requievit
1344 2171 1505 2225 Deus.
1530 2170 1670 2223 Audi
1695 2166 1824 2239 ergo

250 2267 518 2337 quomodo
538 2265 787 2320 Christus
810 2265 1097 2319 credentes
1119 2264 1221 2319 sibi
1244 2264 1437 2318 invitat
1459 2264 1527 2317 ad
1549 2262 1788 2331 requiem
1809 2301 1823 2325 ,

251 2367 303 2410 et
323 2358 485 2412 dicit:
509 2355 693 2411 Venite
714 2356 782 2409 ad
801 2372 906 2421 me,
930 2372 1103 2409 omnes
1123 2356 1213 2425 qui
1236 2354 1509 2418 laboratis,
1533 2363 1580 2406 et
1602 2369 1693 2424 ego
1708 2352 1827 2420 reﬁ-

253 2451 385 2501 ciam
408 2464 518 2501 cos.
551 2446 630 2501 Ad
659 2446 819 2500 istum
847 2459 977 2515 ergo
998 2445 1361 2515 septenarium
1395 2458 1676 2498 numerum
1705 2458 1827 2511 pcr-

254 2537 383 2589 tinet
408 2535 591 2589 omnis
616 2536 707 2603 qui
737 2535 961 2589 veniens
990 2536 1057 2589 ad
1083 2534 1355 2589 Christum
1386 2534 1633 2602 deposuit
1660 2547 1825 2586 onera

252 2624 491 2694 peccati,
522 2632 578 2678 et
608 2623 852 2692 requiem
884 2622 1069 2678 salutis
1098 2623 1319 2677 invenit.
1352 2622 1444 2677 Sic
1472 2624 1633 2692 igitur
1659 2632 1706 2675 et
1732 2623 1828 2674 hoc

255 2727 481 2785 tempore
527 2714 765 2785 reliquiae
811 2714 1095 2767 secundum
1148 2713 1447 2768 electionem
1495 2713 1680 2783 gratia:
1730 2712 1829 2764 Dei

258 2806 411 2860 salua:
449 2805 609 2875 {actm
650 2815 790 2859 sunt.
831 2803 1111 2873 Reliquias
1154 2804 1343 2859 dicens
1383 2817 1476 2856 eos
1514 2801 1605 2871 qui
1632 2816 1698 2854 ex
1724 2801 1831 2855 cir—

259 2897 588 2951 cumcisione
640 2894 1014 2961 crediderunt,
1070 2903 1180 2949 tam
1229 2892 1595 2962 apostolorum
1637 2890 1830 2959 quibus

258 3002 317 3042 se
367 3001 586 3057 quoque
626 2993 979 3051 annumerat,
1024 3000 1185 3055 quam
1224 2992 1278 3038 et
1316 2992 1540 3037 crateras
1576 2980 1668 3050 qui
1706 2995 1829 3034 cum

261 3079 387 3147 ipsis
414 3077 590 3132 secuti
622 3084 748 3130 sunt
777 3075 937 3130 (idem
964 3074 1184 3131 Christi.
1214 3073 1365 3141 Quod
1393 3072 1523 3127 dicit
1546 3071 1831 3125 secundum

258 3169 562 3223 electionem
611 3168 797 3238 gratim
839 3166 939 3221 Dei
978 3166 1150 3221 salvas
1189 3166 1354 3235 factas
1400 3179 1510 3217 esse
1551 3161 1827 3233 reliquias,

260 3271 365 3311 non
404 3256 539 3311 mihi
580 3254 796 3310 videtur
822 3269 945 3311 esse
971 3253 1254 3325 superﬂuae
1283 3253 1529 3309 lectionis
1555 3252 1785 3322 adjectio
1818 3270 1829 3305 :

258 3349 434 3419 potuit
469 3348 617 3404 enim
657 3348 870 3413 dicere,
910 3347 1152 3415 reliquite
1188 3361 1288 3417 per
1323 3345 1584 3416 gratiam,
1625 3352 1680 3399 et
1719 3344 1836 3399 sine

259 3440 528 3495 electione
544 3478 560 3502 ,
583 3448 785 3493 etcum
808 3437 1089 3493 electione.
1120 3435 1256 3490 Nam
1280 3450 1470 3490 omnes
1498 3434 1712 3504 quidem
1743 3433 1833 3503 qui

262 3546 359 3600 per
389 3530 553 3585 ﬁdem
583 3529 882 3593 salvantur,
912 3543 1008 3598 per
1036 3527 1263 3598 gratiam
1292 3527 1407 3581 sine
1436 3526 1596 3580 dubio
1625 3526 1836 3579 salvan-

264 3631 395 3673 tur:
441 3620 537 3689 qui
584 3629 767 3674 autem
811 3632 907 3688 per
945 3616 1263 3672 electionem
1304 3616 1492 3687 gratiae
1536 3615 1832 3679 salvantur,

262 3711 618 3780 perfectiores
646 3711 841 3766 anima;
868 3710 1003 3764 mihi
1032 3709 1283 3764 videntur
1312 3708 1543 3764 ostendi.
1575 3707 1637 3762 Si
1662 3716 1835 3760 autem

264 3806 435 3874 gratia
457 3845 474 3867 ,
520 3821 624 3858 non
662 3819 728 3858 ex
767 3802 1026 3869 operibus.
1061 3800 1349 3856 Sciendum
1389 3808 1473 3854 est
1511 3814 1675 3869 opera
1718 3814 1837 3866 qua:

264 3898 460 3953 Paulus
504 3898 755 3968 repudiat
797 3905 853 3951 et
890 3894 1198 3965 frequenter
1234 3893 1544 3962 vituperat,
1574 3906 1679 3945 non
1717 3904 1838 3944 esse

266 4005 426 4058 opera
450 3988 679 4057 iustitia:
706 4003 826 4058 qua:
856 3988 1174 4042 mandantur
1213 3986 1265 4038 in
1306 3984 1456 4054 lege,
1489 3981 1583 4036 sed
1620 3996 1684 4035 ea
1721 3980 1841 4049 qui-

272 4080 363 4134 bus
412 4079 505 4143 hi,
553 4078 647 4146 qui
686 4076 979 4132 secundum
1020 4090 1237 4131 carnem
1282 4074 1454 4143 legem
1497 4070 1837 4132 custodiunt,

267 4174 577 4242 gloriantur
601 4187 619 4224 :
655 4171 707 4225 id
743 4180 857 4236 est,
902 4170 989 4226 vel
1029 4170 1530 4231 circumcisionem,
1579 4166 1662 4220 vel
1707 4166 1842 4219 ritus

267 4258 703 4324 sacriﬁciorum,
756 4258 842 4312 vel
893 4258 1327 4313 observationem
1384 4255 1730 4310 sabbatorum
1788 4260 1843 4305 et

270 4349 703 4405 ueomeniarum.
750 4347 877 4402 Haec
911 4356 967 4402 et
1004 4345 1265 4414 ejusmodi
1311 4359 1439 4414 ergo
1480 4349 1605 4397 sunt
1643 4356 1840 4411 opera,

269 4457 334 4494 ex
362 4442 565 4511 quibus
590 4440 722 4495 dicit
747 4439 1012 4494 neminem
1043 4437 1280 4506 potuisse
1302 4433 1528 4496 salvari,
1556 4441 1612 4486 et
1635 4433 1702 4487 de
1725 4432 1845 4501 qui—

272 4532 374 4586 bus
414 4532 467 4585 in
514 4529 771 4599 prmsenti
808 4529 925 4583 loco
964 4529 1123 4590 dicit,
1166 4527 1291 4595 quia
1331 4540 1436 4578 non
1465 4537 1532 4577 ex
1559 4524 1842 4592 cperibus,

272 4633 379 4679 etc.
424 4622 643 4691 Alioqui
685 4622 858 4692 gratia
899 4636 999 4674 non
1044 4628 1118 4673 est
1158 4617 1352 4688 gratia.
1401 4614 1517 4669 Hoc
1557 4620 1675 4677 est,
1703 4612 1750 4666 si
1779 4626 1847 4665 ex

274 4712 526 4780 operibus
574 4709 739 4765 salvae
778 4707 933 4763 factio
979 4716 1135 4773 sunt,
1189 4721 1297 4760 non
1353 4703 1459 4759 erit
1504 4701 1709 4772 gratia,
1755 4700 1849 4755 sed

279 4815 483 4855 meroes
521 4800 708 4869 operis
737 4817 749 4854 :
796 4798 921 4868 quia
965 4813 995 4852 a
1037 4797 1274 4868 gratuito
1303 4808 1527 4848 munere
1554 4793 1725 4862 gratia
1755 4805 1849 4860 ap-

279 4891 522 4958 pellatur.
558 4888 700 4954 Quid
727 4889 906 4942 enim?
929 4889 1066 4958 quod
1091 4885 1354 4958 quazrebat
1386 4881 1586 4946 Israel,
1619 4882 1715 4934 hoc
1743 4896 1848 4934 non

276 4990 351 5033 est
391 4988 739 5043 consecutus;
782 4978 960 5032 electio
1002 4990 1176 5031 autem
1215 4983 1490 5029 consecuta
1523 4982 1635 5036 est,
1674 4970 1849 5025 creteri

279 5085 397 5121 sero
427 5069 678 5123 caementi
704 5077 846 5121 sunt.
880 5066 935 5120 In
965 5067 1049 5122 his
1086 5064 1375 5135 Apostolus
1415 5062 1578 5118 Israel
1622 5063 1677 5116 in
1715 5061 1849 5116 duas

282 5158 461 5212 divisit
486 5167 700 5229 partes,
727 5172 956 5227 quarum
984 5170 1145 5210 unam
1172 5155 1488 5210 electionem
1516 5159 1700 5215 vocat,
1731 5165 1851 5219 qua:

280 5259 571 5305 consecuta
595 5251 669 5305 sit
698 5249 842 5319 quod
868 5248 1146 5318 quaerebat
1170 5263 1185 5311 ;
1215 5246 1377 5301 aliam
1414 5252 1639 5300 caeteros
1672 5239 1853 5311 appel-

280 5342 387 5407 lat,
415 5343 508 5412 qui
538 5357 648 5398 non
680 5340 855 5397 solum
883 5338 1161 5395 consecuti
1188 5351 1295 5391 non
1324 5344 1446 5391 sunt
1474 5332 1616 5403 quod
1646 5343 1854 5402 quaere-

280 5437 442 5501 bant,
473 5438 569 5493 sed
596 5436 855 5493 excmcati
886 5441 1012 5489 sunt
1035 5432 1230 5502 spiritu
1255 5428 1701 5500 compunctionis.
1731 5425 1854 5479 Ideo

283 5536 464 5582 autem
515 5537 660 5583 totus
706 5526 872 5582 Israel
918 5540 1024 5581 non
1068 5530 1153 5578 est
1194 5527 1515 5576 consecutus
1554 5516 1853 5585 justitiam,

282 5618 408 5685 quia
438 5618 585 5671 illam
615 5632 726 5673 non
755 5632 821 5670 ex
853 5615 957 5669 lide
985 5612 1329 5682 qumrebant,
1360 5609 1453 5663 sed
1482 5625 1543 5662 ex
1573 5607 1702 5661 solis
1729 5620 1857 5674 ope-

286 5714 439 5771 ribus
459 5715 593 5786 legis
616 5730 675 5770 se
690 5710 979 5782 iustiﬁcari
1004 5707 1293 5779 putabant,
1317 5720 1441 5759 cum
1470 5704 1701 5757 maxima
1729 5701 1859 5771 legis

1925 1899 2208 1953 audierant
2250 1893 2470 1948 obedire
2509 1891 2811 1945 voluerunt.
2866 1887 3037 1960 Usque
3080 1889 3135 1942 in
3181 1889 3491 1943 hodiernum

1922 1989 2080 2042 diem.
2130 1985 2244 2039 Hoc
2283 1991 2398 2047 est,
2441 1996 2615 2050 usque
2655 1987 3060 2041 convertantur,
3089 1980 3228 2034 sicut
3255 1979 3322 2033 de
3351 1979 3495 2034 vela-

1922 2080 2068 2134 mine
2098 2076 2278 2133 cordis
2310 2075 2376 2128 ad
2399 2071 2706 2128 Corinthios
2734 2070 2931 2124 dicitur
2962 2067 3010 2139 (1
3021 2067 3043 2121 I
3072 2068 3194 2121 Cor.
3224 2067 3327 2138 ut).
3360 2067 3490 2121 Vel:

1928 2171 2098 2242 Usque
2127 2171 2181 2223 in
2212 2168 2520 2221 hodiernum
2570 2163 2705 2216 diem
2725 2201 2739 2226 ,
2769 2160 2872 2215 hoc
2901 2169 3012 2224 est,
3044 2173 3214 2227 usque
3254 2158 3320 2212 ad
3361 2172 3494 2212 con-

1926 2259 2340 2316 summationem
2371 2253 2573 2310 smculi.
2605 2251 2730 2304 Fiat
2757 2266 2933 2305 mensa
2963 2265 3140 2302 eorum
3165 2263 3341 2301 coram
3367 2248 3496 2318 ipsis

1926 2353 1979 2404 in
2028 2351 2288 2421 laqueum.
2338 2346 2473 2412 Quia
2520 2345 2573 2397 in
2622 2342 2873 2411 passione
2919 2337 3120 2393 Christi
3167 2336 3333 2390 laetati
3372 2344 3501 2389 sunt

1926 2443 2127 2513 pascha
2153 2440 2499 2495 comedentes
2528 2455 2540 2489 :
2573 2436 2675 2490 hoc
2699 2433 2842 2487 enim
2882 2432 2949 2485 de
2995 2429 3102 2483 illis
3146 2429 3498 2498 prophetatur

1928 2537 2019 2607 qui
2052 2534 2388 2589 Salvatorem
2418 2537 2570 2585 aceto
2599 2534 2654 2582 et
2681 2525 2803 2581 felle
2830 2523 3111 2594 potabant.
3144 2520 3295 2587 Quod
3335 2518 3498 2607 dicit,

1928 2606 2022 2696 fiat
2051 2641 2227 2679 mensa
2252 2637 2431 2676 eorum
2454 2620 2510 2674 in
2547 2618 2791 2687 laqueum
2831 2624 2880 2668 ct
2917 2614 3238 2684 captionem,
3271 2622 3375 2661 non
3406 2606 3501 2659 ha-

1930 2719 2090 2772 betur
2118 2713 2377 2783 scriptum
2406 2710 2460 2763 in
2489 2706 2725 2770 Psalmo,
2758 2718 2932 2771 neque
2960 2702 3014 2755 in
3047 2699 3249 2752 nostris
3275 2696 3503 2765 Septua-

1931 2806 2078 2877 ginta
2118 2805 2474 2871 interpretum
2501 2794 2927 2865 exemplaribus,
2959 2805 3132 2860 neque
3169 2789 3225 2843 in
3253 2787 3503 2841 Hebrum-

1933 2909 2073 2947 rumt
2106 2891 2214 2946 Sed
2243 2903 2460 2945 rursum
2491 2888 2546 2941 in
2583 2884 2798 2941 Psalmo
2845 2883 3112 2937 habetur:
3160 2878 3282 2932 Fiat
3324 2894 3504 2931 mensa

1934 2999 2114 3038 eorum
2153 2996 2329 3035 coram
2366 2978 2493 3049 ipsis
2522 2979 2574 3031 in
2605 2975 2847 3046 laqueum
2877 2971 3067 3045 (Psal.
3098 2985 3265 3026 vam
3289 2970 3330 3040 ).
3361 2968 3506 3037 Apo-

1935 3074 2102 3129 stolus
2127 3080 2306 3126 autem
2329 3086 2434 3124 non
2454 3069 2665 3139 posuit,
2690 3083 2866 3120 coram
2887 3065 3030 3136 ipsis.
3060 3063 3200 3131 Ergo
3225 3060 3505 3116 sciendum

1938 3164 2082 3234 quod
2134 3162 2431 3216 auctoritas
2487 3157 2778 3229 apostolica
2830 3169 3105 3226 nunquam
3156 3153 3505 3208 Hebrmorum

1936 3254 2334 3325 exemplaribus
2384 3252 2542 3306 ﬁdem
2586 3249 2747 3314 facit,
2789 3262 2890 3303 nec
2938 3244 3119 3301 verbis
3164 3257 3378 3316 semper
3424 3242 3508 3297 in-

1937 3351 2230 3413 terpretum
2260 3341 2457 3405 servit,
2489 3340 2583 3396 sed
2629 3338 3029 3409 Scripturarum
3070 3346 3287 3390 sensum
3326 3331 3510 3387 verbis

1935 3433 2131 3503 quibus
2157 3430 2413 3501 competit
2437 3427 2689 3498 eXplicat.
2717 3424 2889 3481 Omne
2915 3424 3055 3494 quod
3082 3421 3381 3491 appellatur
3405 3418 3511 3474 Ve-

1938 3534 2026 3578 tus
2057 3523 2460 3578 Testamentum
2490 3534 2674 3574 mensa
2703 3526 2787 3573 est
2813 3516 3011 3581 Israel,
3042 3515 3098 3570 in
3137 3529 3242 3583 qua
3284 3524 3469 3565 mensa
3489 3547 3506 3572 ,

1938 3615 1981 3667 si
2031 3614 2152 3683 quis
2197 3612 2411 3667 volebat
2448 3611 2609 3665 edere
2653 3608 2876 3663 verbum
2928 3605 3057 3670 Dei,
3104 3600 3361 3672 appositis
3407 3597 3510 3652 sibi

1938 3704 2070 3773 legis
2119 3711 2171 3756 et
2221 3701 2605 3770 prophetarum
2660 3694 3000 3752 sermonibus
3044 3690 3386 3761 pascebatur.
3440 3687 3509 3739 Et

1938 3796 2076 3847 hzmc
2106 3804 2235 3861 puto
2266 3805 2384 3843 esse
2413 3802 2685 3851 mensam,
2716 3787 2781 3841 de
2809 3799 2915 3853 qua
2959 3783 3090 3836 dicit
3129 3778 3422 3835 Salomon:
3451 3777 3512 3832 Si

1941 3883 2155 3935 redieris
2198 3895 2399 3932 camare
2437 3876 2504 3928 ad
2543 3889 2775 3929 mensam
2812 3870 3030 3943 potentis
3059 3908 3075 3936 ,
3116 3866 3514 3938 intelligibiliter

1940 3971 2169 4040 intelligo
2194 3987 2310 4040 qua:
2337 3974 2672 4037 apponuntur
2697 3964 2820 4031 tibi,
2847 3971 2897 4017 et
2923 3962 3068 4017 mitte
3091 3975 3305 4014 manum
3330 3968 3475 4011 tuam
3494 3997 3510 4019 ,

1940 4062 2106 4117 sciens
2132 4061 2256 4130 quia
2282 4056 2411 4112 talia
2438 4064 2486 4110 te
2509 4070 2698 4125 parare
2723 4060 2920 4124 Oportet
2943 4051 2969 4105 ?
2992 4048 3181 4106 Omnis
3204 4062 3337 4118 ergo
3368 4045 3516 4101 Scri-

1939 4164 2097 4225 ptura
2147 4165 2334 4206 mensa
2379 4157 2462 4204 est
2509 4145 2804 4216 sapientize.
2844 4143 3034 4206 Aliter,
3074 4141 3170 4212 ﬁat
3214 4155 3392 4194 mensa
3428 4154 3517 4192 eo-

1944 4262 2061 4299 rum
2104 4258 2281 4297 coram
2323 4239 2450 4310 ipsis
2494 4238 2552 4291 in
2604 4235 2889 4303 laqueum;
2950 4231 3054 4286 hoc
3097 4229 3375 4300 impletum
3430 4234 3515 4281 est

1945 4336 2159 4407 quando
2185 4332 2349 4388 occisi
2378 4337 2501 4385 sunt
2530 4327 2585 4381 in
2612 4324 2906 4379 vindictam
2935 4322 3112 4376 crucis
3133 4321 3335 4390 pascha
3364 4333 3515 4373 man-

1949 4429 2243 4490 ducantes,
2283 4423 2338 4476 in
2380 4419 2630 4488 laqueum
2671 4414 2878 4470 scilicet
2913 4410 3253 4466 obsidionis?
3296 4408 3422 4462 Sive
3460 4408 3514 4461 in

1947 4516 2197 4585 laqueum
2244 4524 2429 4566 mensa
2472 4507 2668 4561 divinae
2706 4503 2997 4572 Scriptura:
3033 4498 3231 4554 Judaais
3267 4497 3513 4560 eilicitur,

1948 4604 2163 4675 quando
2189 4617 2255 4658 ea
2280 4615 2399 4670 quae
2425 4598 2489 4652 de
2517 4596 2730 4651 Christo
2753 4592 3069 4663 prophetata
3092 4596 3248 4653 sunt,
3276 4602 3382 4641 non
3412 4587 3518 4643 nisi

1950 4699 2017 4753 ad
2056 4696 2294 4749 litteram
2320 4704 2589 4763 perverse
2627 4687 3071 4754 interpretantur,
3116 4680 3170 4733 in
3214 4679 3517 4747 captionem

1948 4788 2156 4844 scilicet
2196 4778 2712 4852 transmigrationis,
2760 4791 2880 4847 qua:
2925 4773 3024 4828 sub
3071 4770 3193 4825 Tito
3232 4779 3287 4823 et
3318 4769 3518 4834 Vespa-

1951 4881 2103 4935 siano
2133 4876 2274 4932 facta
2311 4880 2415 4928 est.
2458 4870 2642 4925 Potest
2681 4875 2861 4923 autem
2889 4872 2945 4919 et
2972 4864 3061 4918 illa
3102 4861 3281 4931 captio
3319 4874 3519 4914 mensae

1955 4970 2115 5039 hujus
2150 4965 2354 5031 videri,
2385 4962 2511 5035 quia
2544 4960 2803 5015 Dominus
2837 4971 2931 5011 eos
2969 4952 3142 5022 cepit,
3171 4965 3290 5004 cum
3319 4949 3386 5003 ad
3424 4964 3521 5003 eos

1955 5038 2128 5119 disit:
2163 5056 2303 5123 Quid
2343 5053 2482 5109 vobis
2510 5050 2713 5105 videtur
2737 5049 2800 5101 de
2826 5041 3080 5099 Christo?
3108 5038 3404 5110 Sequitur:
3453 5038 3519 5093 Et

1956 5174 2062 5211 non
2086 5157 2363 5224 potuerunt
2392 5147 2439 5201 ei
2470 5142 2775 5214 respondere
2800 5135 3011 5191 verbum
3041 5132 3202 5205 (Luc.
3233 5130 3337 5203 tv).
3372 5131 3438 5186 Et
3465 5132 3521 5186 in

1959 5222 2366 5301 retributionem.
2409 5234 2522 5291 Hoc
2559 5239 2677 5294 est,
2704 5230 2760 5283 in
2799 5225 2925 5280 mali
2963 5224 3143 5295 Operis
3183 5222 3474 5278 vindictam
3505 5238 3519 5273 :

1961 5338 2019 5390 lit
2067 5342 2247 5387 autem
2293 5336 2348 5383 et
2394 5326 2449 5379 in
2495 5318 2806 5378 scandalum
2850 5331 3038 5372 mensa
3076 5317 3180 5371 hoc
3219 5313 3398 5368 modo.
3444 5311 3524 5366 Ex

1956 5421 2253 5494 Scripturis
2284 5417 2586 5473 didicerunt
2611 5409 2810 5475 Judtei,
2839 5409 2963 5480 quia
3008 5406 3246 5462 Christus
3279 5404 3334 5457 in
3376 5410 3527 5456 ceter-

1957 5530 2081 5570 num
2110 5519 2283 5565 manet
2308 5524 2325 5571 ;
2353 5504 2535 5559 Iesum
2561 5517 2688 5555 vero
2718 5500 2960 5554 videntes
3002 5496 3056 5548 in
3098 5505 3294 5556 came,
3324 5497 3379 5545 et
3419 5503 3525 5547 non

1959 5603 2129 5660 solum
2158 5601 2212 5654 iu
2239 5612 2422 5657 carne,
2447 5593 2539 5646 sed
2567 5592 2618 5667 in
2647 5597 2845 5652 morte,
2868 5594 2924 5641 et
2949 5592 3122 5637 morte
3149 5581 3344 5645 crucis,
3372 5593 3528 5634 scan-

1960 5691 2330 5751 dalizabautur
2355 5687 2408 5741 in
2436 5699 2557 5740 eum
2579 5723 2594 5750 ,
2621 5681 2924 5736 nescientes
2965 5675 3090 5745 quia
3126 5674 3217 5729 etsi
3244 5676 3530 5744 passuscst
