3974 6202
452 286 471 338 1
484 286 552 337 03

1864 258 2128 329 SEDULII
2168 265 2361 326 SCO'I'I

3583 262 3690 316 I04

450 411 515 448 ea:
539 393 841 463 inﬁrmitate
864 392 1059 457 carnis,
1083 389 1172 444 sed
1198 388 1316 444 vivit
1341 403 1407 443 ea:
1433 387 1616 443 virtute
1644 383 1759 440 Dei.
1790 384 2016 438 Dorsnm
2046 388 2093 444 Α
2119 379 2335 434 scicntia
2361 392 2493 447 pura
2522 375 2542 445 (
2566 372 2590 426 I
2623 372 2756 463 I‘im.
2784 387 2843 426 ιιι
2867 369 2887 444 )
2909 411 2924 441 ,
2954 384 3059 424 ιιοιι
3086 368 3428 463 jam-bunum
3458 372 3684 463 grande,

451 502 630 540 eorum
658 494 928 541 curvatum
949 491 1024 536 est
1046 496 1263 550 semper.
1294 477 1476 547 Neque
1497 477 1639 533 enim
1661 475 1857 531 debent
1877 475 2018 528 ultra

454 578 648 633 emtum
670 576 963 644 despicere,
984 572 1077 642 qui
1101 573 1152 626 in
1175 578 1472 626 escatorem
1485 568 1605 624 (εωιί
1630 574 2019 638 peccaverunt:

455 667 550 720 sed
573 665 791 719 dorsum
815 661 1084 733 significat
1103 658 1471 715 fortitudinem
1489 655 1793 711 Iudaeorum
1818 654 1884 709 ad
1908 669 2023 709 scr-
2046 682 2052 689 -

453 757 680 810 vitutem
703 754 975 810 redactam
992 750 1266 807 extraneis
1287 738 1556 821 gentibus.
1573 746 1702 801 Dico
1714 747 1873 812 enim,
1889 760 2024 798 nun-

455 846 580 916 quid
602 845 677 898 sic
697 843 1022 913 offenderunt
1050 850 1105 895 ut
1134 840 1416 895 caderent?
1440 838 1497 893 Id
1524 845 1609 893 est
1627 878 1642 903 ,
1667 852 1772 891 non
1796 836 1871 891 ita
1898 848 2026 905 pro-

454 944 576 1005 pter
602 934 996 1004 improbitatem
1026 947 1177 987 suam
1205 930 1389 985 emeati
1416 936 1574 993 sunt,
1608 935 1670 981 ut
1705 925 1886 982 curari
1917 940 2023 979 non

457 1027 665 1098 possint
695 1044 709 1080 :
740 1026 878 1081 sicut
903 1032 957 1079 et
985 1023 1220 1078 Zabulon
1248 1022 1475 1092 legimus
1500 1020 1780 1083 cecidisse,
1813 1017 2026 1072 dicente

458 1118 596 1173 Isaia
624 1116 881 1187 propheta
914 1132 928 1168 :
962 1113 1234 1179 Quomodo
1262 1111 1491 1165 cecidisti
1520 1110 1584 1163 de
1620 1108 1746 1163 caelo
1765 1146 1781 1173 ,
1819 1106 2027 1176 Lucifer

462 1206 638 1277 (Isai.
671 1203 808 1273 tv)?
859 1203 1057 1258 Casum
1101 1201 1457 1270 apostaticum
1504 1197 1869 1271 significavit:
1919 1211 2025 1251 non

458 1308 587 1364 ergo
629 1294 729 1348 hos
771 1291 850 1347 sic
875 1291 1163 1346 oﬂ'endisse
1189 1289 1315 1344 dicit
1345 1297 1405 1343 ut
1429 1290 1712 1351 caderent,
1743 1287 1836 1342 sed
1860 1284 2028 1341 offen-

458 1384 627 1438 sionis
665 1398 776 1439 sua:
816 1397 980 1437 eausa
1022 1382 1090 1435 ad
1127 1389 1337 1449 tempus
1381 1381 1625 1434 obtusos.
1666 1377 1772 1433 Sed
1814 1376 2027 1430 illorum

458 1473 644 1527 delicto
664 1472 810 1526 salus
850 1482 924 1526 est
969 1472 1223 1541 gentibus,
1269 1479 1323 1523 ut
1366 1468 1485 1524 illos
1529 1466 1855 1523 a'mulentm'.
1887 1466 2028 1532 Quo.

458 1563 616 1618 modo
642 1578 707 1617 ex
736 1563 951 1618 illorum
980 1562 1176 1617 delicto
1205 1561 1350 1616 salus
1378 1561 1628 1631 gentibus
1656 1561 1812 1615 detur
1851 1566 2030 1612 osten-

2120 468 2214 523 sed
2234 467 2350 537 jam
2380 464 2575 518 malam
2604 462 2705 516 sibi
2734 474 2948 530 pmnam
2977 458 3282 528 conquirit,
3314 466 3566 530 tanquam
3594 461 3693 529 qui

2123 553 2505 613 contumeliam
2547 550 2737 605 fecerit
2760 549 2938 603 divino
2962 547 3291 612 ministerio,
3320 547 3459 615 quod
3499 548 3697 603 simili-

2116 644 2207 702 ter
2232 646 2297 700 de
2322 642 2533 699 cazteris
2558 648 2613 695 et
2640 639 2892 694 oniitibus
2919 636 3301 691 ecclesiasticis
3328 637 3583 705 gradibus
3609 638 3698 693 in-

2122 733 2466 806 telligendum
2492 738 2596 786 est.
2626 730 2685 783 Si
2707 743 2807 799 quo
2834 726 2987 781 modo
3014 725 3082 779 ad
3105 725 3456 779 wmulandum
3480 743 3698 782 cernens

2121 842 2289 880 meam
2309 838 2596 895 pracocem.
2623 819 2734 874 Hoc
2757 826 2865 881 est,
2891 827 2948 871 ut
2965 816 3111 871 omni
3134 816 3292 870 modo
3317 816 3477 872 talem
3501 834 3587 873 me
3604 834 3701 873 ex-

2123 919 2369 980 hibeam,
2410 920 2675 983 quatenus
2718 925 2804 964 me
2840 908 3149 963 desiderent
3185 907 3409 961 imitari.
3451 906 3511 963 Si
3553 910 3701 962 enim

2124 1008 2336 1062 amissio
2358 1019 2537 1059 eorum
2563 999 2913 1057 reconciliatio
2935 1008 3009 1054 est
3037 997 3239 1052 mundi.
3262 997 3702 1054 Unde'Gcntihus

2124 1102 2451 1172 assumptio,
2480 1098 2585 1155 nisi
2613 1113 2682 1152 ex
2712 1097 2925 1152 illorum
2964 1095 3213 1150 viverent
3253 1101 3464 1158 morte,
3496 1106 3562 1146 ex
3600 1090 3673 1146 Ju

2128 1195 2260 1250 dacis
2306 1191 2579 1247 mortuis?
2625 1189 2875 1246 Christus
2918 1187 3004 1243 vel
3048 1187 3274 1258 apostoli
3320 1187 3431 1240 vita
3480 1185 3705 1240 fuerunt

2124 1286 2418 1348 Gentibus,
2451 1285 2495 1338 si
2524 1297 2660 1352 quos
2687 1281 2812 1336 inde
2852 1280 3189 1344 liberavero,
3219 1279 3286 1333 ad
3311 1285 3545 1332 vestram
3575 1293 3706 1346 pro-

2129 1376 2310 1430 ficient
2334 1375 2521 1428 vitam.
2554 1371 2611 1425 Si
2641 1385 2792 1440 ergo,
2825 1368 3023 1438 inquit,
3054 1366 3309 1422 Israelitze
3332 1365 3493 1436 hujus
3522 1364 3706 1435 gentis

2118 1448 2360 1533 .adjectio
2388 1461 2882 1519 reconciliationem
2912 1458 3167 1530 praestitit
3194 1457 3424 1520 mundo,
3455 1466 3512 1512 et
3550 1465 3703 1510 tanta

2129 1557 2230 1612 fuit
2268 1571 2395 1626 erga
2437 1562 2651 1625 gentem
2693 1553 2854 1607 istam
2895 1551 3101 1621 gratia,
3131 1566 3250 1620 qua:
3289 1549 3493 1605 sublata
3532 1550 3599 1604 ab
3633 1565 3704 1604 ea

458 1656 569 1719 dit,
598 1657 701 1710 hoc
728 1664 843 1720 est,
874 1663 932 1709 ut
961 1653 1367 1710 conversionem
1393 1652 1633 1724 gentium
1670 1651 1947 1712 videntes,
1978 1656 2034 1703 et
2132 1649 2444 1702 universum
2499 1643 2757 1698 mundum
2813 1643 2924 1697 Deo
2980 1641 3331 1698 reconciliare
3385 1641 3659 1696 sufﬁceret
3686 1683 3701 1701 .

458 1755 835 1802 testamentum
883 1747 1009 1810 Dei,
1050 1745 1192 1814 quod
1234 1744 1333 1813 ipsi
1362 1744 1511 1813 prius
1539 1749 1890 1811 acceperant,
1925 1739 2027 1793 illis
2055 1724 2102 1783 Β
2130 1744 2387 1808 quantum
2417 1742 2573 1806 putas
2616 1740 2744 1788 tunc
2792 1732 3022 1787 merebit
3067 1732 3331 1796 mundus,
3377 1747 3498 1787 cum
3535 1733 3707 1787 etiam

459 1837 745 1899 traditum,
777 1843 833 1891 et
862 1836 1031 1907 legem
1061 1843 1117 1889 ct
1143 1835 1432 1904 prophetas
1462 1834 1603 1903 apud
1627 1848 1722 1887 eos
1747 1831 1949 1901 majore
1972 1840 2029 1885 ct

457 1929 703 1999 digniore
727 1928 916 1983 haberi
940 1926 1280 1982 observantia
1297 1968 1312 1988 ,
1341 1926 1514 1980 zelum
1537 1926 1752 1995 capiant
1777 1925 1942 1979 etiam
1973 1923 2028 1978 in

460 2018 764 2074 novissimis
792 2018 980 2073 saltem
1010 2017 1358 2088 temporibus.
1387 2017 1453 2071 Et
1474 2017 1615 2071 sicut
1640 2030 1783 2070 nunc
1812 2015 2027 2070 illorum

460 2106 642 2177 lapsus
668 2106 892 2161 salutem
922 2106 1169 2176 gentibus
1210 2106 1386 2169 dedit,
1414 2105 1487 2159 ita
1525 2104 1762 2176 gentium
1805 2103 1937 2159 fides
1975 2111 2032 2158 et

458 2196 799 2251 conversatio
826 2196 1007 2250 Israeli
1039 2196 1434 2250 zemulationem
1462 2193 1829 2250 conversionis
1857 2202 1913 2248 et
1938 2209 2027 2249 sa-

462 2286 588 2339 lutis
628 2283 913 2338 conferat:
945 2300 1115 2354 usque
1155 2284 1290 2338 adeo
1322 2283 1439 2338 illos
1466 2282 1681 2346 dilexit,
1716 2289 1775 2335 ut
1809 2289 2030 2351 propter

461 2364 693 2430 salutem
723 2374 931 2428 illorum
961 2383 1150 2446 gentes
1176 2381 1395 2429 vocaret
1411 2414 1426 2438 ,
1451 2387 1558 2442 quo
1581 2388 1673 2427 eas
1696 2372 1939 2427 videntes
1963 2371 2032 2425 ad

463 2480 686 2533 regnqu
732 2464 824 2518 Dei
868 2463 1110 2525 admitti,
1144 2462 1228 2516 vel
1256 2463 1334 2517 sic
1376 2461 1588 2517 facilius
1624 2468 2027 2515 convertantur.

465 2553 617 2618 Quod
641 2554 687 2607 si
714 2553 958 2606 delictum
990 2551 1201 2607 illorum
1230 2553 1427 2607 divitim
1457 2563 1579 2607 sunt
1620 2552 1804 2606 mundi
1822 2591 1838 2617 ,
1867 2562 1915 2606 et
1944 2552 2029 2606 di-

463 2644 682 2698 minutio
709 2660 888 2698 eorum
914 2644 1112 2699 divitia:
1137 2645 1369 2715 gentium
1388 2684 1403 2709 ,
1435 2653 1630 2715 quanto
1660 2645 1825 2713 magis
1864 2643 2033 2714 pleni-

463 2736 589 2790 tudo
627 2752 829 2790 eorum.
874 2734 932 2790 Si
973 2736 1225 2791 delictum
1252 2736 1464 2791 illorum
1494 2745 1701 2790 tantum
1734 2736 1885 2791 vobis
1909 2750 2034 2805 pro—

464 2823 599 2891 fuit,
627 2832 685 2878 ut
712 2824 829 2899 sine
867 2825 1118 2894 operibus
1156 2823 1287 2895 legis
1331 2839 1429 2879 vos
1470 2823 1577 2878 illis
1617 2823 1823 2878 faceret
1861 2825 2035 2879 cohae-

466 2915 663 2979 redes;
707 2924 762 2969 et
798 2916 842 2969 si
882 2916 1039 2984 pauci
1081 2931 1271 2971 eorum
1297 2916 1581 2971 credentes
1619 2932 1806 2971 omnes
1846 2932 1941 2971 vos
1969 2917 2034 2970 ad

466 3005 696 3060 salutem
722 3014 1014 3072 vocarunt,
1042 3013 1246 3075 quanto
1273 3007 1444 3078 magis
1468 3007 1513 3062 si
1538 3022 1726 3062 omnes
1753 3008 2036 3063 crederent

466 3095 721 3162 prodesse
762 3096 915 3150 vobis
952 3070 1201 3164 poterant
1238 3111 1336 3165 per
1365 3070 1696 3151 doctrinam.
1741 3096 2033 3152 Considera
2061 3070 2105 3132 δ

469 3184 522 3237 in
553 3183 637 3238 his
666 3183 758 3238 Dei
787 3184 1134 3252 sapientiam,
1162 3186 1429 3255 quomodo
1457 3186 1599 3255 apud
1629 3186 1797 3242 Deum
1825 3202 1893 3243 ne
1920 3189 2035 3259 ipsa

467 3273 686 3343 quidem
711 3275 904 3330 delicta
930 3283 984 3330 et
1009 3275 1189 3345 lapsus
1219 3276 1482 3332 inutiliter
1524 3277 1759 3334 cedunt:
1788 3279 1885 3333 sed
1913 3294 2037 3333 eum

470 3363 840 3433 unusquisque
886 3380 954 3419 ex
999 3366 1291 3435 propositis
1334 3366 1388 3421 in
1430 3366 1705 3423 voluntate
1748 3367 1834 3422 vel
1877 3367 2037 3422 liber-

471 3463 582 3510 tate
618 3454 926 3524 delinquat,
956 3455 1357 3526 dispensatione
1400 3456 1594 3513 divinae
1630 3458 1908 3529 sapientia:
1936 3458 2038 3513 hoe

470 3549 674 3618 ipsum,
712 3548 765 3602 in
795 3562 902 3617 quo
931 3547 1007 3602 illi
1039 3548 1232 3603 damno
1261 3564 1371 3604 sua:
1400 3548 1737 3619 negligentia:
1774 3563 2040 3618 pauperes

470 3644 608 3696 ﬁunt
626 3683 641 3707 ,
670 3641 804 3696 alios
832 3642 1026 3696 divites
1054 3639 1202 3697 facit.
1233 3640 1391 3696 Vobis
1419 3651 1592 3695 autem
1613 3640 1730 3694 dico
1757 3640 2036 3711 gentibus:

472 3732 721 3799 Quandiu
748 3732 956 3804 quidem
983 3749 1075 3803 ego
1102 3749 1219 3787 sum
1258 3733 1488 3803 gentium
1523 3731 1822 3803 Apostolus.
1854 3732 2039 3800 Quan-

472 3826 561 3881 diu
592 3826 646 3880 in
673 3841 900 3896 corpore
924 3823 1078 3881 fuero
1107 3824 1451 3882 constitutus.
1485 3822 1857 3894 Honoriﬁcabo
1884 3824 2043 3877 mini—

471 3915 686 3968 sterium
712 3931 906 3969 meum.
934 3915 1073 3969 Dum
1099 3915 1347 3986 exemplo
1372 3930 1493 3970 meo
1516 3914 1698 3983 plures
1718 3930 1905 3971 eorum
1934 3914 2041 3970 sal-

472 4019 603 4059 vare
646 4005 928 4060 contendo.
960 4004 1207 4059 Ostendit
1247 4007 1525 4074 gentibus,
1574 4019 1803 4072 quonam
1846 4005 2040 4060 affectu

474 4091 661 4160 diligat
687 4088 901 4145 Iudaeos
924 4107 939 4155 ;
971 4105 1096 4144 nam
1124 4092 1487 4147 ministerium
1513 4108 1670 4147 suum
1688 4133 1703 4157 ,
1732 4094 1874 4163 quod
1899 4093 2043 4164 Apo-

475 4180 645 4234 stolus
672 4180 911 4249 gentium
949 4188 1067 4244 est,
1100 4181 1450 4246 honoriﬁcat,
1480 4181 1524 4235 si
1548 4190 1768 4251 propter
1790 4181 2039 4237 affectum

475 4270 688 4339 generis
734 4269 817 4324 sui
858 4269 981 4324 data
1024 4284 1189 4341 opera
1228 4271 1391 4326 etiam
1431 4270 1647 4327 Judzeos
1689 4272 1936 4341 acquirat
1974 4271 2042 4326 ad

477 4360 637 4415 fidem
665 4378 677 4414 :
712 4360 1119 4416 honorificatior
1144 4362 1288 4417 enim
1318 4363 1406 4427 iit,
1439 4363 1484 4418 si
1517 4372 1575 4417 et
1602 4362 1752 4428 illos,
1799 4363 1867 4418 ad
1906 4378 2042 4432 quos

478 4465 582 4503 non
613 4449 808 4504 missus
835 4457 947 4514 est,
974 4449 1211 4505 lucretur
1238 4451 1306 4505 ad
1335 4452 1519 4506 vitam.
1549 4451 1799 4508 Patrihus
1819 4453 1961 4508 enim
1987 4454 2043 4509 in

479 4541 634 4596 laude
659 4542 891 4595 maxima
914 4542 1018 4596 erit
1034 4581 1049 4596 .
1072 4543 1116 4596 si
1142 4541 1337 4600 fratres
1354 4544 1619 4601 invenerit
1637 4545 1729 4615 qui
1749 4547 2039 4615 perierant.

478 4631 616 4699 Quid
648 4638 755 4685 tam
785 4630 1005 4701 dignum
1029 4646 1191 4702 quam
1213 4642 1274 4688 ut
1297 4635 1663 4714 unusquisque
1683 4635 2044 4692 ministerium

477 4739 631 4778 suum
660 4763 677 4789 ,
728 4724 871 4793 quod
920 4724 1022 4780 Dei
1071 4726 1405 4795 providentia
1454 4729 1690 4799 suscepit
1715 4768 1731 4794 ,
1781 4730 2047 4784 exornet?

480 4813 718 4868 Exornat
755 4817 935 4868 autem
977 4822 1034 4869 et
1075 4814 1308 4871 illustrat
1352 4817 1742 4883 ministerium,
1773 4818 1868 4887 qui
1909 4818 2046 4872 bene

480 4902 790 4959 ministrat:
825 4903 966 4959 sicut
1011 4917 1078 4957 ex
1121 4905 1396 4960 contrario
1438 4906 1758 4961 dehonestat
1803 4905 2047 4960 ministe-

480 4992 620 5046 rium
646 5009 800 5048 suum
821 5033 837 5059 ,
867 5001 924 5048 et
950 4993 1185 5050 notabile
1212 4993 1371 5060 facit,
1406 4996 1497 5064 qui
1522 4995 1855 5066 negligenter
1885 5002 1940 5049 et
1965 4994 2047 5048 in-

482 5080 640 5150 digne
669 5083 1012 5139 ministravit.
1044 5084 1207 5140 Verbi
1236 5099 1398 5141 causa
1419 5124 1433 5149 ,
1466 5084 1766 5139 ministerio
1794 5083 2048 5139 Ecclesia:

482 5169 781 5236 diaconus,
831 5172 1045 5241 inquit,
1091 5175 1227 5230 bene
1277 5174 1641 5237 ministravit,
1690 5175 1888 5228 bonum
1943 5174 2046 5228 sibi

480 5256 684 5331 grande
711 5260 979 5328 acquirit,
1010 5272 1065 5317 et
1092 5265 1317 5319 multam
1348 5263 1598 5320 fiduciam
1628 5264 1681 5318 in
1714 5264 1816 5319 [ide
1844 5263 2043 5319 Christi

481 5346 608 5402 Jesu
638 5364 651 5401 :
681 5348 727 5403 si
750 5362 878 5404 vero
904 5364 1008 5407 non
1036 5349 1172 5414 bene
1199 5353 1557 5419 ministravit,
1585 5354 1688 5409 hoe
1716 5361 1801 5413 est
1819 5392 1835 5417 ,
1864 5352 1911 5408 si
1938 5368 2046 5409 non

486 5453 545 5491 se
594 5440 751 5494 talem
799 5440 1107 5495 exhibuerit
1155 5442 1369 5511 qualem
1415 5445 1673 5501 describit
1715 5443 2045 5514 Apostolus:

485 5528 751 5593 Gravem,
795 5547 897 5584 non
939 5530 1102 5585 mul.‘o
1145 5533 1261 5586 nino
1302 5534 1563 5601 deditum,
1593 5553 1694 5591 non
1721 5537 1889 5606 turpis
1916 5534 2051 5591 lucri

489 5616 852 5686 appetitorem,
882 5621 973 5674 sed
1000 5621 1267 5701 habentem
1296 5623 1637 5678 ministerium
1667 5624 1791 5691 fidei
1832 5624 1887 5701 in
1923 5640 2047 5678 con-

2128 1842 2259 1898 gcns
2289 1827 2391 1881 ista
2420 1823 2758 1880 reconciliari
2800 1822 3102 1877 meruerit?
3137 1821 3205 1876 Et
3243 1822 3370 1890 quid
3413 1822 3558 1878 aliud
3599 1824 3703 1887 sit,

2129 1918 2271 1987 quod
2301 1932 2369 1972 ex
2401 1915 2842 1971 reconciliatione
2866 1913 3031 1969 Israel
3056 1914 3288 1969 mundus
3311 1914 3556 1984 acquirat
3583 1915 3709 1970 bre-

2128 2012 2267 2064 viter
2298 2008 2566 2073 ostendit,
2595 2008 2817 2062 dicens:
2852 2004 2976 2060 Vita
3003 2022 3067 2060 ex
3100 2007 3341 2061 mortuis.
3377 2007 3528 2062 Tunc
3555 2008 3704 2062 enim

2128 2098 2235 2154 erit
2263 2097 2559 2168 assumptio
2589 2095 2785 2161 Israel,
2817 2095 3031 2164 quando
3062 2095 3175 2165 jam
3209 2103 3266 2149 et
3300 2097 3498 2151 mortui
3530 2096 3704 2150 vitam

2131 2194 2421 2263 recipient,
2460 2190 2516 2248 et
2553 2191 2783 2247 mundus
2811 2205 2879 2245 ex
2908 2188 3245 2260 corruptibili
3281 2186 3707 2257 incorruptibilis

2130 2284 2243 2350 flet,
2261 2292 2318 2340 et
2334 2283 2588 2339 mortales
2603 2282 3006 2337 immortalitate
3019 2280 3377 2336 donabantur.
3394 2278 3707 2334 Ahsurdum

2129 2389 2363 2445 namque
2390 2373 2684 2439 videretur,
2714 2373 2762 2427 si
2789 2388 2912 2428 cum
2941 2371 3166 2428 olfensio
3196 2372 3433 2441 ipsorum
3462 2372 3711 2426 reconci~

2131 2465 2405 2520 liationem
2434 2463 2633 2518 mundo
2662 2463 2975 2536 donaverit,
3005 2462 3302 2533 assumptio
3332 2461 3569 2532 ipsorum
3598 2476 3707 2514 non

2129 2552 2305 2622 majus
2328 2553 2530 2623 aliquid
2555 2553 2757 2609 mundo
2780 2562 2835 2609 et
2856 2555 3199 2625 praestantius
3223 2553 3529 2623 largiretur.
3553 2551 3709 2617 Quod

2131 2646 2179 2699 si
2228 2643 2477 2699 delibatio
2522 2654 2707 2698 sancta
2744 2654 2857 2710 est,
2896 2653 2944 2699 et
2982 2661 3180 2698 massa.
3223 2643 3337 2698 Hoc
3377 2652 3490 2708 est,
3531 2642 3576 2696 si
3614 2642 3709 2711 qui

2132 2736 2480 2791 crediderunt
2515 2736 2672 2807 pauci
2713 2737 2888 2792 sancti
2929 2745 3086 2801 sunt,
3132 2744 3186 2791 et
3221 2748 3408 2791 omnes
3449 2735 3621 2790 sancti
3660 2734 3710 2787 si

2133 2827 2381 2882 credant.
2435 2827 2589 2894 Quod
2640 2828 2800 2882 unius
2850 2827 3167 2882 substantiae
3216 2835 3330 2889 est,
3372 2840 3536 2879 unum
3586 2832 3706 2890 est;

2136 2915 2365 2985 ideoque
2402 2915 2643 2969 ostendit
2685 2930 2792 2970 non
2831 2930 2992 2985 posse
3031 2915 3277 2986 indignos
3318 2914 3425 2969 dici
3455 2915 3523 2968 ad
3548 2913 3710 2968 fidem

2136 3006 2239 3060 hos
2267 3021 2497 3075 quorum
2520 3004 2634 3074 jam
2672 3014 2923 3076 parentes
2963 3005 3143 3074 adepti
3187 3016 3315 3060 sunt
3354 3005 3512 3059 fidem
3539 3023 3551 3056 :
3582 3004 3709 3073 quia

2138 3094 2182 3148 si
2227 3109 2355 3163 pars
2398 3093 2705 3149 Iudaeorum
2749 3094 3010 3159 credidit,
3057 3109 3155 3149 cur
3193 3109 3301 3150 non
3346 3101 3403 3149 et
3436 3094 3541 3148 alia
3582 3107 3712 3164 pars

2136 3199 2295 3257 posse
2322 3186 2545 3242 credere
2569 3186 2822 3242 dicatur?
2853 3187 2922 3241 Et
2950 3188 2997 3241 si
3026 3187 3180 3241 radix
3208 3196 3389 3242 sancta
3417 3197 3519 3253 est,
3549 3197 3599 3242 et
3625 3204 3714 3241 ra-

2136 3278 2228 3330 mi.
2253 3278 2557 3333 lmmutatis
2578 3279 2761 3333 verbis
2785 3279 2972 3333 eadem
2999 3279 3226 3348 repetit,
3246 3288 3307 3333 ut
3330 3293 3543 3335 sensum
3568 3293 3715 3333 com-

2138 3368 2322 3423 modet
2347 3366 2557 3422 duobus
2584 3367 2865 3436 exemplis.
2911 3367 3079 3422 Radix
3120 3368 3579 3437 patriarcharum,
3610 3368 3716 3421 hoc

2137 3470 2223 3517 est
2237 3502 2253 3527 ,
2274 3461 2437 3531 primi
2463 3470 2519 3516 et
2540 3461 2816 3515 novissimi
2845 3461 3015 3515 sancti
3040 3475 3107 3515 es
3134 3461 3284 3531 ipsis.
3311 3460 3562 3515 Radicem
3583 3472 3715 3513 vero

2138 3551 2282 3606 hanc
2325 3549 2545 3619 quidam
2588 3549 2896 3613 Abraham,
2939 3542 3028 3602 alii
3070 3547 3232 3613 Seth,
3278 3548 3366 3605 alii
3409 3562 3577 3604 unum
3619 3548 3717 3601 ali-

2138 3654 2301 3710 quem
2323 3654 2390 3694 ex
2416 3638 2662 3709 patribus
2684 3646 2908 3709 ponunt.
2934 3638 3045 3708 Ego
3068 3645 3244 3692 autem
3272 3638 3506 3692 radicem
3529 3637 3715 3703 aliam,

2141 3746 2262 3800 qua:
2287 3737 2476 3785 sancta
2501 3729 2608 3795 sit,
2632 3738 2688 3784 et
2711 3739 2926 3784 sanctas
2954 3729 3224 3799 primitias
3246 3729 3448 3794 nescio,
3477 3730 3582 3784 nisi
3613 3730 3719 3783 Do-

2140 3822 2348 3876 minum
2375 3828 2620 3876 nostrum
2648 3818 2831 3876 Jesum
2853 3819 3130 3875 Christum
3155 3836 3170 3884 ;
3197 3820 3311 3889 ipse
3331 3827 3417 3875 est
3441 3820 3586 3874 enim
3611 3820 3720 3889 pri-

2141 3914 2310 3968 mitias
2350 3913 2625 3977 omnium,
2672 3912 2758 3967 vel
2807 3912 3064 3967 delibatio
3105 3914 3401 3968 secundum
3443 3912 3527 3977 id,
3571 3912 3719 3982 quod

2142 4001 2268 4057 alibi
2299 4002 2367 4056 de
2394 4016 2460 4056 eo
2493 4001 2693 4056 dicitur
2717 4020 2732 4055 :
2761 3999 2863 4066 Qui
2888 4011 2963 4056 est
2985 4002 3354 4072 primogenitus
3379 4001 3542 4055 omnis
3569 4016 3722 4055 crea-

2141 4099 2276 4146 turae
2319 4090 2476 4162 (Col.
2508 4090 2599 4162 ι),
2618 4086 2763 4147 Ὶιιιὶθ
2792 4107 3030 4161 namque
3057 4092 3259 4158 radici,
3289 4091 3465 4148 omnis
3489 4090 3581 4160 qui
3611 4091 3721 4146 sal-

2142 4195 2320 4252 vatur,
2350 4185 2609 4241 inseritur
2634 4205 2647 4239 :
2678 4194 2734 4241 et
2763 4187 2866 4241 hac
2891 4174 3278 4241 deliberatione
3315 4192 3501 4241 saneta
3540 4184 3720 4240 omnis

2143 4291 2323 4333 massa
2353 4276 2569 4330 humani
2599 4275 2813 4345 generis
2840 4274 3228 4330 sanctiﬁcatur.
3272 4275 3343 4329 Et
3382 4275 3522 4329 sicut
3563 4274 3720 4328 radix

2070 4407 2122 4467 Β
2146 4375 2337 4422 sancta
2362 4365 2700 4420 manentibus
2722 4365 2774 4420 in
2796 4381 2854 4421 se
2884 4366 3048 4421 ramis
3069 4364 3418 4421 sanctiﬁcatis
3440 4365 3720 4436 pinguetu-

2146 4458 2328 4513 dinem
2369 4457 2609 4527 praebet,
2658 4455 2784 4510 dum
2831 4470 2930 4525 per
2976 4455 3237 4525 Spiritum
3278 4470 3435 4511 suum
3473 4464 3721 4511 sanetum

2145 4546 2484 4601 adhaerentes
2524 4545 2626 4600 sibi
2666 4543 2935 4610 vivificat,
2974 4546 3144 4601 verbo
3180 4546 3409 4611 excolit,
3453 4547 3720 4616 sapientia

2142 4635 2363 4693 ﬂoridos
2388 4636 2593 4701 reddit,
2622 4644 2680 4691 et
2705 4636 2759 4690 in
2798 4637 3039 4692 omnium
3081 4638 3344 4692 virtutum
3382 4639 3719 4711 plenitudine

2148 4731 2345 4787 afferre
2374 4731 2582 4786 fruetus
2607 4730 2802 4786 uberes
2829 4729 2990 4794 facit,
3018 4730 3092 4785 ita
3117 4738 3173 4786 et
3199 4732 3312 4800 ipse
3335 4731 3481 4785 dicat
3507 4731 3574 4785 de
3600 4732 3717 4786 eis:

2150 4822 2265 4893 Ego
2304 4832 2479 4876 autem
2507 4822 2643 4876 sicut
2669 4821 2805 4875 oliva
2832 4820 3106 4890 fructifera
3132 4821 3187 4875 in
3214 4820 3369 4874 domo
3395 4819 3495 4874 Dei
3523 4819 3544 4889 (
3566 4819 3718 4874 Psal.

2153 4909 2486 4983 1.1).,Etenim
2516 4910 2562 4964 si
2593 4910 2730 4965 rami
2751 4910 2842 4980 qui
2872 4908 3030 4965 fracti
3059 4920 3201 4975 sunt,
3230 4918 3450 4981 propter
3469 4909 3725 4964 incredu-

2151 5000 2359 5058 litatem
2402 5000 2559 5056 fracti
2589 5008 2755 5067 sunt;
2801 5010 2857 5056 et
2890 5002 2980 5071 qui
3025 5010 3202 5067 stant,
3244 5002 3349 5057 fide
3386 5009 3531 5056 stant
3570 5020 3583 5056 :
3626 5003 3724 5072 qui

2153 5092 2284 5147 salvi
2314 5101 2475 5147 erunt
2503 5092 2556 5146 in
2582 5107 2689 5161 quo
2713 5091 2993 5159 starit,nisi
3024 5094 3078 5149 in
3096 5095 3223 5150 Jesu
3249 5095 3498 5150 Christo?
3519 5106 3575 5148 et
3599 5096 3725 5164 quis

2149 5182 2290 5239 alius
2314 5190 2426 5246 est,
2459 5198 2489 5236 a
2516 5198 2622 5253 quo
2648 5198 2748 5253 per
2775 5183 3200 5239 incredulitatem
3229 5184 3387 5239 fracti
3423 5192 3583 5249 sunt,
3615 5184 3722 5239 nisi

2152 5273 2267 5342 ipse
2310 5274 2396 5326 cui
2441 5287 2547 5327 non
2592 5273 2974 5328 crediderunt?
3011 5272 3114 5328 Sed
3161 5281 3336 5328 tamen
3374 5289 3439 5329 ex
3482 5283 3725 5344 tempore

2153 5364 2414 5418 adventus
2445 5362 2564 5432 ejus
2592 5364 2792 5419 multus
2824 5364 3058 5420 oleaster
3084 5366 3339 5422 inseritur
3363 5368 3491 5423 huic
3517 5367 3687 5422 radici
3706 5408 3722 5431 ,

2153 5452 2237 5507 vel
2267 5453 2432 5509 ramis
2455 5453 2601 5524 ejus,
2627 5453 2887 5523 apostolis
2912 5454 3112 5510 scilicet
3142 5464 3197 5510 et
3218 5456 3494 5526 prophetis
3512 5496 3526 5520 ,
3554 5463 3610 5510 et
3630 5455 3727 5526 qui

2156 5541 2471 5597 inseruntur
2507 5543 2621 5607 eis,
2659 5542 2792 5596 socii
2833 5542 2963 5598 fient
2990 5544 3189 5600 radicis
3206 5545 3545 5615 pinguedinis
3571 5543 3728 5598 Chri-

2157 5634 2243 5689 sti.
2279 5632 2432 5700 Quod
2457 5636 2504 5691 si
2530 5634 2693 5705 aliqui
2723 5650 2788 5689 ex
2816 5637 2977 5690 ramis
3007 5635 3164 5705 fracti
3188 5646 3328 5691 sunt.
3364 5635 3474 5694 [Ioc
3503 5646 3586 5691 est
3615 5653 3724 5691 non
