3974 6202
259 341 378 396 105

1394 347 1719 403 COLLECT.
1758 348 1823 402 IN
1862 349 2080 404 EPIST.
2120 350 2211 405 AD
2251 351 2411 409 BOM.

3406 362 3506 417 106

252 461 483 522 propter
509 459 562 504 te
592 450 665 504 illi
695 450 857 507 fracti
885 464 1005 508 sunt
1024 493 1040 518 ,
1069 457 1161 510 sed
1187 468 1405 528 propter
1436 461 1552 516 illos
1579 473 1636 516 tu
1669 463 1835 516 inser-
1864 469 1913 526 Α
1943 457 2079 512 ΝοΙο
2096 461 2231 513 enim
2255 479 2339 515 vos
2361 464 2618 531 ignorare,
2633 462 2662 530 Ῑ
2664 470 3160 537 ratres,mysterium
3181 471 3296 524 hoc.
3316 471 3505 531 Adhuc

256 554 348 598 tus
377 557 466 606 es,
497 543 625 611 quia
653 541 732 596 illi
763 542 937 598 fracti.
975 545 1051 598 1a
1082 557 1253 601 autem
1284 565 1399 602 cum
1430 551 1496 604 οι.
1512 562 1650 606 aster
1679 571 1832 608 esses.

257 635 523 696 Oleaster,
549 632 668 687 olea
695 634 916 702 quidem
933 675 948 700 ,
971 636 1063 690 sed
1087 637 1285 696 inculta
1312 655 1375 693 ac
1398 641 1679 698 silvestris.
1710 643 1836 696 Noli

254 726 477 796 gloriari
514 723 766 778 adversus
801 741 997 780 ramos.
1039 729 1152 784 Iloc
1195 740 1307 797 est,
1354 733 1462 786 noli
1509 735 1573 788 de
1624 735 1834 789 illorum

256 819 564 891 perditione
595 819 870 888 gaudere,
905 821 1142 891 alioquin
1183 826 1404 880 audies:
1455 827 1590 894 Quia
1621 845 1728 884 non
1761 830 1834 884 illi

256 926 356 982 per
397 922 452 964 te
489 919 670 975 stant,
710 912 804 964 sed
845 919 900 965 tu
928 927 1025 980 per
1055 914 1210 981 illos;
1243 933 1342 972 nec
1375 918 1480 973 illis
1506 921 1670 974 vitam
1699 937 1836 990 prte-

256 1012 399 1066 stas,
432 1003 528 1056 sed
559 1002 634 1057 illi
665 1003 782 1057 tibi.
829 1003 977 1058 Dicis
1005 1022 1127 1075 ergo
1151 1021 1170 1058 :
1216 1006 1401 1063 Fracti
1441 1022 1561 1066 sunt
1601 1015 1732 1066 rami
1781 1025 1834 1067 ut

256 1109 348 1162 ego
372 1093 650 1146 insererer.
687 1093 831 1148 Dicis
859 1094 980 1149 illos
1015 1095 1140 1170 ideo
1172 1096 1405 1165 fractos,
1438 1110 1499 1154 ut
1539 1110 1593 1154 tu
1634 1102 1834 1156 insera-

259 1183 368 1236 ris:
409 1183 691 1238 videamus
729 1185 774 1239 si
817 1197 1135 1256 propterea,
1176 1197 1230 1244 et
1271 1206 1377 1244 non
1418 1193 1587 1263 magis
1626 1204 1835 1263 propter

264 1275 682 1330 incredulitatem
712 1295 864 1332 suam
895 1280 1226 1336 ceciderunt.
1263 1281 1340 1336 Tu
1379 1293 1553 1336 autem
1595 1285 1698 1353 ﬁde
1726 1294 1828 1338 sta.

260 1366 390 1434 Quia
433 1366 606 1422 Judaei
659 1385 758 1440 per
802 1370 1151 1426 difﬁdentiam
1202 1374 1336 1444 lapsi
1381 1384 1537 1440 sunt,
1586 1376 1682 1429 hos
1729 1375 1832 1430 ﬁde

259 1459 386 1512 dicit
412 1467 578 1523 stare,
609 1461 737 1529 quia
765 1477 889 1516 cum
917 1463 1066 1531 prius
1089 1461 1332 1531 jacerent
1350 1507 1363 1530 ,
1395 1467 1659 1520 credendo
1688 1474 1834 1520 stare

261 1559 562 1618 ceperunt.
599 1551 725 1604 Noli
755 1552 920 1605 altam
946 1571 1144 1623 sapere,
1181 1555 1271 1608 sed
1305 1556 1442 1608 time.
1483 1556 1540 1610 Id
1581 1567 1682 1622 est,
1724 1559 1834 1612 noli

261 1641 432 1695 dicere
463 1644 609 1710 quod
648 1642 809 1697 ﬁdem
851 1644 1082 1698 Abrahze
1133 1646 1361 1709 habeas,
1391 1647 1532 1700 ultra
1579 1648 1832 1716 populum

259 1729 532 1786 Judaicum
580 1732 811 1786 ﬁdelem.
855 1733 1083 1799 Quidam
1123 1735 1264 1790 hunc
1312 1737 1484 1789 locum
1530 1753 1635 1790 non
1684 1738 1833 1792 intel-

1938 550 2004 603 ad
2031 566 2124 604 eos
2149 552 2239 618 qui
2270 568 2335 604 ex
2377 554 2626 622 gentibus
2666 553 3038 624 crediderunt,
3070 563 3224 628 quasi
3253 563 3423 626 elatos
3451 577 3507 621 et

1935 641 2308 708 superbientes
2336 643 2620 698 adversum
2649 660 2826 700 ramos
2847 649 2940 717 qui
2969 648 3126 704 fracti
3155 662 3312 719 sunt,
3335 665 3389 709 et
3413 673 3506 727 pu-

1937 737 2112 784 tantes
2140 732 2281 798 quod
2324 733 2426 787 hoc
2467 749 2571 788 non
2623 735 2717 790 Dei
2760 738 3002 794 bonitate
3040 749 3096 794 et
3133 742 3385 800 ineﬁ‘abili
3427 747 3509 801 di-

1935 822 2278 890 spensatione
2307 825 2583 892 sapientia:
2612 825 2728 894 ejus
2748 868 2762 893 ,
2795 829 2890 883 sed
2919 830 3030 885 suis
3071 833 3278 888 meritis
3315 851 3504 894 conse-

1933 912 2042 964 cuti
2083 921 2207 966 sunt
2229 952 2243 978 ,
2270 921 2360 977 ut,
2389 915 2494 968 illis
2523 916 2782 972 detractis
2802 959 2816 982 ,
2841 919 2950 988 ipsi
2977 936 3101 974 cum
3138 933 3320 978 essent
3360 927 3504 982 olea-

1933 1005 2029 1058 stri
2054 1005 2422 1060 insererentur
2442 1007 2496 1060 in
2519 1008 2712 1062 bonam
2734 1010 2950 1064 olivam.
2976 1011 3289 1082 Mysterium
3317 1026 3499 1072 autem

1934 1094 2062 1147 dicit
2080 1110 2335 1149 arcanum
2351 1137 2364 1159 ,
2390 1098 2533 1166 quod
2553 1099 2860 1154 hominibus
2880 1101 3182 1172 ignoratum
3204 1113 3312 1168 est,
3336 1121 3503 1174 quare

1933 1181 2150 1236 salvam:
2193 1193 2318 1238 sunt
2361 1183 2598 1251 Gentes,
2641 1188 2766 1257 quia
2810 1191 3149 1246 occasionem
3189 1195 3268 1248 eis
3313 1195 3502 1268 salutis

1931 1271 2094 1325 etiam
2119 1273 2336 1329 caecitas
2361 1277 2611 1344 prmstitit
2649 1277 2830 1336 Israel.
2876 1281 2970 1334 Est
3003 1284 3318 1353 mysterium
3357 1286 3502 1354 quod

1931 1359 2277 1427 ignorabatur
2302 1364 2368 1418 ab
2398 1365 2481 1418 his
2509 1366 2600 1434 qui
2630 1369 2960 1424 insultabant
2987 1371 3296 1440 hujusmodi
3317 1416 3332 1442 ,
3363 1392 3499 1446 quo-

1932 1449 2092 1503 modo
2117 1451 2171 1503 in
2193 1451 2526 1521 dispersione
2557 1455 2788 1511 ﬁliorum
2810 1459 2982 1514 Adam
3001 1501 3014 1525 ,
3042 1465 3255 1519 caneris
3279 1467 3500 1533 quibus-

1931 1555 2035 1608 que
2064 1543 2313 1610 gentibus
2343 1545 2634 1599 secundum
2675 1550 2985 1618 angelorum
3014 1571 3295 1610 numerum
3324 1557 3499 1612 distri-

1932 1627 2094 1692 butis,
2119 1631 2338 1698 propria
2364 1633 2608 1701 qumdam
2633 1651 2759 1703 pars
2784 1637 2924 1692 facta
2950 1651 3034 1700 est
3057 1643 3251 1708 Israel,
3274 1647 3340 1699 ad
3365 1661 3499 1714 quos

1933 1726 1990 1771 et
2009 1721 2452 1787 repromissiones
2473 1723 2758 1790 bonorum,
2784 1736 2838 1781 et
2857 1738 3199 1797 testamenta,
3223 1742 3276 1786 et
3295 1735 3501 1803 legisla-

262 1821 485 1891 ιίερηιρε
504 1863 518 1888 ,
553 1839 654 1877 nec
683 1825 1023 1879 attendentes
1052 1842 1267 1880 causam
1310 1827 1392 1880 νρι
1431 1843 1720 1896 personas,
1765 1829 1830 1882 de
1860 1815 1903 1872 Β
1935 1809 2009 1864 tio
2031 1810 2173 1866 facta
2199 1822 2300 1866 est.
2328 1813 2575 1870 Manente
2600 1831 2728 1888 ergo
2754 1819 2841 1874 illa
2867 1831 3020 1889 parte
3040 1824 3250 1879 Domini
3277 1826 3330 1880 in
3357 1837 3498 1881 statu

261 1926 362 1980 qua
411 1921 466 1965 et
514 1911 582 1965 de
627 1913 822 1979 quibus
876 1912 1112 1982 loquitur
1155 1914 1480 1984 Apostolus,
1521 1925 1711 1984 putant
1741 1917 1829 1971 hic

258 2001 572 2071 sapientiam
621 2016 742 2055 esse.
777 2004 1140 2072 prohibitam:
1191 2005 1332 2074 quod
1380 2007 1423 2060 si
1466 2009 1538 2060 ita
1575 2018 1687 2071 est,
1738 2023 1827 2062 sc-

257 2092 491 2145 cundum
541 2092 661 2146 illos
705 2094 1008 2147 invenietur
1053 2096 1154 2148 sibi
1195 2096 1294 2165 ipsi
1336 2113 1454 2152 esse
1491 2098 1825 2162 contrarius,

255 2196 374 2234 cuni
417 2182 506 2236 hic
549 2190 692 2235 vetet
732 2181 872 2250 quod
902 2182 1062 2249 alibi,
1109 2193 1167 2238 ut
1197 2186 1412 2254 Ephesii
1443 2195 1496 2241 et
1524 2189 1703 2241 cancri
1745 2203 1828 2242 ac-

254 2273 480 2341 cipiant,
533 2273 742 2342 magnis
779 2274 1258 2343 supplicationibus
1300 2292 1331 2329 a
1380 2276 1604 2331 Domino
1643 2279 1829 2348 depre-

255 2372 424 2418 catur.
459 2363 590 2417 Noli
616 2381 738 2433 ergo
767 2364 932 2418 altum
957 2382 1171 2434 sapere,
1201 2367 1304 2421 hoc
1349 2377 1432 2421 est
1453 2409 1466 2431 ,
1498 2369 1607 2422 noli
1637 2380 1825 2423 contra

257 2468 345 2508 eos
381 2469 504 2508 esse
544 2455 843 2522 superbus,
887 2455 978 2509 sed
1026 2470 1154 2509 cave
1208 2472 1275 2510 ne
1317 2466 1374 2510 tu
1415 2457 1672 2512 offendas.
1719 2459 1826 2513 Me-

257 2555 433 2598 mento
457 2546 600 2614 quod
628 2547 796 2599 omnis
821 2547 909 2616 qui
935 2563 990 2600 se
1015 2545 1214 2601 exultat
1232 2588 1245 2610 ,
1279 2548 1674 2603 Immiliabitur:
1700 2566 1824 2604 nam

253 2637 504 2706 possibile
551 2646 635 2691 est
677 2637 838 2691 etiam
882 2646 934 2691 te
974 2653 1217 2707 peccare.
1251 2639 1311 2693 Si
1341 2641 1475 2693 enim
1509 2641 1646 2695 Deus
1676 2653 1826 2695 natu-

257 2725 448 2779 ralibus
492 2727 655 2779 ramis
698 2743 800 2779 non
828 2728 1082 2796 pepercit,
1117 2744 1179 2781 ne
1206 2729 1340 2797 forte
1375 2746 1466 2784 nec
1495 2731 1590 2784 tibi
1618 2742 1819 2802 parcat.

261 2815 367 2870 Hoc
385 2825 467 2871 est
487 2858 502 2880 ,
530 2817 576 2870 si
603 2817 709 2870 illis
732 2834 835 2870 non
857 2820 1095 2886 pepercit
1118 2829 1338 2889 propter
1361 2821 1789 2877 incredulitatem
1805 2863 1818 2886 ,

259 2909 378 2976 quia
399 2924 467 2962 ex
494 2909 679 2963 radice
705 2917 890 2962 saneta
919 2919 1070 2974 sunt,
1100 2921 1302 2980 quanto
1323 2914 1499 2967 minus
1525 2914 1617 2968 tibi
1639 2915 1682 2968 si
1705 2930 1825 2984 pec-

257 2997 634 3052 carerisWide
653 3015 773 3068 ergo
789 2999 1068 3053 bonitatem
1086 3010 1132 3054 et
1148 3002 1469 3056 severitatem
1487 3002 1600 3056 Dei.
1616 3002 1822 3058 Bonum

1931 1916 2058 1965 suo,
2110 1903 2363 1972 possibile
2407 1920 2516 1960 non
2559 1917 2676 1962 erat
2719 1924 2844 1973 nos,
2889 1911 2982 1980 qui
3023 1927 3240 1968 eramus
3280 1923 3496 1984 gentes,

1928 1992 2153 2048 introire
2183 1993 2237 2048 in
2265 1995 2634 2051 hmreditatem
2662 1997 2794 2062 Dei,
2824 2007 2879 2052 et
2902 2000 2955 2053 in
2994 2003 3189 2070 sceptri
3225 2003 3341 2072 ejus
3373 2002 3497 2070 jura

1929 2083 2236 2138 succedere.
2269 2085 2524 2154 Sequitur
2550 2106 2562 2140 :
2596 2085 2664 2140 Ut
2693 2105 2796 2142 non
2821 2089 2935 2143 sitis
2971 2091 3107 2145 vobis
3143 2093 3266 2162 ipsis
3295 2093 3501 2163 sapien-

1928 2182 2023 2226 tes.
2072 2175 2186 2229 Hoc
2231 2185 2352 2240 est,
2400 2191 2470 2230 ne
2512 2178 2804 2232 secundum
2844 2179 3136 2234 humanam
3177 2183 3495 2252 sapientiam

1926 2265 2116 2321 dicatis
2141 2284 2152 2318 :
2183 2267 2292 2323 Nos
2321 2269 2461 2324 Deus
2485 2270 2645 2342 elegit
2663 2312 2676 2336 ,
2704 2280 2759 2326 et
2783 2272 2903 2328 illos
2928 2273 3299 2343 abjecit.Quia
3327 2276 3495 2331 insul-

1926 2366 2044 2412 tare
2066 2358 2234 2427 lapsis
2261 2368 2316 2413 et
2341 2359 2561 2430 gloriari
2587 2362 2870 2418 adversum
2897 2380 3077 2421 ramos
3103 2368 3194 2436 qui
3235 2368 3498 2424 confracti

1925 2459 2079 2516 sunt,
2122 2466 2228 2505 non
2271 2451 2332 2504 ﬁt
2369 2465 2466 2521 per
2507 2453 2602 2507 Dei
2645 2456 2998 2524 sapientiam,
3041 2460 3135 2512 sed
3176 2474 3274 2528 per
3313 2462 3500 2515 huma-

1926 2555 2094 2605 nam,
2146 2542 2458 2596 mutabilem
2507 2552 2562 2598 et
2621 2545 2959 2615 ignorantem
3009 2552 3325 2620 mysterium
3378 2553 3493 2606 Dei.

1925 2630 2078 2696 Quod
2126 2629 2273 2684 enim
2323 2632 2617 2686 secundum
2663 2633 2832 2688 Deum
2881 2637 3064 2704 sapit,
3118 2639 3172 2691 in
3220 2640 3498 2694 beneﬁciis

1925 2721 2021 2776 Dei
2049 2738 2156 2777 non
2199 2724 2422 2777 insultat
2463 2724 2728 2792 abjectis:
2772 2729 2867 2782 sed
2907 2745 3030 2782 cum
3057 2730 3262 2784 -timore
3301 2733 3500 2800 gratias

1925 2813 2037 2882 agit
2081 2813 2465 2869 misericordia:
2509 2814 2803 2884 largientis.
2853 2817 2991 2881 Quia
3023 2819 3231 2873 cwcitas
3259 2836 3324 2873 ex
3351 2830 3498 2889 parte

1923 2901 2096 2958 Israel
2131 2906 2364 2975 contigit.
2408 2905 2466 2959 Id
2501 2915 2613 2969 est,
2655 2922 2764 2961 non
2798 2909 3048 2964 omnibus
3082 2911 3286 2979 patitur
3320 2913 3496 2978 Deus,

1925 2994 2021 3049 sed
2052 2995 2322 3065 aliquibus
2349 3011 2415 3051 ex
2445 2997 2610 3052 Israel
2635 2997 3099 3054 ﬁerircmeitatem.
3146 3002 3253 3054 Aut
3288 3003 3340 3056 in
3367 3011 3499 3056 .tan-

259 3088 415 3143 Deum
442 3091 691 3160 gentibus
717 3106 839 3146 esse
870 3100 1098 3146 testatur
1121 3108 1135 3145 :
1166 3094 1292 3162 quia
1319 3111 1441 3148 cum
1471 3096 1609 3150 idola
1637 3111 1823 3166 seque-

1929 3095 2040 3141 tum
2084 3088 2250 3142 Israel
2297 3096 2352 3143 et
2397 3089 2589 3144 delicta
2636 3097 2692 3144 et
2729 3090 2954 3158 perﬁdia
2998 3103 3393 3162 occupaverat,
3442 3103 3501 3148 ut

256 3190 456 3246 rentur,
479 3191 536 3236 et
554 3197 655 3236 nec
670 3182 750 3236 sic
773 3183 1131 3250 requirerent.
1153 3185 1266 3253 ipse
1287 3185 1428 3241 ultro
1446 3190 1656 3243 vocavit
1678 3189 1817 3256 illos,

1929 3181 2135 3236 veniret
2176 3191 2387 3250 tempus
2415 3196 2522 3250 quo
2548 3190 2736 3252 gentes
2764 3197 2952 3237 omnes
2993 3184 3406 3238 admitterentur
3446 3188 3499 3240 in

251 3281 308 3329 et
332 3281 553 3342 peccata
581 3273 792 3328 remisit
817 3275 917 3329 eis.
942 3273 1140 3330 Judazis
1167 3285 1348 3332 autem
1373 3293 1593 3333 severus
1621 3289 1704 3335 est
1723 3322 1737 3346 ,
1767 3288 1824 3336 et

255 3364 543 3418 meavit
570 3363 691 3418 illos
712 3405 726 3428 ,
758 3365 884 3434 quia
909 3365 1106 3420 donum
1138 3368 1230 3422 Dei
1261 3380 1612 3437 spreverunt;
1645 3381 1824 3442 potest

251 3454 395 3508 enim
426 3453 567 3507 Deus
594 3453 791 3508 iterum
821 3455 1058 3509 inserere
1088 3457 1225 3511 illos.
1256 3457 1406 3526 Apud
1439 3460 1682 3516 homines
1707 3463 1825 3531 qui-

256 3544 376 3600 dem
409 3545 741 3614 impossibile
762 3553 847 3599 est
869 3545 1050 3600 aridos
1075 3547 1320 3602 surculos
1347 3549 1661 3615 reformare,
1685 3553 1824 3621 apud

254 3636 419 3690 Deum
452 3645 632 3689 autem
659 3635 839 3690 omnia
872 3637 1147 3704 possibilia
1175 3646 1337 3707 atque
1366 3638 1563 3693 facilia.
1599 3640 1744 3693 Nam
1780 3642 1826 3696 si

251 3735 308 3778 tu
335 3742 403 3779 ex
431 3725 664 3778 naturali
693 3726 900 3778 excisus
926 3742 978 3779 es
1005 3723 1248 3779 oleastro.
1277 3726 1410 3794 Quia
1432 3727 1544 3796 jam
1569 3729 1698 3784 olim
1729 3746 1822 3800 pa-

253 3827 361 3872 tres
394 3833 587 3872 eorum
619 3833 716 3886 per
747 3816 1046 3871 naturalem
1086 3817 1256 3888 legem
1293 3819 1757 3889 degeneraverunt
1795 3838 1824 3876 a

251 3920 445 3964 natura
465 3949 482 3973 ,
524 3917 582 3962 et
615 3923 710 3978 per
742 3909 1110 3964 successiones
1145 3911 1398 3979 peccandi
1437 3913 1824 3968 consuetudine

255 4008 649 4072 permanente,
680 4001 824 4069 quasi
864 3999 1188 4056 naturaliter
1226 4002 1395 4056 amari
1423 4011 1478 4056 et
1507 4001 1822 4058 infructuosi

254 4106 367 4146 esse
393 4096 700 4160 coeperunt.
741 4089 810 4143 Et
839 4100 1021 4144 contra
1049 4101 1292 4145 naturam
1320 4094 1543 4147 insertus
1573 4111 1624 4148 es
1654 4094 1706 4148 in
1736 4095 1825 4149 bo-

255 4200 370 4236 nam
397 4183 616 4237 olivam.
641 4180 840 4236 Contra
865 4190 1112 4237 naturam
1136 4183 1291 4238 oliva:
1317 4192 1402 4238 est
1427 4185 1663 4240 inserere
1685 4187 1826 4241 olea-

255 4287 423 4330 strum
446 4315 461 4340 ,
493 4273 618 4342 quia
644 4273 816 4342 magis
843 4272 980 4327 solet
1004 4289 1186 4328 ramus
1216 4275 1410 4329 radicis
1435 4277 1542 4330 vim
1583 4284 1822 4342 mutare,

255 4380 408 4433 quam
450 4362 609 4417 radix
647 4377 920 4416 ramorum
962 4365 1014 4416 in
1053 4379 1204 4418 suam
1247 4374 1459 4420 vertere
1485 4367 1822 4436 qualitatem.

1923 3274 2114 3338 vitam,
2161 3283 2218 3330 et
2256 3276 2333 3330 ita
2360 3277 2537 3330 omnis
2561 3275 2725 3330 Israel
2751 3292 2848 3346 per
2878 3276 3037 3331 ﬁdem
3059 3276 3238 3331 solam
3256 3275 3502 3330 salvare-

1924 3378 2032 3435 tur,
2063 3371 2331 3438 quomodo
2361 3371 2602 3441 gentium
2635 3372 2935 3442 plenitudo,
2972 3381 3032 3426 ut
3057 3373 3291 3443 aequales
3319 3381 3500 3428 essent

1926 3459 1979 3514 in
2016 3459 2238 3515 Christo
2282 3461 2374 3532 qui
2419 3463 2656 3532 :equales
2697 3463 2910 3518 fuerant
2951 3464 3002 3517 in
3041 3464 3272 3519 delictis.
3323 3463 3500 3516 Donec

1925 3552 2194 3620 plenitudo
2221 3555 2452 3623 gentium
2479 3555 2719 3608 intraret.
2749 3555 2805 3610 Id
2831 3565 2934 3618 est,
2967 3556 3254 3609 multitudo
3278 3556 3500 3609 creden-

1923 3643 2058 3695 tium
2105 3659 2173 3697 ex
2217 3645 2364 3697 omni
2394 3654 2572 3713 gente.
2625 3645 2740 3699 Non
2782 3659 2972 3700 omnes
3014 3645 3234 3699 omnino
3274 3653 3496 3713 gentes,

1917 3733 2070 3801 juxta
2123 3735 2352 3803 ﬁguram
2401 3735 2797 3804 synecdochen.
2869 3734 3018 3788 Sicut
3069 3736 3319 3802 scriptum
3369 3743 3498 3788 est:

1937 3821 2110 3876 Veniet
2159 3839 2223 3874 ea:
2261 3821 2388 3875 Sion
2423 3825 2512 3892 qui
2547 3824 2734 3892 eripiat
2773 3833 2822 3876 et
2857 3823 3062 3890 auferat
3101 3823 3401 3892 iniquitates
3435 3842 3500 3878 ex

1923 3911 2087 3964 Jacob
2120 3909 2256 3981 (Isa.
2287 3911 2494 3980 LXXIX).
2549 3911 2702 3977 Quod
2732 3911 2778 3964 si
2806 3910 2918 3974 vis,
2962 3911 3139 3979 inquit
3176 3912 3494 3980 Apostolus,

1925 4003 2065 4057 scire
2105 4001 2374 4072 quomodo
2403 4003 2564 4057 etiam
2608 4011 2730 4073 post
2769 4003 3066 4058 czecitatem
3103 4004 3392 4059 salvandus
3428 4009 3498 4061 sit

1923 4090 2116 4156 Israel,
2158 4090 2282 4144 audi
2323 4092 2594 4159 quomodo
2632 4092 2894 4161 scriptum
2925 4093 3036 4146 sit:
3073 4091 3250 4147 Veniet
3278 4110 3344 4147 ea:
3369 4091 3496 4148 Sion

1922 4181 2012 4251 qui
2036 4181 2245 4252 eripiat,
2266 4187 2369 4234 etc.
2409 4179 2698 4235 Sciendum
2724 4196 2852 4235 sane
2879 4192 2962 4236 est
2983 4185 3127 4251 quod
3149 4183 3214 4238 de
3236 4185 3498 4253 propheta

1925 4272 2063 4326 Isaia
2091 4289 2257 4327 unum
2286 4272 2650 4326 testimonium
2680 4272 2822 4326 istud
2845 4271 3044 4328 Paulus
3068 4275 3375 4343 assumpsit,
3398 4291 3496 4344 pro

1927 4377 1993 4418 eo
2031 4363 2174 4433 quod
2211 4363 2349 4416 dixit
2378 4360 2705 4430 Apostolus:
2740 4363 2904 4415 veniet
2939 4379 3004 4416 ea:
3035 4363 3195 4428 Sion,
3239 4366 3498 4434 scriptum

255 4453 375 4510 Ideo
400 4456 672 4510 insertum
698 4453 827 4507 dicit
853 4454 1141 4508 oleastrum
1160 4495 1175 4519 ,
1216 4463 1277 4508 ut
1313 4457 1558 4512 surculus
1592 4457 1823 4514 fructum
1852 4495 1904 4555 D
1932 4455 2192 4518 inveniet,
2216 4463 2426 4524 propter
2453 4451 2602 4507 Sion.
2639 4453 2720 4506 --Ει
2743 4453 2886 4522 quod
2917 4455 2992 4507 ait
3022 4455 3130 4518 hic,
3166 4472 3283 4508 cum
3317 4458 3497 4510 abstu-

255 4544 451 4599 radicis
486 4542 710 4609 afferat,
751 4544 929 4598 socius
965 4545 1081 4614 ejus
1106 4544 1346 4600 effectus.
1387 4546 1595 4602 Olivam
1628 4550 1785 4605 ﬁdem
1808 4594 1822 4617 ,

257 4650 349 4704 per
389 4651 555 4704 quam
603 4633 879 4689 Abraham
918 4635 1246 4702 justiﬁcatus
1291 4646 1370 4692 est
1396 4679 1409 4702 ,
1458 4639 1820 4708 accipiamus:

259 4722 547 4777 oleastrum
587 4737 749 4788 vero,
792 4722 917 4791 quia
946 4724 1146 4779 sterilis
1185 4733 1242 4778 et
1263 4725 1594 4782 infructuosa
1638 4740 1829 4786 natura

259 4831 366 4886 est,
396 4822 681 4892 perﬁdiam
720 4820 1006 4891 signiﬁcat.
1051 4822 1128 4877 Ac
1155 4839 1257 4892 per
1281 4823 1384 4878 hoc
1413 4825 1457 4878 si
1487 4826 1539 4880 hi
1571 4827 1660 4896 qui
1689 4845 1831 4883 sem-

259 4927 351 4982 per
381 4913 586 4967 inimici
620 4911 717 4966 Dei
745 4912 994 4980 fuerunt,
1028 4915 1272 4970 conversi
1310 4917 1364 4969 in
1399 4915 1556 4972 fidem
1598 4920 1828 4976 Abrahae

263 5004 445 5059 inserti
471 5011 599 5058 sunt
620 5017 689 5058 ex
714 5002 868 5071 cujus
893 5004 1098 5074 origine
1120 5020 1226 5059 non
1254 5013 1409 5070 sunt,
1439 5018 1638 5076 quanto
1662 5011 1832 5082 magis

260 5089 449 5158 Judaei,
477 5093 519 5148 si
535 5101 658 5162 post
679 5089 1028 5146 difﬁdentiam
1053 5093 1293 5160 credant,
1312 5103 1548 5166 paterna:
1573 5099 1829 5156 reddendi

260 5189 386 5236 sunt
409 5189 611 5236 natura:
629 5223 645 5248 ,
673 5181 867 5236 inserti
895 5182 1091 5236 iterum
1119 5183 1172 5236 in
1200 5197 1352 5238 suam
1378 5187 1832 5254 promissionem?

260 5271 368 5328 Sed
392 5287 491 5327 nec
512 5272 616 5328 hoc
639 5273 857 5342 quidem
879 5273 1166 5329 lateatnos
1190 5275 1244 5328 in
1272 5276 1374 5331 hoc
1397 5277 1534 5343 loco,
1559 5280 1701 5348 quod
1723 5295 1830 5335 non

257 5376 326 5417 eo
359 5363 547 5417 ordine
582 5363 870 5433 Apostolus
903 5364 1058 5419 olivae
1087 5373 1142 5419 et
1177 5366 1395 5422 oleastri
1423 5369 1826 5426 similitudinem

260 5458 469 5526 posuit,
505 5473 613 5527 quo
643 5458 787 5526 apud
827 5459 1094 5528 agricolas
1123 5460 1382 5514 habetur:
1415 5461 1490 5516 illi
1533 5465 1703 5534 magis
1737 5466 1832 5520 oli-

261 5563 378 5602 vam
419 5549 656 5613 oleastro
694 5549 937 5604 inserere
957 5591 971 5614 ,
1013 5559 1067 5604 et
1103 5567 1210 5606 non
1240 5552 1395 5607 olivm
1421 5554 1713 5609 oleastrum
1743 5572 1830 5611 so-

261 5637 368 5692 lent
387 5680 401 5704 ,
431 5637 632 5692 Paulus
653 5654 786 5694 vero
811 5638 1103 5706 apostolica
1129 5642 1444 5696 auctoritate
1469 5644 1657 5698 ordine
1686 5660 1832 5698 com-

260 5735 483 5795 mutato,
507 5743 596 5784 res
616 5728 791 5796 magis
817 5729 996 5782 causis
1019 5744 1180 5798 quam
1210 5746 1400 5786 causas
1425 5733 1586 5788 rebus
1608 5735 1827 5804 aptavit.

616 5820 894 5880 Pnaot.
940 5819 1100 5882 CIII.

1930 4547 2038 4601 lero
2066 4556 2332 4615 peccatum
2360 4561 2538 4600 eorum
2558 4586 2572 4608 ,
2605 4545 2679 4599 ibi
2707 4545 2928 4600 omnino
2957 4548 3219 4617 scriptum
3247 4564 3353 4604 non
3386 4560 3494 4614 est,

1931 4638 2026 4691 sed
2055 4651 2155 4690 nec
2186 4637 2326 4704 apud
2363 4634 2617 4690 Hebraeos
2643 4636 2887 4706 quidem,
2925 4636 3164 4708 Apostoli
3196 4649 3375 4696 tamen
3405 4657 3500 4696 au-

1931 4727 2179 4780 ctoritate
2217 4733 2489 4795 sumptum
2517 4734 2618 4779 est.
2666 4727 2862 4782 Verum
2905 4729 3215 4784 meminisse
3242 4730 3499 4786 debemus

1932 4815 2076 4887 quod
2115 4826 2434 4884 prmsentem
2476 4815 2651 4870 locum
2677 4815 2964 4884 Apostolus
2989 4818 3141 4886 quasi
3177 4819 3492 4886 mysterium

1932 4908 2120 4964 haberi
2145 4907 2350 4962 voluit:
2382 4923 2490 4977 quo
2513 4909 2730 4963 scilicet
2744 4907 3051 4976 hujusmodi
3079 4923 3288 4973 sensus,
3317 4910 3498 4966 ﬁdeles

1933 4999 2131 5067 quique
2156 5006 2211 5052 et
2235 4997 2461 5067 perfecti
2491 4999 2632 5054 inter
2657 5000 2972 5068 semetipsos
3005 4999 3152 5052 velut
3181 5002 3496 5069 mysterium

1934 5092 2026 5147 Dei
2057 5093 2271 5148 silentio
2301 5101 2501 5165 tegant,
2533 5110 2632 5149 nec
2659 5087 2857 5164 passim
2883 5093 3215 5164 imperfectis
3243 5103 3298 5150 et
3321 5098 3499 5153 minus

1931 5185 2222 5255 capacibus
2240 5185 2536 5255 proferant.
2573 5184 2884 5254 Mysterium
2911 5183 3073 5253 regis,
3097 5185 3171 5238 ait
3189 5183 3494 5255 Scriptura.

1934 5275 2112 5330 celare
2138 5277 2338 5330 bonum
2366 5284 2448 5331 est
2479 5273 2628 5345 (Tob.
2659 5271 2780 5342 xu).
2821 5272 2889 5326 Et
2920 5277 3017 5326 hoc
3043 5273 3149 5328 illis
3177 5291 3208 5328 a
3234 5292 3314 5329 me
3339 5286 3500 5330 testa—

1935 5377 2186 5432 mentum,
2228 5383 2343 5420 cum
2375 5363 2636 5419 abstulero
2665 5374 2876 5436 peccata
2903 5382 3102 5419 eorum.
3153 5363 3358 5420 Novum
3398 5369 3502 5422 sci-

1917 5455 2060 5509 licet
2089 5456 2523 5517 Testamentum,
2562 5455 2702 5523 quod
2732 5456 2997 5524 promittit
3023 5454 3316 5522 Jeremias,
3359 5461 3502 5527 quod

1937 5561 2043 5601 non
2073 5546 2174 5599 nisi
2205 5546 2348 5606 novi,
2375 5545 2588 5600 abolitis
2614 5559 2709 5616 per
2729 5546 3054 5618 baptismum
3079 5547 3332 5623 peccatis,
3361 5551 3505 5604 acci-

1936 5640 2092 5709 piunt
2117 5657 2128 5691 :
2165 5637 2378 5692 Fratres
2404 5639 2686 5692 secundum
2709 5637 3269 5708 Evangelium,inimici
3297 5652 3504 5710 propter

1941 5749 2044 5786 vos.
2077 5731 2250 5787 Causa
2283 5731 2673 5787 incredulitatis
2717 5731 2920 5786 inimici
2954 5743 3079 5786 sunt
3108 5731 3417 5800 Evangelia,
3445 5742 3504 5786 ut

2994 5819 3030 5876 lt
