3974 6202
469 331 565 385 107

1882 319 2156 376 "SEDUI."
2197 321 2382 376 SCOT'I

3614 327 3708 382 tos

465 442 714 516 gentiblts
740 454 895 496 error
916 446 970 492 et
993 437 1246 492 delictum
1279 434 1492 488 illorum
1519 432 1725 502 aperiat
1753 431 1892 484 viam
1918 439 2043 484 ante
2073 433 2120 490 Α
2147 434 2429 500 pervenire
2449 473 2462 497 ,
2505 449 2826 503 unoquoque
2867 445 3102 506 tempore
3136 437 3376 490 decrevit
3414 439 3540 506 quid
3569 456 3711 496 esse;

467 545 677 604 tempus
711 531 948 586 intrandi
980 529 1046 582 ad
1083 527 1275 592 (idem,
1320 525 1463 580 sicut
1509 539 1674 594 supra
1722 523 2036 577 memoravi.

467 623 578 679 lloc
607 623 748 678 dicit
773 630 830 675 ut
867 635 972 674 non
1003 618 1224 672 insultet
1252 616 1340 671 his
1367 631 1597 686 quorum
1629 613 1885 669 delictum
1920 629 2043 682 pro-

468 715 568 769 fuit
605 713 854 784 gentibus
894 728 907 764 :
941 708 1048 763 illis
1094 709 1240 763 enim
1289 707 1650 762 insultantium
1695 714 1779 758 est
1815 719 2043 773 quorum

465 814 746 876 peccatum
769 800 943 858 obfuit
965 800 1252 869 aliquibus.
1278 799 1480 853 Eadem
1504 811 1852 868 persequens,
1870 796 2043 849 adhuc

466 896 532 950 de
560 893 724 948 Israel
762 901 817 946 et
852 889 1105 962 gentibus
1131 887 1423 958 Apostolus
1444 927 1458 951 ,
1498 895 1554 942 et
1593 885 1759 939 ramis
1789 885 2041 948 oleastri,

464 984 558 1054 qui
601 971 932 1036 insultabant
971 979 1142 1033 ramis
1185 977 1340 1032 oliva:
1366 1016 1382 1042 ,
1429 975 1722 1039 defractis,
1772 975 2044 1043 imputans

464 1074 626 1126 etiam
647 1071 752 1125 hoc
773 1069 979 1124 addidit
1001 1085 1014 1121 :
1042 1069 1169 1136 quia
1193 1065 1360 1121 Israel
1379 1065 1674 1121 secundum
1696 1064 2042 1134 Evangelium

420 1203 428 1214 η
465 1161 681 1230 quidem
721 1159 972 1213 inimicus
1006 1156 1182 1211 factus
1211 1163 1294 1210 est
1324 1156 1466 1218 Deo,
1507 1154 1632 1224 quia
1671 1169 1778 1207 non
1817 1153 2046 1207 credidit

465 1256 716 1310 Christo:
749 1259 1009 1322 quantum
1035 1258 1216 1304 autem
1243 1255 1450 1320 spectat
1478 1248 1546 1302 ad
1573 1246 2042 1302 honoriﬁcentiam

463 1355 698 1417 patrum,
728 1344 933 1399 electus
960 1349 1016 1397 et
1039 1340 1394 1397 charissimus
1422 1339 1653 1392 habetur
1679 1337 1821 1406 apud
1852 1336 2039 1390 Deum.

467 1442 573 1496 Sed
603 1447 657 1494 et
685 1439 828 1508 quod
865 1437 1035 1491 dicit:
1075 1434 1301 1505 Propter
1329 1449 1447 1497 vos;
1487 1447 1717 1502 quorum
1749 1431 1908 1486 saluti
1938 1431 2043 1484 sci-

464 1529 592 1582 licet
619 1525 880 1589 invident,
913 1523 1262 1593 prohibentes
1288 1520 1562 1590 apostolos
1591 1519 1843 1589 gentibus
1870 1518 2040 1586 loqui,

463 1626 520 1672 et
539 1621 923 1686 persequentes
943 1612 1034 1681 qui
1057 1611 1383 1664 annuntiant
1405 1608 1702 1664 Christum.
1734 1607 2040 1664 Secundum

465 1707 720 1776 reliquias
748 1719 895 1768 vero,
943 1699 1377 1772 quaa'salvandaa
1422 1699 1696 1763 dicuntur,
1747 1697 1801 1751 in
1846 1697 2042 1766 quibus

2143 527 2561 593 przedicantlum,
2585 537 2711 581 ante
2738 536 2913 581 tamen
2938 530 3253 598 permittens
3277 545 3711 600 unumquemque

2143 615 2282 670 sibi:
2313 616 2437 686 quia
2470 625 2661 671 natura
2693 619 2806 688 ipsa
2836 619 2992 684 duce,
3020 622 3255 690 cognitio
3281 621 3507 688 justitia:
3531 624 3712 679 obtor-

2144 714 2368 774 puerat,
2412 708 2800 761 consuetudine
2838 708 3182 776 delinquendi
3212 710 3336 763 data
3366 711 3452 764 lex
3484 720 3568 764 est
3591 753 3605 775 ,
3653 721 3713 766 nt

2144 795 2437 850 humanum
2467 813 2634 866 genus
2658 799 2878 853 terroris
2906 808 3051 852 metu
3078 799 3194 867 lege
3221 798 3557 855 frenaretur:
3587 804 3711 870 quia

2144 900 2252 938 non
2285 901 2342 939 se
2370 887 2682 941 cohibentes
2728 887 2803 940 rei
2847 887 3170 941 tenebantur
3210 904 3241 940 a
3281 888 3396 958 lege
3434 891 3709 959 praedicta.

2145 975 2510 1030 Misericordia
2542 985 2626 1031 est
2647 1017 2662 1041 ,
2706 992 2824 1046 qua:
2855 977 2922 1031 ad
2957 993 3014 1032 se
3041 977 3411 1048 confugientes
3440 979 3675 1034 salvaret
3697 1021 3713 1046 ,

2146 1067 2474 1136 refugientes
2493 1077 2674 1122 autem
2700 1078 2930 1123 emcaret
2958 1070 3024 1123 ad
3058 1078 3284 1138 tempus,
3315 1070 3381 1124 ad
3407 1070 3718 1139 promissio-

2143 1173 2267 1211 nem
2296 1172 2482 1212 eorum
2519 1167 2728 1228 gentes,
2757 1174 2876 1228 qua:
2904 1159 3055 1228 prius
3091 1159 3356 1229 justitiam
3395 1159 3491 1215 Dei
3530 1163 3715 1214 datam

2143 1264 2240 1318 per
2265 1248 2480 1319 Moysen
2518 1249 2671 1318 sequi
2711 1249 3028 1312 noluerant,
3075 1250 3376 1314 advocans,
3421 1260 3482 1302 ut
3518 1250 3714 1304 horum

2143 1338 2301 1392 saluti
2341 1340 2468 1393 dum
2505 1341 2774 1403 invident,
2818 1340 2934 1409 ipso
2974 1339 3088 1394 zelo
3126 1341 3192 1394 ad
3230 1339 3427 1395 radicis
3464 1341 3717 1394 salutaris

2143 1427 2406 1499 origipem
2441 1443 2500 1482 se
2529 1428 2886 1482 reformarent
2916 1428 3168 1498 promissi
3197 1428 3252 1481 in
3278 1427 3418 1498 lege.
3466 1427 3591 1482 Ilaec
3629 1437 3715 1482 est

2143 1517 2366 1571 altitudo
2409 1519 2714 1573 divitiarum
2759 1522 3027 1591 sapientite
3075 1532 3122 1574 et
3170 1522 3403 1576 scientia:
3441 1521 3568 1585 Dei,
3619 1523 3715 1593 qui

2143 1616 2255 1662 tam
2291 1607 2502 1664 Judzeos
2543 1626 2704 1680 quam
2751 1620 2937 1682 gentes
2985 1611 3329 1666 manifestata
3375 1614 3715 1682 providentia

2143 1701 2430 1768 acquisivit
2459 1702 2526 1756 ad
2554 1703 2738 1756 vitam.
2773 1702 3134 1758 Considerans
3169 1712 3389 1759 sanctus
3417 1706 3714 1774 apostolus,

463 1798 655 1854 electio
691 1793 1029 1851 credentium
1065 1791 1354 1846 subsecuta
1391 1797 1475 1842 est
1511 1803 1578 1842 ex
1615 1786 1799 1842 Israel.
1830 1784 2044 1839 Charis-
2071 1768 2119 1828 Β
2148 1799 2326 1845 tantas
2351 1806 2471 1846 esse
2501 1791 2759 1846 bonitatis
2792 1793 2885 1846 Dei
2917 1793 3152 1858 divitias,
3195 1803 3250 1847 et
3279 1768 3482 1848 tantum
3513 1768 3718 1849 divitiis

463 1891 582 1945 simi
603 1897 814 1960 propter
831 1895 1024 1956 patres.
1054 1883 1293 1950 Quorum
1318 1880 1526 1936 scilicet
1550 1879 1708 1934 Iidem
1735 1887 2041 1948 sequentes,

464 1983 693 2037 credunt
738 1981 795 2034 in
837 1993 960 2034 eum
1005 1976 1098 2046 qui
1143 1975 1430 2030 suscitavit
1462 1973 1738 2028 Christum
1781 1971 1968 2026 Jesum
2013 1985 2044 2024 a

465 2071 710 2126 mortuis.
729 2068 818 2124 Sic
834 2069 970 2122 enim
991 2065 1276 2137 aliquando
1298 2074 1345 2118 et
1362 2081 1450 2118 vos
1474 2080 1576 2116 non
1601 2062 1896 2117 credidistis
1911 2061 2040 2114 Deo.

467 2162 594 2217 Post
614 2162 729 2216 haec
747 2159 912 2214 etiam
933 2157 1166 2211 latentes
1184 2163 1238 2210 et
1256 2153 1632 2226 profundiores
1656 2151 2046 2207 incredulitatis

463 2265 650 2305 eorum
678 2248 855 2318 aperit
875 2261 1092 2310 causas,
1115 2252 1171 2300 et
1194 2245 1359 2299 dicit:
1393 2243 1532 2310 Quia
1557 2242 1702 2297 sicut
1724 2256 1820 2296 vos
1845 2240 2045 2296 Gentes

465 2340 735 2411 quondam
782 2354 889 2394 non
936 2336 1243 2393 credebatis
1277 2337 1410 2399 Deo,
1462 2350 1561 2390 nec
1609 2342 1792 2388 tamen
1842 2333 2046 2387 idcirco

467 2433 678 2502 penitus
702 2429 920 2498 reliquit
942 2420 1037 2482 vos
1059 2426 1221 2482 Deus.
1257 2425 1363 2481 Sed
1390 2424 1677 2495 aliquando
1707 2423 1776 2476 ad
1806 2422 2045 2476 ultimum

470 2522 886 2578 misericordiam
918 2521 1184 2576 consecuti
1225 2519 1348 2574 estis
1387 2526 1597 2589 propter
1625 2515 2045 2570 incredulitatem

467 2615 701 2669 illorum.
754 2613 981 2669 Occasio
1021 2620 1203 2667 tamen
1245 2608 1585 2665 conferenda:
1614 2608 1667 2661 in
1694 2623 1792 2662 vos
1835 2606 2048 2660 miseri-

425 2731 434 2740 ο
469 2704 668 2759 cordia:
694 2702 877 2774 populi
901 2701 1068 2756 Israel
1095 2699 1448 2755 incredulitas
1479 2697 1729 2761 exstitit,
1771 2693 1846 2749 ita
1883 2684 2055 2750 etiam

469 2808 614 2848 nunc
643 2793 698 2847 hi
735 2792 829 2862 qui
855 2791 922 2846 de
953 2790 1152 2862 p0pulo
1186 2787 1352 2844 Israel
1387 2803 1495 2842 non
1530 2786 1896 2848 crediderunt,
1938 2799 2046 2838 non

467 2899 636 2956 usque
671 2883 1050 2955 relinquuntur
1086 2882 1140 2936 in
1181 2879 1560 2935 incredulitate
1587 2894 1708 2932 sua.
1745 2878 2044 2946 Postquam

466 2973 817 3044 plenitudinis
877 2971 1119 3044 gentium
1175 2968 1392 3038 impleta
1454 2967 1619 3022 fuerit
1673 2967 2040 3035 dispensatio,

468 3064 634 3120 etiam
673 3063 776 3133 ipsi
813 3059 1245 3116 misericordiam
1271 3065 1692 3128 consequentur.
1733 3053 1859 3110 Sine
1885 3057 2046 3125 paeni-

469 3156 631 3210 tcntia
674 3154 812 3208 enim
856 3159 979 3206 sunt
1020 3149 1330 3204 donationes
1377 3156 1425 3201 et
1470 3147 1784 3201 vocationes.
1842 3143 1899 3198 Si
1929 3159 2047 3200 cre-

470 3245 721 3310 diderint,
761 3244 864 3299 illis
904 3258 1011 3297 non
1049 3247 1304 3311 poterunt
1339 3238 1606 3308 imputare
1638 3243 1885 3306 peccata,
1920 3236 2046 3304 quia

473 3338 638 3393 Deum
669 3351 776 3390 non
804 3333 1034 3404 paenitet
1059 3331 1293 3386 Abrahae
1319 3327 1515 3383 semini
1541 3326 1880 3397 promisisse.
1910 3323 2047 3378 Con-

472 3428 625 3482 clusit
652 3425 790 3480 enim
814 3423 955 3477 Deus
985 3421 1162 3477 omnia
1201 3421 1256 3473 in
1292 3417 1682 3483 incredulitate,
1722 3425 1779 3470 ut
1814 3417 2046 3471 omnium

473 3519 801 3572 misereatur.
852 3513 970 3568 Non
999 3513 1052 3566 vi
1083 3510 1319 3575 inclusit,
1351 3510 1445 3565 sed
1474 3509 1705 3573 ratione,
1735 3523 1871 3576 quos
1901 3508 2050 3562 inve-

475 3610 554 3664 nit
578 3609 632 3663 in
655 3605 1056 3669 incredulitate,
1085 3603 1190 3657 hoc
1216 3608 1300 3657 est
1324 3599 1539 3655 Iudaeos
1566 3614 1756 3654 omnes
1781 3606 1834 3652 et
1861 3607 2050 3668 gentes

475 3700 759 3764 conclusit,
786 3697 912 3767 quia
941 3703 1065 3750 ante
1087 3692 1257 3748 Judaei
1289 3699 1604 3762 peccatores
1630 3697 1842 3744 tantum
1868 3697 2046 3754 erant,

475 3807 580 3846 non
604 3790 769 3845 etiam
791 3787 1002 3859 perﬁdi.
1036 3785 1327 3854 Postquam
1353 3792 1534 3838 autem
1556 3782 1771 3837 Christo
1801 3797 1907 3836 non
1933 3796 2052 3836 cre-

477 3882 748 3945 diderunt,
780 3877 1032 3948 gentibus
1057 3883 1183 3932 sunt
1208 3873 1465 3944 azquales,
1497 3880 1557 3927 ut
1584 3887 1774 3926 omnes
1799 3871 2052 3927 similiter

477 3969 903 4026 misericordiam
929 3974 1352 4035 consequantur.
1400 3964 1516 4018 Hoc
1542 3971 1654 4027 est,
1703 3963 1884 4017 omnia
1923 3976 2054 4016 con-

478 4063 702 4118 clusisse
729 4061 786 4116 in
814 4057 1214 4120 incredulitate,
1248 4064 1308 4109 ut
1332 4062 1460 4109 tunc
1486 4055 1765 4109 decretum
1792 4055 1993 4108 donum
2021 4068 2052 4106 a

478 4153 588 4208 Deo
613 4150 862 4214 veniret,
907 4145 1122 4216 quando
1156 4158 1345 4199 omnes
1371 4142 1666 4199 dilﬁdentia
1703 4143 2052 4208 laborarent,

477 4249 540 4295 ut
587 4239 762 4310 gratia
807 4235 1052 4292 muneris
1096 4241 1242 4290 esset
1287 4233 1618 4304 gratissima.
1669 4232 1854 4304 Itaque
1895 4247 2055 4288 nemo

480 4347 539 4388 se
580 4329 746 4399 jactet
775 4345 790 4390 :
820 4328 1082 4384 miserum
1129 4335 1215 4382 est
1260 4325 1406 4381 enim
1440 4325 1731 4395 superbum
1770 4341 1892 4382 esse
1930 4341 2054 4382 eum

481 4427 568 4482 cui
609 4427 851 4496 ignotum
885 4431 1003 4478 est:
1041 4420 1085 4476 0
1116 4421 1344 4476 altitudo
1373 4420 1677 4474 divitiarum
1706 4421 1977 4491 sapientia:
2005 4429 2053 4474 et

479 4518 713 4573 scientia:
759 4515 880 4569 Dei.
939 4512 1165 4567 Miratus
1211 4517 1421 4566 tantum
1469 4511 1829 4581 profundum,
1892 4511 2054 4565 nullis

479 4604 908 4680 praecedentibus
954 4601 1165 4656 meritis
1213 4608 1403 4672 gentes
1453 4600 1795 4656 intromissas
1816 4639 1832 4666 ,
1895 4607 1951 4655 et
1999 4601 2054 4654 in

480 4695 704 4767 perlldia
734 4691 948 4749 Iudaeos
974 4690 1303 4756 derelictos;
1347 4690 1489 4745 unde
1527 4689 1793 4744 exclamat
1826 4690 2050 4744 dicens:

484 4788 528 4843 Ο
581 4786 804 4842 altitudo
857 4783 1160 4838 divitiarum
1209 4781 1482 4853 sapientia:
1543 4790 1592 4835 et
1658 4781 1888 4836 scientia:
1935 4779 2051 4833 Dei.

483 4879 690 4933 Laudat
717 4874 1037 4947 sapientiam
1066 4871 1184 4938 Dei,
1213 4885 1336 4941 qua:
1365 4879 1476 4926 tam
1501 4870 1592 4926 diu
1617 4870 1950 4940 ex3pectavit
1973 4884 2059 4923 se-

482 4968 720 5023 cundum
759 4963 1190 5038 praescientiam,
1237 4962 1410 5016 donec
1452 4975 1642 5014 omnes
1685 4958 2059 5014 misericordia

486 5056 818 5125 indigerent;
852 5063 913 5109 ut
948 5051 1258 5108 hominibus
1302 5049 1368 5104 de
1412 5049 1546 5103 falsa
1585 5049 1845 5118 jactantia
1890 5047 2056 5118 gloria

487 5147 781 5202 tolleretur.
821 5145 1109 5202 Excelsum
1137 5151 1191 5200 et
1219 5143 1543 5198 immensum
1572 5141 1740 5194 Deum
1772 5142 1825 5194 in
1857 5141 2060 5195 divitiis

488 5235 767 5306 sapientiae
787 5243 843 5290 et
863 5234 1104 5291 scientiae
1127 5249 1256 5300 suae,
1275 5247 1400 5288 cum
1422 5230 1568 5286 omni
1590 5229 1745 5284 laude
1766 5231 2061 5302 gratiarum

487 5325 718 5382 actionis
741 5330 1017 5380 testatur:
1062 5333 1147 5379 est
1187 5325 1330 5380 enim
1373 5322 1656 5380 consilium
1704 5331 1760 5376 et
1797 5322 2060 5391 judicium

487 5417 605 5486 ejus
634 5412 1205 5490 incomprehensibile.
1251 5414 1388 5468 Nam
1430 5414 1497 5468 ab
1537 5413 1690 5467 initio
1726 5411 1904 5466 sciens
1933 5428 2061 5468 con-

490 5508 822 5594 versationcs
869 5512 926 5561 et
973 5516 1137 5574 opera
1187 5503 1465 5558 hominum
1492 5544 1506 5569 ,
1555 5503 1680 5572 quia
1729 5517 1901 5576 neque
1945 5502 2058 5557 sola

490 5598 778 5656 severitate
803 5592 1036 5665 iustitia:
1078 5592 1274 5650 salvari
1311 5603 1493 5662 posset
1529 5597 1823 5650 humanum
1858 5610 2054 5665 genus,

494 5704 667 5762 neque
708 5689 818 5746 sola
866 5685 1236 5744 misericordia
1284 5685 1351 5741 ad
1395 5683 1695 5756 profectum
1743 5689 2057 5743 meritorum

2145 1883 2422 1951 sapientia:
2451 1898 2587 1953 opus
2624 1898 2751 1953 erga
2782 1885 3131 1940 rationabiles
3176 1887 3262 1957 agi
3303 1895 3610 1948 creaturas,
3660 1895 3721 1940 et

2144 1975 2288 2044 quod
2318 1982 2524 2028 tantum
2554 1975 2696 2030 Deus
2723 1975 2862 2030 dives
2895 1986 2962 2029 est
2993 1977 3047 2030 in
3078 1978 3458 2041 misericordia,
3498 1985 3550 2031 et
3573 1977 3718 2030 dives

2144 2066 2201 2119 in
2233 2082 2408 2119 omnes
2434 2065 2524 2135 qui
2553 2066 2794 2120 invocant
2826 2084 2942 2120 eum
2963 2108 2976 2131 ,
3007 2076 3063 2121 et
3092 2076 3252 2122 tanta:
3290 2078 3417 2122 sunt
3451 2067 3722 2122 bonitates

2144 2157 2292 2224 ejus,
2339 2165 2394 2213 et
2431 2157 2898 2228 longanimitates,
2946 2167 3000 2214 et
3029 2159 3339 2227 sapientim,
3394 2168 3614 2229 repente
3659 2169 3723 2212 ut

2146 2247 2494 2301 interioribus
2515 2262 2609 2302 eas
2631 2249 2809 2303 cordis
2826 2249 2996 2304 oculis
3020 2250 3254 2314 intuens,
3271 2251 3728 2308 immensitatem-

2145 2351 2250 2404 que
2297 2351 2482 2390 earum
2527 2338 2875 2407 perspiciens,
2931 2348 3153 2408 stupore
3201 2339 3356 2393 simul
3404 2355 3468 2394 ac
3515 2355 3725 2410 pavore

2143 2426 2443 2496 perculsus,
2487 2429 2754 2482 exclamet
2787 2437 2840 2482 et
2876 2429 3018 2484 dicat
3046 2449 3057 2483 :
3095 2427 3137 2482 Ο
3166 2430 3388 2484 altitudo
3416 2429 3723 2484 divitiarum

2144 2517 2415 2586 sapientia:
2456 2526 2505 2570 et
2547 2518 2778 2572 scientia:
2817 2518 2937 2584 Dei,
2985 2537 3140 2590 quant
3187 2519 3549 2574 inscrutabilia
3595 2528 3726 2574 sunt

2137 2608 2346 2676 judicia
2377 2608 2535 2677 ejus!
2581 2607 2799 2662 Iudicia
2828 2609 2927 2663 Dei
2967 2610 3182 2680 abyssus
3220 2609 3416 2673 multa,
3463 2609 3529 2663 ad
3558 2608 3732 2680 liqui-

2145 2697 2272 2751 dum
2300 2698 2442 2751 enim
2469 2699 2850 2768 comprehendi
2881 2716 2986 2756 non
3026 2710 3271 2771 possunt.
3317 2700 3726 2756 Inscrutabilia.

2148 2787 2217 2843 Ut
2255 2788 2485 2843 scrutari
2516 2789 2722 2859 judicia
2753 2791 2888 2861 ejus,
2920 2791 3117 2861 quibus
3144 2805 3576 2860 unamquamque
3602 2791 3730 2844 ani-

2146 2897 2289 2935 mam
2320 2891 2481 2951 atque
2517 2890 2765 2936 naturam
2804 2881 3178 2936 rationabilem
3205 2881 3515 2950 dispensat,
3558 2895 3729 2934 nemo

2145 2970 2396 3028 sulliciat.
2435 2973 2541 3028 Sed
2569 2973 2951 3043 requirendum
2983 2987 3149 3042 quare
3177 2973 3321 3027 dicat
3350 2972 3728 3028 inscrutabilia

2073 3105 2117 3168 C
2148 3079 2268 3120 esse
2292 3064 2494 3134 judicia
2525 3065 2652 3131 Dei,
2684 3082 2807 3120 cum
2833 3063 3285 3136 Psalmographus
3319 3067 3461 3122 dicat
3488 3085 3500 3118 :
3537 3065 3604 3120 In
3639 3065 3730 3119 la—

2150 3156 2249 3209 biis
2272 3156 2398 3209 meis
2423 3156 2757 3226 pronuntiavi
2780 3157 2953 3209 omnia
2972 3156 3179 3224 judicia
3206 3157 3313 3210 oris
3341 3157 3435 3209 tui.
3471 3157 3550 3211 Ad
3575 3160 3730 3226 quod

2149 3250 2223 3304 ita
2265 3249 2695 3319 respondendum
2733 3255 2838 3304 est.
2891 3247 3025 3302 Nam
3062 3249 3307 3303 addendo
3346 3251 3452 3303 oris
3489 3250 3566 3302 tui
3599 3265 3734 3318 quae

2147 3343 2348 3412 scripta
2377 3349 2503 3396 sunt
2527 3357 2556 3394 a
2583 3339 2894 3410 prophetis,
2931 3349 2985 3394 et
3012 3355 3130 3408 quae
3160 3339 3336 3394 facilia
3367 3348 3493 3395 sunt
3522 3341 3587 3394 ad
3629 3342 3726 3394 in-

2146 3430 2492 3502 telligendum
2537 3429 2822 3500 signiﬁcat.
2886 3429 2955 3482 Et
3002 3429 3385 3499 investigabilcs
3431 3431 3528 3484 viae
3573 3430 3731 3499 ejus,

2147 3521 2252 3578 hoc
2279 3529 2363 3576 est
2391 3522 2647 3591 cogitatio
2676 3521 3138 3590 dispensationum
3167 3522 3312 3590 ejus,
3350 3522 3463 3577 sive
3490 3523 3588 3577 via:
3619 3523 3736 3576 Do-

2148 3611 2312 3676 mini,
2359 3611 2565 3665 scilicet
2597 3610 2968 3664 misericordia
3007 3619 3061 3664 et
3093 3611 3378 3679 judicium.
3427 3612 3557 3676 Quis
3583 3614 3734 3666 enim

2147 3704 2383 3773 cognovit
2407 3719 2612 3756 sensum
2637 3702 2844 3755 Domini
2862 3701 2976 3753 ?An
3005 3715 3163 3755 nemo
3189 3703 3472 3769 cognovit?
3506 3702 3638 3756 Nam
3669 3703 3734 3757 in

2147 3792 2402 3861 praesenti
2429 3792 2543 3859 ipse
2572 3789 2768 3843 Paulus
2796 3790 3028 3853 sciebat,
3073 3790 3165 3858 qui
3207 3788 3327 3843 aliis
3363 3793 3682 3846 ostendebat
3715 3812 3730 3846 :

2151 3884 2265 3938 sive
2291 3884 2406 3938 sine
2431 3883 2547 3953 lege
2573 3882 2740 3951 ipsius
2767 3895 2863 3950 per
2887 3896 2945 3935 se
2973 3895 3130 3934 nemo
3155 3879 3424 3947 cognovit,
3449 3881 3551 3934 hoc
3577 3891 3739 3938 certe

2152 3973 2219 4027 de
2249 3972 2513 4026 creaturis
2538 3972 2705 4028 dicit:
2733 3972 2928 4040 quippe
2955 3969 3042 4024 cui
3071 3969 3203 4023 nihil
3233 3969 3303 4023 sit
3327 3985 3448 4024 cum
3475 3979 3738 4026 creatura

2153 4077 2456 4117 commune.
2497 4062 2627 4126 Quis
2653 4063 2788 4114 enim
2823 4061 3056 4130 cognovit
3099 4077 3305 4113 sensum
3333 4058 3586 4113 Domini?
3621 4059 3740 4116 hoc

2153 4155 2207 4208 in
2237 4154 2373 4209 Isaia
2412 4155 2668 4223 scriptum
2706 4154 2954 4207 habetur.
3010 4151 3352 4206 Manifestum
3387 4159 3468 4206 est
3491 4191 3504 4214 ,
3553 4149 3740 4208 solum

2154 4244 2322 4298 Deum
2356 4257 2475 4296 esse
2503 4242 2596 4311 qui
2633 4241 2782 4295 novit
2805 4240 2986 4295 omnia
3013 4241 3269 4303 consilia,
3311 4247 3366 4293 et
3393 4239 3534 4292 hunc
3561 4255 3741 4294 unum

2155 4347 2273 4388 esse
2301 4332 2392 4402 qui
2418 4331 2617 4386 nullius
2635 4339 2775 4402 eget,
2799 4331 2922 4399 quia
2952 4331 3020 4386 ab
3049 4330 3164 4399 ipso
3184 4329 3530 4394 suntomnia,
3555 4337 3609 4383 et
3631 4345 3743 4397 per

2078 4456 2133 4516 Β
2156 4423 2258 4477 hoc
2286 4423 2572 4477 consilium
2601 4420 2714 4489 ejus
2760 4437 2792 4474 a
2835 4421 2984 4476 nullo
3014 4437 3115 4476 nec
3151 4421 3392 4484 metitur,
3439 4435 3539 4473 nec
3581 4435 3740 4474 com-

2158 4511 2535 4581 prehenditur,
2555 4510 2680 4579 quia
2705 4509 2962 4564 inferiora
2987 4510 3280 4579 superioris
3300 4523 3513 4562 sensum
3537 4522 3743 4576 capere

2161 4616 2268 4655 non
2308 4609 2552 4670 possunt.
2599 4599 2841 4668 Denique
2876 4597 3075 4654 Iudaeis
3110 4615 3216 4653 non
3251 4596 3591 4653 credentibus
3623 4597 3740 4650 im—

2160 4690 2416 4759 possibile
2439 4689 2738 4754 videbatur,
2759 4689 3040 4744 consilium
3065 4696 3119 4741 et
3143 4688 3470 4742 voluntatem
3497 4687 3589 4740 Dei
3609 4701 3743 4740 esse

2162 4780 2228 4834 ad
2259 4779 2678 4848 redemptionem
2704 4778 2961 4848 gentium.
3013 4778 3187 4832 Simili
3220 4778 3378 4832 modo
3407 4783 3460 4830 et
3483 4775 3740 4846 gentibus

2162 4871 2389 4924 arduum
2419 4878 2472 4923 ct
2501 4868 2830 4923 incretlulum
2857 4866 3087 4933 Judaios,
3114 4869 3206 4936 qui
3232 4883 3338 4922 non
3364 4866 3738 4933 crediderunt,

2164 4959 2444 5015 Salvatore
2470 4975 2629 5029 posse
2655 4959 2920 5024 converti,
2955 4967 3012 5012 et
3039 4960 3260 5014 credere
3286 4966 3346 5012 ut
3374 4957 3738 5013 salvarentur.

2163 5053 2263 5105 Aut
2292 5052 2406 5122 quis
2431 5051 2763 5105 consiliarius
2787 5049 2898 5119 ejus
2926 5050 3024 5118 fuit
3049 5051 3074 5102 ?
3108 5049 3219 5103 Hoc
3242 5056 3344 5111 est,
3371 5048 3526 5116 quasi
3557 5047 3742 5101 minus

2165 5145 2278 5214 ipse
2308 5146 2531 5199 consilio
2559 5143 2846 5208 sulliciens,
2890 5144 3152 5212 indigeret
3182 5141 3432 5204 alterius,
3471 5139 3566 5193 sed
3607 5152 3744 5193 con-

2165 5236 2270 5288 silii
2300 5235 2617 5304 participem
2650 5233 2854 5287 nullum
2886 5233 3101 5301 quidem
3143 5231 3285 5283 inter
3313 5237 3591 5284 creaturas
3616 5243 3747 5283 esse

2165 5327 2516 5396 pronuntiat:
2561 5325 2843 5379 consilium
2871 5339 3000 5378 vero
3028 5322 3256 5390 sapienti
3285 5322 3650 5376 necessarium
3681 5320 3744 5374 in

2166 5418 2430 5486 sapientia
2462 5433 2559 5473 sua
2593 5426 2709 5484 est,
2737 5417 2830 5488 qui
2857 5424 2940 5471 est
2967 5415 3234 5480 Christus,
3269 5422 3324 5468 et
3358 5414 3412 5468 in
3448 5412 3748 5468 sanctitate

2163 5515 2246 5560 est
2275 5506 2510 5575 Spiritus
2537 5516 2775 5564 sanctus.
2825 5505 2928 5558 Aut
2958 5505 3074 5575 quis
3103 5505 3246 5573 prior
3274 5502 3416 5557 dedit
3444 5501 3546 5566 illi,
3576 5509 3624 5554 et
3653 5517 3746 5553 re-

2163 5597 2424 5650 tribuetur
2454 5600 2549 5653 ei?
2595 5597 2762 5653 Nemo
2796 5597 2941 5652 enim
2973 5594 3175 5664 aliquid
3214 5593 3404 5648 factori
3449 5605 3545 5645 suo
3590 5589 3750 5658 prior

2165 5687 2422 5756 contulit,
2455 5689 2649 5758 quippe
2676 5703 2799 5744 cum
2827 5687 2992 5742 etiam
3040 5687 3141 5740 hoc
3171 5686 3342 5754 ipsum
3372 5683 3751 5751 unusquisque
