3974 6202
318 314 423 372 109

1446 309 1772 368 COLLECT.
1811 308 1876 362 IN
1916 307 2129 362 EPIST.
2172 309 2262 363 AD
2301 308 2470 365 R031.

3456 301 3555 356 illi

316 450 348 484 a
373 429 653 485 Conditore
681 427 945 496 suscepit.
976 427 1236 492 Quoniam
1261 440 1324 480 ea:
1348 427 1479 495 ipso,
1504 434 1554 478 et
1577 441 1670 495 per
1693 426 1885 493 ipsum,
1914 424 1965 483 Α
1990 437 2216 490 corpora
2258 436 2353 477 sua
2378 420 2673 475 exhibeant
2710 419 2931 473 hostium
2970 426 3216 472 virentem
3234 456 3248 483 ,
3285 427 3518 468 sanctam
3536 453 3551 477 ,

315 535 367 577 et
409 523 463 577 in
503 521 615 590 ipso
663 528 788 572 sunt
835 519 1031 572 omnia.
1090 517 1253 572 Vides
1281 516 1552 586 quomodo
1595 516 1652 569 in
1701 515 1887 595 ultimo

312 611 551 668 ostendit
579 611 721 679 quod
750 611 805 664 in
839 610 1090 664 omnibus
1128 623 1248 679 quae
1290 624 1450 679 supra
1475 608 1684 662 dixerat
1710 622 1890 678 segre-

311 701 523 773 gaverit
552 698 876 771 mysterium
905 698 1207 763 Trinitatis,
1247 713 1372 751 nam
1404 712 1525 751 cum
1552 696 1721 750 dixit:
1756 695 1889 748 Alti-

311 793 440 845 tudo
470 789 807 853 divitiarum,
856 787 1074 842 Patrem
1114 801 1183 841 ex
1220 802 1327 857 quo
1366 786 1547 841 omnia
1575 786 1707 839 dicit
1739 799 1887 849 esse,

311 879 617 951 significat:
665 887 722 932 et
761 876 1041 947 sapientiae
1075 876 1445 943 altitudinem,
1476 876 1739 948 Spiritum
1767 894 1891 932 san-

311 963 494 1034 ctum,
522 968 617 1038 qui
647 968 814 1023 etiam
848 966 957 1020 alta
985 965 1079 1020 Dei
1110 966 1267 1021 novit
1295 973 1348 1021 et
1375 966 1633 1022 declarat.
1667 966 1890 1021 Verum-

315 1072 492 1117 tamen
518 1058 665 1129 quod
693 1058 847 1124 dicit,
894 1075 959 1113 ea:
984 1059 1119 1129 ipso,
1166 1060 1269 1115 hoc
1312 1061 1487 1131 ipsum
1517 1060 1659 1129 quod
1704 1075 1891 1117 sumus

312 1151 550 1213 indicat;
589 1165 683 1219 per
704 1148 877 1217 ipsum
912 1156 1121 1214 autem,
1162 1151 1307 1219 quod
1337 1166 1435 1220 per
1462 1149 1577 1219 ejus
1601 1151 1889 1221 providen-

317 1238 443 1291 tiam
481 1238 862 1305 dispensamur
889 1236 945 1291 in
974 1238 1118 1302 vita;
1161 1239 1215 1291 in
1244 1239 1355 1307 ipso
1385 1254 1546 1304 vero,
1588 1240 1732 1309 quod
1768 1255 1892 1308 per-

315 1327 477 1383 fectio
503 1327 777 1392 omnium,
809 1335 866 1380 et
892 1327 1017 1381 ﬂuis
1043 1327 1099 1381 in
1134 1328 1249 1397 ipso
1277 1329 1411 1393 erit,
1447 1336 1576 1382 tunc
1599 1344 1723 1383 cum
1750 1329 1891 1383 Deus

316 1424 418 1472 erit
445 1418 625 1472 omnia
656 1417 710 1471 in
738 1417 1010 1472 omnibus.
1049 1417 1131 1472 Ab
1164 1419 1281 1487 ipso
1310 1420 1486 1473 omnis
1516 1428 1765 1474 creatura
1800 1436 1891 1474 ac-

317 1510 446 1579 cipit
468 1511 680 1564 initium
698 1551 713 1575 ,
739 1518 795 1564 et
820 1525 919 1580 per
947 1510 1120 1580 ipsum
1149 1511 1371 1582 regitur,
1408 1520 1461 1565 et
1489 1512 1541 1565 in
1568 1513 1685 1582 ipso
1711 1512 1892 1567 omnia

317 1597 730 1664 concluduntur,
771 1612 876 1652 nec
912 1598 1026 1669 ipse
1055 1600 1364 1654 continetur
1405 1599 1475 1655 ab
1509 1600 1637 1655 ullo.
1690 1600 1758 1655 In
1794 1617 1893 1654 ste—

318 1688 455 1743 culo.
506 1688 737 1759 Propter
766 1688 871 1743 hoc
897 1689 1039 1757 quod
1081 1688 1340 1758 perfectio
1375 1690 1616 1745 omnium
1660 1705 1768 1745 non
1810 1690 1891 1744 in-

1989 510 2277 579 placentem
2304 510 2434 564 Deo.
2474 507 2735 563 Viventem
2765 508 2895 563 dicit
2922 508 3176 573 hostium,
3207 520 3327 577 qum
3356 504 3550 566 vitam.

1989 602 2093 656 hoc
2119 608 2202 655 est
2226 599 2523 666 Christum,
2552 599 2604 654 in
2636 612 2695 653 se
2723 598 2891 669 gerit;
2927 606 3162 651 sanctam
3191 595 3339 661 dicit,
3368 593 3421 648 in
3450 608 3556 663 qua

1990 690 2223 761 Spiritus
2268 700 2486 746 sanctus
2530 690 2780 757 habitat,
2830 698 2889 745 ut
2926 687 3213 759 Apostolus
3258 687 3429 742 dicit:
3475 684 3555 738 An

1990 783 2197 835 nescitis
2232 782 2355 853 quia
2397 780 2643 852 templum
2675 781 2770 835 Dei
2797 782 2949 846 estis,
2988 790 3035 833 et
3076 779 3306 849 Spiritus
3344 787 3557 831 sanctus

1990 868 2187 921 habitat
2214 870 2269 922 in
2296 868 2479 922 vobis.9
2517 867 2817 923 Placentem
2844 868 2977 934 Deo,
3016 876 3075 921 ut
3111 877 3238 937 pote
3265 883 3295 921 a
3319 866 3561 936 peccatis

1988 966 2044 1013 et
2070 959 2214 1014 vitiis
2243 968 2568 1028 separatam.
2625 958 2748 1013 litec
2784 965 2963 1013 autem
3003 957 3185 1012 omnia
3221 954 3560 1012 rationabilis

1989 1060 2072 1105 est
2101 1050 2277 1105 cultus
2303 1051 2418 1104 Dei.
2467 1049 2653 1104 Potest
2686 1050 2830 1103 enim
2857 1063 2959 1118 pro
2988 1046 3081 1101 tali
3110 1045 3258 1131 cultu
3293 1046 3445 1101 reddi
3473 1060 3562 1098 ra-

1990 1146 2095 1211 tio,
2140 1154 2195 1201 et
2231 1148 2442 1201 ostendi
2482 1146 2607 1215 quia
2647 1146 2863 1216 dignum
2905 1153 2988 1200 est
3027 1145 3138 1199 Deo
3180 1143 3316 1200 tales
3358 1143 3563 1198 hostias

1989 1235 2309 1290 immolare:
2354 1237 2553 1291 arietes
2582 1234 2793 1302 autem,
2834 1243 2888 1290 et
2922 1235 3126 1299 hircos,
3154 1243 3210 1289 et
3236 1234 3432 1288 vitulos
3462 1234 3561 1287 im-

1990 1326 2202 1380 mortali
2241 1334 2296 1381 et
2337 1326 2655 1397 incorporeo
2694 1325 2807 1380 Deo
2848 1323 3029 1379 offerri
3054 1365 3068 1390 ,
3112 1323 3258 1378 nulla
3299 1323 3436 1377 ratio
3466 1324 3559 1378 ho—

1991 1423 2143 1469 uesta
2170 1414 2316 1468 sinit.
2352 1414 2420 1467 Et
2450 1414 2605 1468 nolite
2635 1414 2955 1484 conformari
2979 1415 3100 1468 huic
3125 1412 3336 1468 swculo.
3369 1414 3427 1467 In
3453 1428 3561 1483 quo

1990 1504 2230 1558 ostendit
2270 1519 2391 1558 esse
2436 1503 2727 1573 quamdam
2768 1502 2997 1558 fortnam
3037 1505 3195 1575 hujus
3235 1505 3418 1558 saeculi
3443 1544 3457 1569 ,
3508 1512 3563 1557 et

1991 1592 2150 1646 aliam
2171 1606 2291 1647 esse
2311 1592 2490 1647 saeculi
2509 1591 2697 1661 futuri.
2720 1592 2856 1647 Vide
2874 1607 3004 1665 ergo
3024 1607 3091 1647 ne
3112 1592 3252 1648 forte
3272 1609 3395 1649 cum
3417 1593 3566 1648 venit

1991 1683 2071 1737 ira
2108 1685 2164 1738 in
2200 1699 2295 1739 cor
2320 1695 2471 1738 tuum
2491 1725 2505 1749 ,
2549 1683 2882 1738 conformem
2911 1693 2964 1739 te
2988 1682 3150 1739 faciat
3185 1684 3313 1740 huic
3345 1685 3560 1740 saeculo.

314 1786 397 1832 tra
425 1793 594 1831 unum
621 1776 880 1832 saeculum
906 1777 1265 1841 concluditur,
1291 1778 1383 1833 sed
1412 1778 1462 1831 in
1492 1778 1657 1832 multa
1679 1786 1896 1847 proten—
1922 1760 1970 1820 Β
1999 1770 2262 1829 Similiter
2285 1783 2465 1829 autem
2494 1782 2550 1829 et
2578 1774 3014 1845 concupiscentia
3042 1774 3207 1842 mala,
3234 1782 3291 1829 et
3314 1776 3563 1841 avaritia,

316 1871 479 1926 ditur.
526 1870 711 1924 Amen.
770 1868 843 1925 Ut
890 1868 1253 1940 intelligamus
1295 1884 1393 1939 per
1439 1870 1588 1924 illum
1626 1870 1696 1926 ad
1734 1871 1894 1925 istam

314 1960 702 2017 beatitudinem
741 1959 1099 2027 veniendum,
1146 1960 1213 2016 de
1258 1974 1364 2029 qua
1406 1962 1667 2031 scriptum
1710 1968 1795 2016 est
1837 1961 1894 2017 in

312 2049 657 2122 Apocalypsi.

915 2141 1141 2198 CAPUT
1179 2141 1291 2198 ΧΠ.

384 2233 616 2289 Obsecro
663 2234 862 2303 itaque,
911 2231 1123 2302 fratres,
1173 2248 1266 2303 per
1309 2232 1722 2288 misericordiam
1769 2232 1887 2289 Det".

317 2326 431 2381 Non
460 2340 559 2395 per
583 2324 810 2380 salutem
840 2323 1055 2379 illorum
1075 2364 1089 2388 ,
1116 2337 1290 2392 neque
1316 2338 1415 2393 per
1437 2323 1711 2379 Christum
1737 2324 1894 2380 obse-

244 2457 250 2460 ‹
318 2425 453 2483 crat,
478 2416 726 2486 quamvis
755 2414 1135 2473 misericordia
1154 2415 1250 2471 Dei
1276 2415 1329 2470 in
1355 2414 1569 2471 Christo
1596 2415 1686 2481 sit,
1712 2423 1892 2472 tamen

319 2524 414 2577 per
438 2507 870 2562 misericordiam
899 2504 994 2561 Dei
1021 2515 1141 2560 orat
1164 2506 1303 2571 illos,
1343 2522 1440 2576 per
1464 2522 1623 2576 quam
1652 2522 1716 2562 ex
1747 2521 1893 2561 mor-

316 2597 422 2651 tuis
441 2596 629 2649 vivere
644 2602 944 2663 cmperunt,
968 2601 1027 2648 ut
1049 2608 1316 2649 memores
1335 2593 1452 2664 ejus
1476 2593 1704 2649 sollicite
1730 2601 1891 2665 agant

319 2688 461 2742 circa
486 2686 809 2756 obsequium
836 2685 953 2755 ejus
981 2700 1012 2739 a
1038 2699 1144 2755 quo
1170 2684 1275 2741 illis
1302 2686 1422 2740 data
1452 2693 1564 2751 est,
1608 2701 1706 2756 per
1730 2700 1892 2756 quem

321 2793 383 2833 ex
420 2778 602 2848 impiis
640 2778 812 2848 gratis
845 2775 1120 2843 iustiﬁcati
1162 2783 1308 2830 sunt.
1362 2774 1497 2831 Cum
1540 2792 1636 2846 per
1676 2791 1892 2832 omnem

320 2880 521 2927 textum
545 2867 798 2938 Epistolas
823 2867 878 2920 in
908 2866 1275 2936 superioribus
1303 2866 1572 2922 docuisset
1592 2865 1882 2938 Apostolus

321 2959 581 3028 quomodo
608 2974 639 3011 a
671 2955 870 3011 Judzeis
916 2956 985 3011 ad
1028 2964 1238 3027 gentes,
1285 2970 1317 3008 a
1362 2955 1775 3011 circumcisione
1822 2957 1892 3013 ad

322 3049 493 3115 ﬁdem,
521 3063 554 3103 a
580 3048 762 3103 littera
789 3048 856 3103 ad
880 3047 1151 3118 spiritum,
1181 3046 1249 3101 ab
1275 3048 1466 3102 umbra
1492 3046 1561 3103 ad
1580 3048 1887 3114 veritatem,

321 3141 384 3195 ab
409 3140 752 3196 observantia
782 3139 985 3194 carnali
1016 3140 1083 3194 ad
1107 3138 1508 3194 observantiam
1551 3139 1889 3208 spiritualem

319 3228 592 3301 religionis
616 3243 830 3284 summa
861 3227 1118 3282 translata
1145 3228 1248 3293 sit,
1278 3234 1332 3282 et
1360 3227 1476 3282 haec
1505 3228 1580 3281 ita
1608 3227 1677 3281 ad
1705 3227 1888 3282 futura

319 3325 642 3396 propheticis
661 3324 884 3379 vocibus
903 3322 1229 3377 ostendisset
1253 3320 1535 3391 designata
1560 3339 1573 3373 :
1600 3318 1716 3389 jam
1745 3335 1891 3377 nunc

321 3414 610 3485 spiritualis
647 3411 813 3482 hujus
851 3411 1242 3476 observantia),
1289 3411 1355 3465 ad
1391 3426 1552 3480 quam
1589 3411 1764 3467 cultus
1792 3410 1887 3465 Dei

319 3505 478 3557 ritum
506 3502 693 3558 docuit
721 3517 844 3557 esse
880 3500 1230 3564 translatum,
1274 3501 1585 3571 aggreditur
1612 3518 1792 3557 mores
1836 3510 1891 3557 et

318 3594 558 3648 instituta
585 3593 817 3655 sancire,
848 3598 903 3645 et
927 3592 1039 3646 ait:
1074 3589 1298 3644 Obsecro
1330 3592 1500 3662 itaque
1528 3607 1636 3657 vos,
1672 3591 1883 3661 fratres,

315 3699 405 3753 per
443 3680 860 3736 misericordiam
906 3678 1021 3733 Dei.
1079 3678 1145 3733 Et
1187 3679 1303 3733 hmc
1343 3678 1542 3744 doceo,
1587 3694 1694 3733 non
1733 3680 1886 3749 quasi

316 3775 624 3842 imperans:
660 3771 793 3825 nihil
822 3771 965 3825 enim
1002 3771 1214 3840 proficit
1254 3772 1388 3841 legis
1427 3773 1710 3843 imperium
1734 3815 1747 3839 ,
1793 3775 1888 3828 sed

314 3864 470 3935 quasi
494 3864 591 3931 qui
609 3860 838 3917 ollieium
862 3864 1195 3931 suscepimus
1219 3863 1615 3918 reconciliando
1639 3880 1731 3917 vos
1754 3865 1882 3919 Deo.

311 3956 459 4024 Quid
507 3961 595 4009 est
640 3963 809 4011 autem
854 3958 998 4026 quod
1039 3972 1135 4012 vos
1178 3958 1443 4012 obsecro?
1492 3954 1557 4009 Ut
1605 3957 1886 4012 exhibeatis

312 4063 539 4119 corpora
566 4056 731 4101 vestra
756 4047 982 4101 hostiam
1010 4048 1255 4102 viventem
1274 4088 1288 4113 ,
1334 4057 1569 4102 sanctam
1588 4089 1601 4112 ,
1632 4044 1742 4100 Deo
1772 4047 1889 4118 pla-

315 4149 510 4192 centena
531 4154 554 4202 ;
587 4152 695 4191 non
721 4137 1063 4202 animalium,
1109 4137 1249 4192 sicut
1290 4139 1343 4192 in
1369 4139 1538 4192 veteri
1580 4138 1725 4209 lege,
1766 4154 1887 4207 qua:

316 4238 509 4293 tamen,
545 4228 673 4283 licet
700 4228 753 4281 in
780 4227 949 4297 figura
980 4226 1193 4291 tierent,
1219 4226 1562 4283 immaculata
1592 4228 1887 4282 offerebant

311 4328 363 4375 et
384 4320 529 4373 viva.
575 4317 905 4373 Rationabile
933 4317 1229 4387 obsequium
1259 4328 1502 4371 vestrum.
1552 4318 1723 4373 Omne
1749 4334 1885 4387 opus

314 4427 506 4466 nonum
541 4419 672 4464 tunc
697 4408 873 4479 placet
900 4407 1038 4472 Deo,
1085 4407 1131 4463 si
1172 4408 1561 4462 rationabiliter
1595 4408 1723 4462 fiat:
1757 4423 1883 4461 nam

314 4502 446 4556 alias
482 4499 736 4555 mercede
771 4499 1050 4569 privatur:
1098 4505 1158 4552 ut
1200 4506 1324 4567 pote
1371 4499 1417 4552 si
1459 4497 1579 4566 quis
1605 4498 1881 4551 hominum

310 4606 468 4646 causa
503 4589 745 4659 jejunet,
792 4589 994 4643 bonum
1023 4587 1342 4657 obsequium
1376 4586 1691 4654 insipienter
1732 4584 1878 4640 facit.

311 4681 640 4751 Obsequium
681 4679 774 4734 hic
816 4677 1017 4732 cultum
1051 4678 1214 4745 dicit,
1257 4678 1349 4747 qui
1388 4677 1593 4740 cultus,
1628 4678 1881 4745 quoniam

312 4773 506 4828 dudum
546 4773 603 4825 in
642 4768 964 4839 corporibus
1005 4769 1297 4824 multorum
1339 4782 1592 4838 pecorum
1623 4768 1883 4822 consiste-

312 4861 431 4925 bat,
471 4875 648 4923 nunc,
688 4859 898 4928 inquit,
928 4858 983 4912 in
1014 4873 1240 4929 corpore
1265 4857 1604 4913 rationabilis
1649 4857 1882 4912 hominis

312 4950 581 5013 oles-ator,
627 4959 687 5004 et
722 4964 954 5020 corpora
997 4949 1168 5020 magis
1203 4956 1384 5004 vestra
1426 4963 1584 5018 quam
1626 4961 1883 5019 pecorum

314 5042 445 5096 ﬁant
473 5041 802 5097 sacrificium
845 5039 970 5093 Deo.
1019 5038 1124 5094 Pro
1149 5038 1354 5094 viribus
1382 5050 1564 5092 autem
1592 5038 1885 5106 explanare

315 5136 637 5190 tentabimus
667 5132 940 5203 quomodo
978 5131 1344 5200 unusquisque
1386 5130 1691 5183 rationabili
1728 5131 1883 5185 obse-

314 5226 439 5295 quio
461 5226 639 5281 cultus
680 5224 777 5279 Dei
816 5221 1156 5277 eshibeatnr.
1207 5219 1266 5276 Si
1303 5222 1609 5291 superbiam
1642 5223 1883 5291 corporis

311 5319 393 5373 sui
417 5319 617 5383 vincat,
646 5315 895 5371 immolat
918 5313 1173 5376 vitulum;
1204 5315 1250 5367 si
1278 5314 1608 5368 iracundiam
1640 5323 1877 5383 superet,

310 5409 531 5463 arietem
552 5406 805 5477 jugulat;
857 5404 903 5459 si
942 5403 1216 5458 libidinem
1245 5403 1459 5467 vincat,
1508 5403 1879 5457 holocaustum

308 5495 462 5551 effert
511 5495 756 5560 hircum;
807 5492 855 5549 si
903 5506 1067 5561 vagos
1115 5500 1169 5546 et
1216 5490 1450 5546 lubricos
1494 5492 1878 5573 cogitationum

310 5594 514 5640 resecet
538 5585 783 5650 volatus,
821 5582 1099 5639 columbas
1134 5588 1188 5636 et
1222 5588 1461 5635 turtures
1498 5579 1875 5634 immolaverit.

310 5673 457 5729 Haec
478 5684 659 5731 autem
681 5674 885 5730 Paulus
905 5673 1154 5728 obsecrat
1183 5672 1235 5727 in
1257 5671 1474 5727 Christo
1494 5670 1795 5738 credentes,
1821 5678 1879 5725 ut

1992 1874 2293 1936 caeteraquc
2320 1864 2516 1934 quibus
2554 1879 2793 1936 praesens
2832 1865 3086 1921 smeulum
3113 1865 3426 1933 delectatur,
3454 1866 3565 1920 for-

1990 1970 2137 2011 mam
2164 1955 2260 2011 tibi
2289 1956 2469 2012 saeculi
2496 1955 2778 2026 praesentis
2806 1957 3101 2029 imponant.
3140 1956 3197 2013 Si
3222 1973 3353 2015 vero
3378 1973 3409 2015 e
3435 1974 3566 2014 con-

1992 2044 2162 2100 trario
2192 2044 2570 2111 mansuetudo,
2612 2044 2892 2115 patientia,
2936 2044 3154 2112 lenitas,
3195 2047 3559 2110 continentia,

1991 2133 2155 2201 fides,
2184 2136 2383 2189 veritas
2412 2143 2735 2204 ceteraeque
2759 2134 2989 2191 virtutes
3020 2135 3263 2192 habitent
3301 2136 3358 2191 in
3403 2152 3562 2193 sensu

1989 2237 2106 2298 tuo,
2134 2229 2471 2286 conformem
2502 2238 2554 2284 te
2580 2228 2750 2285 futuri
2777 2228 2961 2285 seculi
2988 2227 3213 2295 facient,
3255 2238 3312 2286 et
3345 2231 3420 2286 ita
3446 2232 3564 2301 pul-

1990 2321 2178 2377 chram
2204 2322 2399 2377 anima:
2428 2330 2535 2377 tute
2562 2321 2796 2391 speciem
2826 2320 3084 2390 reddent,
3115 2331 3176 2378 ut
3199 2321 3438 2379 Verbum
3467 2324 3563 2381 Dei

1990 2430 2099 2486 quo
2122 2415 2417 2485 despondet
2439 2427 2558 2469 eam
2584 2413 2686 2468 sibi
2713 2413 2770 2469 in
2794 2400 3169 2471 misericordia
3191 2421 3247 2470 et
3270 2412 3396 2481 tide,
3420 2415 3564 2471 dicat

1991 2507 2060 2562 ad
2086 2520 2241 2562 eam:
2278 2505 2411 2561 Tota
2446 2520 2500 2560 es
2534 2504 2790 2576 famosa,
2826 2506 3067 2578 proxima
3101 2522 3240 2573 mea,
3280 2516 3329 2561 et
3354 2505 3564 2561 macula

1994 2612 2101 2651 non
2127 2603 2204 2651 est
2230 2595 2287 2649 in
2312 2603 2361 2649 te
2389 2592 2566 2668 (Cant.
2594 2593 2692 2668 tv).
2736 2592 2843 2651 Sed
2873 2594 3234 2665 reformamini
3257 2596 3313 2650 in
3338 2596 3565 2651 novitate

1992 2701 2177 2741 sensus
2203 2683 2376 2739 vestri.
2430 2683 2741 2739 Renovatur
2784 2689 2966 2739 autem
3012 2698 3205 2739 sensus
3248 2692 3433 2739 noster
3467 2699 3566 2756 per

1992 2774 2254 2832 exercitia
2281 2773 2585 2845 sapientiae,
2624 2785 2681 2829 et
2708 2774 3113 2830 meditationem
3138 2773 3301 2830 Verbi
3328 2774 3462 2841 Dei,
3509 2784 3565 2831 et

1964 2863 2126 2935 'legis
2154 2861 2269 2932 ejus
2296 2861 2703 2934 intelligentiam
2731 2861 3060 2934 spiritalem,
3104 2871 3160 2921 et
3199 2873 3402 2935 quanto
3441 2865 3565 2937 quis

1994 2953 2231 3025 quotidie
2258 2968 2327 3009 ex
2357 2952 2762 3026 Scripturarum
2788 2956 3005 3027 proficit
3033 2957 3290 3025 lectione,
3331 2969 3564 3030 quanto-

1995 3059 2103 3116 que
2131 3045 2293 3103 altius
2321 3045 2627 3104 intellectus
2645 3046 2763 3117 ejus
2785 3050 3012 3119 accedit,
3034 3058 3187 3107 tanto
3208 3050 3398 3107 uovior
3421 3067 3563 3109 sent-

1990 3149 2090 3206 per
2118 3135 2371 3193 efﬁcitur.
2403 3135 2557 3204 Quod
2579 3139 2793 3206 bonum,
2816 3148 2865 3195 et
2884 3138 3160 3211 placitum,
3183 3151 3230 3196 et
3251 3141 3560 3212 perfectura.

1992 3226 2107 3284 Hoc
2134 3237 2248 3295 est,
2290 3230 2434 3300 quod
2459 3230 2660 3289 bonum
2690 3232 2795 3299 sit,
2837 3244 2894 3288 et
2933 3232 3157 3300 melius,
3186 3241 3242 3289 et
3265 3236 3525 3304 optimum
3547 3276 3563 3301 ,

1990 3318 2139 3373 verbi
2165 3334 2367 3374 causa:
2399 3319 2606 3377 Bonum
2635 3323 2975 3395 coniugium,
3005 3324 3197 3380 melius
3222 3333 3402 3380 autem
3433 3342 3564 3381 conv

1989 3410 2236 3478 tinentia,
2263 3412 2524 3486 optimum
2544 3415 2845 3486 virginitas.
2879 3415 3011 3471 Dico
3036 3418 3174 3472 enim
3198 3434 3293 3488 per
3310 3420 3563 3489 gratiam,

1989 3519 2106 3574 qua:
2141 3503 2267 3558 data
2305 3514 2379 3559 est
2417 3506 2564 3560 mihi.
2618 3506 2928 3564 Prohihitus
2975 3508 3210 3563 humana
3255 3509 3516 3578 sapientia
3534 3550 3562 3574 ,,

1989 3607 2110 3662 quae
2142 3602 2339 3665 praeter
2362 3594 2535 3666 legem
2575 3604 2689 3663 est,
2736 3613 2842 3652 non
2881 3612 3042 3653 sensu
3072 3598 3292 3668 proprio
3323 3599 3469 3668 loqui
3504 3615 3563 3654 se

1990 3680 2152 3747 dicit,
2189 3683 2281 3738 sed
2312 3685 2633 3740 auctoritate
2661 3687 2847 3757 gratia:
2872 3688 3184 3756 spiritualis.
3232 3688 3359 3745 ΙΙωο
3384 3691 3562 3761 gratia

1987 3770 2181 3841 peritia
2213 3772 2529 3841 intelligitur
2568 3775 2828 3829 doctrina:
2872 3775 3200 3840 Dominicze,
3254 3792 3351 3846 per
3395 3793 3561 3847 quam

1988 3860 2277 3915 humilitati
2298 3863 2615 3917 studendum
2640 3864 2820 3919 tradit.
2856 3864 3152 3922 Videndum
3173 3875 3257 3921 est
3275 3868 3400 3938 quia
3422 3868 3563 3924 Pau-

1987 3951 2101 4017 lus,
2141 3952 2279 4007 sicut
2316 3960 2371 4007 et
2405 3954 2540 4009 alias
2570 3954 2731 4023 dicit,
2773 3972 2877 4010 non
2915 3957 2969 4010 in
3002 3959 3254 4013 suasoriis
3290 3961 3561 4030 sapientia:

1987 4041 2215 4097 carnalis
2250 4041 2446 4109 verbis,
2483 4044 2576 4100 sed
2615 4059 2712 4115 per
2748 4045 2982 4117 gratiam
3008 4062 3128 4116 qua:
3153 4048 3257 4103 sibi
3286 4048 3418 4104 data-
3443 4058 3561 4115 est,

1988 4136 2245 4205 loquitur.
2302 4136 2397 4191 Est
2438 4135 2584 4191 enim
2631 4137 2797 4191 multa
2840 4136 3146 4194 dilferentia
3191 4155 3289 4211 per
3331 4141 3561 4212 gratiam

1987 4228 2291 4297 loquentis,
2347 4236 2401 4282 et
2446 4244 2543 4300 per
2583 4229 2875 4285 humanam
2924 4231 3263 4300 sapientiam.
3320 4232 3562 4305 Denique

1988 4326 2322 4386 compertum
2363 4325 2481 4381 est,
2536 4318 2820 4373 nonnullos
2864 4317 3177 4390 eloquentes
3222 4331 3277 4378 et
3320 4324 3563 4381 eruditos

1986 4408 2159 4473 viros,
2191 4422 2315 4462 cum
2340 4406 2507 4461 multa
2538 4408 2591 4462 in
2621 4408 2876 4464 Ecelesiis
2906 4408 3172 4476 dixerint,
3205 4420 3259 4466 ct
3286 4412 3561 4483 ingentem

1987 4496 2233 4566 plausum
2263 4498 2435 4552 laudis
2465 4500 2803 4570 acceperint,
2838 4500 3108 4558 neminem
3137 4510 3313 4559 tamen
3344 4503 3558 4562 audito-

1988 4594 2106 4640 rum
2133 4601 2199 4640 ex
2228 4587 2315 4642 his
2339 4602 2457 4655 qua:
2486 4587 2630 4642 dicta
2665 4596 2788 4642 sunt
2812 4629 2827 4653 ,
2872 4590 3339 4660 compunctionem
3377 4596 3560 4653 cordis

1988 4676 2254 4757 accipere,
2278 4692 2378 4731 nec
2398 4666 2661 4746 prolicere
2689 4679 2755 4733 ad
2776 4677 2955 4742 ﬁdem,
2975 4696 3076 4737 nec
3096 4681 3163 4737 ad
3189 4682 3438 4738 timorem
3459 4686 3571 4742 Dei.

1987 4767 2202 4821 incitari
2234 4786 2245 4819 :
2285 4782 2425 4837 saepe
2455 4777 2635 4825 autem
2664 4771 2810 4828 viros
2839 4787 2946 4827 non
2977 4789 3184 4847 magna:
3213 4774 3553 4845 eloquentiae,

1988 4874 2089 4915 nec
2117 4861 2489 4929 compositioni
2520 4863 2788 4918 sermonis
2815 4864 3111 4929 studentes,
3142 4866 3323 4921 verbis
3348 4866 3555 4937 simpli-

1986 4949 2137 5006 cibus
2176 4958 2229 5005 et
2267 4951 2639 5021 incompositis
2663 4951 2860 5009 multos
2886 4952 3181 5009 inﬁdelium
3213 4964 3550 5014 convertere.

1985 5039 2225 5109 Denique
2253 5040 2510 5109 scriptum
2537 5051 2621 5095 est
2648 5041 2772 5111 quia
2801 5050 2855 5097 et
2878 5038 3078 5112 Joseph
3104 5044 3297 5100 invenit
3325 5050 3554 5119 gratiam

1984 5132 2038 5185 in
2085 5141 2357 5203 conspectu
2405 5126 2656 5202 principis
2705 5133 2949 5196 carceris,
3001 5141 3058 5188 et
3099 5132 3300 5192 Esther
3345 5138 3553 5195 invenit

1984 5222 2211 5291 gratiam
2243 5222 2384 5290 apud
2412 5236 2615 5291 regem.
2656 5220 2971 5289 Reperimus
3002 5233 3181 5281 autem
3207 5242 3309 5283 nos
3333 5230 3390 5285 in
3415 5247 3551 5302 quo.

1982 5311 2106 5364 dam
2134 5311 2423 5365 secretiore
2456 5308 2634 5363 libello
2665 5308 3089 5380 Scripturarum,
3116 5318 3273 5385 quasi
3297 5319 3575 5388 angelum.

1980 5400 2263 5469 quemdam
2294 5399 2515 5470 gratiae,
2564 5399 2656 5470 qui
2697 5401 2858 5455 etiam
2895 5403 3213 5460 vocabulum
3259 5420 3323 5467 es
3373 5412 3549 5477 gratia

1982 5491 2261 5545 traheret?
2301 5489 2539 5546 Anachel
2566 5492 2707 5547 enim
2737 5490 2956 5560 dicitur,
2989 5494 3132 5563 quod
3161 5494 3551 5566 interpretatur

1981 5582 2153 5652 gratia
2182 5582 2294 5636 Dei.
2351 5580 2463 5637 Hoc
2506 5597 2635 5654 ergo
2679 5582 2957 5653 Scriptura
3000 5584 3092 5639 illa
3132 5588 3371 5644 continet
3399 5592 3547 5657 quod

1982 5671 2179 5725 missus
2208 5679 2350 5726 esset
2378 5687 2408 5725 a
2433 5672 2659 5729 Domino
2686 5672 2789 5727 iste
2815 5670 3034 5743 angelus
3062 5671 3132 5727 ad
3155 5673 3369 5735 Esther,
3398 5684 3459 5731 ut
3487 5680 3542 5735 ei
