3974 6202
1757 289 2022 346 εευνυιιι
2063 291 2254 347 SCOTl

3487 308 3588 362 ΗΞ

351 397 574 462 gratiam
599 398 750 452 daret
776 399 915 468 apud
944 415 1145 470 regem.
1176 401 1472 454 Videamus
1505 402 1632 470 quid
1655 407 1746 455 est
1775 390 1917 470 quod
1945 405 1997 462 Α
2022 404 2254 457 studium
2284 420 2411 474 erga
2436 407 2752 474 sapientiam
2784 411 2874 465 Dei
2898 420 2952 466 et
2979 413 3276 470 doctrinam
3316 417 3468 472 verbi
3493 420 3589 472 ad-

351 500 447 553 per
492 487 720 557 gratiam
772 503 892 558 qua:
939 490 1063 542 data
1113 498 1199 544 est
1246 490 1349 543 sibi
1398 490 1682 559 Apostolus
1732 491 1909 545 dicit:

352 576 602 632 Omnibus
629 580 717 648 qui
741 588 859 632 sunt
890 579 1025 632 inter
1051 596 1160 645 vos,
1191 596 1292 632 non
1318 579 1459 650 plus,
1492 581 1684 650 inquit,
1713 598 1912 650 sapere,

349 685 504 738 quant
529 679 722 738 oportet
750 685 958 740 sapere,
999 670 1090 723 sed
1124 687 1304 740 sapere
1332 671 1400 725 ad
1429 671 1777 747 sobrietatem.
1821 671 1913 724 Vi-

349 758 504 812 detur
544 758 719 813 adhuc
755 758 820 812 ad
861 760 1231 828 superbientes
1275 775 1452 815 ramos
1477 760 1719 826 oleastri,
1748 769 1801 814 et
1829 761 1915 814 in-

347 849 612 903 saltantes
632 849 797 903 ramis
820 848 912 918 qui
935 851 1001 903 de
1019 850 1159 903 bona
1179 849 1319 904 oliva
1339 850 1564 905 detracti
1586 858 1730 915 sunt,
1751 850 1914 904 etiam

347 939 490 993 hunc
515 946 700 1008 aptare
727 953 1028 994 sermonem
1051 981 1065 1008 ,
1105 949 1160 995 et
1196 940 1377 997 dicere
1404 941 1483 995 eis
1508 956 1522 994 :
1567 940 1681 995 Non
1722 941 1916 996 debere

345 1031 482 1102 plus,
516 1032 620 1085 hoc
645 1039 745 1096 est,
779 1033 1009 1101 superbe
1039 1048 1249 1102 sapere.
1297 1033 1412 1103 Ego
1437 1042 1617 1086 autem
1644 1032 1764 1086 dico
1789 1033 1915 1101 quia

345 1127 401 1173 et
438 1120 680 1174 haeretici
727 1120 847 1190 plus
889 1121 1103 1190 sapiunt
1145 1122 1212 1176 de
1244 1120 1461 1176 Christo
1504 1136 1666 1191 quam
1703 1128 1917 1190 oportet

345 1226 552 1280 sapere,
582 1212 673 1280 qui
701 1220 900 1282 negant
926 1227 1049 1266 eum
1077 1212 1132 1266 in
1161 1227 1322 1266 carne
1349 1213 1587 1279 venisse,
1633 1220 1688 1267 et
1727 1219 1914 1266 natum

344 1316 465 1357 esse
502 1317 569 1357 ex
597 1303 816 1373 Virgine
839 1343 854 1369 ,
903 1303 996 1357 sed
1034 1303 1256 1359 cmleste
1293 1305 1343 1359 ei
1382 1318 1577 1373 corpus
1613 1304 1909 1373 assignant.

344 1391 470 1447 Plus
493 1392 602 1446 vult
628 1408 816 1463 sapere
837 1393 929 1463 qui
954 1393 1044 1448 illa
1065 1402 1341 1449 scrutatur
1362 1411 1480 1464 qua:
1506 1395 1592 1449 lex
1614 1410 1723 1449 non
1750 1395 1910 1460 dicit;

345 1488 485 1543 unde
527 1496 581 1541 et
629 1487 885 1544 Salomon
925 1489 1002 1543 ait
1038 1506 1052 1542 :
1099 1488 1307 1543 Altiora
1349 1497 1397 1543 te
1437 1506 1499 1542 ne
1536 1489 1815 1554 scruteris,
1863 1497 1915 1543 et

343 1580 547 1648 majora
582 1589 630 1633 te
659 1597 721 1633 ne
746 1580 1051 1650 quaesieris,
1090 1579 1181 1633 sed
1219 1597 1335 1652 quae
1373 1580 1615 1650 praecepit
1648 1581 1741 1634 tibi
1771 1579 1913 1635 Deus

340 1666 434 1720 illa
483 1669 652 1738 cogita
695 1683 896 1738 semper
924 1667 1096 1741 (Eccl.
1124 1668 1256 1734 111).,
1290 1667 1491 1739 Aperte
1533 1670 1769 1724 ostendit
1808 1671 1914 1726 hoc

2019 492 2185 556 hibet,
2224 501 2276 546 et
2305 495 2360 547 in
2388 495 2734 552 meditatione
2781 500 2913 568 legis
2957 502 3152 558 divina:
3194 505 3280 559 die
3329 521 3393 560 ac
3434 518 3592 563 nocte

2015 583 2274 646 persistit,
2303 591 2357 638 et
2389 595 2471 638 est
2505 588 2683 656 magni
2734 588 2890 656 hujus
2929 593 3170 661 corporis
3212 595 3429 661 oculus;
3455 597 3592 653 alius

2016 685 2142 740 erga
2175 673 2530 728 ministerium
2567 675 2794 730 fratrum
2821 688 2875 733 et
2904 681 3256 751 indigentium
3302 701 3487 740 curam
3535 696 3591 740 et

2013 772 2098 817 est
2127 766 2296 819 sancti
2329 769 2568 836 corporis
2609 771 2725 841 ejus
2760 788 2981 840 manus;
3011 774 3146 830 alius
3189 777 3460 833 studiosus
3497 796 3594 834 au-

2012 851 2158 905 ditor
2179 861 2260 907 est
2282 855 2451 921 verbi,
2483 866 2537 911 et
2565 860 2710 913 auris
2733 870 2815 915 est
2851 864 3120 931 corporis:
3151 865 3286 920 alius
3315 867 3382 920 ad
3411 869 3597 923 viden-

2015 942 2111 996 dos
2137 943 2518 1001 decumbentes
2547 957 2600 1002 et
2630 951 2981 1018 requirendos
3013 953 3352 1022 tribulantes,
3399 966 3453 1011 et
3497 974 3594 1028 po-

2013 1031 2148 1086 sitos
2171 1033 2225 1086 in
2249 1037 2658 1092 necessitatibus
2687 1043 2954 1096 eruendos
2977 1050 3060 1096 est
3085 1043 3331 1114 impiger,
3375 1046 3465 1114 qui
3497 1061 3598 1116 pes

2013 1123 2130 1176 sine
2159 1124 2318 1179 dubio
2357 1127 2709 1183 ecclesiastici
2762 1131 3062 1202 appellatur
3108 1135 3470 1203 corporiszet
3518 1137 3595 1189 ita

2014 1213 2255 1270 invenies
2286 1233 2719 1288 unumquemque
2740 1223 3059 1290 propensius
3105 1240 3230 1295 erga
3279 1241 3441 1280 unum
3490 1226 3595 1280 ali-

2014 1305 2156 1372 quod
2177 1305 2408 1361 oﬁicium
2430 1318 2482 1361 et
2499 1311 2782 1378 specialius
2810 1327 3028 1381 operam
3059 1314 3209 1381 dare,
3239 1325 3434 1371 cretera
3461 1332 3596 1373 vero

2015 1397 2292 1464 sequentia
2316 1398 2532 1453 habere.
2561 1400 2837 1466 Quomodo
2877 1413 3056 1460 autem
3107 1422 3305 1477 corpus
3352 1409 3491 1464 istud
3538 1413 3594 1466 in

2013 1481 2228 1540 Christo
2254 1486 2342 1549 sit,
2373 1486 2426 1541 id
2451 1496 2550 1552 est,
2582 1489 2636 1542 in
2666 1491 2912 1556 veritate,
2955 1502 3009 1548 et
3049 1497 3335 1565 sapientia,
3383 1506 3436 1552 et
3471 1498 3591 1567 jus-

2016 1575 2154 1641 titia,
2177 1586 2232 1631 et
2250 1578 2698 1646 sanctiﬁcatione,
2716 1597 2835 1651 quae
2857 1585 3038 1638 omnia
3055 1584 3302 1641 Christus
3325 1600 3427 1653 est,
3447 1605 3590 1659 saepe

2007 1663 2121 1734 jam
2168 1665 2420 1721 diximus.
2474 1667 2736 1724 Habentes
2779 1682 2953 1726 autem
2989 1674 3295 1731 donationes
3337 1678 3590 1734 diversas.

339 1772 440 1816 nos
468 1759 662 1814 debere
691 1774 902 1829 sapere,
925 1762 1069 1829 quod
1091 1758 1316 1828 iustitiae
1345 1761 1604 1816 terminos
1631 1777 1736 1815 non
1763 1776 1916 1832 egre.
1939 1743 1990 1803 Β
2017 1752 2148 1808 Cum
2176 1755 2401 1811 dixisset
2431 1758 2668 1829 singulos
2699 1776 2939 1831 quosque
2966 1766 3298 1822 credentium
3349 1772 3592 1826 membra

341 1847 541 1913 diatur,
571 1849 663 1902 sed
690 1865 906 1919 sapere,
947 1849 1153 1919 inquit,
1190 1849 1258 1903 ad
1287 1849 1652 1915 sobrietatem,
1683 1852 1827 1922 quod
1859 1853 1912 1906 in

340 1936 527 1992 Graeco
555 1938 750 1994 dicitur
780 1942 1088 2014 σωφροσύνη
1106 1981 1120 2006 ,
1149 1941 1204 1995 in
1233 1943 1432 1996 nostris
1460 1941 1766 2002 codicibus.
1811 1944 1914 1999 hoc

343 2034 456 2093 est,
488 2025 546 2080 in
580 2025 878 2098 Scripturis
909 2029 1124 2095 divinis,
1161 2031 1424 2085 sobrietas
1452 2046 1482 2084 a
1513 2030 1804 2100 majoribus
1833 2033 1914 2087 in-

342 2123 697 2186 terpretatum
726 2127 809 2172 est
836 2133 848 2170 :
890 2120 958 2174 ab
997 2119 1118 2174 aliis
1151 2128 1332 2175 tamen
1361 2121 1591 2176 eruditis
1618 2123 1750 2177 viris
1778 2131 1914 2177 tem-

339 2206 580 2275 perantia
601 2209 843 2277 ponitur.
880 2207 1082 2278 Sapere
1106 2225 1234 2281 ergo
1260 2211 1328 2266 ad
1353 2213 1783 2281 temperantiam,
1810 2215 1914 2271 hoc

338 2304 456 2362 est,
496 2303 558 2350 ut
595 2297 650 2352 in
678 2300 952 2366 omnibus,
984 2301 1067 2356 vel
1097 2318 1216 2372 qua:
1244 2303 1474 2374 agimus,
1507 2304 1593 2358 vel
1622 2304 1908 2374 loquimur,

337 2385 422 2440 vel
452 2387 735 2453 sentimus,
769 2392 1180 2458 temperantiam
1210 2401 1508 2448 teneamus.
1542 2395 1610 2449 Et
1637 2397 1913 2468 unicuique

336 2478 470 2531 sicut
500 2477 639 2533 Deus
679 2480 856 2535 divisit
892 2499 1190 2536 mensuram
1227 2485 1372 2552 ﬁdei.
1422 2485 1729 2541 Mensarum
1753 2488 1910 2557 ﬁdei,

338 2565 598 2621 virtutum
625 2568 970 2640 intelligenda
997 2578 1081 2625 est
1111 2573 1304 2642 gratia,
1333 2587 1495 2641 quam
1522 2590 1627 2628 non
1653 2576 1757 2629 nisi
1784 2575 1914 2632 ﬁde-

335 2652 416 2709 les
453 2656 743 2724 accipiunt.
801 2656 950 2711 Sicut
999 2659 1172 2713 divisit
1220 2659 1360 2715 Deus
1407 2679 1702 2717 mensuram
1751 2665 1908 2733 ﬁdei,

337 2742 443 2798 hoc
470 2753 572 2809 est,
603 2755 662 2799 ut
689 2746 823 2800 sciat
848 2749 1214 2818 unusquisque
1242 2757 1295 2804 et
1326 2751 1587 2822 intelligat
1615 2769 1736 2822 qua:
1762 2754 1818 2808 in
1845 2771 1910 2810 eo

335 2831 406 2885 sit
434 2847 686 2888 mensura
716 2836 902 2906 gratiae
934 2836 1063 2900 Dei,
1100 2853 1261 2907 quam
1293 2842 1548 2910 consequi
1587 2843 1784 2896 meruit
1813 2860 1911 2912 per

334 2921 514 2976 ﬁdem.
564 2923 838 2978 Interdum
871 2925 1014 2979 enim
1047 2927 1257 2996 accepit
1286 2929 1406 3002 quis
1443 2946 1473 2983 a
1509 2930 1617 2984 Deo
1651 2940 1709 2984 ut
1737 2933 1910 3002 sapiat

334 3007 390 3062 in
418 3025 582 3080 opere
608 3012 912 3078 charitatis,
947 3024 1036 3067 aut
1069 3024 1126 3068 ut
1153 3018 1326 3086 sapiat
1353 3019 1406 3072 in
1433 3018 1607 3075 ofﬁcio
1631 3022 1903 3090 visitandi,

337 3106 430 3152 aut
457 3113 584 3169 erga
615 3100 898 3155 viduarum
934 3111 988 3157 et
1018 3106 1348 3173 pupillorum
1382 3109 1747 3166 defensionem
1767 3154 1781 3178 ,
1815 3125 1907 3169 aut

331 3200 462 3259 erga
489 3189 871 3258 hospitalitatis
899 3192 1315 3250 sollicitudinem
1342 3215 1355 3250 :
1401 3199 1516 3252 haec
1542 3215 1671 3270 ergo
1699 3202 1908 3272 singula

334 3277 517 3333 divisit
546 3279 834 3350 unicuique
873 3282 1015 3336 Deus
1055 3287 1344 3340 secundum
1390 3302 1701 3344 mensuram
1743 3293 1903 3346 ﬁdei:

333 3367 428 3424 sed
457 3370 504 3424 si
542 3371 588 3425 is
624 3372 716 3440 qui
757 3373 952 3441 accipit
979 3377 1209 3444 gratiam
1237 3385 1296 3431 nt
1324 3376 1499 3434 denuo
1527 3379 1686 3436 alicui
1715 3383 1907 3438 horum

333 3473 523 3528 sapere
550 3461 698 3526 velit,
733 3469 786 3516 et
815 3478 924 3517 non
951 3464 1218 3534 intelligat
1246 3483 1556 3523 mensuram
1587 3473 1772 3541 gratia:
1802 3474 1906 3530 sibi

296 3539 502 3615 'datte,
548 3552 641 3607 sed
682 3553 812 3608 velit
853 3570 1042 3624 sapere
1071 3559 1136 3612 de
1173 3561 1435 3629 sapientia
1474 3539 1610 3630 Dei,
1647 3565 1712 3620 de
1741 3568 1905 3623 verbo

329 3643 619 3708 doctrinm,
657 3644 724 3699 de
757 3645 1120 3714 profundioris
1146 3649 1384 3706 scientiae
1415 3654 1625 3709 ratione
1645 3697 1660 3722 ,
1705 3657 1758 3711 in
1799 3674 1906 3728 quo

330 3733 557 3802 gratiam
593 3750 697 3789 non
728 3737 966 3807 accepit,
997 3747 1052 3794 et
1078 3757 1184 3795 non
1218 3749 1327 3796 tam
1351 3743 1560 3800 discere
1585 3747 1714 3803 velit
1740 3765 1904 3819 quam

330 3821 522 3877 docere
551 3839 669 3892 qua:
697 3828 898 3892 nescit,
929 3828 1033 3884 iste
1068 3845 1190 3885 cum
1219 3833 1400 3890 minus
1427 3837 1619 3908 sapiat,
1648 3839 1767 3908 plus
1792 3843 1905 3896 vult

330 3923 522 3978 sapere
549 3927 708 3980 quant
738 3924 986 3984 oportet:
1023 3936 1128 3975 non
1157 3924 1302 3977 enim
1335 3927 1477 3995 sapit
1503 3929 1571 3984 ad
1603 3939 1906 4001 temperan-

328 3999 483 4067 tiam,
502 4010 560 4056 nt
575 4005 846 4060 custodiat
865 4009 1156 4078 unicuique
1175 4014 1314 4067 sicut
1327 4016 1469 4071 Deus
1489 4019 1671 4076 divisit
1692 3999 1903 4080 mensu-

326 4105 444 4144 ram
471 4091 613 4147 ﬁdei.
647 4095 867 4160 Verum,
887 4103 948 4149 ut
967 4098 1270 4156 evidentius
1292 4105 1470 4160 adhuc
1494 4108 1560 4162 de
1590 4111 1655 4165 iis
1679 4111 1904 4181 Aposto-

327 4182 412 4236 lus
441 4185 775 4255 assignaret,
813 4185 1104 4244 introducit
1129 4194 1466 4264 exemplum,
1497 4197 1718 4257 dicens:
1753 4203 1902 4261 Sicut

233 4304 238 4311 ι
325 4271 462 4325 enim
484 4273 538 4325 in
559 4289 662 4327 uno
683 4291 895 4347 corpore
915 4278 1079 4334 multa
1101 4284 1329 4339 membra
1351 4285 1616 4346 habemus.
1640 4290 1744 4349 Per
1761 4313 1903 4352 com-

327 4360 662 4428 parationem
690 4367 935 4434 corporis
960 4384 1054 4425 eos
1086 4371 1152 4425 ad
1182 4376 1527 4433 concordiam
1556 4383 1893 4454 cohortatur,

328 4464 398 4506 ne
423 4449 509 4506 vel
535 4452 660 4508 hinc
690 4467 1026 4525 moveantur,
1069 4462 1194 4530 quia
1222 4461 1362 4518 dona
1388 4469 1633 4540 accipere
1661 4449 1892 4544 diversa,

324 4551 381 4596 et
405 4544 584 4598 omnia
615 4546 814 4602 habere
841 4551 1035 4621 singuli
1063 4568 1172 4608 non
1208 4564 1457 4626 poterant
1482 4603 1498 4628 ,
1543 4580 1610 4620 ne
1634 4571 1899 4638 superbi-

328 4643 447 4687 rent
476 4633 672 4690 nullius
697 4645 938 4706 egentes,
976 4657 1074 4698 nec
1099 4659 1286 4704 omnes
1312 4649 1499 4708 eadem
1515 4694 1531 4720 ,
1571 4665 1629 4712 ut
1657 4633 1898 4731 corporis

325 4720 524 4778 Christi
554 4725 709 4781 nobis
743 4727 1041 4808 similitudo
1071 4734 1489 4797 demonstretur.
1537 4720 1773 4804 Membra
1803 4771 1900 4806 au-

324 4821 425 4867 tem
471 4817 647 4871 omnia
696 4833 796 4872 non
845 4821 1080 4876 eumdem
1123 4836 1294 4882 actum
1333 4831 1540 4888 habent.
1592 4836 1708 4892 Non
1753 4843 1898 4898 enim

323 4911 500 4971 potest
529 4906 718 4962 oculus
747 4909 960 4976 audire,
999 4928 1098 4969 nec
1126 4917 1272 4973 auris
1298 4920 1501 4988 videre,
1527 4933 1634 4980 etc.
1675 4927 1761 4982 Sic
1788 4933 1898 4986 sin-

321 4991 433 5060 guli
461 4995 595 5049 alter
617 4996 833 5053 alterius
859 5002 1123 5056 membra.‘
1151 5004 1222 5062 Ut
1245 5013 1547 5076 praestando
1577 5015 1896 5075 alterutrum

322 5083 463 5148 quod
486 5082 764 5154 habemus,
786 5091 956 5162 magis
978 5108 1040 5148 ac
1064 5096 1236 5166 magis
1258 5098 1498 5156 charitas
1523 5106 1891 5176 conﬁrmetur,
1945 5125 1947 5127 ‘

320 5168 720 5229 ordinatissime
745 5191 843 5244 per
866 5181 979 5236 inec
1010 5199 1335 5256 componens
1366 5204 1525 5248 omne
1559 5211 1751 5266 corpus
1794 5201 1894 5256 Ee-

314 5257 532 5317 desize:
568 5270 627 5318 ut
673 5265 811 5320 sicut
847 5275 1093 5340 proprios
1144 5287 1295 5335 actus
1343 5282 1560 5350 habent,
1609 5257 1668 5343 et
1706 5291 1894 5350 oﬁiciis

319 5350 433 5404 suis
468 5354 882 5424 unumquodque
916 5360 1169 5429 deservit,
1198 5383 1297 5425 nec
1327 5379 1505 5426 tamen
1534 5377 1787 5444 possibile
1808 5391 1893 5437 est

317 5445 379 5493 ut
395 5453 502 5494 non
529 5457 790 5500 consensu
816 5456 1002 5502 mutuo
1033 5450 1134 5505 sibi
1166 5453 1391 5534 invicem
1415 5464 1636 5531 cedant;
1685 5467 1779 5535 ita,
1811 5471 1892 5526 in-

317 5527 454 5597 quit,
478 5531 610 5614 etin
633 5533 894 5604 Ecclesia,
924 5552 1043 5608 quae
1063 5550 1153 5596 est
1176 5527 1368 5617 corpus
1398 5527 1631 5620 Christi,
1650 5527 1892 5618 diversos

318 5618 512 5690 singuli
558 5621 816 5683 habemus
855 5640 1039 5700 actus,
1086 5633 1234 5692 verbi
1294 5644 1464 5708 gratia
1492 5665 1503 5698 :
1531 5618 1667 5705 alius
1727 5669 1887 5712 omne

2012 1859 2135 1900 esse
2160 1847 2318 1902 unius
2343 1851 2590 1919 corporis
2615 1851 2836 1918 Christi,
2863 1871 3006 1912 nunc
3056 1861 3211 1927 quasi
3258 1860 3594 1918 diversorum

2013 1935 2379 1991 membrorum
2411 1940 2775 1996 diversitatem
2805 1945 2982 2014 aperis
3015 1958 3312 2016 enumerat,
3349 1961 3402 2004 et
3447 1956 3598 2009 verbi

2011 2039 2197 2092 causa,
2230 2028 2376 2082 velut
2405 2030 2703 2096 oculorum,
2737 2033 2809 2087 ita
2846 2036 3032 2101 menti,
3082 2052 3201 2106 qua:
3248 2049 3334 2094 est
3369 2041 3599 2096 interior

2011 2115 2217 2180 oculus,
2251 2118 2546 2187 prophetiae
2579 2121 2819 2191 assignat
2847 2123 3100 2190 ollicium,
3121 2135 3174 2181 et
3215 2129 3305 2183 alii
3335 2139 3596 2201 tanquam

1996 2205 2195 2259 ‘manui
2224 2207 2581 2264 ministerium
2605 2213 2847 2279 ascribit,
2883 2222 2935 2268 et
2978 2215 3067 2270 alii
3110 2225 3360 2288 tanquam
3399 2221 3599 2292 linguae

2012 2299 2309 2353 doctrinam
2333 2301 2535 2368 tribuit,
2566 2303 2812 2360 similiter
2841 2307 3003 2361 etiam
3043 2318 3234 2363 caztera
3287 2313 3593 2368 secundum

2011 2390 2272 2445 rationem
2302 2408 2568 2448 mensurae
2595 2390 2923 2451 ﬁdei£Nunc
2942 2408 3121 2452 autem
3155 2399 3244 2454 illa
3293 2400 3465 2457 ollicia
3496 2404 3594 2457 de-

2011 2488 2194 2550 putata
2231 2483 2486 2538 membris
2523 2485 2715 2539 merito
2749 2485 2869 2540 ﬁdei
2901 2497 3200 2555 enumerat,
3233 2498 3291 2543 ut
3321 2492 3462 2560 quod
3510 2495 3594 2548 vi—

2012 2570 2150 2624 derit
2176 2573 2560 2637 membrorum,
2593 2575 2735 2643 quod
2763 2565 2866 2630 sibi
2884 2577 3194 2646 deputatum
3219 2580 3450 2636 cilicium
3485 2593 3589 2647 εει,

2010 2674 2114 2713 non
2144 2669 2447 2730 perstrepat
2481 2663 2655 2728 alteri,
2688 2665 2773 2719 cui
2809 2667 2952 2721 videt
2994 2668 3138 2722 aliud
3165 2672 3443 2736 traditum,
3495 2677 3594 2730 sed

2011 2749 2343 2817 congaudent
2371 2760 2430 2804 ut
2450 2768 2646 2822 corpus
2697 2755 2951 2811 Ecclesia:
2995 2758 3064 2812 sit
3105 2760 3420 2829 perfectum.
3473 2763 3595 2819 Sive

2007 2843 2327 2909 prophetiam
2353 2846 2635 2899 secundum
2667 2851 2919 2904 rationem
2941 2852 3084 2920 ﬁdei.
3110 2854 3155 2907 A
3181 2859 3460 2926 prophetia
3508 2859 3596 2913 in-

2007 2932 2156 3000 cipit,
2186 2949 2303 3002 quae
2323 2938 2497 3006 prima
2522 2942 2770 3008 probatio
2785 2953 2884 3009 est,
2904 2949 3272 3004 rationabilem
3288 2967 3405 3007 esse
3430 2954 3592 3009 ﬁdem

2010 3034 2275 3089 nostram;
2326 3026 2554 3096 denique
2605 3033 2887 3089 credentes
2945 3047 3166 3106 accepto
3221 3042 3411 3111 spiritu
3467 3059 3596 3113 pro—

1934 3092 1981 3154 Ο
2010 3113 2303 3182 phetabant
2328 3130 2427 3184 pro
2457 3092 2616 3174 modo
2637 3123 2916 3190 capientis,
2958 3127 3059 3182 hoc
3073 3092 3193 3194 “est,
3219 3092 3380 3187 clausa
3415 3092 3594 3202 quran-

2011 3209 2127 3257 tum
2154 3205 2318 3275 exigit
2360 3218 2580 3278 propter
2623 3227 2782 3280 quam
2833 3216 3008 3271 datur.
3057 3219 3343 3290 Prophetia
3397 3225 3597 3279 intelli-

2009 3297 2178 3367 genda
2206 3307 2306 3362 est,
2340 3314 2499 3368 quam
2526 3303 2682 3359 docet
2702 3305 2921 3374 Paulus,
2951 3326 3058 3365 non
3085 3313 3172 3366 illa
3197 3329 3294 3383 per
3329 3331 3490 3384 quam
3517 3318 3598 3371 di-

2008 3387 2167 3453 citur,
2195 3387 2319 3444 Haec
2342 3391 2763 3452 dicitDominns.
2798 3397 2914 3454 Sive
2951 3403 3292 3458 ministerium
3333 3408 3387 3461 in
3431 3411 3594 3462 mini-

2007 3477 2244 3542 strando,
2270 3478 2374 3534 hoc
2407 3490 2509 3548 est,
2540 3485 2896 3542 ministerium
2940 3495 3291 3560 sacerdotale,
3342 3499 3426 3552 vel
3477 3500 3597 3552 dia-

2008 3577 2231 3624 conatus
2259 3569 2417 3625 cilicii
2447 3575 2791 3632 ministratio.
2816 3578 3109 3638 Possumus
3149 3585 3264 3639 haze
3305 3589 3485 3641 omnia
3523 3590 3598 3645 ad

2005 3659 2151 3714 illam
2188 3662 2427 3733 regulam
2451 3680 2726 3734 revocare,
2754 3685 2872 3740 qua:
2899 3675 3150 3742 superius
3177 3685 3261 3731 εει
3282 3678 3449 3746 dicta,
3489 3683 3598 3738 hoc

2005 3757 2106 3816 est,
2138 3766 2242 3804 non
2269 3751 2385 3821 plus
2409 3770 2590 3825 sapere
2633 3776 2788 3829 quam
2837 3772 3032 3832 oportet
3082 3782 3284 3836 sapere,
3337 3779 3393 3823 ut
3438 3775 3596 3828 verbi

2005 3856 2168 3896 causa
2192 3843 2435 3900 dicamus
2460 3864 2472 3900 :
2497 3863 2604 3902 non
2629 3849 2823 3906 debere
2847 3869 2970 3908 eum
2994 3857 3084 3925 qui
3118 3859 3388 3916 ministrat
3414 3863 3468 3916 in
3493 3867 3598 3918 mi—

2005 3934 2284 3990 nistrando
2313 3937 2434 4007 plus
2486 3955 2672 4009 sapere
2698 3958 2858 4011 quam
2901 3956 3112 4016 oportet
3162 3963 3381 4020 sapere;
3413 3962 3468 4008 et
3493 3957 3591 4024 qni

2005 4022 2183 4091 docet,
2215 4026 2269 4078 in
2290 4028 2532 4083 doctrina
2556 4047 2658 4086 non
2685 4033 2804 4102 plus
2831 4051 3018 4106 sapere
3044 4053 3208 4108 quam
3248 4050 3454 4112 oportet
3500 4022 3593 4098 sa-

2003 4128 2133 4183 pere
2158 4133 2170 4168 :
2196 4116 2350 4174 multi
2379 4120 2520 4172 enim
2545 4131 2765 4191 accepto
2787 4126 3086 4185 ministerio
3115 4131 3199 4186 vel
3237 4141 3453 4203 accepta
3489 4135 3591 4189 do-

2003 4202 2175 4256 ctrina
2196 4203 2317 4272 plus
2343 4217 2634 4274 sapuerunt
2658 4224 2820 4278 quam
2842 4217 3078 4282 oportuit
3125 4233 3331 4289 sapere,
3365 4202 3420 4276 et
3455 4222 3588 4280 elati

2005 4291 2061 4346 in
2088 4296 2472 4364 arrogantiam,
2511 4298 2596 4352 vel
2623 4300 2677 4354 in
2731 4302 2951 4360 delicias
3001 4308 3223 4364 resoluti
3278 4314 3590 4384 praecipites

2004 4396 2343 4440 corruerunt.
2373 4386 2489 4442 Sive
2521 4390 2610 4460 qui
2637 4391 2805 4458 docet,
2837 4396 2889 4449 in
2924 4397 3200 4454 doctrina?
3222 4401 3480 4458 Similiter
3504 4406 3590 4460 di-

1999 4476 2139 4531 citur
2187 4477 2427 4547 adjuvari
2477 4481 2752 4538 doctorem
2779 4486 2830 4538 in
2858 4487 3120 4555 doctrina,
3147 4499 3205 4546 ut
3234 4493 3287 4548 in
3319 4505 3584 4564 quantum

1999 4565 2132 4622 ﬁdes
2168 4568 2284 4638 ejus
2308 4578 2392 4624 est
2417 4571 2484 4624 ad
2512 4572 2828 4640 docendum,
2859 4578 2912 4631 in
2936 4587 3141 4634 tantum
3173 4582 3467 4652 inspiretur
3513 4592 3587 4644 ad

2000 4658 2312 4713 tradendam
2342 4661 2640 4718 doctrinam
2668 4665 2960 4722 caelestem.
2995 4670 3115 4725 Sive
3138 4675 3227 4743 qui
3273 4676 3587 4732 exhortatur

1999 4748 2054 4800 in
2075 4749 2418 4805 exhortando.
2446 4753 2545 4820 Qui
2574 4754 2733 4810 docet
2769 4757 2942 4826 major
2970 4771 3055 4816 est
3089 4777 3154 4818 co
3182 4768 3271 4834 qui
3329 4769 3586 4824 exhorta-

2000 4847 2088 4892 tur
2116 4858 2127 4892 :
2158 4841 2429 4896 exhortari
2451 4845 2593 4898 enim
2621 4857 2846 4916 possunt
2885 4852 3047 4907 etiam
3080 4855 3259 4916 minus
3288 4860 3463 4929 periti,
3506 4861 3587 4915 la-

2003 4930 2164 4984 cessit
2216 4933 2360 4985 enim
2401 4932 2597 4990 fratres
2646 4937 2713 4991 ad
2765 4938 2964 4995 bonum
3013 4955 3106 4999 aut
3164 4948 3469 5007 incredulos
3507 4955 3581 5009 ad

2001 5021 2179 5076 ﬁdem.
2207 5023 2308 5087 Qui
2329 5025 2505 5077 tribuit
2527 5028 2581 5078 in
2605 5028 2955 5099 simplicitate.
2991 5035 3091 5101 Qui
3116 5039 3300 5093 tribuit
3340 5042 3584 5112 indigen-

2003 5111 2144 5166 tibus
2169 5122 2224 5166 et
2255 5122 2489 5182 praestat,
2514 5127 2747 5184 oportet,
2775 5121 2968 5191 inquit,
3022 5135 3079 5178 nt
3126 5127 3180 5180 in
3231 5111 3584 5197 simplicitate

2000 5202 2177 5256 cordis
2201 5203 2302 5256 hoc
2333 5201 2511 5268 faciat,
2537 5205 2638 5260 hoc
2663 5217 2768 5274 est,
2799 5226 2867 5266 ne
2896 5214 3141 5268 videatur
3169 5217 3382 5284 quidem
3410 5219 3581 5276 bene»

2001 5291 2178 5346 facere
2226 5293 2606 5363 indigentibus,
2643 5301 2806 5355 corde
2839 5317 2966 5358 vero
3004 5304 3212 5362 laudem
3253 5321 3458 5378 quaerat
3503 5314 3578 5368 ab

1998 5382 2322 5437 hominibus.
2353 5383 2469 5438 Non
2495 5401 2623 5459 ergo
2653 5391 2968 5459 simplicitas
3006 5407 3109 5462 est,
3139 5399 3184 5452 si
3213 5399 3353 5454 aliud
3383 5405 3467 5472 agi
3495 5405 3577 5458 vi—

1998 5472 2188 5528 deatur
2219 5475 2276 5529 in
2305 5479 2574 5545 manibus,
2605 5491 2660 5536 et
2682 5483 2826 5539 aliud
2853 5497 3129 5554 quaeratur
3158 5491 3210 5544 in
3239 5495 3420 5548 corde.
3465 5493 3574 5560 Qui

1995 5577 2177 5633 praeest
2199 5568 2253 5620 in
2281 5568 2652 5628 sollicitudine.
2706 5575 2805 5642 Qui
2847 5590 3042 5646 praeest
3094 5583 3148 5636 in
3199 5585 3434 5640 Ecclesia
3486 5589 3573 5650 vel

1994 5654 2268 5724 fratribus,
2286 5660 2451 5716 .debet
2480 5679 2600 5719 esse
2644 5665 2921 5734 sollicitus,
2965 5686 3071 5725 non
3101 5673 3166 5727 de
3201 5676 3569 5746 saecularibus,
