3974 6202
341 357 433 413 115

1455 349 1783 404 COLLECT.
1827 347 1892 402 IN
1934 347 2150 402 EPIST.
2193 347 2288 402 AD‘
2320 349 2484 406 RO’M’.

3479 351 3578 405 ιιι

332 469 417 523 sed
449 465 515 520 de
551 461 809 518 Ecclesiae
860 457 1266 515 necessitatibus
1293 475 1306 512 :
1330 456 1421 527 qui
1464 458 1717 514 Ecclesia:
1769 473 1905 528 prae-
1931 464 1982 522 Α
2006 464 2213 512 exterae
2233 466 2495 513 creatura:
2520 457 2688 512 Deum
2716 458 3033 514 benedicere
3055 459 3313 530 iubentur
3336 480 3348 516 :
3373 463 3465 517 sed
3489 463 3579 517 Dei

329 566 466 621 sunt,
496 554 761 623 recipiant
783 551 1220 614 sollicitudinem,
1241 549 1458 620 qualem
1499 546 1784 619 Apostolus
1825 550 1907 604 di-

327 642 844 705 cit:Coucursusiu
879 657 966 696 me
1011 641 1377 710 quotidianus,
1433 639 1737 695 sollicitudo
1785 655 1904 694 om-

328 741 468 796 nium
492 736 883 792 Ecclesiarum.
919 733 1047 799 Quis
1074 734 1376 802 inﬁrmatur
1402 741 1449 786 et
1480 749 1572 802 ego
1611 749 1715 785 non
1756 732 1906 800 infir-

326 846 434 882 ’κον
453 828 478 880 .’
494 829 612 898 quis
631 825 1047 888 scandalizatur,
1071 832 1118 877 et
1143 840 1235 892 ego
1267 840 1371 877 non
1388 838 1513 874 uror
1528 821 1649 891 ?(II
1669 821 1789 876 Cor.
1809 821 1904 893 ιι.)

328 917 424 982 Qui
449 917 724 970 miseretur
752 915 807 968 in
853 912 1137 966 hilaritate.
1189 912 1413 966 Videtur
1451 910 1697 965 fortassis
1741 926 1903 964 unum

323 1015 479 1075 atque
506 1007 648 1060 idem
676 1019 817 1068 esse,
851 1003 992 1072 quod
1019 1017 1181 1072 supra
1203 1001 1459 1065 diximus,
1496 1001 1588 1069 qui
1637 1000 1907 1055 distribuit

324 1095 375 1150 in
404 1093 772 1164 simplicitate,
801 1101 857 1145 et
877 1091 966 1145 hic
997 1091 1087 1160 qui
1119 1090 1405 1144 miseretur
1429 1090 1482 1142 in
1505 1089 1905 1154 hilaritate,sed

323 1185 447 1239 mihi
471 1185 686 1238 videtur
714 1199 878 1238 unum
904 1181 1138 1237 fortasse
1159 1197 1295 1251 opus
1323 1197 1464 1246 esse,
1493 1197 1597 1236 non
1643 1189 1822 1236 tamen
1851 1189 1904 1235 et

323 1277 493 1346 operis
544 1275 719 1346 ipsius
762 1290 928 1329 unum
964 1272 1213 1328 effectum
1240 1292 1253 1326 :
1278 1273 1421 1328 aliud
1459 1281 1544 1329 est
1585 1273 1730 1328 enim
1773 1273 1917 1329 dare-

328 1366 608 1437 indigenti,
639 1374 694 1420 et
723 1365 866 1421 aliud
893 1373 976 1420 est
1019 1365 1212 1420 all‘ectu
1253 1365 1635 1420 misericordia
1664 1381 1785 1420 cum
1823 1366 1906 1420 in-

325 1456 527 1526 digente
555 1457 750 1526 partiri
778 1456 833 1510 in
858 1456 1130 1512 hilaritate
1157 1473 1170 1509 :
1204 1454 1441 1510 Hilarem
1479 1458 1619 1510 enim
1667 1457 1916 1511 datorem

322 1549 480 1618 diligit
506 1548 652 1602 Deus
683 1547 787 1619 ‘(II
831 1548 953 1602 Cor.
998 1548 1096 1619 Ix).
1136 1547 1357 1602 Dilectio
1398 1550 1510 1602 sine
1551 1549 1900 1603 simulatione.

323 1638 448 1692 Tota
473 1637 684 1706 puritas
707 1637 868 1691 debet
893 1651 1011 1692 esse
1041 1636 1094 1691 in
1125 1635 1456 1702 Christiano,
1480 1637 1619 1691 sicut
1643 1637 1784 1692 Deus
1806 1654 1904 1707 pu-

321 1741 374 1778 ra
410 1725 497 1777 lux
525 1734 610 1779 est
635 1738 649 1776 :
672 1724 874 1794 tingere
907 1725 1050 1779 enim
1077 1739 1357 1780 servorum
1381 1731 1494 1789 est;
1529 1733 1588 1778 ut
1617 1725 1903 1796 diligamus

2006 548 2224 617 quidem
2249 546 2552 602 benedictio
2577 547 2777 618 aliquid
2828 550 3068 606 muneris
3121 566 3334 621 semper
3359 552 3443 606 his
3489 552 3580 621 qui

2007 638 2076 692 ab
2103 652 2168 692 eo
2197 637 2588 692 benedicuntur
2619 638 2876 706 impertit.
2920 637 3176 694 Homines
3228 655 3356 694 vero
3413 639 3581 694 Deum

2005 727 2345 791 benedicere,
2362 742 2461 796 pro
2475 741 2540 782 eo
2563 728 2706 796 quod
2731 737 2814 781 est
2835 727 3057 783 laudare
3082 736 3135 782 et
3157 730 3358 799 gratias
3380 727 3583 783 referre

2005 817 2274 872 dicuntur.
2308 817 2413 873 Sed
2442 819 2495 872 in
2528 819 2629 872 hoc
2646 820 2898 887 prohibet
2921 819 3226 888 Apostolus,
3255 835 3324 874 ne
3345 835 3443 890 pro
3464 835 3580 874 ma-

2003 906 2213 962 ledictis
2234 908 2517 962 maledicta
2548 909 2850 972 reddamus,
2899 911 2993 964 sed
3019 908 3277 964 faciamus
3300 911 3440 979 quod
3473 910 3584 978 ipse

2004 996 2070 1051 de
2090 999 2376 1066 semetipso
2401 999 2608 1064 scribit,
2638 1001 2726 1054 ubi
2758 1000 2921 1054 dicit:
2947 999 3315 1054 Maledicimur
3349 1011 3395 1055 et
3433 1001 3584 1054 bene-

2003 1087 2223 1141 dicimus
2248 1087 2298 1158 (Ι
2322 1088 2443 1142 Cor.
2475 1106 2528 1144 IV
2550 1090 2591 1160 ).
2621 1090 2854 1146 Gaudete
2889 1109 3006 1146 cum
3051 1093 3414 1162 gaudentibus,
3465 1094 3584 1162 ﬂete

2003 1192 2118 1230 cum
2141 1178 2403 1246 ﬂentibus.
2432 1179 2548 1234 Non
2578 1197 2699 1236 eum
2733 1183 2838 1238 illis
2865 1184 2956 1252 qui
2996 1184 3125 1238 ﬂent
3165 1193 3409 1239 mortuos
3457 1199 3583 1239 suos

1997 1266 2270 1335 iubemur,
2318 1279 2410 1325 aut
2440 1274 2528 1341 qui
2581 1272 2711 1328 flent
2751 1276 2944 1330 damna
2993 1276 3292 1342 saecularia,
3352 1277 3584 1331 scientes

2001 1361 2128 1428 quia
2184 1361 2342 1431 hujus
2395 1365 2574 1418 smculi
2624 1367 2841 1422 tristitia
2884 1377 3113 1423 mortem
3159 1377 3443 1438 operatur;
3477 1383 3581 1422 non

2002 1459 2127 1504 sunt
2165 1466 2290 1520 ergo
2320 1452 2572 1523 lacrymm
2601 1471 2722 1510 cum
2762 1457 2978 1522 talibus,
3027 1459 3120 1514 sed
3155 1475 3277 1513 cum
3318 1459 3422 1513 illis
3454 1459 3584 1514 flen-

2003 1539 2128 1592 dum
2149 1542 2344 1604 est,.de
2369 1543 2566 1610 quibus
2611 1545 2740 1599 dicit
2782 1547 3080 1602 Dominus:
3112 1548 3260 1602 Beati
3301 1550 3388 1618 qui
3434 1550 3579 1618 flent,

2001 1632 2376 1702 quoniam-ipsi
2403 1635 2809 1690 consolabuntur
2849 1638 3063 1708 (Matth.
3090 1641 3165 1708 v).
3207 1637 3439 1693 Gaudete
3466 1657 3581 1694 cum

2000 1720 2363 1788 gaudentibus,
2398 1722 2450 1776 id
2475 1731 2578 1790 est,
2609 1725 2805 1794 gaudio
2851 1729 3150 1797 spirituali;
3186 1728 3238 1783 in
3271 1729 3411 1784 bono
3455 1745 3582 1798 pro-

319 1832 420 1871 non
447 1816 627 1886 lingua
653 1817 987 1879 tantum,sed
1011 1831 1173 1886 opere
1194 1824 1250 1871 et
1276 1816 1615 1882 veritate,ita
1637 1819 1895 1884 utetiam,
1927 1814 1973 1872 B
2001 1811 2154 1875 ximi.
2187 1819 2242 1866 et
2277 1812 2332 1866 in
2377 1817 2786 1872 conversatione
2821 1817 2939 1886 ejus
2981 1819 3051 1873 ad
3095 1818 3284 1874 Deum.
3311 1818 3378 1873 Id
3414 1819 3580 1889 ipsum

317 1909 357 1962 si
381 1922 605 1963 necesse
637 1907 821 1971 fuerit,
863 1923 960 1977 pro
981 1908 1137 1963 nobis
1180 1909 1410 1963 invicem
1453 1908 1767 1963 moriamur.
1802 1910 1902 1962 4d-

316 2001 562 2054 Iutrentes
587 1998 742 2054 bono.
774 1998 892 2054 Non
925 2013 1178 2070 magnum
1201 1999 1332 2054 dicit
1351 1999 1524 2053 vitare
1551 1999 1772 2064 malum,
1797 1999 1900 2053 nisi

316 2089 584 2143 adhremat
611 2089 735 2158 quis
767 2089 944 2143 bono:
971 2103 1069 2143 nec
1091 2089 1382 2158 benignum
1427 2103 1547 2144 esse
1593 2087 1901 2144 fraternita-

319 2181 384 2234 tis
407 2195 670 2243 amorem,
704 2181 750 2234 si
773 2195 880 2234 non
911 2181 1110 2236 mutuis
1132 2195 1192 2235 se
1218 2181 1492 2251 obsequiis
1518 2180 1898 2251 pmveneriut.

317 2269 722 2325 Observandum
766 2272 929 2326 etiam
983 2272 1087 2326 hoc
1122 2273 1265 2340 quod
1304 2273 1446 2327 sicut
1483 2273 1536 2326 in
1573 2273 1695 2328 aliis
1728 2273 1896 2327 dicit:

319 2359 419 2424 Qui
437 2361 672 2415 adhaeret
698 2361 941 2427 Domino,
969 2379 1102 2416 unus
1123 2365 1340 2433 spiritus
1366 2373 1441 2417 est
1465 2363 1514 2436 (1
1535 2361 1657 2418 Cor.
1685 2364 1787 2436 vr),
1826 2365 1900 2420 ita

316 2457 369 2502 et
401 2449 491 2504 hic
519 2449 671 2515 dicit,
707 2450 1031 2504 adha'rentes
1077 2451 1229 2516 bono,
1271 2452 1388 2507 sine
1441 2452 1607 2508 dubio
1662 2463 1724 2508 ut
1773 2469 1902 2509 con-

321 2541 485 2609 tingat
501 2542 666 2596 nobis
688 2557 852 2596 unum
880 2557 999 2596 esse
1023 2558 1144 2596 cum
1167 2544 1329 2608 bono,
1359 2542 1628 2597 Charitate
1667 2544 1902 2613 fraterna

320 2634 530 2686 invicem
562 2633 790 2702 benigni.
825 2633 902 2687 ita
929 2648 1022 2688 vos
1043 2634 1266 2703 diligite,
1295 2634 1449 2703 quasi
1491 2649 1555 2689 ex
1592 2649 1698 2688 una
1730 2641 1902 2690 matre

319 2725 576 2794 generati.
611 2722 826 2778 Honore
848 2733 1025 2777 mutuo
1051 2725 1437 2794 prwvenientes.
1465 2724 1578 2779 Hoc
1613 2731 1716 2789 est,
1759 2724 1902 2792 quod

321 2824 370 2868 et
393 2815 652 2869 Dominus
686 2814 890 2878 docuit,
917 2830 1040 2868 cum
1088 2823 1303 2869 notaret
1349 2813 1568 2869 Scribas
1615 2821 1669 2868 et
1707 2814 1900 2868 Phari-

322 2921 473 2969 sazos,
503 2908 676 2976 prima
707 2906 811 2960 sibi
859 2905 976 2959 loca
1017 2906 1072 2960 in
1123 2906 1386 2960 conviviis
1437 2905 1792 2965 vindicantes,
1845 2917 1905 2958 ut

321 3009 436 3046 cum
465 3002 687 3048 vocatus
709 2991 885 3047 fueris
913 3001 966 3046 tu
995 2995 1062 3047 ad
1082 3008 1312 3058 cmnam,
1347 2993 1400 3046 in
1442 2994 1734 3048 novissimo
1784 2993 1902 3048 loco

324 3085 594 3138 recumbas
633 3084 782 3155 (Luc.
818 3083 950 3154 xw).
996 3083 1358 3139 Sollicitudine
1397 3086 1623 3154 impigri.
1677 3084 1754 3139 Ne
1804 3094 1918 3156 per

322 3175 494 3229 seculi
534 3174 947 3230 sollicitudinem
987 3175 1124 3245 pigri
1155 3175 1207 3229 in
1247 3175 1341 3229 Dei
1385 3190 1547 3244 opere
1600 3175 1902 3230 eiliciamini
1931 3157 1974 3219 (ἶ

324 3265 401 3317 vel
425 3265 646 3319 inertes.
671 3264 874 3335 Spiritu
903 3265 1171 3333 ferventes.
1207 3265 1346 3332 Quia
1375 3265 1597 3334 frigidos
1647 3267 1905 3322 Dominus

323 3370 424 3407 non
451 3363 614 3416 amat,
645 3362 700 3408 et
729 3355 782 3407 in
815 3354 1006 3424 tepidis
1036 3363 1344 3410 nauseatur.
1394 3355 1546 3410 Tunc
1595 3356 1754 3424 plane
1794 3358 1906 3426 spi-

326 3448 425 3500 ritu
463 3445 733 3500 fervemus
763 3486 777 3508 ,
822 3445 866 3500 si
911 3445 1106 3500 sacculo
1151 3445 1463 3516 frigeamus.
1530 3446 1751 3501 Domino
1793 3465 1902 3502 ser-

323 3538 525 3590 rientes.
548 3535 662 3592 Non
685 3537 901 3601 saeculo,
927 3553 1026 3592 nec
1057 3538 1220 3602 vitiis,
1249 3540 1340 3593 sed
1365 3539 1547 3594 omnia
1561 3549 1782 3612 propter
1802 3541 1906 3596 Do—

324 3631 523 3683 minum
555 3630 834 3684 facientes.
875 3629 976 3700 Spe
1015 3631 1318 3701 gaudentes.
1382 3631 1488 3703 Spe
1540 3635 1754 3703 gaudet,
1810 3637 1903 3704 qui

324 3736 425 3773 non
455 3721 758 3790 respicitea
777 3736 896 3790 quae
918 3721 1182 3789 videntur,
1213 3724 1306 3778 sed
1329 3738 1390 3777 ea
1431 3738 1550 3793 quae
1582 3740 1688 3779 non
1722 3724 1907 3779 viden-

323 3821 410 3865 tar
440 3819 740 3881 exspectat,
773 3821 828 3868 et
859 3813 952 3882 qui
987 3814 1089 3868 scit
1132 3815 1270 3884 quod
1307 3831 1410 3868 non
1459 3825 1580 3869 sunt
1633 3815 1905 3885 condigna:

319 3903 594 3971 passiones
616 3902 766 3972 hujus
795 3903 1038 3974 temporis
1057 3903 1127 3959 ad
1154 3905 1387 3974 futuram
1409 3904 1630 3974 gloriam
1669 3921 1786 3975 qua:
1827 3922 1908 3958 rc-

318 3993 588 4048 relabilnr
614 3996 666 4046 in
685 3995 827 4050 nobis
856 3995 1029 4067 (Rom.
1065 3995 1202 4069 vm).
1249 3995 1490 4051 Orationi
1529 3996 1802 4050 instantes.
1848 3995 1906 4051 In

323 4099 430 4152 quo
457 4084 601 4137 enim
632 4099 736 4138 non
785 4085 984 4139 suliicit
1032 4086 1264 4140 humana
1314 4083 1599 4155 fragilitas,
1648 4085 1906 4140 auxilium

321 4173 414 4228 Dei
474 4173 812 4228 orationibus
867 4174 1262 4243 implorandum
1331 4183 1433 4230 εει.
1499 4174 1906 4231 Necessitatibus

317 4273 621 4317 sanctorum
644 4265 1101 4318 communicantes.
1133 4263 1472 4320 Manifestum
1513 4273 1598 4320 est
1635 4265 1764 4334 quia
1813 4265 1906 4334 qui

321 4372 509 4427 preces
544 4371 674 4411 suas
707 4357 948 4412 exaudiri
978 4357 1112 4423 vult,
1154 4358 1378 4413 aamulus
1416 4357 1576 4413 debet
1615 4372 1737 4413 esse
1783 4358 1907 4414 vitae

1999 1903 2216 1956 invicem
2237 1903 2302 1957 de
2345 1905 2491 1958 vobis
2525 1907 2820 1962 sentientes.
2869 1907 3062 1964 Sermo
3101 1910 3204 1964 iste
3239 1925 3350 1964 non
3390 1917 3581 1963 natura

2001 1992 2104 2058 sui,
2137 1994 2230 2048 sed
2260 1993 2702 2064 interpretatione
2727 1998 2988 2054 obscurus
3012 1999 3185 2056 factus
3221 2001 3463 2057 estzhoc
3500 2011 3585 2056 est

1999 2081 2143 2136 enim
2166 2083 2309 2151 quod
2338 2085 2487 2151 dicit,
2516 2088 2670 2142 utita
2693 2087 2760 2144 de
2781 2089 2948 2146 fratre
2977 2091 3291 2156 senu‘amus,
3324 2100 3381 2146 ut
3401 2093 3466 2146 de
3489 2107 3585 2146 no-

1997 2171 2084 2227 his
2109 2172 2257 2241 ipsis,
2281 2175 2435 2230 et‘ita
2457 2177 2685 2233 velimus
2712 2181 2978 2248 proximo,
3020 2183 3159 2236 sicut
3201 2191 3262 2238 et
3291 2184 3448 2238 nobis
3491 2197 3582 2238 vo-

1999 2261 2199 2329 lumus,
2223 2272 2281 2318 ut
2317 2265 2576 2322 Dominus
2607 2269 2661 2322 in
2697 2270 2986 2343 Evangelio
3028 2273 3200 2327 dixit:
3227 2272 3420 2327 Omnia
3465 2290 3584 2345 qua!

2000 2352 2157 2408 vultis
2180 2362 2238 2407 ut
2267 2355 2468 2424 faciant
2502 2357 2643 2414 vobis
2686 2361 2939 2429 homines,
2985 2363 3164 2418 eadem
3209 2373 3258 2418 et
3295 2381 3381 2420 vos
3430 2363 3586 2434 facite

1999 2445 2104 2500 illis
2129 2444 2342 2516 (Matth.
2368 2463 2440 2503 vn
2466 2449 2506 2520 ).
2535 2450 2602 2506 Id
2627 2453 2822 2521 ipsum,
2841 2455 2894 2509 id
2916 2463 3018 2519 est,
3049 2455 3282 2525 compati
3313 2455 3366 2510 in
3401 2455 3585 2510 fratris

2000 2534 2368 2590 tribulatione.
2401 2537 2524 2594 Non
2553 2541 2663 2596 alta
2687 2544 2965 2612 sapientes,
2994 2546 3085 2600 sed
3130 2547 3413 2601 humilibus
3462 2563 3585 2600 con-

1999 2627 2295 2682 sentientes.
2327 2627 2450 2682 Alta
2475 2645 2686 2700 sapere,
2714 2634 2943 2702 superbe
2973 2649 3163 2705 sapere
3193 2644 3296 2701 est,
3337 2646 3397 2692 ut
3425 2635 3586 2690 elatio

2003 2715 2074 2770 sit
2099 2715 2152 2770 in
2184 2717 2365 2772 animo
2389 2727 2793 2787 utprzesumens
2817 2722 2956 2778 forte
2975 2723 3586 2780 deincolumitateaetus

2003 2808 2108 2873 sui,
2139 2824 2247 2864 non
2273 2810 2556 2866 condoleat
2592 2811 2769 2877 fratri,
2809 2814 2904 2868 sed
2945 2815 3238 2884 exprobret
3283 2826 3580 2886 peccatum,

2005 2897 2148 2968 quod
2177 2902 2398 2954 denotat
2424 2902 2683 2957 Dominus
2711 2903 2896 2959 dicens
2924 2904 3318 2974 :Ejicetrabem
3347 2905 3412 2959 de
3435 2905 3586 2960 oculo

2004 2997 2116 3054 tuo,
2142 3000 2190 3044 et
2221 2999 2345 3046 tum
2368 2991 2576 3048 videbis
2620 2992 2815 3062 ejicere
2845 2997 3097 3066 festucam
3124 2999 3188 3053 de
3218 3001 3366 3053 oculo
3402 2998 3586 3068 fratris

2004 3081 2081 3133 tui
2123 3080 2274 3151 (Luc.
2304 3082 2413 3154 vi);
2461 3084 2576 3153 ipsa
2620 3086 2762 3140 enim
2809 3087 2968 3143 elatio
3014 3097 3288 3158 peccatum
3331 3097 3433 3145 est.
3485 3088 3586 3144 Sed

2006 3171 2288 3225 humilibus
2314 3163 2710 3236 consentientes,
2741 3177 2793 3230 id
2822 3185 2923 3243 est,
2967 3186 3026 3231 ut
3055 3178 3293 3249 deposita
3339 3179 3586 3250 superbia

2007 3259 2237 3315 alienam
2277 3277 2496 3318 causam
2529 3279 2680 3319 suam
2716 3265 2897 3332 faciat,
2930 3276 2984 3323 et
3005 3284 3156 3322 suam
3179 3269 3428 3324 alienam.
3475 3267 3587 3323 No-

2005 3350 2094 3405 lite
2138 3369 2247 3407 esse
2287 3355 2566 3423 prudentes
2600 3358 2742 3426 apud
2783 3362 3134 3430 vosmetipsos.
3187 3362 3301 3417 Hoc
3352 3362 3408 3417 in
3448 3361 3583 3417 Isaia

2007 3442 2270 3512 scriptum
2297 3453 2378 3500 est
2403 3443 2554 3516 (Cap.
2579 3446 2654 3518 v),
2675 3451 2820 3518 quod
2837 3449 2924 3504 hic
2951 3449 3236 3518 Apostolus
3255 3453 3406 3520 quasi
3430 3467 3584 3506 suum

2005 3533 2156 3601 ponit
2186 3552 2198 3586 :
2231 3533 2407 3590 Nolite
2433 3536 2487 3589 in
2517 3538 2748 3592 humana
2773 3539 3031 3608 sapientia
3060 3541 3297 3610 gloriari,
3333 3541 3424 3596 sed
3455 3541 3588 3596 stul-

2007 3623 2043 3676 ti
2069 3632 2240 3679 estote
2265 3625 2480 3690 saeculo,
2508 3636 2566 3680 ut
2590 3627 2815 3683 Domino
2839 3628 2957 3682 sitis
2977 3629 3268 3696 sapientes,
3293 3629 3552 3684 sicutscri
3572 3658 3588 3666 -

2004 3724 2155 3784 ptum
2183 3715 2518 3771 est:Beatus
2544 3733 2696 3787 quem
2743 3727 2798 3771 tu
2837 3718 3115 3782 erudieris,
3156 3718 3393 3783 Domine,
3429 3729 3477 3773 et
3524 3721 3588 3774 de

2006 3804 2116 3871 lege
2145 3813 2236 3856 tua
2266 3804 2505 3856 docueris
2529 3821 2646 3856 eum
2677 3803 2850 3873 (Psal.
2869 3805 3043 3876 xcm).
3072 3805 3173 3873 Qui
3201 3806 3303 3862 sibi
3351 3789 3586 3878 prudens

2005 3893 2235 3956 videtur,
2265 3891 2354 3946 hic
2379 3907 2502 3946 cum
2533 3894 2840 3964 arrogantia
2877 3894 3073 3952 stultus
3119 3905 3204 3953 est
3225 3916 3237 3950 :
3260 3914 3360 3954 nec
3411 3908 3589 3969 potest

2007 3998 2189 4037 veram
2214 3982 2308 4037 Dei
2329 3983 2645 4052 sapientiam
2671 3983 2829 4052 scire,
2852 3985 2944 4055 qui
2961 4001 3116 4042 suam
3135 3989 3417 4044 stultitiam
3431 3993 3584 4061 quasi

2006 4075 2324 4145 sapientiam
2375 4074 2522 4130 colit.
2576 4076 2717 4147 Ergo
2769 4079 2863 4148 qui
2907 4079 3048 4148 apud
3093 4080 3327 4151 seipsum
3371 4083 3584 4153 sapiens

2007 4174 2112 4231 est,
2150 4180 2258 4220 non
2285 4173 2464 4237 potest
2489 4181 2610 4222 esse
2645 4169 2864 4238 sapiens
2898 4171 3037 4239 apud
3071 4170 3260 4226 Deum.
3296 4170 3448 4226 Nulli
3471 4190 3584 4226 ma-

2008 4255 2115 4308 lum
2139 4271 2234 4325 pro
2258 4253 2398 4308 malo
2423 4255 2713 4310 reddentes.
2757 4255 2815 4312 Si
2843 4258 3044 4312 malum
3069 4259 3272 4316 inferre
3301 4270 3581 4330 peccatum

2008 4352 2112 4410 εει,
2149 4353 2204 4399 ει
2242 4335 2467 4400 reddere
2518 4345 2739 4411 malum,
2772 4361 2878 4400 non
2931 4355 2992 4401 ut
3025 4349 3347 4418 quibusdam
3375 4351 3584 4414 videtur

323 4457 656 4511 sanctorum,
683 4454 746 4500 ut
773 4447 875 4502 hoc
910 4447 984 4501 sit
1021 4460 1315 4502 memorem
1351 4461 1471 4501 esse
1508 4455 1564 4500 et
1605 4446 1906 4502 communi-

2006 4430 2210 4501 justum
2247 4442 2352 4499 est,
2405 4433 2498 4488 sed
2533 4433 2708 4488 simile
2743 4444 3020 4504 peccatum
3063 4443 3169 4502 est,
3197 4447 3252 4492 et
3280 4449 3337 4491 ut
3366 4453 3466 4510 ego
3489 4454 3577 4494 ar-

323 4545 585 4601 αωιιεω,
649 4535 853 4590 imiimi
912 4544 1067 4592 actus
1112 4536 1347 4591 ῑιιοι-ιιιη,
1398 4536 1592 4600 Aliter,
1640 4551 1908 4591 memores
1931 4499 1985 4558 Β
2013 4527 2185 4582 bitror
2209 4527 2374 4583 etiam
2404 4528 2660 4596 gravius:
2688 4544 2811 4583 nam
2846 4529 2936 4585 ille
2979 4531 3069 4600 qui
3102 4532 3300 4588 malum
3323 4534 3473 4603 prior
3497 4537 3580 4590 in-

323 4635 633 4680 sanctorum
671 4626 1136 4682 communicantes
1158 4641 1173 4681 :
1201 4628 1306 4684 hoc
1325 4633 1409 4680 est
1435 4625 1810 4681 ministrantes
1825 4625 1911 4681 eis

324 4719 434 4786 qui,
458 4727 683 4788 propter
707 4717 984 4772 Christum
1033 4721 1214 4774 omnia
1251 4727 1682 4785 contemnentes,
1722 4718 1912 4774 alienis

327 4810 390 4863 ad
418 4819 630 4880 tempus
663 4809 1275 4881 indigentministeriis.
1332 4809 1752 4881 Hospitalitatem
1800 4827 1912 4865 sec-

326 4909 512 4952 tantes.
559 4897 678 4953 Non
716 4898 849 4952 illud
890 4899 1061 4953 solum
1104 4900 1345 4954 ostendit
1384 4911 1445 4953 ut
1497 4900 1802 4955 venientem
1842 4900 1908 4954 ad

331 5003 426 5041 nos
450 4988 717 5057 hospitem
746 4987 1125 5056 suscipiamus,
1160 4989 1253 5042 sed
1275 4999 1330 5043 et
1367 5004 1672 5060 quaeramus
1709 4997 1764 5043 et
1811 4989 1916 5043 sol-

333 5077 463 5131 liciti
501 5078 694 5142 simus,
731 5083 788 5132 et
838 5087 1125 5143 sectemur,
1171 5093 1235 5132 ac
1279 5093 1669 5148 persequamur
1716 5079 1915 5148 ubique

333 5169 582 5237 hospites,
616 5182 683 5224 ne
714 5169 807 5224 ubi
857 5167 1000 5223 forte
1042 5169 1096 5224 in
1135 5169 1327 5238 plateis
1376 5169 1614 5233 sedeant,
1657 5183 1724 5223 ne
1763 5179 1914 5222 extra

331 5268 526 5314 tectum
571 5260 795 5316 lateant.
849 5259 1155 5316 Recordare
1207 5260 1329 5324 Lot,
1375 5270 1432 5315 et
1481 5259 1726 5313 invenies
1771 5259 1914 5327 quod

333 5367 436 5405 non
467 5351 615 5406 illum
637 5351 898 5422 hospites,
945 5351 1038 5405 sed
1083 5351 1195 5420 ipse
1242 5349 1514 5417 quaesierit
1555 5348 1812 5418 hospites,
1861 5354 1918 5402 et

334 5441 432 5495 hoc
454 5452 574 5497 erat
592 5442 1020 5513 hospitalitatem
1045 5441 1262 5496 sectari.
1288 5441 1584 5494 Benedicite
1604 5456 1910 5510 persequen-

330 5533 466 5587 tibus
486 5550 597 5588 vos.
620 5532 815 5588 Sermo
843 5532 1230 5588 benedictionis
1274 5532 1330 5586 in
1374 5530 1672 5601 Scripturis
1703 5531 1913 5585 diverse

332 5623 624 5690 invenitur,
649 5638 779 5679 nam
803 5631 859 5678 et
881 5623 1198 5678 benedicere
1230 5623 1370 5677 inter
1400 5622 1648 5676 homines
1672 5619 1754 5676 vel
1801 5635 1908 5674 ca:-

333 5723 448 5769 tera
477 5733 595 5785 qua:
626 5715 899 5772 creaverit
942 5714 1213 5769 invenitur
1237 5714 1416 5775 Deus,
1459 5722 1514 5767 et
1543 5711 1787 5767 homines
1828 5709 1911 5762 vel

2013 4617 2155 4683 tulit,
2187 4633 2292 4671 non
2329 4617 2492 4672 sentit
2528 4617 2726 4673 malum
2773 4635 2894 4675 esse
2929 4623 3074 4690 quod
3104 4622 3337 4690 fecerat;
3367 4625 3456 4694 qui
3486 4641 3582 4680 au-

2013 4714 2119 4761 tem
2149 4706 2326 4762 reddit
2379 4705 2599 4774 malum,
2630 4721 2696 4762 eo
2751 4708 2867 4778 ipso
2897 4711 3040 4779 quod
3095 4711 3162 4766 ad
3213 4710 3579 4766 ulciscendum

2012 4803 2190 4851 motus
2247 4803 2352 4860 est,
2407 4795 2694 4851 confessus
2742 4806 2826 4852 est
2851 4800 3085 4854 sensisse
3123 4812 3181 4853 se
3227 4797 3424 4852 malum
3461 4814 3583 4854 esse

2016 4886 2160 4956 quod
2190 4886 2438 4940 reddidit.
2486 4885 2698 4940 Nemini
2737 4887 2931 4942 malum
2974 4904 3068 4956 pro
3105 4885 3242 4940 malo
3279 4882 3576 4941 reddentes.

2018 4978 2132 5032 Iloc
2161 4977 2409 5046 estquod
2461 4977 2590 5030 dicit
2627 4976 2921 5031 Dominus:
2959 4976 3078 5028 Nisi
3128 4973 3464 5028 abundaverit
3487 4975 3584 5045 ju.

2017 5069 2161 5123 stitia
2191 5078 2358 5121 vestra
2387 5065 2504 5136 plus
2557 5084 2714 5134 quant
2741 5065 3044 5120 Scribarum
3091 5074 3138 5118 et
3167 5064 3575 5129 Pharisa'orum,

2019 5168 2124 5215 etc.
2151 5158 2456 5213 Mandatum
2485 5157 2630 5212 enim
2660 5158 2712 5210 in
2744 5157 2860 5226 lege
2887 5165 3007 5210 erat
3029 5172 3045 5210 ε
3071 5156 3266 5226 Diliges
3285 5159 3578 5230 proximum

2019 5258 2190 5312 tuum,
2218 5256 2264 5300 et
2288 5247 2408 5299 odio
2433 5244 2642 5298 habebis
2665 5244 2933 5297 inimicum
2972 5253 3138 5300 tuum.
3178 5246 3300 5301 llazc
3321 5254 3579 5316 quantum

2019 5337 2232 5392 videtur
2253 5333 2464 5404 justitia
2485 5343 2590 5396 est,
2621 5334 2715 5388 sed
2744 5342 2804 5387 ut
2832 5333 3066 5390 abundet
3087 5335 3294 5404 justitia
3319 5335 3582 5391 Christia-

2017 5443 2234 5491 norum,
2272 5427 2534 5481 docentur
2581 5440 2686 5478 non
2714 5426 2939 5481 reddere
2969 5426 3168 5480 malum
3196 5439 3308 5494 pro,
3332 5427 3490 5493 malo,
3516 5435 3579 5482 ut

2015 5518 2236 5591 perfecti
2267 5531 2388 5572 esse
2437 5515 2664 5586 possint.
2709 5513 3044 5571 Proiidentes
3091 5516 3246 5569 bona.
3286 5515 3576 5574 Providere
3669 5583 3682 5588 _

2014 5619 2098 5667 est
2125 5609 2302 5664 futura
2342 5616 2468 5661 ante
2525 5607 2712 5662 oculos
2739 5607 2961 5669 habere,
2998 5617 3058 5662 ut
3082 5622 3144 5661 ea
3172 5616 3430 5678 gerantur
3457 5620 3576 5674 quze

2013 5702 2239 5773 possint,
2273 5707 2554 5770 postquam
2587 5698 2728 5752 facta
2769 5698 2987 5762 fuerint,
3018 5704 3068 5752 in
3099 5697 3573 5769 reprehensionem
