3974 6202
376 373 402 425 ϐ
420 371 479 426 l5
1786 364 1962 422 SEDL’

2090 364 2285 424 SCOTI
3526 372 3548 427 1
3565 373 3625 427 Ιϐ

374 501 481 539 non
522 483 728 545 venire,
763 480 855 535 sed
890 477 1061 547 magis
1097 474 1239 530 laudi
1279 488 1418 540 esse,
1450 475 1563 530 sive
1588 475 1730 544 apud
1757 474 1947 537 Deum,
1980 479 2031 535 Α
2055 476 2371 540 sericordia,
2403 483 2456 529 et
2480 466 2718 545 ‘pietatis
2759 491 2924 548 opere
2978 486 3393 551 congregantur.
3431 482 3626 549 Aliter,

375 577 489 629 sive
519 573 661 643 apud
716 570 984 632 homines,
1034 582 1105 621 ne
1130 566 1250 636 quis
1304 565 1576 620 existimet
1627 565 1753 634 quia
1808 563 1947 633 apud
2051 566 2096 619 si
2138 565 2391 621 inimicus
2430 564 2570 619 bona
2595 582 2695 637 pro
2723 568 2882 622 malis
2911 569 3199 641 recipiens,
3229 568 3376 624 nulla
3404 572 3629 628 malitia:

377 667 545 719 Deum
577 663 761 718 illicita
791 674 896 713 non
925 656 1230 727 displicent,
1263 656 1466 711 idcirco
1488 671 1594 709 non
1625 655 1944 719 curandum,

377 758 421 812 si
450 756 604 810 fratri
644 750 898 807 seandalo
951 750 1079 804 sint.
1118 748 1231 802 Hoc
1278 762 1409 817 ergo
1459 752 1775 815 praemonet,
1821 743 1945 813 quia

374 847 507 903 illud
542 845 661 900 ﬁeri
700 842 860 898 debet
887 842 1031 911 quod
1060 852 1114 895 et
1144 842 1255 894 Deo
1280 855 1385 893 non
1418 838 1682 907 displicet,
1712 844 1766 890 et
1791 834 1945 888 fratri

376 934 690 993 scandalum
721 948 828 988 non
859 934 949 986 sit.
982 932 1179 987 Coram
1221 929 1529 984 hominibus
1559 926 1805 997 providet
1826 924 1948 994 quis

376 1032 538 1096 bona,
565 1036 627 1082 ut
650 1042 758 1082 non
802 1026 1016 1103 placeat
1041 1024 1377 1095 singulorum
1414 1020 1499 1076 vel
1527 1021 1694 1084 vitiis,
1723 1019 1807 1074 vel
1833 1033 1948 1073 mo-

376 1122 547 1185 ribus,
588 1119 826 1188 alioquin
859 1116 1132 1173 contraria
1165 1116 1271 1170 erit
1298 1113 1386 1168 illa
1413 1112 1652 1183 Apostoli
1683 1111 1948 1165 sententia

378 1230 499 1284 qua:
527 1214 657 1269 dicit
681 1229 694 1264 :
722 1211 839 1281 Ego
868 1211 914 1265 si
954 1209 1249 1263 hominibus
1275 1204 1478 1275 placere
1515 1203 1713 1268 vellem,
1752 1202 1947 1256 Christi

379 1320 555 1359 servus
585 1320 689 1357 non
725 1318 892 1356 essem
917 1297 1058 1371 (Cal.
1092 1299 1153 1365 ι).
1190 1296 1248 1352 Si
1278 1296 1394 1363 ﬁeri
1419 1303 1585 1365 potest
1610 1294 1747 1364 quod
1773 1309 1838 1346 ea:
1863 1309 1952 1346 vo-

382 1396 459 1449 bis
479 1403 576 1459 est,
620 1403 724 1449 etc.
780 1391 931 1458 Quod
968 1397 1226 1443 ‘vestrum
1264 1396 1368 1450 est,
1416 1401 1514 1440 vos
1550 1398 1671 1438 cum
1697 1383 1949 1438 omnibus

380 1500 569 1558 pacem
616 1484 889 1546 habetote,
937 1488 996 1535 et
1017 1479 1183 1533 dicite
1218 1492 1341 1531 cum
1370 1475 1639 1544 Propheta
1668 1492 1679 1526 :
1708 1471 1841 1526 Cum
1869 1472 1949 1524 his

380 1578 468 1649 qui
499 1576 720 1630 oderunt
749 1587 927 1642 pacem
955 1585 1099 1624 eram
1120 1566 1370 1638 paciﬁcus
1392 1563 1562 1636 (Psal.
1586 1563 1717 1632 cxx).
1750 1562 1952 1631 Optan-

385 1674 466 1720 tes
496 1663 903 1719 conversionem
957 1672 1145 1713 eorum
1197 1661 1360 1724 atque
1416 1653 1667 1715 salutem,
1727 1650 1869 1705 sicut
1896 1649 1949 1702 in

1996 690 2001 693 -
2050 671 2163 710 suae
2199 657 2514 725 pmnitentia
2540 665 2803 723 movetur,
2830 660 2947 728 ipse
2975 660 3077 715 sibi
3101 662 3436 717 thesaurizat
3460 664 3624 719 iram.

2049 744 2225 815 Caput
2253 761 2382 801 vero
2406 747 2703 817 principale
2751 749 2932 803 cordis
2986 750 3303 821 appellatur,
3331 760 3387 807 et
3430 755 3630 810 merito

2048 843 2211 901 caput
2239 835 2458 901 dicitur,
2489 835 2641 902 cujus
2672 837 2945 894 intellectu
2983 849 3036 893 et
3062 842 3356 911 prudentia
3381 847 3628 901 membra

2049 932 2307 992 reguntur
2339 925 2608 979 universa.
2660 924 2788 980 Noli
2816 929 2950 981 vinci
2993 946 3026 982 a
3055 930 3194 984 man
3215 970 3231 994 ,
3280 930 3373 985 sed
3398 934 3540 987 vince
3571 936 3630 989 in

2048 1014 2181 1067 bono
2211 1029 2428 1068 mutum.
2485 1016 2731 1070 Vincitur
2758 1033 2789 1071 a
2840 1019 3003 1082 malo,
3053 1021 3147 1089 qui
3182 1036 3215 1075 a
3248 1022 3404 1078 malis
3434 1039 3631 1094 provo~

2046 1113 2202 1158 catus
2230 1104 2404 1159 reddit
2440 1106 2663 1159 malum.
2695 1106 2843 1162 Bono
2871 1118 3052 1162 autem
3078 1110 3246 1165 vincit
3268 1113 3487 1177 malum,
3536 1115 3632 1183 qui

2048 1198 2284 1267 acceptis
2310 1197 2466 1253 malis
2492 1199 2729 1254 restituit
2753 1200 2914 1255 bona.
2961 1200 3182 1257 Certum
3210 1211 3293 1258 est
3319 1205 3463 1259 enim
3489 1206 3633 1262 hanc

2047 1302 2168 1342 esse
2195 1287 2323 1341 mali
2351 1296 2600 1343 naturam
2622 1330 2637 1355 ,
2668 1297 2729 1344 ut
2752 1304 2821 1344 ex
2865 1291 3131 1346 similibus
3162 1293 3245 1346 sui
3287 1301 3550 1362 augeatur
3577 1305 3634 1349 et

2046 1385 2277 1440 crescat,
2304 1378 2443 1432 sicut
2467 1378 2623 1447 ignis,
2653 1379 2699 1433 si
2731 1381 2778 1433 ei
2806 1379 2981 1448 ignem
3007 1381 3236 1451 iungas;
3286 1383 3427 1437 sicut
3456 1384 3632 1439 noctis

2049 1466 2289 1521 tenebris
2313 1467 2357 1521 si
2402 1468 2545 1522 aeris
2592 1468 2833 1522 nubilum
2862 1470 3117 1524 sociatur.
3173 1472 3381 1525 Bonum
3411 1487 3538 1526 vero
3577 1474 3623 1527 si

2048 1556 2327 1621 adhibeas,
2358 1558 2750 1612 exterminatur
2793 1559 3015 1614 malum.
3060 1559 3345 1616 Contraria
3399 1577 3635 1631 namque

2047 1646 2337 1702 contrariis
2359 1648 2719 1715 perimuntur,
2743 1648 2883 1703 sicut
2904 1663 3003 1719 per
3034 1663 3230 1719 aquam
3261 1651 3401 1721 ignis
3428 1651 3634 1705 exstin-

383 1755 536 1810 vobis
562 1760 648 1808 est
684 1759 743 1805 ut
793 1749 911 1805 ﬁeri
942 1747 1132 1818 possit.
1191 1742 1473 1811 Quomodo
1524 1748 1703 1810 potest
1750 1738 1865 1792 ﬁeri
1892 1745 1952 1790 ut
1978 1810 2019 1818 ﬁ
2051 1738 2256 1809 guitur,
2286 1753 2385 1809 per
2407 1738 2583 1793 lucem
2609 1740 2845 1794 tenebrat
2871 1740 3143 1810 fugantur.

380 1861 569 1917 pacem
597 1859 719 1899 cum
754 1810 1006 1897 omnibus
1033 1810 1374 1893 habeamus?
1427 1840 1483 1887 et
1507 1832 1635 1901 quid
1686 1830 1949 1886 faciemus
1978 1810 2024 1867 Β

382 1939 451 1993 de
489 1937 768 2006 Scriptura
793 1948 915 2003 qua:
939 1930 1071 1985 dicit
1097 1943 1113 1982 :
1154 1926 1216 1982 Si
1244 1925 1451 1981 videbas
1481 1923 1673 1992 furem,
1704 1922 1948 1976 currebas

383 2046 502 2083 cum
529 2043 611 2092 eo,
639 2035 689 2081 et
728 2041 847 2079 cum
895 2020 1147 2076 adulteris
1194 2018 1482 2090 portionem
1531 2024 1677 2069 tuam
1723 2013 1950 2084 ponebas

384 2118 559 2190 (Psal.
590 2114 759 2189 χιιι).
791 2113 921 2170 Ideo
951 2126 1079 2183 ergo
1126 2110 1266 2163 bene
1299 2106 1586 2178 Apostolus
1610 2104 1773 2165 addit,
1810 2102 1951 2174 quod

382 2226 449 2263 ex
474 2209 616 2263 vobis
644 2216 740 2273 est,
763 2205 869 2260 hoc
894 2210 979 2258 est
1012 2198 1293 2271 proposito
1314 2203 1497 2252 vestro
1523 2203 1577 2249 et
1605 2194 1728 2249 ﬁdei
1757 2201 1953 2248 vestra:

386 2298 639 2354 convenit
664 2313 679 2349 :
719 2310 842 2350 cum
869 2291 1024 2347 malis
1059 2291 1205 2345 enim
1248 2288 1447 2343 habere
1474 2300 1664 2356 pacem
1695 2291 1753 2340 et
1778 2284 1951 2339 socie-

387 2399 573 2456 tatem,
629 2388 752 2444 ﬁdei
801 2394 996 2442 vestra:
1048 2382 1329 2455 pmposito
1386 2379 1620 2448 ﬁdeique
1681 2377 1950 2432 convenit.

387 2483 646 2550 Quamvis
697 2488 752 2536 et
779 2479 886 2534 alio
938 2476 1140 2533 inloco
1185 2473 1358 2544 possit
1393 2471 1581 2527 haberi
1631 2471 1951 2526 distinctio:

387 2576 534 2631 aliud
558 2581 641 2630 est
667 2571 811 2628 enim
867 2570 1093 2625 crimina
1130 2581 1336 2631 amare,
1377 2564 1521 2619 aliud
1559 2563 1809 2618 homines
1834 2561 1957 2616 dili-

388 2683 516 2740 gere
544 2684 559 2721 ς
591 2664 693 2733 Qui
723 2663 991 2725 homines,
1021 2666 1325 2717 creaturam
1352 2658 1449 2713 Dei
1474 2656 1682 2727 diligit;
1737 2656 1826 2725 qui
1852 2655 1958 2710 cri-

388 2760 536 2815 mina
561 2757 755 2828 diligit,
787 2754 984 2810 diaboli
1018 2759 1257 2808 sectatur
1285 2751 1523 2806 inventa.
1556 2748 1657 2815 Qui
1683 2762 1814 2818 ergo
1837 2761 1958 2816 per‘

387 2848 519 2905 fecti
547 2854 699 2911 sunt,
735 2846 837 2899 hoc
865 2843 1044 2913 ipsum
1087 2855 1194 2910 quo
1220 2839 1454 2895 oderunt
1506 2838 1758 2903 crimina,
1786 2837 1960 2891 homi-

389 2957 487 2997 nes
517 2945 735 3002 amant,
762 2945 818 2992 et
845 2935 975 2992 odio
1018 2933 1280 2988 habentes
1313 2932 1367 2985 in
1392 2932 1473 2986 eis
1503 2929 1631 2984 illud
1658 2932 1803 2999 quod
1829 2942 1961 2997 pec-

392 3039 538 3095 cant,
570 3029 699 3083 illud
727 3027 872 3096 quod
899 3025 1044 3079 Deus
1072 3022 1281 3078 creavit
1312 3036 1499 3076 amare
1549 3035 1656 3075 non
1686 3021 1958 3075 desinunt.

2634 1828 2859 1886 CAPUT
2892 1829 3031 1884 ΧΙΗ.

2124 1915 2378 1973 Omnibus
2416 1918 2757 1988 potestatibus
2793 1916 3183 1971 sublimioribus
3219 1918 3414 1972 subditi
3450 1926 3634 1973 estote.

2052 2005 2238 2063 Omnis
2268 2009 2385 2063 haec
2434 2023 2598 2064 causa
2639 2010 2897 2063 adversus
2937 2008 3057 2063 illos
3083 2009 3291 2078 prolata
3333 2010 3537 2079 estqui
3577 2025 3641 2065 se

2051 2100 2313 2170 putabant
2333 2101 2407 2155 ita
2438 2101 2635 2155 debere
2660 2099 2909 2154 libertate
2943 2099 3251 2155 Christiana
3297 2102 3374 2155 uti
3398 2109 3457 2155 ut
3501 2102 3638 2157 nulli

2053 2190 2312 2244 honorem
2368 2188 2641 2244 deferrent
2688 2199 2783 2243 aut
2826 2189 3030 2244 tributa
3063 2189 3447 2259 dependerent.
3489 2191 3639 2258 Quo-

2054 2293 2265 2348 cunque
2292 2294 2421 2350 ergo
2452 2279 2611 2334 modo
2639 2295 2735 2335 eos
2769 2280 3054 2335 humiliare
3080 2281 3367 2347 desiderat,
3401 2298 3469 2337 ne
3500 2282 3643 2337 forte

2052 2378 2277 2439 propter
2306 2369 2612 2438 superbiam
2665 2370 2838 2440 magis
2864 2385 3027 2440 quam
3072 2380 3290 2441 prepter
3312 2373 3480 2427 Deum
3508 2388 3644 2428 con-

2058 2459 2331 2514 tumeliam
2357 2461 2652 2531 patiantur.
2699 2461 2930 2531 Ideoque
2976 2462 3134 2517 docet
3179 2463 3299 2519 illos
3328 2464 3639 2522 humilitate

2056 2557 2265 2618 tempus
2291 2551 2578 2606 redimere.
2616 2550 2740 2606 Non
2767 2552 2905 2606 enim
2933 2561 3010 2606 est
3043 2562 3291 2623 potestas,
3319 2555 3421 2607 nisi
3442 2572 3475 2608 a
3501 2554 3636 2610 Deo.

2057 2640 2218 2708 Quid,
2256 2650 2310 2698 et
2338 2642 2427 2697 illa
2464 2651 2720 2714 potestas,
2771 2659 2892 2713 quae
2922 2660 3109 2700 servos
3145 2644 3241 2699 Dei
3270 2647 3637 2716 persequitur,

2057 2736 2220 2791 ﬁdem
2264 2736 2561 2806 impugnat,
2602 2736 2916 2808 religionem
2961 2737 3246 2802 subvertit,
3294 2753 3325 2792 a
3366 2738 3476 2795 Deo
3506 2749 3589 2794 est
3613 2740 3644 2794 Ἰ

2056 2827 2140 2883 Ad
2166 2829 2308 2897 quod
2351 2830 2784 2899 respondendum
2813 2830 2956 2900 quod
2978 2829 3145 2885 etiam
3185 2831 3313 2885 talis
3344 2839 3581 2901 potestas
3603 2849 3639 2888 a

2058 2917 2170 2974 Deo
2221 2918 2348 2972 data
2373 2929 2475 2983 est,
2514 2919 2582 2973 ad
2615 2919 2905 2974 vindictam
2952 2921 3172 2990 quidem
3203 2921 3492 2987 malorum,
3518 2921 3640 2975 lau-

2059 3008 2183 3063 dem
2216 3023 2347 3063 vero
2368 3010 2653 3063 bonorum.
2681 3009 2869 3081 Itaque
2890 3011 2983 3080 qui
3008 3011 3198 3064 resistit
3225 3013 3488 3081 potestati.
3515 3011 3636 3067 Non

395 3120 518 3175 Non
552 3118 883 3187 vosmetipsos
912 3114 1250 3178 vindicantes,
1306 3111 1398 3167 sed
1448 3111 1571 3166 date
1620 3110 1793 3165 locum
1840 3112 1954 3164 irrr.
1987 3145 2030 3206 Ο
2193 3102 2259 3157 de
2305 3101 2837 3206 ilnli‘spotestatibus.
2861 3102 3022 3167 dicit,
3075 3118 3196 3173 quae
3238 3105 3646 3174 persecutiones

393 3211 501 3267 Aut
530 3223 563 3263 a
592 3206 862 3278 fugiendo,
925 3211 1019 3259 aut
1043 3218 1075 3258 a
1105 3202 1466 3272 permittendo
1520 3200 1727 3265 noceri,
1779 3200 1835 3254 bi
1864 3199 1957 3269 qui

394 3299 601 3369 seipsos
628 3311 754 3351 mox
803 3294 1079 3349 vindicant
1125 3292 1394 3363 quomodo
1439 3290 1620 3346 locum
1668 3290 1798 3345 dant
1821 3288 1960 3343 irae?

395 3390 559 3446 Verbi
581 3404 744 3445 causa
777 3406 791 3440 :
831 3400 1053 3441 manum
1074 3385 1257 3439 manui
1278 3398 1387 3438 non
1411 3381 1677 3447 referunt,
1714 3388 1808 3435 aut
1830 3395 1962 3434 con-

394 3482 538 3536 vicio
561 3479 866 3535 convicium
918 3476 1170 3541 reddunt,
1224 3475 1321 3530 ira:
1350 3473 1496 3528 illius
1523 3472 1614 3542 qui
1644 3470 1774 3525 fecit
1823 3468 1966 3538 inju-

397 3574 560 3638 riam,
616 3568 1032 3642 pertranseundi
1075 3573 1134 3621 et
1168 3563 1527 3621 evanescendi
1571 3561 1747 3617 locum
1796 3560 1960 3615 dede-

398 3671 527 3718 runt
555 3680 569 3716 :
605 3675 765 3716 nemo
789 3660 936 3714 enim
966 3658 1042 3713 ita
1076 3656 1296 3711 rabidus
1341 3654 1645 3709 invenietur
1667 3651 1784 3721 qui,
1813 3650 1962 3705 illata

398 3755 616 3825 injuria,
643 3753 688 3807 si
717 3751 947 3807 invicem
969 3764 1076 3804 non
1112 3747 1357 3816 recipiat,
1404 3745 1602 3800 iterum
1633 3743 1837 3807 saeviat,
1870 3741 1965 3796 sed

398 3845 553 3913 quasi
580 3841 750 3897 eﬁfuso
776 3855 841 3895 ac
892 3840 1103 3910 digesto
1138 3836 1324 3891 furore
1355 3833 1666 3890 necessario
1692 3831 1962 3886 mitescat.

398 3936 497 3992 Est
520 3950 648 4005 ergo
674 3933 876 4006 grande
927 3931 1161 3994 lucrum,
1219 3928 1311 3983 ubi
1338 3935 1393 3983 et
1436 3925 1723 3981 multitudo
1748 3936 1966 3990 compe-

401 4027 572 4083 scitur
597 4031 964 4094 peccatorum,
1015 4027 1073 4074 et
1094 4017 1348 4085 iniuriam
1375 4016 1521 4084 passi
1552 4014 1811 4083 patientia
1836 4027 1955 4080 pro-

401 4115 599 4171 habilis
646 4112 786 4182 apud
839 4109 1028 4163 Deum.
1083 4106 1178 4159 Est
1233 4112 1412 4158 autem
1443 4103 1636 4178 ethoc
1688 4102 1847 4156 modo
1875 4102 1970 4155 iraa

401 4208 586 4263 locum
606 4205 759 4267 dare,
798 4214 899 4271 pro
927 4198 1015 4254 his
1045 4211 1165 4266 quae
1217 4193 1522 4249 inferentur
1562 4190 1795 4259 injuriis,
1826 4190 1971 4259 quod
2028 4234 2065 4253 κ,

405 4301 463 4355 bi
493 4299 584 4368 qui
631 4301 861 4365 peccant
908 4291 1204 4347 secundum
1240 4286 1392 4342 Pauli
1442 4285 1782 4349 sententiam,
1833 4284 1970 4337 iram

409 4392 507 4446 sibi
540 4386 899 4443 thesaurizant
922 4382 979 4438 in
1001 4381 1086 4435 die
1108 4380 1225 4444 iras,
1280 4385 1409 4431 tunc
1461 4374 1636 4428 reddet
1682 4373 1826 4428 Deus
1853 4373 1972 4425 uni-

2062 3191 2301 3246 inferunt
2325 3191 2485 3248 ﬁdeii:
2527 3193 2599 3247 ibi
2621 3193 2766 3249 enim
2786 3192 3106 3249 dicendum:
3135 3194 3245 3249 Deo
3260 3197 3643 3267 obtemperare

2060 3283 2233 3353 magis
2261 3290 2476 3352 oportet
2495 3297 2658 3352 quam
2682 3282 2992 3338 hominibus
3020 3282 3157 3355 (Act.
3186 3282 3240 3354 v)
3264 3324 3278 3349 ,
3312 3286 3406 3340 sed
3432 3287 3499 3340 de
3523 3285 3649 3339 istis

2060 3372 2437 3428 communibus
2465 3371 2594 3427 dicit
2632 3388 2755 3443 quae
2782 3388 2889 3427 non
2914 3381 3041 3428 sunt
3072 3375 3248 3429 timori
3281 3376 3406 3429 boni
3435 3375 3643 3444 operis,

2061 3465 2155 3519 sed
2188 3464 2336 3531 mali,
2380 3466 2579 3534 quibus
2602 3464 2788 3533 utique
2821 3464 2914 3532 qui
2939 3464 3179 3529 resistit,
3207 3465 3308 3519 sibi
3336 3464 3645 3518 damnatio-

2062 3569 2185 3609 nem
2206 3568 2305 3622 pro
2341 3562 2614 3624 gestorum
2639 3568 2857 3607 suorum
2889 3553 3149 3622 qualitate
3170 3554 3458 3621 conquirit.
3497 3546 3655 3606 Nam’

2059 3643 2151 3714 qui
2168 3642 2532 3712 principantur
2554 3658 2657 3696 non
2679 3649 2800 3695 sunt
2826 3642 3001 3695 timori
3028 3641 3147 3695 boni
3174 3644 3369 3712 operis,
3385 3643 3476 3696 sed
3494 3640 3650 3697 mali.

2065 3734 2238 3789 Malus
2262 3734 2422 3789 debet
2450 3733 2642 3788 timere
2668 3740 2991 3803 potestatem
3019 3749 3035 3785 :
3068 3747 3192 3786 nam
3218 3733 3392 3787 bonus
3417 3749 3525 3788 non
3551 3733 3659 3787 ba-

2064 3829 2159 3883 bet
2196 3824 2339 3895 quod
2376 3825 2586 3885 timeat.
2633 3823 2761 3893 quia
2784 3823 2830 3877 si
2854 3822 3001 3892 juste
3025 3823 3323 3887 occidatur,
3360 3823 3651 3893 gloriatur.

2075 3914 2167 3971 Vis
2193 3925 2367 3971 autem
2390 3931 2493 3968 non
2512 3915 2692 3968 timere
2710 3921 3033 3984 potestatem,
3053 3914 3156 3967 hoc
3184 3921 3286 3976 est,
3314 3914 3498 3982 accipe
3519 3928 3658 3967 con-

2068 4006 2248 4060 silium
2284 4020 2484 4069 meum,
2535 4012 2591 4058 et
2620 4017 2895 4071 nunquam
2924 4002 3158 4056 timebis.
3188 4001 3341 4068 Quod
3367 4009 3543 4055 autem
3568 4000 3662 4057 di-

2068 4095 2146 4150 cit
2173 4094 2241 4148 de
2264 4100 2573 4163 potestate:
2609 4090 2722 4145 Fac
2758 4091 2898 4162 quod
2937 4091 3130 4144 bonum
3184 4100 3260 4144 est
3286 4092 3311 4143 ?
3358 4090 3414 4144 In
3457 4088 3543 4143 die
3562 4087 3662 4157 ju-

2070 4185 2225 4250 dicii,
2270 4192 2327 4237 et
2367 4183 2593 4237 habebis
2622 4182 2837 4235 laudem
2876 4197 2943 4236 ex
2972 4196 3061 4246 ea,
3110 4181 3272 4236 altius
3300 4181 3430 4235 mihi
3464 4181 3660 4249 requi-

2071 4274 2296 4330 rendum
2325 4272 2538 4326 videtur
2564 4289 2577 4324 :
2620 4287 2725 4325 non
2750 4272 2894 4325 enim
2933 4271 3267 4326 consuetudo
3291 4280 3375 4325 est
3401 4277 3657 4341 potesta-

2073 4366 2218 4421 tibus
2241 4363 2423 4418 smculi
2452 4361 2661 4417 laudari
2690 4362 2793 4418 bos
2841 4363 2932 4431 qui
2962 4378 3069 4417 non
3117 4361 3317 4417 fuerint
3343 4362 3655 4428 criminosi;

412 4482 601 4552 cuique
657 4473 941 4533 secundum
987 4486 1145 4542 opera
1195 4485 1312 4523 sua.
1343 4464 1400 4520 Si
1432 4464 1670 4520 esurierit
1728 4463 1973 4517 inimicus
1999 4490 2053 4550 D
2075 4472 2201 4512 nam
2226 4463 2513 4525 peccantes
2537 4453 2753 4523 quidem
2779 4454 3009 4523 puniunt
3031 4493 3046 4519 ,
3090 4469 3193 4509 nec
3216 4461 3499 4524 peccantes
3521 4466 3664 4508 vero

409 4585 555 4637 tuus,
602 4569 718 4623 ciba
744 4565 919 4620 illum.
946 4560 1065 4616 Noli
1116 4559 1193 4614 illi
1223 4571 1423 4629 negare
1475 4556 1618 4627 quod
1668 4556 1812 4611 Deus
1839 4554 1971 4608 nulli

408 4670 594 4736 negat,
624 4657 870 4730 quamvis
919 4655 991 4710 sit
1036 4652 1388 4722 blasphemus
1411 4657 1467 4705 et
1494 4649 1709 4720 impius.
1739 4648 1857 4703 Non
1888 4663 1976 4703 so-

408 4757 521 4811 lum
557 4751 851 4807 vindictam
877 4745 993 4800 Deo
1035 4741 1305 4798 reservari
1353 4741 1549 4797 debere
1594 4739 1852 4803 ostendit,
1882 4740 1977 4795 sed

411 4856 467 4902 et
492 4841 755 4901 beneﬁcia
781 4838 913 4894 dare
941 4834 1196 4890 inimicis.
1233 4830 1348 4886 Hoc
1387 4831 1526 4885 enim
1566 4830 1764 4900 faciens
1789 4830 1977 4883 carbo-

413 4953 502 4991 nes
535 4933 670 5004 ignis
728 4943 971 5000 congeras
1020 4940 1177 4995 super
1224 4930 1379 4991 caput
1404 4921 1538 4991 ejus.
1584 4918 1853 4974 Fortassis
1884 4918 1973 4973 isti

414 5026 677 5081 carbones
704 5022 845 5094 ignis
890 5019 981 5089 qui
1020 5021 1417 5087 congregantur
1477 5026 1640 5080 super
1676 5017 1836 5077 caput
1866 5007 1973 5062 ini-

312 5144 323 5151 ι
415 5114 570 5179 miei;
619 5114 674 5167 in
722 5111 1047 5181 adiutorium
1108 5106 1276 5177 ipsius
1334 5109 1744 5175 congregantur.
1795 5099 1981 5153 Potest

416 5204 559 5260 enim
591 5200 707 5256 ﬁeri
752 5211 814 5255 ut
858 5200 1069 5254 animus
1100 5197 1248 5252 ferus
1296 5210 1360 5249 ac
1382 5193 1648 5248 barbarus
1679 5189 1907 5253 inimici,
1934 5189 1981 5243 si

415 5286 738 5351 beneﬁcium
762 5300 1007 5347 nostrum
1051 5289 1273 5353 sentiat,
1301 5286 1346 5341 si
1381 5283 1795 5347 humanitatem,
1826 5281 1871 5337 si
1902 5279 1984 5335 af-

418 5386 635 5450 fectum,
669 5382 715 5438 si
741 5381 999 5453 pietatem
1024 5378 1223 5441 videat,
1278 5373 1746 5444 compunctionem
1802 5370 1981 5425 cordis

424 5474 624 5542 capiat,
669 5469 942 5528 commissi
979 5465 1383 5536 paenitudinem
1423 5471 1613 5534 gerat:
1648 5470 1704 5516 et
1736 5461 1838 5516 hoc
1868 5461 1985 5531 ipso

422 5566 562 5635 ignis
591 5564 644 5617 in
675 5578 741 5618 eo
769 5563 986 5634 quidam
1012 5558 1389 5618 succendatur,
1416 5557 1506 5623 qui
1559 5569 1684 5609 eum
1712 5567 1811 5623 pro
1838 5567 1984 5607 com-

424 5652 572 5708 missi
626 5651 957 5706 conscientia
1013 5655 1265 5719 torqueat
1296 5653 1350 5697 et
1378 5646 1591 5705 adurat.
1622 5651 1679 5698 et
1710 5643 1798 5698 isti
1828 5649 1988 5700 erunt

424 5744 686 5798 carbones
738 5742 899 5811 ignis.
930 5741 1021 5809 qui
1050 5753 1211 5810 super
1240 5743 1399 5805 caput
1429 5734 1545 5803 ejus
1583 5749 1646 5786 ex
1675 5741 1858 5787 nostra
1888 5732 1986 5786 mi-

2081 4548 2389 4605 collaudare
2421 4547 2502 4602 eis
2529 4561 2648 4602 mos
2691 4552 2779 4600 est
2830 4544 3029 4600 nullus.
3081 4544 3226 4616 Ergo
3252 4545 3430 4600 sciens
3455 4542 3665 4600 Paulus
3724 4564 3743 4569 ί

2080 4639 2226 4709 quod
2251 4652 2443 4693 omnes
2458 4636 2549 4706 qui
2578 4636 2633 4691 in
2658 4635 2780 4703 lege
2797 4641 3174 4704 peccaverunt,
3193 4651 3290 4706 per
3315 4636 3483 4705 legem
3510 4632 3665 4701 judi—

2081 4729 2817 4796 cabuntur;unumquemque
2837 4724 2978 4779 enim
3005 4725 3059 4778 in
3075 4723 3282 4793 judicio
3308 4723 3398 4778 illa
3425 4723 3509 4777 lex
3537 4721 3667 4776 sine

2085 4816 2249 4871 dubio
2294 4823 2483 4886 arguet
2534 4813 2829 4869 secundum
2886 4828 3051 4882 quam,
3100 4813 3256 4868 vixit.
3311 4811 3665 4868 Ostendimus

2086 4915 2266 4962 autem
2305 4906 2563 4975 Spiritum
2590 4912 2836 4961 sanctum
2869 4904 2925 4958 in
2953 4903 3137 4958 multis
3160 4904 3409 4958 humanm
3452 4902 3555 4972 legi
3577 4901 3667 4957 lo—

2079 5013 2202 5054 cum
2232 4997 2464 5053 dedisse.
2521 4994 2744 5051 Certum
2792 4994 2936 5049 enim
2982 5002 3068 5049 est
3092 4994 3219 5062 quia
3269 4994 3325 5046 in
3355 4992 3443 5046 die
3466 4990 3666 5059 iudicii

2078 5090 2302 5145 habebit
2339 5089 2503 5143 etiam
2548 5101 2617 5141 ex
2645 5086 2777 5156 ipsis
2820 5085 3027 5157 legibus
3077 5084 3290 5138 laudem
3318 5084 3460 5152 apud
3486 5083 3666 5139 Deum

2083 5180 2131 5235 is
2157 5179 2249 5249 qui
2275 5177 2409 5232 nihil
2454 5184 2645 5230 contra
2672 5182 2875 5229 statuta
2918 5172 3273 5236 commiserit,
3320 5186 3442 5227 cum
3488 5173 3540 5226 ei
3570 5173 3666 5228 di-

2085 5278 2276 5326 cetur:
2309 5269 2490 5338 Euge,
2528 5282 2672 5321 serve
2719 5264 2891 5336 ﬁdelis
2924 5305 2940 5332 ,
2994 5263 3135 5317 intra
3177 5262 3236 5316 in
3272 5262 3521 5332 gaudium
3555 5261 3667 5316 do-

2085 5361 2215 5417 mini
2251 5360 2353 5414 tui.
2392 5357 2461 5411 Et
2491 5356 2701 5411 habebis
2745 5356 2955 5409 laudem
2980 5369 3045 5406 ea:
3071 5351 3187 5405 illa.
3236 5351 3383 5407 Laus
3416 5368 3483 5407 ex
3508 5358 3669 5420 pote-

2086 5459 2228 5507 state
2263 5458 2392 5504 tunc
2420 5447 2502 5512 ﬁt,
2553 5463 2676 5502 cum
2702 5445 2822 5515 quis
2850 5444 3112 5499 innocens
3147 5442 3437 5497 invenitur.
3478 5440 3538 5496 Si
3561 5456 3671 5495 ast-

2086 5552 2189 5596 tem
2218 5539 2415 5594 malum
2443 5538 2797 5608 feceris,time.
2824 5535 2962 5590 Nam
2989 5535 3045 5590 in
3073 5542 3129 5591 te
3161 5534 3326 5590 habet
3351 5532 3584 5587 cilicium
3613 5533 3669 5589 si

2087 5631 2415 5705 peccaveris,
2463 5643 2564 5685 nec
2607 5628 2703 5683 tibi
2730 5626 2942 5697 proﬁcit
2985 5628 3054 5683 ad
3083 5624 3410 5686 mercedem,
3434 5622 3549 5676 sive
3573 5636 3671 5678 sa-

2090 5728 2336 5782 cerdotes
2361 5729 2580 5794 portant
2609 5721 2843 5789 gladium
2869 5717 3202 5789 spiritualem
3220 5756 3235 5781 ,
3284 5715 3423 5770 sicut
3464 5712 3672 5767 Petrus
