3974 6202
347 291 454 346 {IT

1481 283 1808 343 COLLECT.
1851 282 1917 337 ΙΝ
1955 282 2172 340 EPIST.
2214 285 2305 340 AD
2343 285 2506 343 ROM.

3494 288 3593 343 H8

347 400 610 472 percussit
635 399 930 466 Ananiam,
960 409 1014 455 ct
1047 400 1244 456 Paulus
1267 400 1501 472 Magum.
1529 401 1625 456 Dei
1655 401 1790 454 enim
1828 400 1924 452 mi-
1947 401 1993 458 A
2023 401 2272 455 occidere
2319 415 2441 454 eum
2491 400 2709 468 potest?
2742 413 2850 455 non
2879 399 3062 454 etiam.
3103 399 3176 454 Et
3203 401 3417 464 iterum,
3451 418 3592 454 nuu-

351 496 506 548 nister
533 502 607 546 est
636 492 732 544 tibi
755 493 810 544 in
859 491 1068 546 bonum.
1121 492 1255 559 Quia
1278 509 1375 562 pro
1405 500 1494 545 tua
1536 492 1796 546 sollicitus
1838 498 1920 546 est

348 585 544 653 quiete,
574 583 830 651 quoniam
866 581 1104 636 luturum
1144 581 1406 650 judicium
1432 583 1580 638 :Deus
1609 584 1816 649 statuit,
1865 591 1922 640 et

347 674 551 726 nullum
578 673 756 742 perire
778 673 892 726 vult
918 673 971 726 in
999 673 1098 728 hoc
1120 673 1336 738 saaculo,
1364 682 1603 728 rectores
1627 674 1916 738 ordinavit,

346 773 402 817 ut
462 765 1038 834 terrore.interposito
1087 767 1392 820 hominibus
1447 768 1593 821 velut
1642 769 1914 838 pmdagogi

345 855 456 908 sint
501 853 812 908 erudientes
855 855 996 918 illos,
1039 871 1172 925 quos
1200 865 1452 922 servent,
1485 873 1552 911 ne
1600 859 1653 912 in
1703 873 1919 928 poenam

344 945 512 998 futuri
543 945 734 1014 judicii
765 945 1023 999 incidant.
1069 946 1298 1016 Ideoque
1321 948 1512 1001 subditi
1531 957 1690 1002 estote
1714 966 1814 1002 non
1842 965 1920 1002 so-

344 1035 450 1090 lum
473 1045 684 1106 prapter
708 1038 863 1090 iram.
888 1036 1055 1091 Recte
1081 1037 1218 1093 dixit
1240 1039 1396 1102 iram,
1447 1039 1501 1093 id
1523 1048 1628 1104 est,
1664 1039 1916 1093 ultionem

343 1134 660 1195 praesentem
689 1144 700 1179 :
731 1126 810 1180 ira
838 1127 978 1180 enim
1005 1125 1266 1195 judicium
1293 1128 1451 1196 parit,
1495 1129 1588 1183 sed
1616 1136 1669 1183 et
1695 1140 1918 1200 propter

339 1215 595 1277 iudicium
646 1216 885 1271 futurum
913 1259 927 1282 ,
992 1219 1081 1272 ubi
1121 1227 1408 1274 accusante
1444 1221 1772 1276 conscientia
1820 1240 1917 1292 pu—

343 1308 579 1362 nientur.
633 1309 714 1362 Ob
748 1310 850 1364 hoc
878 1310 1009 1363 mihi
1038 1310 1249 1365 videtur
1275 1311 1455 1366 dicere
1491 1331 1502 1364 :
1549 1312 1670 1367 [deo
1698 1329 1917 1369 necesse

346 1405 428 1451 est
457 1398 700 1452 subditos
738 1413 876 1462 esse,
922 1415 1026 1452 non
1058 1399 1228 1454 solum
1258 1403 1676 1470 propteriram,
1728 1420 1915 1458 verum

347 1489 501 1541 etiam
566 1495 790 1557 propter
841 1489 1248 1543 conscientiam.
1301 1489 1655 1545 Conscientia:
1706 1507 1918 1561 quoque

345 1578 463 1646 quis
487 1577 756 1643 subditur,
780 1594 901 1632 cum
942 1579 1101 1632 habet
1125 1581 1177 1632 in
1203 1595 1261 1634 se
1283 1595 1390 1649 quo
1417 1591 1701 1637 accusetur
1728 1598 1758 1636 a
1787 1599 1917 1637 con-

342 1671 586 1725 scientia.
623 1669 718 1724 llis
751 1686 879 1740 ergo
907 1671 1068 1725 etiam
1102 1672 1296 1729 tributa
1326 1674 1630 1742 pendimus,
1658 1674 1784 1728 dum
1814 1677 1911 1730 ad—

343 1761 445 1815 huc
474 1761 768 1815 secundum
799 1777 1018 1817 carnem
1049 1763 1296 1825 vivimus,
1333 1771 1386 1818 et
1429 1780 1549 1833 quae
1573 1768 1754 1821 carnis
1787 1776 1913 1822 sunt

340 1854 676 1922 cogitamus:
724 1868 848 1906 nam
878 1853 921 1906 si
954 1853 1164 1907 vineam
1205 1855 1414 1908 Domini
1455 1857 1714 1921 colamus,
1749 1868 1803 1912 et
1833 1861 1911 1913 vi-

343 1952 450 1995 tam
481 1958 686 2006 veram,
722 1957 842 2010 qua:
865 1952 948 1998 est
975 1944 1239 2010 Christus,
1281 1959 1630 2002 exerceamus
1657 1949 1710 2000 in
1736 1949 1910 2014 nobis,

339 2036 404 2088 de
433 2036 536 2088 ista
559 2036 711 2089 vinea
744 2051 851 2090 non
879 2036 1139 2090 ministris
1164 2037 1342 2091 surculi
1375 2039 1571 2092 tributa
1607 2042 1910 2108 pendimus,

340 2126 434 2179 sed
481 2127 584 2195 ipsi
615 2127 840 2181 Domino
881 2126 1086 2180 fructus
1125 2129 1176 2181 in
1221 2135 1462 2196 tempore
1505 2130 1798 2196 reddimus,
1831 2148 1915 2187 se-

340 2215 575 2269 cundum
628 2217 767 2284 quod
820 2217 934 2285 ipse
983 2216 1228 2271 Salvator
1283 2218 1336 2271 in
1393 2218 1684 2288 Evangelia
1734 2221 1911 2275 dicit:

343 2307 476 2372 Quia
531 2305 735 2360 colonis
787 2307 943 2361 malis
998 2308 1210 2360 vineam
1259 2307 1418 2370 tulit,
1482 2315 1535 2361 et
1595 2310 1742 2362 dabit
1796 2324 1914 2364 eam

343 2395 462 2448 aliis
520 2395 758 2461 colonis,
821 2397 910 2465 qui
973 2397 1183 2449 reddent
1233 2396 1282 2450 ei
1332 2397 1534 2465 fructus
1577 2397 1630 2450 in
1689 2406 1914 2468 tempore

344 2501 436 2536 sua
509 2484 677 2554 (Luc.
740 2502 808 2538 xx
831 2484 874 2557 ).
949 2485 1166 2540 Reddite
1237 2503 1358 2556 ergo
1416 2486 1655 2540 omnibus
1719 2488 1909 2542 debita.

347 2572 528 2627 Potest
577 2575 740 2628 etiam
806 2574 1147 2646 cleemosyna
1192 2575 1429 2630 debitum
1484 2576 1779 2645 appellari,
1834 2578 1916 2632 di-

343 2672 494 2717 texite
557 2663 883 2732 Scriptura:
949 2663 1149 2719 Inclina
1215 2666 1436 2734 pauperi
1494 2681 1679 2722 aurem
1744 2674 1909 2734 tuam,

343 2765 394 2808 et
420 2755 586 2809 redde
609 2756 846 2810 debitum
875 2763 1046 2810 tuum.
1077 2755 1176 2810 Cui
1200 2759 1476 2823 tributum,
1509 2759 1780 2823 tributum,
1812 2761 1915 2817 hoc

343 2855 441 2907 ezt,
471 2846 677 2900 reddite
701 2847 959 2900 tributum
979 2888 994 2912 ,
1040 2847 1126 2901 cui
1153 2847 1485 2902 reddendum
1512 2851 1908 2905 est'tributum.

347 2937 623 2990 Tributum
668 2947 752 2990 est
791 2937 932 3006 quod
953 2942 1117 2991 manu
1159 2938 1434 2992 tribuitur.
1473 2938 1711 3008 Vectigal
1733 2949 1912 2995 autem

344 3027 480 3094 quod
525 3026 786 3081 vehiculis
812 3027 1044 3081 vehitur.
1096 3027 1336 3081 Primum
1362 3043 1424 3083 ea
1453 3044 1572 3098 qua:
1607 3038 1731 3084 sunt
1760 3039 1913 3099 pote-

341 3117 492 3171 statis
518 3118 679 3188 regia:
703 3117 881 3173 debite
905 3118 1106 3173 exsolvi
1130 3118 1305 3188 jubet,
1340 3120 1468 3189 quia
1498 3119 1670 3189 major
1697 3122 1782 3176 his
1817 3138 1911 3177 ne-

343 3209 564 3263 ressitas
588 3216 694 3264 est.
722 3209 819 3263 Cui
845 3209 1080 3263 timorem
1099 3249 1115 3273 ,
1159 3210 1438 3272 timorem._
1462 3209 1724 3264 Potestati
1754 3212 1911 3266 timo-

343 3313 454 3352 rem
480 3298 840 3353 exhibendum
871 3297 1022 3362 dicit,
1069 3298 1196 3366 quia
1243 3298 1405 3352 timor
1434 3299 1687 3368 prohibet
1714 3315 1909 3368 pecca-

344 3401 471 3455 tum,
516 3390 708 3445 deinde
752 3390 1018 3455 Domino,
1063 3391 1273 3460 parenti
1323 3399 1554 3456 terreno,
1601 3402 1662 3446 ut
1709 3395 1912 3462 gratias

342 3491 481 3552 agat,
512 3497 543 3535 a
575 3483 703 3545 lilio,
747 3497 778 3535 a
816 3498 974 3538 servo
1011 3481 1336 3538 Christiano.
1378 3481 1476 3537 Cui
1504 3484 1774 3552 honorem,
1820 3487 1913 3539 ho-

343 3589 537 3626 norem.
570 3572 754 3627 Potest
784 3575 872 3628 hic
893 3575 1066 3629 honor
1091 3574 1233 3629 circa
1260 3589 1350 3629 eos
1377 3589 1496 3629 esse
1526 3576 1616 3645 qui
1657 3577 1912 3633 sublimes

343 3662 588 3715 videntur
615 3663 669 3716 in
712 3663 930 3728 mundo,
964 3672 1024 3718 ut
1057 3663 1300 3718 videntes
1334 3664 1690 3720 humilitatem
1730 3681 1914 3721 servo-

341 3767 478 3814 rum,
510 3749 788 3806 Christum
835 3751 1055 3807 laudent
1094 3753 1273 3824 potius
1302 3769 1462 3824 quam
1491 3755 1796 3825 vituperent
1821 3757 1915 3811 do-

341 3843 570 3895 ctrinam
631 3844 1015 3914 evangelicam.
1080 3843 1291 3899 Nemini
1339 3846 1622 3915 quidquam
1665 3846 1910 3900 debeatis.

340 3933 440 3987 llic
470 3933 657 4002 incipit
683 3935 975 4004 praedicare
1021 3937 1362 3991 charitatem.
1411 3936 1604 3991 Pacem
1633 3937 1747 3991 vult
1775 3938 1911 4001 ﬁeri,

339 4025 378 4076 si
409 4032 606 4092 potest,
639 4039 762 4079 cum
801 4025 1081 4088 omnibus,
1115 4026 1455 4082 dilectionem
1485 4043 1614 4082 vero
1663 4044 1782 4083 cum
1815 4028 1918 4083 fra-

339 4113 538 4176 tribus,
585 4122 639 4167 et
663 4114 750 4168 hic
781 4122 959 4168 tamen
993 4116 1194 4171 honore
1221 4125 1455 4172 servato.
1495 4117 1700 4172 Idcirco
1735 4127 1914 4173 autem

339 4202 616 4255 debitores
654 4201 812 4266 dicit,
850 4204 974 4272 quia
1003 4205 1207 4259 homini
1251 4207 1343 4275 qui
1370 4207 1562 4277 dignus
1589 4215 1671 4262 est
1713 4209 1916 4262 honore

338 4295 450 4346 sive
478 4294 735 4362 pratscnti
765 4294 874 4348 sive
902 4292 1105 4360 futuro,
1153 4295 1372 4364 dignum
1421 4305 1505 4352 est
1529 4308 1583 4353 et
1603 4297 1808 4365 justum
1837 4299 1918 4352 in-

1939 1732 1986 1790 B

2019 491 2146 559 quid
2184 491 2274 560 qui
2313 491 2618 561 proximum
2669 505 2824 545 suum
2863 490 3078 560 diligit,
3123 493 3176 546 in
3225 506 3449 545 uxorem
3478 490 3594 561 ejus

2018 581 2336 636 adulterium
2376 581 2702 637 committit?
2743 581 3022 651 Nunquam
3049 583 3308 652 profecto.
3341 581 3431 638 Sic
3455 591 3512 637 et
3534 582 3587 637 in

2019 673 2248 726 ueteris.
2308 672 2422 727 Hoc
2475 672 2652 742 ipsum
2694 673 3100 740 intelligendum
3145 681 3228 727 est
3272 675 3373 728 hoc
3420 674 3588 728 verbo

2020 773 2347 817 restauratur
2373 777 2391 814 :
2417 764 2542 832 quia
2577 763 2631 816 in
2662 763 2892 830 proximi
2918 763 3206 817 dilectione
3233 764 3408 817 omnis
3426 763 3588 832 justi-

2021 856 2090 910 tia
2122 854 2541 923 recapitulatur:
2579 853 2776 922 Diliges
2818 855 3112 922 proximum
3141 863 3288 906 tuum
3330 853 3462 906 sicut
3512 861 3590 905 te—

2017 945 2204 1014 ipsum.
2251 944 2364 998 Hoc
2396 945 2450 998 in
2470 944 2707 998 Levitico
2745 942 2894 1013 (Cap.
2926 941 3035 1014 xvr)
3084 943 3342 1012 scriptum
3384 951 3486 998 est.
3524 941 3593 995 Et

2017 1035 2112 1087 hoc
2154 1035 2370 1088 scientes
2410 1044 2629 1102 tempus.
2681 1033 2858 1087 llzeret
2887 1048 3008 1086 cum
3058 1032 3452 1102 superioribus,
3503 1031 3591 1085 ubi

2016 1125 2151 1179 dixit
2181 1143 2194 1178 :
2235 1122 2440 1178 Subditi
2475 1133 2651 1177 estote.
2704 1122 2965 1188 Quoniam
3006 1123 3134 1176 hora
3163 1131 3237 1176 est
3257 1123 3377 1188 jam
3409 1140 3500 1176 nos
3528 1122 3594 1176 de

2016 1232 2196 1268 somno
2225 1230 2451 1284 surgere.
2489 1213 2556 1268 Ut
2585 1212 2650 1267 ad
2671 1212 2992 1281 perfectiora
3017 1212 3250 1267 tendatis
3275 1231 3288 1266 :
3318 1227 3424 1266 non
3447 1212 3592 1266 cnim

2017 1304 2221 1358 debetis
2261 1317 2475 1370 semper
2510 1302 2716 1371 parvuli
2760 1310 2814 1355 et
2850 1301 3109 1356 lactentes
3154 1317 3294 1357 esse.
3345 1302 3486 1372 Ergo
3526 1302 3594 1355 de

2017 1409 2206 1448 somno
2252 1393 2458 1446 inertiae
2489 1403 2542 1447 et
2569 1393 2885 1461 ignorantia:
2928 1392 3265 1461 consurgite,
3311 1391 3422 1461 jam
3450 1391 3596 1444 enim

2016 1485 2243 1538 scientia
2268 1484 2449 1538 «lucet.
2507 1483 2662 1538 Nunc
2695 1486 2832 1538 enim
2865 1486 3078 1554 propior
3111 1495 3183 1538 est
3213 1485 3356 1538 salus
3393 1495 3592 1546 nostra,

2014 1590 2170 1644 quam
2205 1591 2326 1629 cum
2367 1573 2701 1627 credidimus.
2754 1574 3003 1639 Quotidie
3032 1575 3364 1643 propiorest
3411 1583 3595 1629 nostra

2015 1665 2181 1730 salus,
2211 1665 2352 1720 sicut
2377 1672 2433 1722 et
2471 1665 2729 1719 Dominus
2765 1681 2886 1720 cum
2915 1666 3396 1721 consummationis
3413 1666 3595 1720 saeculi

2015 1758 2166 1829 signa
2194 1758 2564 1827 distingueret,
2596 1757 2730 1811 dixit
2756 1777 2770 1810 ;
2798 1755 2926 1811 Cum
2958 1757 3234 1811 audieritis
3260 1758 3369 1811 hare
3397 1759 3593 1833 omnia,

2013 1846 2236 1902 alleuate
2260 1847 2435 1917 capita
2472 1854 2661 1908 vestra,
2714 1847 2962 1916 quoniam
3002 1846 3272 1916 appr-apio:
3317 1844 3596 1914 redemptio

2014 1949 2179 1993 uestra
2205 1938 2356 2010 (Luc.
2387 1936 2507 2007 xu).
2540 1937 2666 1991 Non:
2685 1939 2964 2008 praecessit,
2995 1938 3104 1991 dies
3128 1948 3301 1992 autem
3324 1937 3599 2006 appmpin—

2013 2029 2206 2100 quatit.
2243 2017 2533 2097 Comparat
2570 2027 2673 2082 diei
2701 2028 3003 2092 scientiam,
3036 2036 3092 2082 et
3118 2029 3478 2097 ignorantiam
3503 2043 3598 2080 no-

2013 2121 2106 2174 cti.
2157 2119 2479 2189 Abjiciamus
2505 2135 2626 2188 ergo
2663 2135 2821 2188 opera
2855 2118 3206 2182 tenebrarum,
3238 2127 3286 2170 et
3315 2117 3600 2170 induamur

2014 2225 2162 2261 arma
2213 2209 2364 2261 lucis.
2425 2208 2558 2262 Cum
2618 2208 2920 2277 ignorantia
2970 2207 3284 2276 abjiciamus
3335 2204 3494 2261 simul
3544 2213 3600 2259 et

2013 2313 2175 2366 opera
2207 2298 2542 2366 ignorantiae,
2592 2306 2648 2352 et
2669 2314 2818 2352 arma
2849 2299 3001 2361 lucis,
3052 2299 3154 2354 hoc
3183 2307 3286 2364 est,
3313 2314 3477 2369 opera
3519 2297 3596 2351 lu-

2014 2388 2176 2441 minis
2206 2388 2490 2440 induamns
2519 2405 2531 2451 ;
2587 2389 2674 2455 qui
2706 2389 2848 2441 enim
2880 2389 3020 2444 male
3057 2391 3187 2460 agit,
3235 2391 3350 2444 odit
3380 2391 3553 2444 lucem
3582 2408 3593 2442 :

2014 2478 2104 2544 qui
2137 2493 2266 2532 vero
2297 2479 2583 2532 veritatem
2614 2478 2762 2542 facit,
2809 2481 2956 2533 venit
3000 2480 3067 2535 ad
3095 2481 3287 2534 lucem.
3320 2481 3595 2535 Tenebra-

2014 2582 2133 2619 rum
2156 2574 2279 2620 sunt
2313 2582 2477 2635 opera
2513 2567 2642 2620 vitia
2687 2570 2887 2633 carnis,
2915 2585 3065 2622 arma
3109 2585 3240 2624 vero
3275 2569 3412 2624 lucis
3447 2579 3596 2640 gesta

2014 2663 2139 2710 sunt
2164 2657 2322 2710 bona.
2392 2656 2521 2711 Boni
2550 2672 2680 2726 ergo
2709 2669 2862 2712 actus
2887 2674 3038 2711 arma
3071 2658 3208 2712 lucis
3230 2667 3356 2711 sunt
3381 2676 3394 2724 ;
3424 2661 3598 2728 impu-

2013 2757 2181 2818 gnant
2207 2748 2350 2802 enim
2395 2749 2644 2803 tenebras
2667 2789 2683 2812 ,
2733 2765 2854 2818 qua:
2900 2759 3026 2804 sunt
3059 2751 3186 2803 vitia
3217 2751 3416 2805 carnis.
3465 2750 3595 2819 Quae

2014 2841 2120 2894 sint
2158 2849 2336 2895 autem
2386 2855 2551 2910 opera
2599 2843 2947 2896 tenebrarum
2981 2860 3100 2912 quae
3126 2843 3424 2912 abjicienda
3467 2833 3594 2910 sint,

2013 2943 2405 3002 consequenter
2439 2941 2725 2988 enumerat
2751 2942 2803 2988 et
2841 2934 2972 2989 dicit
3019 2953 3032 2988 :
3075 2933 3196 2989 Non
3233 2937 3288 2989 in
3335 2952 3596 2991 comessa-

2013 3025 2258 3078 tionibus.
2305 3023 2741 3080 Comessationes
2789 3034 2990 3091 autem,
3036 3026 3178 3081 sicut
3228 3027 3513 3083 inhonesta
3539 3037 3595 3084 et

2011 3114 2284 3169 luxuriosa
2311 3114 2581 3182 convivia,
2608 3116 2805 3185 quibus
2833 3117 3140 3170 necessario
3166 3132 3351 3172 comes
3379 3125 3599 3174 esttur-

2006 3205 2229 3274 pissima
2257 3205 2592 3273 temulentia,
2623 3216 2676 3260 et
2721 3207 2850 3276 quid
2883 3205 3028 3261 aliud
3072 3209 3436 3278 subsequitur,
3485 3209 3590 3264 nisi

2010 3296 2203 3351 cubilia
2231 3304 2284 3350 et
2309 3297 2674 3367 impudicitiae.
2704 3296 2756 3350 N
2761 3314 2826 3351 οη
2854 3299 2908 3352 in
2934 3301 3260 3354 contentione
3286 3310 3334 3354 et
3364 3299 3588 3355 wmula-

2008 3389 2166 3442 tione.
2209 3387 2376 3445 Recte
2401 3391 2468 3445 ab
2497 3390 2583 3444 bis
2617 3391 2854 3457 coerceri
2878 3399 3080 3456 monet,
3108 3393 3232 3460 quia
3263 3392 3438 3446 omnis
3463 3406 3595 3446 con-

2011 3478 2181 3531 tentio
2207 3487 2264 3532 ct
2291 3478 2438 3533 zelus
2481 3479 2820 3535 inimicitiam
2862 3481 3041 3549 parit:
3094 3482 3210 3534 haec
3245 3482 3387 3534 enim
3413 3480 3592 3533 omnia

2012 3566 2265 3621 tenebras
2285 3576 2461 3634 vocat,
2512 3584 2631 3638 quae
2659 3569 2726 3623 ad
2755 3569 2891 3624 lucis
2937 3569 3157 3638 praemia
3180 3570 3463 3638 pervenire
3491 3585 3596 3626 non

2011 3666 2265 3725 possunt.

2085 3747 2189 3801 Sed
2217 3749 2414 3800 induite
2460 3765 2545 3802 ros
2587 3749 2867 3802 Dominum
2908 3747 3091 3802 Iesum
3133 3747 3416 3803 Christum.
3467 3749 3596 3805 Fre-

2013 3844 2240 3904 quenter
2281 3836 2514 3889 diximus
2539 3875 2552 3898 ,
2587 3835 2862 3888 Christum
2906 3835 3224 3905 sapientiam
3250 3851 3398 3901 esse,
3436 3845 3486 3892 et
3511 3837 3597 3904 ju—

2014 3927 2236 3992 stitiam,
2265 3934 2318 3980 et
2351 3926 2830 3981 sanctiﬁcationem
2854 3968 2869 3994 ,
2903 3935 2958 3982 et
2988 3927 3267 3982 veritatem
3287 3936 3388 3993 ,.et
3407 3943 3594 3983 omnes

2015 4016 2174 4070 simul
2205 4016 2446 4080 virtutes,
2490 4032 2627 4086 quas
2664 4017 2851 4086 utique
2891 4019 2982 4086 qui
3018 4019 3400 4088 assumpserit,
3439 4014 3619 4074 Chri—~

2017 4119 2160 4161 stum
2187 4108 2383 4162 dicitur
2407 4107 2662 4162 induisse.
2716 4107 2772 4162 Si
2795 4110 2938 4164 enim
2968 4111 3084 4165 haec
3113 4111 3294 4165 omnia
3323 4110 3592 4176 Christus,

2016 4199 2326 4254 necessario
2368 4201 2459 4268 qui
2487 4201 2603 4254 haec
2635 4201 2818 4266 habet,
2870 4202 3029 4256 habet
3065 4211 3119 4257 et
3145 4203 3458 4260 Christum:
3499 4207 3590 4273 qui

2017 4297 2196 4342 autem
2225 4289 2341 4343 haec
2384 4290 2564 4352 habet,
2614 4290 2795 4344 carnis
2839 4306 3024 4345 curam
3052 4293 3104 4346 in
3143 4295 3592 4364 concupiscentiis

339 4383 549 4437 dinari,
600 4383 686 4437 111i
730 4384 867 4438 enim
913 4385 1034 4454 quis
1079 4385 1385 4451 inclinatur,
1434 4402 1464 4440 θ
1508 4402 1616 4456 quo
1655 4388 1912 4443 honorem
1940 4410 1992 4468 Β
2016 4394 2122 4433 non
2151 4377 2318 4433 facit:
2352 4377 2421 4431 Et
2449 4379 2622 4432 carnis
2649 4396 2830 4432 curam
2859 4396 2920 4433 ne
2941 4380 3167 4449 feceritis
3205 4383 3259 4436 in
3299 4383 3587 4437 desideriis.

338 4473 554 4542 accipit,
583 4466 1020 4528 idcirco’dcbitor
1061 4475 1297 4529 dicitur:
1336 4475 1380 4529 si
1401 4476 1546 4530 enim
1577 4492 1682 4534 non
1713 4477 1813 4531 hoc
1835 4476 1914 4530 fe-

337 4566 482 4618 ceris
504 4565 736 4635 principi
762 4573 879 4631 tuo,
917 4567 1193 4635 superbies
1217 4583 1236 4620 :
1265 4575 1358 4620 aut
1383 4567 1528 4621 enim
1549 4569 1749 4623 merito
1771 4571 1912 4638 quis,

339 4660 432 4706 aut
473 4661 636 4707 :etate
681 4652 1026 4709 honorandus
1066 4662 1168 4709 est.
1223 4653 1327 4719 Qui
1370 4655 1506 4708 enim
1537 4655 1704 4726 diligit
1737 4659 1918 4728 proxi-

341 4762 514 4807 mat,
547 4744 709 4814 legem
748 4745 994 4815 implevit.
1024 4745 1219 4816 Legem
1247 4745 1429 4800 datam
1459 4760 1490 4799 a
1519 4745 1698 4817 Moyse
1728 4747 1917 4818 imple-

344 4835 444 4896 bit,
478 4834 571 4903 qui
595 4835 902 4904 proximum
937 4835 1144 4901 diligit;
1193 4851 1318 4889 nam
1349 4849 1498 4890 nova:
1524 4835 1658 4905 legis
1690 4839 1913 4892 manda-

348 4932 460 4975 tum
483 4934 568 4977 est
591 4925 754 4977 etiam
786 4924 1035 4980 inimicos
1062 4925 1398 4994 diligendus;
1435 4925 1592 4980 aliter
1619 4928 1911 4982 secundum

351 5013 656 5081 parabolam
693 5015 904 5070 Domini
945 5015 1059 5070 sine
1088 5015 1406 5070 discretione
1452 5015 1662 5070 cunctis
1702 5016 1914 5071 miseri-

350 5105 584 5159 cordiam
612 5106 728 5162 ﬁeri
747 5107 1046 5176 jubentem,
1074 5107 1248 5162 omnis
1285 5107 1446 5161 homo
1479 5107 1756 5175 proximus
1788 5123 1914 5163 cen-

350 5194 546 5249 sendus
579 5205 680 5252 est.
731 5197 1009 5264 Quomodo
1049 5199 1218 5267 possit
1243 5199 1365 5268 quis
1389 5198 1562 5268 legem
1588 5199 1643 5252 in
1669 5214 1777 5254 uno
1801 5214 1915 5255 ser-

347 5301 506 5339 mone
543 5287 814 5357 complere
863 5289 1229 5359 plenissimam
1276 5290 1450 5344 reddit
1486 5290 1747 5346 rationem
1771 5332 1786 5358 ,
1833 5293 1914 5348 di-

346 5390 476 5430 cens
502 5394 516 5429 :
549 5375 772 5431 Dilectio
794 5377 1018 5448 proximi
1038 5377 1235 5431 malum
1257 5393 1359 5432 non
1393 5388 1675 5448 operatur:
1716 5389 1764 5434 et
1797 5381 1914 5435 ideo

339 5463 610 5530 plenitudo
653 5465 780 5537 legis
821 5476 898 5521 est
938 5467 1164 5522 dilectio.
1211 5467 1372 5523 Ponit
1404 5471 1549 5524 enim
1579 5486 1676 5540 per
1703 5471 1914 5543 singula

340 5555 596 5609 mandata
629 5555 764 5625 legis
795 5555 1156 5623 dilectionem,
1190 5565 1245 5612 et
1269 5557 1390 5613 vide
1414 5573 1576 5628 quam
1601 5558 1758 5615 facile
1785 5577 1918 5617 cun-

338 5654 426 5697 cta
462 5646 820 5714 complentur.
852 5645 1102 5718 Nunquid
1124 5648 1266 5704 enim
1297 5649 1389 5717 qui
1418 5648 1590 5720 diligit
1613 5652 1913 5720 proximum

2019 4467 2109 4522 Sic
2141 4466 2393 4522 Salomon
2423 4467 2500 4522 ait
2527 4485 2540 4520 :
2580 4467 2706 4524 Post
2728 4471 3190 4541 concupiscentias
3232 4479 3351 4528 tuas
3378 4487 3445 4526 ne
3472 4487 3586 4528 eas.

2013 4557 2072 4612 ln
2092 4558 2198 4613 hoc
2221 4558 2524 4614 necessaria
2552 4573 2658 4614 non
2686 4560 2962 4629 prohibuit
3003 4562 3096 4616 sed
3123 4561 3590 4635 concupiscendus

2011 4649 2294 4704 reseeavit.

2594 4741 2820 4798 CAPUT
2862 4743 3000 4799 XIV.

2088 4827 2366 4897 Infirmum
2387 4837 2559 4884 autent
2579 4832 2635 4885 in
2669 4831 2772 4899 ﬁde
2793 4833 3025 4901 accipite.
3054 4831 3166 4888 Hoc
3188 4840 3292 4898 est,
3320 4833 3585 4902 Judaeum,

2017 4938 2189 4993 nuper
2208 4923 2263 4976 in
2290 4921 2563 4978 Christum
2597 4925 2903 4979 credentem
2940 4938 3281 4994 nequaquam
3309 4925 3583 4996 olTendite,

2018 5015 2114 5069 sed
2137 5013 2412 5082 adjuvatc,
2443 5022 2504 5070 ut
2532 5015 2848 5069 arundinem
2875 5023 3186 5083 quassatam
3215 5032 3321 5072 non
3351 5018 3586 5075 confrin-

2018 5106 2155 5174 gatis
2183 5103 2546 5178 (Matth.xx1).
2585 5104 2708 5160 Non
2729 5107 2782 5178 in
2808 5105 3200 5174 disceptatione.
3233 5107 3310 5163 Ne
3339 5111 3586 5167 dixeritis

2019 5196 2090 5260 ei,
2132 5196 2214 5251 vel
2259 5211 2327 5252 ne
2355 5197 2662 5265 imputetis,
2715 5194 2856 5264 quod
2885 5210 2994 5250 non
3029 5206 3275 5267 oporteat
3303 5199 3420 5255 fieri
3466 5215 3586 5270 quae

2019 5288 2305 5343 carnaliter
2352 5289 2640 5352 observat;
2671 5301 2815 5346 .nam
2866 5302 2973 5357 quo
3026 5299 3185 5360 pacto
3235 5291 3351 5346 ausi
3397 5306 3586 5350 sumus

2009 5377 2155 5434 ferre
2200 5378 2520 5435 sententiam
2551 5376 2617 5432 de
2641 5377 2861 5433 alterius
2894 5380 3056 5436 corde
3093 5380 3234 5449 quod
3277 5395 3385 5437 non
3428 5381 3584 5439 vide-

2011 5468 2174 5524 mus?
2219 5467 2321 5533 Qui
2361 5477 2535 5520 autem
2568 5467 2810 5537 inﬁrmus
2834 5477 2932 5534 est,
2969 5467 3082 5523 olus
3107 5469 3402 5528 manducet.
3446 5472 3586 5532 llinc

2010 5559 2289 5630 probatur,
2342 5558 2466 5628 quia
2511 5573 2616 5614 non
2655 5559 2721 5614 de
2757 5556 2975 5622 Judaais,
3022 5568 3082 5614 ut
3116 5561 3330 5630 quidam
3365 5570 3576 5632 putant.

2015 5653 2108 5710 sed
2134 5652 2200 5708 de
2225 5651 2617 5708 abstinentibus
2650 5649 2830 5705 dicat:
2863 5665 2967 5706 non
2997 5652 3142 5708 enim
3165 5667 3356 5710 carnes
3387 5667 3567 5707 secun-
