3974 6202
366 306 473 382 tia

1776 322 2042 379 SEDULll
2083 323 2279 380 SCOTI

3496 327 3600 387 49.0

363 438 490 493 dum
520 436 693 507 legem
738 437 1004 501 mandas,
1052 437 1149 491 sed
1189 437 1311 495 sola
1344 436 1491 492 olera
1518 438 1929 493 manducabant.
1962 440 2011 499 Α
2038 438 2244 492 tiﬁcant
2314 439 2557 494 membra
2612 456 2709 497 sua
2775 456 2894 513 qua:
2955 456 3081 502 sunt
3130 461 3313 516 super
3379 456 3601 507 terram.

365 525 470 593 Qui
494 524 775 580 manducet
795 565 812 591 ,
853 540 956 579 non
982 526 1381 579 ptandueantem
1411 530 1481 581 ne
1496 536 1727 597 spernat.
1758 527 1933 582 Habe-

364 618 492 671 bant
517 617 658 672 inter
686 630 746 671 se
784 615 1076 673 scandala:
1109 616 1183 670 illi
1212 614 1334 672 illos
1368 620 1521 687 quasi
1556 619 1803 673 carnales
1842 618 1931 687 ju-

364 708 634 772 dicabant,
678 715 733 762 et
760 707 835 761 illi
862 706 983 763 illos
1028 715 1284 778 tanquam
1312 709 1505 765 stultos
1531 709 1852 772 irridebant,
1879 718 1935 763 et

363 798 764 868 superstitiosos
799 798 1076 865 putabant.
1112 797 1256 853 Deus
1283 801 1420 853 enim
1447 798 1597 853 illum
1629 801 1928 869 assumpsit.

363 888 476 944 Hoc
498 896 603 955 est,
648 888 723 944 ita
763 888 912 943 illum
960 889 1105 944 Deus
1143 890 1358 944 vocavit
1396 890 1449 943 in
1488 891 1749 944 unitatem
1782 890 1930 953 ﬁdei,

362 980 500 1036 sicut
523 987 578 1035 et
598 987 671 1035 te.
692 978 771 1032 Tu
790 980 905 1050 quis
924 996 978 1033 es
1005 980 1095 1050 qui
1123 980 1336 1050 judicas
1357 980 1382 1033 Ζ)
1406 980 1570 1049 Cujus
1596 982 1933 1036 auctoritatis

359 1087 440 1139 es,
469 1080 532 1127 ut
550 1071 762 1141 judices
784 1085 909 1125 eum
932 1084 1089 1139 quem
1128 1085 1233 1125 non
1252 1072 1455 1141 judicat
1489 1071 1617 1125 lex?
1658 1071 1809 1127 Unde
1837 1071 1930 1125 Ja-

358 1165 526 1219 cobus
552 1164 664 1217 ait:
713 1162 814 1229 Qui
833 1163 1039 1232 judieat
1064 1161 1285 1217 fratrem
1305 1162 1514 1231 j‘udicat
1546 1163 1741 1234 legem,
1787 1164 1934 1218 scili-

358 1254 445 1309 cet
474 1254 851 1323 sapientiorem
884 1268 944 1308 se
962 1253 1171 1323 judieat
1198 1254 1330 1323 lege.
1364 1254 1631 1308 Cazterum
1659 1256 1771 1322 ipse
1795 1256 1933 1309 Pau-

357 1332 441 1420 lus
470 1353 656 1399 contra
685 1347 994 1399 mandatum
1042 1343 1302 1400 facientes
1324 1343 1606 1413 judicavit,
1631 1353 1686 1399 et
1706 1345 1825 1400 aliis
1846 1347 1934 1416 ju-

358 1434 571 1489 dicandi
608 1434 791 1488 tribuit
846 1432 1176 1488 facultatem.
1254 1432 1364 1488 Suo
1410 1434 1636 1488 Domino
1686 1444 1790 1488 stat
1841 1444 1932 1488 aut

358 1526 519 1580 cadit.
561 1525 673 1581 Hoc
702 1534 803 1591 cst,
838 1526 951 1581 sive
977 1526 1129 1590 vivit,
1170 1527 1282 1580 sive
1317 1526 1564 1591 moritur,
1605 1527 1731 1595 quia
1768 1528 1932 1583 et-ille

354 1625 577 1688 propter
600 1616 767 1670 Deum
795 1615 1047 1682 abstinet,
1083 1625 1138 1671 et
1176 1617 1265 1672 ille
1295 1618 1587 1672 secundum
1616 1617 1784 1673 Deum
1825 1633 1934 1673 non

357 1709 606 1763 abstinet.
648 1704 815 1761 Stabit
841 1716 1013 1761 autem
1030 1751 1044 1770 ,
1089 1716 1269 1771 potens
1290 1718 1364 1762 est
1386 1710 1524 1762 enim
1549 1709 1687 1763 Deus
1706 1719 1934 1764 statuere

2105 527 2182 581 Tu
2222 538 2399 583 autem
2441 531 2567 601 quid
2585 532 2803 601 judicas
2829 533 3044 601 fratrem
3070 546 3217 590 tuum
3241 539 3267 591 Ρ
3296 536 3460 593 Docet
3496 556 3605 596 non

2032 626 2281 688 oportere
2315 620 2371 674 in
2399 619 2501 675 hac
2529 634 2587 675 re
2606 621 2874 690 judicare,
2924 625 3049 693 quia
3079 641 3184 682 nec.
3219 629 3533 684 continetur:
3549 632 3604 687 in

2033 708 2185 780 lcge;
2224 719 2507 781 propterea
2532 712 2698 767 Deum
2719 714 2957 783 judicem
2976 726 3365 787 exspectemus.
3394 706 3471 775 Et
3483 740 3607 778 con-

2032 801 2263 870 ﬁtebitur
2310 803 2476 857 omnis
2524 802 2704 874 lingua
2739 805 2870 860 Deo.
2922 806 3038 864 Hoc
3082 816 3203 875 est,
3258 812 3360 865 tria
3407 827 3608 882 genera

2032 888 2263 944 ﬁliorum
2310 889 2441 957 Noe,
2482 893 2548 947 de
2583 893 2710 948 Sem
2753 896 2895 950 enim
2938 897 3029 962 27,
3075 899 3142 954 de
3186 898 3353 955 Cham
3400 901 3489 964 22,
3539 902 3610 959 de

2032 975 2262 1046 Japheth
2302 979 2372 1035 2‘2
2408 980 2623 1050 ﬁngam,
2677 984 2780 1038 hoc
2829 993 2912 1039 est
2940 985 3009 1040 72
3049 996 3189 1042 nata:
3223 996 3368 1043 sunt.
3418 988 3524 1044 Sed
3550 992 3611 1045 in

2031 1069 2129 1123 hoc
2147 1071 2384 1139 judicate
2409 1074 2573 1144 magis
2609 1092 2672 1129 ne
2697 1076 2905 1146 ponatis
2957 1078 3330 1148 offendiculum
3354 1081 3506 1151 fratri
3532 1081 3610 1136 vel

2032 1160 2362 1215 scandalum.
2397 1163 2509 1219 Hoc
2544 1174 2645 1229 est,
2675 1175 2733 1221 ut
2763 1184 2867 1223 non
2898 1184 3116 1225 carnem
3164 1173 3494 1229 manducetis
3523 1190 3611 1230 co-

2033 1267 2149 1306 ram
2178 1254 2481 1310 abstinente
2505 1258 2761 1326 quolibet,
2788 1260 2870 1315 vel
2897 1277 3077 1316 coram
3106 1263 3317 1319 inﬁrmo
3345 1252 3527 1321 Iudaeo
3554 1267 3608 1321 in

2034 1339 2158 1396 fide.
2194 1342 2335 1398 Nam
2364 1346 2408 1398 si
2448 1357 2657 1417 propter
2694 1366 2863 1403 escam
2890 1350 3055 1419 frater
3096 1363 3217 1407 tuus
3247 1355 3608 1409 contristatur.

2032 1428 2149 1483 Non
2175 1429 2328 1493 dixit,
2372 1441 2589 1502 pr0pter
2617 1432 2920 1503 jejunium;
2974 1441 3070 1494 sed
3095 1457 3163 1495 ne
3210 1442 3370 1497 illum
3390 1444 3479 1512 qui
3519 1454 3613 1499 aut

2035 1517 2356 1585 inﬁrmatur,
2388 1530 2481 1576 aut
2509 1524 2772 1593 abstinet,
2822 1535 2914 1583 tuo
2943 1529 3188 1601 exemplo
3229 1547 3491 1601 provoces
3518 1545 3612 1590 aut

2034 1610 2343 1678 compellas.

2102 1699 2226 1753 Iam
2253 1718 2357 1756 non
2380 1703 2666 1758 secundum
2686 1704 2993 1761 charitatem
3022 1708 3282 1764 ambulas.
3309 1710 3442 1778 Quia
3472 1713 3613 1768 invi-

354 1800 524 1856 illum.
568 1800 670 1867 Qui
699 1810 809 1854 tres
836 1815 1034 1870 pueros
1070 1800 1428 1871 leguminibus
1456 1810 1639 1870 pastos
1683 1801 1931 1857 meliores

2035 1798 2120 1846 tus
2148 1793 2458 1861 manducat,
2489 1795 2633 1865 quod
2660 1795 2737 1850 illi
2766 1812 2872 1852 non
2898 1798 3133 1868 expedit.
3168 1776 3347 1855 Etiam
3364 1818 3469 1857 non
3497 1804 3614 1858 dili-

354 1907 614 1963 apparere
643 1890 771 1947 fecit
819 1907 982 1962 quam
1009 1892 1127 1947 illos
1157 1892 1246 1961 qui
1294 1892 1361 1946 de
1398 1904 1584 1947 mensa
1620 1892 1763 1962 regis
1804 1892 1933 1947 ede-

356 1983 512 2048 bant,
557 1990 734 2054 potest
756 1990 812 2039 et
840 1983 959 2039 illos
1004 1982 1182 2038 facere
1212 1983 1413 2037 diutius
1454 1983 1509 2037 in
1536 1998 1760 2053 corpore
1788 1991 1934 2038 stare

357 2073 443 2127 vel
483 2081 742 2139 statuere,
786 2072 892 2127 hoc
930 2080 1031 2136 est,
1077 2073 1130 2126 in
1160 2071 1264 2127 ﬁde
1293 2073 1516 2126 robusta
1540 2086 1758 2140 ponere.
1789 2070 1931 2125 Nam

355 2161 494 2217 alius
531 2158 742 2233 judicat
789 2161 927 2215 diem
972 2162 1108 2215 inter
1147 2160 1304 2214 diem.
1359 2160 1628 2216 Subaudis
1662 2159 1930 2230 jejunare,

353 2255 460 2310 hoc
492 2261 595 2319 est,
625 2253 894 2309 modicum
919 2254 1099 2308 edere.
1146 2252 1315 2308 Judaei
1346 2253 1401 2307 in
1434 2254 1577 2308 escis
1616 2254 1756 2308 diem
1791 2254 1935 2308 inter

354 2348 499 2402 diem
519 2346 762 2416 judicare
793 2363 900 2402 non
940 2353 1209 2416 poterant.
1258 2346 1398 2416 Ergo
1431 2347 1498 2401 de
1517 2345 1723 2416 jejunio
1749 2354 1804 2401 et
1833 2346 1931 2401 ab—

355 2437 610 2492 stinentia
647 2437 814 2504 dicit,
856 2452 974 2506 quae
1012 2452 1118 2491 non
1151 2444 1277 2491 sunt
1312 2435 1413 2490 sub
1438 2445 1587 2491 certo
1616 2436 1775 2491 modo
1799 2436 1933 2507 legis

357 2530 611 2584 redacta:
652 2528 1022 2597 unusquisque
1070 2535 1278 2581 tantum
1334 2525 1495 2581 faciat
1546 2534 1809 2595 quantum
1837 2540 1934 2594 po-

357 2628 492 2682 test,
540 2622 595 2673 et
643 2627 902 2690 quantum
935 2618 1198 2673 mercedis
1238 2617 1440 2671 habere
1477 2616 1724 2672 voluerit.
1780 2616 1933 2671 Unde

355 2710 621 2779 sequitur,
654 2718 713 2764 ut
740 2709 1107 2779 unusquisque
1137 2708 1188 2761 id
1214 2706 1375 2763 faciat
1404 2709 1457 2762 in
1496 2707 1588 2761 tali
1612 2722 1772 2762 causa
1798 2708 1933 2762 dun-

355 2813 527 2867 taxat,
574 2803 718 2872 quod
762 2802 956 2857 melius
985 2801 1325 2872 judicaverit.
1380 2800 1451 2856 Et
1493 2802 1583 2872 qui
1624 2800 1928 2864 manducat,

355 2892 579 2951 Domino
606 2893 908 2949 manducet.
942 2895 1075 2962 Quia
1105 2904 1325 2971 propter
1344 2894 1513 2948 Deum
1539 2893 1844 2957 manducat,
1871 2901 1934 2948 ut

356 2986 698 3057 prmdicando
726 2989 1061 3058 evangelium
1092 2988 1263 3058 possit
1284 2988 1485 3041 habere
1512 2988 1791 3051 virtutem,
1834 3000 1932 3055 per

358 3096 518 3149 quam
548 3080 792 3135 conversi
834 3081 1035 3152 gratias
1059 3079 1301 3135 referant
1346 3079 1476 3135 Deo.
1522 3096 1628 3136 non
1659 3097 1767 3137 sum
1794 3080 1930 3151 gula:

358 3171 598 3236 studens,
655 3170 747 3225 sed
776 3169 1002 3226 aliorum
1045 3170 1223 3227 saluti.
1272 3171 1352 3226 Eo
1377 3173 1465 3244 qui
1494 3189 1597 3227 non
1623 3174 1924 3237 manducat,

357 3252 585 3312 Domino
633 3275 736 3312 non
784 3259 1088 3314 manducet.
1142 3260 1276 3327 Quia
1302 3276 1400 3331 per
1433 3260 1737 3330 exemplum
1786 3262 1930 3317 illius

357 3348 510 3404 multi
552 3350 848 3405 salvantur.
898 3350 965 3403 Et
995 3351 1193 3421 gratias
1235 3352 1344 3423 agit
1382 3352 1514 3418 Deo,
1545 3352 1649 3407 hoc
1688 3361 1790 3418 est,
1823 3368 1928 3407 non

357 3439 527 3494 solum
550 3440 728 3505 labiis,
768 3439 863 3495 sed
886 3440 1145 3509 exemplis
1170 3447 1222 3495 et
1249 3441 1520 3511 Operibus.
1553 3439 1748 3499 Nemo.
1792 3441 1929 3496 ﬁde-

357 3529 486 3584 lium
513 3529 611 3583 sibi
640 3531 777 3597 vivit,
827 3539 875 3584 et
899 3546 1047 3584 nemo
1086 3531 1184 3584 sibi
1225 3532 1466 3585 moritur.
1515 3530 1651 3597 Quia
1682 3531 1930 3586 Christus

357 3640 454 3694 pro
484 3623 733 3679 omnibus
758 3635 1000 3678 mortuus
1025 3632 1129 3688 est,
1157 3631 1217 3678 ut
1239 3632 1294 3678 et
1316 3625 1408 3694 qui
1437 3624 1656 3690 vivunt,
1680 3627 1792 3692 jam
1824 3639 1930 3679 non

357 3715 456 3769 sibi
484 3716 686 3780 vivant,
704 3716 814 3770 'sed
857 3715 951 3768 illi.
997 3715 1304 3770 Cavendum
1335 3724 1418 3770 est
1446 3723 1645 3779 autem,
1678 3730 1743 3769 ne
1774 3730 1873 3770 nos
1900 3730 1931 3769 e

357 3807 630 3862 contrario
658 3813 750 3860 aut
791 3805 945 3860 nobis
972 3807 1214 3861 vivamus
1240 3807 1633 3871 manducando,
1675 3816 1768 3861 aut
1804 3822 1932 3885 pro-

280 3920 305 3938 ι
355 3908 476 3966 pter
498 3896 741 3952 homines
769 3896 1061 3951 moriamur
1082 3895 1391 3967 jejunaudo.
1423 3896 1490 3952 In
1523 3899 1619 3952 hoc
1648 3899 1783 3952 enim
1807 3898 1932 3953 vixit

272 4036 286 4051 ,
356 3989 591 4043 Christus
616 3997 664 4040 et
687 3995 920 4039 mortuus
940 3994 1034 4039 est.
1063 3985 1338 4040 Adventus
1359 3987 1560 4041 Christi
1588 3996 1641 4041 et
1669 3988 1819 4041 vivos
1851 3988 1932 4041 in-

355 4083 568 4147 veniet,
620 4091 674 4137 et
706 4087 948 4135 mortuos
972 4077 1272 4141 suscitabit,
1303 4079 1554 4145 quoniam
1585 4077 1723 4131 vivis
1743 4085 1929 4131 osten-

357 4173 434 4227 dit
462 4173 607 4225 viam
633 4169 839 4236 salutis,
872 4177 926 4225 et
950 4184 1007 4224 se
1029 4167 1221 4223 obtulit
1244 4182 1344 4236 pro
1371 4167 1447 4220 eis
1470 4207 1484 4232 ,
1516 4175 1757 4221 mortuos
1802 4182 1930 4220 vero

356 4261 605 4316 liberavit
628 4260 694 4315 de
716 4260 941 4322 inferno,
972 4268 1081 4314 tam
1110 4259 1352 4312 vivorum
1399 4272 1559 4326 quam
1590 4264 1925 4309 mortuorum

355 4352 702 4416 dominatur;
742 4364 808 4404 ex
831 4349 1055 4418 perditis
1098 4348 1240 4402 enim
1270 4348 1465 4401 iterum
1487 4344 1801 4401 reformavit
1828 4345 1929 4400 sibi

360 4441 480 4497 illos
506 4440 559 4495 in
586 4452 789 4495 servos.
830 4436 966 4493 Puto
993 4437 1132 4506 quod
1172 4436 1379 4491 duobus
1416 4433 1591 4489 modis
1614 4441 1826 4489 constat
1872 4434 1926 4488 in
1954 4472 2005 4531 D

310 4570 315 4575 ι
356 4545 571 4586 omnem
618 4536 921 4584 creaturam
965 4526 1164 4580 Christi
1197 4526 1528 4581 dominatio:
1583 4540 1690 4580 uno
1725 4540 1832 4594 quo
1873 4526 1925 4580 vi

355 4618 651 4688 maiestatis
677 4624 733 4672 et
750 4616 1069 4671 necessitate
1088 4616 1340 4685 potentim
1364 4615 1700 4681 dominatur;
1734 4612 1924 4680 altero,

356 4725 464 4780 quo
493 4706 826 4765 rationabilis
851 4705 1072 4775 spiritus
1104 4714 1403 4774 exspectat,
1428 4713 1489 4759 ut
1507 4713 1698 4775 sponte
1723 4706 1924 4771 veniat,

355 4810 415 4856 ut
439 4800 713 4856 voluntate
747 4804 803 4850 et
841 4811 947 4849 non
989 4794 1309 4849 necessitate
1352 4795 1551 4849 bonum
1581 4803 1824 4864 quaerat,
1873 4803 1928 4850 et

356 4892 595 4947 docendo
639 4886 811 4960 magis
842 4900 1003 4956 quam
1049 4884 1361 4954 imperando
1386 4925 1401 4949 ,
1438 4885 1712 4940 lnvltando
1748 4887 1926 4954 potius

320 4974 327 4983 ’
355 4999 516 5052 quam
529 4978 899 5052 extorquendo
911 4976 1249 5050 persuadeat.
1280 4975 1406 5028 inde
1430 4975 1657 5042 denique
1677 4990 1846 5044 usque
1859 4976 1927 5029 ad

355 5081 586 5130 mortem
616 5073 867 5143 dignatur
884 5069 1185 5125 volentibus
1204 5076 1425 5138 peccato
1447 5075 1503 5122 et
1527 5068 1673 5122 vitiis
1692 5068 1923 5130 immori,

356 5163 730 5233 derelinquere
772 5161 1074 5233 exemplum
1093 5202 1108 5226 ,
1137 5164 1190 5215 et
1214 5164 1430 5230 propter
1460 5158 1564 5211 hoc
1594 5157 1647 5210 in
1669 5158 1925 5225 praesenti

353 5255 473 5309 loco
500 5252 786 5324 Apostolus
827 5254 958 5308 dicit
1000 5254 1202 5309 idcirco
1247 5266 1368 5307 eum
1399 5256 1666 5304 mortuum
1712 5258 1834 5303 esse
1871 5258 1928 5304 et

354 5344 576 5408 vixisse,
616 5348 679 5397 ut
716 5346 773 5396 et
804 5341 1070 5407 vivorum,
1117 5349 1171 5398 et
1215 5349 1549 5396 mortuorum
1580 5338 1919 5392 dominetur:

352 5433 600 5489 vivorum
644 5429 886 5503 profecto
926 5430 1137 5486 illorum
1165 5470 1179 5498 ,
1226 5433 1317 5502 qui
1364 5429 1775 5486 resurrectioais
1811 5426 1926 5497 ejus

354 5522 601 5592 exemplo
644 5537 835 5578 novam
882 5529 939 5576 et
984 5521 1259 5575 coelestem
1312 5522 1366 5576 in
1409 5520 1571 5577 terris
1600 5521 1823 5591 exigunt
1850 5520 1926 5573 vi-

361 5619 509 5674 tam;
544 5621 877 5665 mortuorum
928 5611 1161 5673 illorum,
1212 5612 1328 5664 sine
1373 5612 1553 5675 dubio,
1604 5612 1695 5681 Qui
1734 5611 1925 5666 morti-

354 5700 661 5759 {irationem
690 5701 887 5756 Christi
923 5702 972 5755 in
1004 5716 1228 5769 corpore
1247 5701 1669 5766 circumferunt,
1701 5713 1758 5757 et
1784 5716 1926 5756 mor—

2033 1883 2115 1953 gis
2138 1886 2443 1954 proximum
2474 1888 2615 1943 sicut
2648 1895 2722 1956 te,
2751 1889 2797 1944 si
2825 1905 2932 1945 non
2963 1890 3107 1946 illius
3139 1893 3423 1949 utilitatem
3458 1897 3609 1966 cogi-

2031 1980 2115 2028 tas
2139 1975 2292 2043 quasi
2319 1983 2488 2030 tuam.
2538 1977 2665 2033 Noli
2692 1980 2805 2035 cibo
2867 1990 2957 2035 tuo
2998 1980 3152 2036 illum
3196 1984 3428 2053 perdere.
3489 1986 3610 2041 Non

2033 2065 2170 2121 dixit
2221 2067 2547 2124 abstinentia
2594 2079 2708 2138 tua,
2766 2070 2908 2128 sicut
2950 2075 3168 2143 quidam
3220 2077 3424 2132 volunt.
3485 2079 3613 2135 Non

2032 2171 2153 2226 ergo
2193 2156 2573 2229 blasphemetur
2598 2160 2788 2215 bonum
2820 2173 3079 2219 nostrum.
3123 2165 3354 2234 Bonum,
3382 2169 3483 2224 hoc
3502 2179 3609 2236 est,

2032 2246 2276 2315 libertas,
2306 2265 2470 2320 quam
2500 2252 2761 2309 habemus
2798 2254 2850 2308 in
2875 2257 3123 2321 Domino,
3160 2266 3221 2312 ut
3246 2260 3425 2314 omnia
3454 2263 3614 2317 nobis

2033 2340 2233 2394 munda
2272 2341 2418 2407 sint;
2456 2357 2564 2397 non
2608 2358 2672 2397 ea
2717 2343 2791 2398 ita
2820 2345 3076 2401 debemus
3105 2347 3215 2412 uti,
3246 2356 3306 2402 ut
3332 2350 3616 2405 videamur

2033 2439 2255 2500 propter
2276 2432 2456 2503 gulam
2484 2443 2538 2489 et
2558 2434 2743 2505 epulas
2765 2437 3085 2495 ambulasse.
3107 2440 3308 2495 Bonum
3338 2450 3611 2508 nostrum,

2034 2522 2136 2576 hoc
2176 2530 2285 2586 est,
2321 2522 2563 2579 doctrina
2595 2526 2873 2583 Dominica
2898 2569 2913 2593 ,
2957 2545 3082 2584 cum
3115 2530 3186 2585 sit
3214 2531 3355 2586 bona
3384 2541 3438 2586 et
3466 2532 3616 2587 salu-

2034 2613 2202 2679 taris,
2248 2629 2354 2669 non
2410 2617 2569 2672 debet
2610 2618 2975 2689 blaspbemari
3030 2637 3127 2690 per
3168 2639 3283 2678 rem
3320 2623 3611 2694 fragilem:

2032 2706 2439 2778 blasphematur
2462 2717 2659 2774 autem,
2684 2727 2805 2765 cum
2835 2713 3109 2769 dubitatur
3132 2714 3199 2770 de
3218 2715 3312 2770 Dei
3338 2725 3611 2772 creatura.

2033 2798 2160 2853 Non
2198 2810 2271 2855 est
2294 2802 2431 2855 enim
2455 2818 2665 2871 regnum
2690 2802 2787 2858 Dei
2810 2821 2927 2859 esca
2951 2815 2998 2885 9t
3023 2808 3340 2875 potus.-Hoc
3364 2817 3468 2872 est,
3498 2824 3610 2864 non

2030 2899 2255 2960 propter
2284 2906 2470 2947 escam
2494 2892 2873 2962 justilicam‘ur,
2902 2903 3006 2952 etc.
3052 2897 3158 2952 Sed
3197 2899 3383 2954 ethoc
3420 2908 3615 2955 notan-

2032 2981 2179 3043 dum,
2208 2982 2329 3052 quia
2356 2997 2462 3038 non
2509 2985 2709 3040 dixerit
2729 2984 2995 3054 jejunium
3020 2997 3076 3049 et
3103 2990 3370 3046 sobrietas
3398 3006 3503 3046 non
3526 3001 3615 3047 est

2032 3085 2257 3141 regnum
2281 3072 2395 3136 Dei,
2427 3073 2519 3127 sed
2542 3089 2665 3129 esca
2681 3083 2735 3129 et
2763 3084 2942 3144 potus.
2996 3076 3105 3132 Sed
3128 3079 3341 3148 justitia
3369 3090 3417 3134 et
3437 3098 3541 3151 pax
3561 3093 3614 3136 et

2029 3163 2278 3233 gaudium
2303 3164 2358 3217 in
2381 3162 2580 3234 Spiritu
2593 3175 2792 3219 sancto.
2817 3165 2947 3233 Qute
2972 3181 3066 3236 per
3072 3168 3456 3247 .abstinentiam
3483 3170 3615 3226 faci-

2028 3253 2131 3307 lius
2159 3253 2476 3307 custoditur.
2521 3254 2624 3310 Ubi
2646 3270 2773 3310 vero
2787 3255 3021 3324 justitia,
3044 3259 3185 3313 sicut
3212 3275 3271 3314 se
3298 3260 3609 3329 proximum

2029 3343 2320 3414 diligendo,
2351 3344 2423 3399 ibi
2451 3352 2505 3399 et
2529 3360 2635 3414 pax
2658 3363 2672 3399 :
2709 3354 2766 3402 et
2787 3347 2877 3401 ubi
2902 3360 3026 3417 pax,
3048 3348 3118 3403 ibi
3144 3356 3201 3403 et
3226 3351 3476 3418 gaudium
3508 3352 3615 3421 spi-

2029 3434 2250 3499 rituale,
2280 3435 2405 3503 quia
2428 3452 2492 3491 ex
2522 3437 2860 3493 dissensione
2885 3453 3099 3508 semper
3144 3441 3367 3495 tristitia
3413 3449 3470 3497 et
3494 3457 3614 3496 mo-

2028 3523 2185 3578 lestia
2218 3533 2562 3593 generantur.
2618 3524 2806 3596 Itaque
2851 3543 2969 3596 qua:
2994 3531 3139 3596 pacis
3183 3539 3303 3582 sunt
3332 3539 3609 3584 sectemur.

2012 3613 2143 3669 .Hoc
2166 3622 2267 3678 est,
2320 3623 2381 3668 ut
2422 3630 2530 3669 non
2574 3614 2804 3670 invicem
2849 3616 2916 3671 de
2950 3615 3257 3684 hujusmodi
3280 3616 3608 3684 judicemus.

2028 3706 2101 3759 Et
2126 3722 2243 3777 qua:
2270 3706 2632 3774 tedi/icationis
2665 3716 2788 3761 sunt
2821 3708 3037 3762 invicem
3067 3709 3445 3763 custodiamus.
3495 3709 3613 3765 Hoc

2028 3806 2130 3863 est,
2171 3812 2293 3867 quae
2319 3796 2543 3852 fratrem
2568 3813 2674 3853 non
2699 3797 2991 3865 offendunt,
3035 3799 3267 3855 aedificat
3292 3810 3473 3857 autem
3509 3802 3611 3857 ab-

2030 3891 2303 3945 stinentia.
2332 3890 2458 3945 Noli
2481 3900 2691 3962 propter
2714 3908 2883 3946 escam
2905 3892 3169 3946 destruere
3196 3909 3324 3963 opus
3353 3892 3470 3947 Dei.
3508 3892 3612 3948 Ho-

2028 3982 2228 4035 minem
2256 3981 2464 4037 scilicet
2486 3991 2726 4037 ereatum
2765 3998 2796 4036 a
2825 3981 2956 4036 Deo.
2998 3980 3191 4036 Omnia
3232 3982 3437 4053 quidem
3483 3993 3610 4037 sunt

2029 4072 2248 4124 munda.
2274 4073 2489 4141 Repetit
2512 4075 2653 4142 quod
2687 4074 2933 4143 superius
2954 4074 3184 4138 dixerat,
3208 4089 3277 4129 ne
3302 4082 3610 4129 creaturam

2029 4154 2287 4217 damnare
2329 4164 2592 4217 videatur.
2627 4163 2833 4218 Bonum
2861 4166 2996 4218 enim
3025 4173 3099 4218 est
3137 4178 3241 4218 non
3289 4162 3610 4218 manducare

2028 4268 2262 4316 carnem,
2309 4261 2357 4305 et
2397 4269 2500 4305 non
2527 4251 2695 4304 bibere
2732 4253 2926 4306 sinum.
2977 4253 3211 4322 Exponit
3234 4253 3363 4323 quid
3407 4253 3477 4308 sit
3508 4267 3608 4322 per

2029 4349 2170 4418 quod
2219 4344 2417 4402 offendi
2462 4347 2675 4402 dicebat
2717 4346 3032 4401 inﬁrmum:
3081 4346 3369 4403 oﬁ‘enditur
3417 4360 3603 4406 sensu.

2031 4439 2428 4495 scandalizatur
2456 4436 2579 4501 ﬁde,
2629 4452 2749 4507 qum
2776 4447 2862 4493 est
2893 4437 3118 4494 offensio
3155 4438 3346 4508 major.
3386 4437 3487 4491 Aut
3514 4438 3601 4493 in—

2031 4530 2294 4599 ﬁrmatur.
2326 4527 2545 4583 Scilicet
2567 4527 2863 4597 pudicitia;
2900 4528 3073 4582 vinum
3100 4529 3243 4584 enim
3272 4538 3321 4584 et
3358 4528 3605 4584 mulieres

2030 4629 2327 4688 apostatare
2355 4619 2554 4689 faciunt
2580 4619 2739 4671 etiam
2761 4619 3019 4687 sapientes
3061 4619 3231 4689 (Eccl.
3262 4619 3399 4693 xu).
3446 4620 3604 4688 Quod

2030 4716 2208 4762 autem
2237 4707 2373 4761 dixit
2397 4727 2412 4761 :
2446 4706 2621 4761 Habes
2644 4722 2798 4774 penes
2821 4708 3060 4777 teipsum.
3088 4708 3413 4765 laetantium
3454 4724 3606 4766 rese-

2031 4808 2139 4865 cat,
2167 4815 2234 4854 ne
2262 4799 2435 4869 magis
2464 4799 2520 4853 in
2544 4799 2901 4854 ostentatione
2936 4800 3025 4864 sit,
3053 4816 3214 4870 quam
3235 4801 3434 4856 virtute
3454 4802 3606 4871 quod

2029 4890 2331 4955 credimus,
2365 4889 2449 4942 vel
2476 4889 2617 4959 quod
2644 4904 2752 4944 non
2795 4890 3004 4944 mordet
3036 4892 3418 4947 conscientiam
3447 4892 3499 4946 in
3534 4908 3606 4948 eo

2027 4979 2168 5048 quod
2199 4978 2344 5033 facit.
2387 4976 2579 5032 Beatus
2605 4979 2693 5049 qui
2722 4995 2826 5033 non
2850 4978 3060 5049 judicat
3096 4983 3424 5050 semetipsum
3462 4981 3519 5035 in
3540 4997 3604 5037 eo
3658 5000 3683 5018 ο

2026 5068 2164 5140 quod
2194 5067 2396 5138 probat.
2430 5066 2544 5121 Hoc
2563 5075 2668 5133 est,
2695 5067 2786 5137 qui
2812 5084 2919 5122 non
2957 5084 3109 5123 suam
3140 5069 3449 5123 ﬁrmitatem
3475 5084 3606 5137 pro-

2025 5156 2202 5212 baudo
2242 5171 2301 5211 se
2328 5155 2670 5222 considerat,
2705 5157 2803 5212 sed
2839 5157 3058 5211 alterius
3103 5156 3302 5210 infirmi
3343 5156 3597 5213 salutem.

2027 5250 2131 5317 Qui
2155 5261 2327 5305 autem
2365 5251 2610 5305 discernit
2631 5266 2659 5303 τ
2682 5250 2744 5308 Si
2768 5251 3157 5306 manducauerit
3186 5251 3469 5306 damnatus
3501 5264 3599 5307 est.

2028 5342 2087 5397 Id
2112 5351 2215 5407 est,
2241 5342 2333 5412 qui
2359 5357 2416 5397 se
2444 5342 2518 5396 ita
2546 5340 2803 5410 dijudicat
2828 5360 2842 5397 :
2874 5342 3103 5412 idipsum
3124 5349 3207 5396 est
3223 5338 3372 5397 bnim
3400 5342 3606 5398 discre-

2032 5432 2105 5488 tio
2127 5441 2182 5487 et
2204 5432 2488 5501 judicium,
2528 5432 2654 5501 quia
2686 5439 2740 5488 et
2762 5430 3022 5499 judicium
3053 5431 3408 5487 discernenda
3432 5430 3513 5494 fit,
3546 5441 3605 5487 et

2029 5523 2285 5578 discretio
2322 5521 2655 5591 judicando;
2699 5521 2805 5587 vel,
2852 5521 3112 5577 discernit
3140 5523 3365 5578 credens
3397 5520 3601 5577 malum

2029 5624 2149 5666 esse
2171 5610 2322 5675 illud,
2364 5611 2447 5665 vel
2475 5611 2604 5666 illud
2645 5612 2989 5675 manducare,
3018 5620 3076 5667 et
3105 5621 3282 5669 tamen
3310 5612 3604 5668 manducat

2032 5708 2220 5755 contra
2246 5700 2402 5755 ﬁdem
2431 5716 2602 5764 suam,
2624 5698 2736 5768 jam
2767 5701 3051 5758 damnatus
3079 5711 3178 5759 est.
3373 5716 3379 5723 '
