3974 6202
239 325 339 380 {Si

1379 319 1708 377 COLLECT.
1750 319 1821 375 IN
1859 318 2077 374 EPIST.
2118 322 2208 376 AD
2243 319 2412 377 ROM.

3402 335 3505 392 I22

298 437 436 504 Quia
461 451 565 488 non
593 448 659 487 es:
683 432 810 502 ﬁde.
866 431 996 498 Quae
1037 445 1136 501 per
1171 433 1497 489 charitatem
1526 441 1820 504 operatur;
1850 431 1903 490 A
1927 441 2013 485 cut
2035 444 2284 502 scrtplttm
2315 445 2388 488 est
2417 448 2435 484 :
2486 435 2706 506 Propter
2725 438 2821 491 hoc
2841 437 3126 508 confitebor
3161 444 3256 498 tibi
3294 445 3348 499 in
3374 464 3499 516 gen-

239 525 496 599 quidquid
526 525 672 578 enim
699 523 866 576 alium
896 523 1143 587 destruit,
1176 538 1241 578 ex
1273 523 1374 578 ﬁde
1403 539 1511 578 non
1533 531 1638 587 est,
1667 532 1722 576 et
1743 523 1822 576 id-

237 619 384 672 circo
407 622 690 686 peccatum
719 622 824 667 est.

843 701 1071 758 CAPUT
1108 701 1205 758 XV
1224 747 1238 762 .

306 797 375 850 Et
398 813 504 850 non
533 793 681 849 nobis
711 793 943 864 placere.
990 793 1046 847 Id
1072 785 1187 858 est,
1213 801 1273 846 ut
1297 795 1516 864 propria
1537 794 1818 849 commoda

231 896 560 958 quaerentes,
590 895 836 941 nostram
863 885 1124 940 faciamus
1151 885 1504 940 voluntatem.

301 979 382 1031 Ad
431 979 624 1031 bonam
675 976 1098 1045 aediﬁcationem.
1156 975 1402 1030 Ostendit
1438 977 1653 1031 modum
1699 976 1816 1046 pla-

229 1069 380 1123 cendi
426 1077 482 1122 et
509 1083 756 1131 causam,
808 1083 877 1121 ne
911 1067 978 1120 ad
1008 1081 1202 1120 vanam
1229 1067 1455 1136 gloriam
1484 1067 1812 1136 placeamus.

231 1160 397 1214 Simul
446 1167 503 1213 et
558 1173 683 1214 cum
726 1158 895 1211 dicit:
948 1149 1171 1210 Bonam.
1203 1157 1642 1225 aedi/irationem,
1695 1171 1816 1210 esse

230 1249 462 1303 ostendit
501 1256 561 1302 et
589 1247 810 1311 malam,
855 1257 914 1301 ut
963 1255 1048 1302 est
1092 1247 1266 1302 illud:
1313 1246 1696 1315 zEdi/icabitur
1743 1247 1813 1300 ad

229 1338 652 1391 manducandum
681 1335 998 1406 idolothgta.

298 1428 504 1482 Etenim
557 1426 796 1482 Christus
848 1444 952 1480 non
989 1427 1088 1481 sibi
1128 1426 1344 1496 placuit.
1396 1425 1521 1480 Ideo
1575 1441 1673 1480 vos
1720 1426 1810 1494 qui

227 1519 465 1573 membra
491 1517 698 1573 Christi
724 1519 876 1583 estis,
909 1534 1015 1572 non
1051 1517 1258 1571 debetis
1279 1518 1494 1587 placere
1515 1517 1812 1570 vobismet-

227 1611 370 1679 ipsis.
427 1611 676 1666 Imitator
695 1619 752 1666 et
772 1611 1065 1680 discipulus
1078 1611 1278 1666 Christi
1298 1628 1403 1666 non
1433 1611 1628 1680 quierit
1654 1625 1810 1664 suum

224 1705 607 1760 commodum:
663 1705 753 1759 ille
788 1704 935 1759 enim
976 1704 1046 1759 ob
1085 1705 1312 1760 aliorum
1364 1704 1591 1760 salutem
1642 1703 1807 1757 etiam

1923 525 2080 587 tibus,
2111 525 2348 579 Domine.
2401 526 2514 580 IIoc
2566 535 2668 589 est,
2695 526 2885 580 faciam
2911 541 3098 599 gentes
3123 533 3366 588 conﬁteri
3404 537 3500 592 tibi

1923 614 1974 667 in
2005 617 2270 682 gentibus,
2301 619 2540 672 Domine.
2571 618 2683 672 Vox
2706 620 2907 675 Christi
2936 631 3018 677 est
3041 626 3106 678 ad
3131 635 3358 695 patrem.
3388 629 3498 682 Tu-

1921 702 2090 771 Iitque
2115 703 2313 759 Judmis
2341 709 2725 775 arrogantiam,
2784 726 2906 763 cum
2935 712 3000 765 de
3048 713 3297 770 Gentium
3327 719 3499 774 salute

1920 791 2051 844 dicit
2091 808 2210 847 esse
2255 796 2603 863 praedictum:
2656 797 2902 855 Christus
2927 810 3106 856 autem
3151 804 3202 856 in
3237 805 3498 862 Gentibus

1920 883 2309 937 conﬁtetureos
2341 886 2769 941 misericordiam
2794 900 3136 964 consecutos,
3163 895 3289 962 quia
3323 897 3497 965 ctipsi

1919 983 2044 1024 sunt
2069 973 2119 1026 in
2148 989 2374 1044 corpore
2401 976 2518 1044 ejus
2548 994 2641 1045 per
2665 979 3009 1047 baptismum.

1992 1057 2285 1125 Lmtamini,
2331 1074 2524 1131 gentes.
2570 1065 2682 1120 Hoc
2714 1068 2766 1120 in
2797 1068 3214 1126 Deuteronomio
3235 1075 3494 1143 scriptum

1915 1158 2018 1202 est.
2067 1149 2198 1203 Cum
2217 1152 2360 1221 plebe
2385 1155 2520 1222 ejus.
2563 1155 2675 1210 IIoc
2702 1167 2805 1221 est,
2836 1175 2956 1213 eum
2984 1160 3166 1214 Israel.
3201 1163 3315 1216 Erit
3342 1167 3494 1220 radix

1913 1240 2078 1294 Jesse.
2142 1243 2311 1298 Radix
2341 1244 2490 1300 Jesse
2514 1255 2596 1301 est
2623 1249 2784 1303 arbor
2822 1253 2987 1305 David
3009 1269 3127 1320 qua:
3163 1253 3395 1309 fructum
3419 1256 3496 1310 fc-

1914 1331 1990 1383 eit
2041 1349 2138 1401 per
2171 1351 2401 1400 ramum,
2432 1339 2522 1406 qui
2571 1348 2652 1392 est
2681 1339 2848 1393 Maria
2880 1343 3054 1412 virgo,
3077 1359 3196 1412 quae
3217 1344 3493 1400 Christum

1913 1423 2115 1490 genuit.
2171 1424 2310 1477 Deus
2342 1436 2515 1478 autem
2563 1429 2670 1496 spei
2721 1430 2914 1498 repleat
2949 1449 3035 1485 ros
3083 1434 3223 1486 omni
3273 1435 3487 1502 gaudio.

1912 1512 2084 1566 Omne
2133 1515 2386 1583 gaudium
2441 1517 2675 1571 ﬁdelium
2705 1520 2758 1572 in
2812 1536 2905 1588 spe
2931 1521 3089 1576 debet
3134 1540 3254 1578 esse
3290 1525 3488 1580 futura.

1910 1603 2052 1656 Deus
2091 1607 2220 1674 spei,
2269 1607 2320 1660 id
2362 1615 2463 1670 est,
2497 1609 2549 1660 in
2599 1625 2707 1678 quo
2736 1622 2986 1678 speratur
3032 1614 3141 1666 vita
3179 1613 3379 1668 futura.
3413 1615 3489 1668 Ibi

1910 1703 2090 1746 autem
2114 1709 2274 1747 omne
2299 1697 2575 1765 gaudium,
2606 1698 2694 1752 ubi
2725 1715 2829 1768 pax
2863 1710 2946 1755 est
2973 1720 2986 1754 :
3031 1703 3238 1756 nullum
3279 1719 3408 1758 vero
3430 1705 3485 1758 in

226 1805 466 1851 mortuus
491 1805 577 1851 es;
595 1837 610 1860 ,
654 1803 709 1850 ει
736 1794 1062 1864 imm-operta
1103 1797 1443 1850 amarissima
1471 1794 1805 1864 supper-tavit
1832 1773 1880 1831 B
1908 1783 2245 1839 dissensione
2275 1787 2550 1855 gaudium,
2579 1789 2673 1842 sed
2701 1789 2952 1846 universa
2980 1793 3256 1872 mmstitia.
3281 1793 3350 1847 In
3378 1796 3490 1847 vir-

223 1887 552 1940 dicentium:
592 1885 752 1939 Vah!
793 1886 882 1956 qui
923 1885 1221 1940 destruebas
1249 1887 1495 1957 templum
1528 1887 1639 1948 Dei,
1693 1895 1800 1940 etc.

222 1975 412 2043 (Marc.
442 1975 590 2046 xxv).
628 1976 780 2042 Quod
813 1977 858 2030 si
887 1977 1132 2045 requiras
1172 1993 1271 2033 cur
1305 1977 1627 2047 exemplum,
1661 1977 1805 2046 quod

219 2081 248 2120 ε
291 2064 501 2134 psalmo
555 2064 820 2134 protulit,
860 2066 934 2118 ita
983 2066 1216 2131 habeat,
1262 2066 1416 2136 quasi
1452 2067 1798 2136 improperia,

221 2169 334 2222 qua:
361 2154 800 2224 improperantur
830 2155 958 2218 Deo,
1007 2157 1302 2211 ceciderint
1329 2171 1492 2226 super
1527 2156 1800 2212 Christum

219 2242 387 2313 (Psal.
422 2245 638 2315 uvm),
686 2245 760 2298 ita
802 2261 1086 2314 possumus
1128 2247 1439 2316 explanare,
1471 2247 1613 2316 quod
1662 2247 1802 2302 sicut

219 2337 380 2391 dixit:
408 2335 512 2402 Qui
530 2353 612 2391 me
633 2338 836 2408 recipit,
861 2340 1038 2408 recipit
1065 2356 1182 2393 eum
1204 2341 1292 2411 qui
1315 2357 1394 2393 me
1415 2341 1555 2393 misit
1583 2339 1796 2410 (Matth.

220 2426 276 2494 ι)
300 2465 317 2490 ,
343 2425 417 2479 ita
446 2435 502 2481 et
538 2427 641 2482 hoc
688 2428 863 2497 accipi
907 2436 1121 2497 potest:
1161 2429 1299 2496 Quia
1324 2429 1416 2499 qui
1443 2429 1573 2484 mihi
1599 2429 1801 2498 impro-

219 2526 388 2586 perat,
421 2518 756 2588 improperat
784 2520 834 2572 ei
864 2520 956 2588 qui
981 2521 1130 2576 misit
1152 2537 1256 2576 me.

289 2605 353 2660 Ut
380 2625 472 2677 per
505 2610 811 2679 patientiam
839 2621 886 2664 et
929 2612 1334 2667 consolationem
1378 2612 1794 2684 Scripturarum.

219 2697 318 2754 Per
344 2700 751 2772 Scripturarum
773 2705 1195 2759 consolationem
1223 2715 1278 2760 et
1300 2706 1508 2771 solatia,
1537 2723 1688 2777 spem
1718 2709 1800 2761 fu-

223 2799 457 2844 turorum
487 2793 872 2862 patientissimi
919 2805 1314 2865 exspectamus,
1363 2800 1504 2854 sicut
1533 2802 1794 2870 scriptum

222 2892 301 2935 est
326 2898 341 2935 :
367 2879 484 2935 Pax
507 2883 673 2936 multa
700 2885 1031 2954 diligentibus
1055 2905 1238 2941 nomen
1282 2898 1450 2953 tuum,
1490 2901 1538 2944 et
1575 2909 1676 2945 non
1721 2901 1795 2946 est

221 2971 272 3023 in
303 2969 406 3024 illis
434 2972 746 3026 scandalum
792 2973 962 3045 (Psal.
1010 2977 1221 3048 cxvm).
1261 2978 1372 3034 Hoc
1400 2986 1500 3045 est,
1542 2983 1631 3051 qui
1666 2998 1794 3037 con-

221 3061 473 3132 solatione
497 3064 633 3135 legis
657 3073 905 3130 utuntur,
943 3069 1144 3122 moveri
1177 3069 1318 3123 nulla
1349 3073 1642 3127 tentatione
1670 3088 1792 3141 pos-

221 3162 355 3217 sunt,
386 3162 445 3206 ut
476 3169 575 3223 per
619 3155 865 3225 exempla
909 3158 1182 3225 patientiae
1209 3169 1264 3214 et
1292 3162 1674 3218 consolationis
1703 3180 1797 3218 eo-

219 3259 334 3297 rum
359 3255 476 3312 Qute
504 3246 706 3314 scripta
737 3254 881 3307 sunt,
913 3262 1188 3316 speremus
1215 3251 1632 3308 consolationem
1662 3262 1715 3308 et
1743 3255 1797 3309 in

216 3337 586 3402 pnesentibus,
630 3343 685 3389 et
723 3337 863 3391 sicut
890 3338 1128 3393 Lazarus
1175 3341 1228 3392 in
1274 3339 1474 3395 futuro.
1514 3343 1687 3415 Magni
1717 3352 1798 3398 et-

215 3427 354 3480 enim
385 3441 549 3482 causa
584 3427 763 3483 solatii
793 3437 899 3493 est,
948 3430 992 3485 si
1021 3431 1165 3500 quod
1208 3445 1306 3485 nos
1333 3434 1592 3501 patimur,
1618 3435 1798 3490 Domi-

213 3531 340 3569 num
370 3528 620 3571 nostrum
663 3525 718 3572 et
744 3526 959 3574 sanctos
987 3518 1104 3587 ejus
1149 3521 1386 3576 sciamus
1415 3537 1535 3578 esse
1575 3539 1795 3593 perpes-

213 3623 316 3662 sos.
357 3607 490 3662 Item
521 3619 574 3662 et
595 3610 1018 3664 consolationem
1052 3611 1481 3680 Scripturarum,
1515 3615 1704 3678 idest,
1736 3623 1796 3668 ut

214 3700 322 3768 ipsa
368 3701 747 3754 exhortatione
790 3701 1137 3770 proﬁciamus
1165 3703 1230 3756 ad
1281 3721 1451 3774 spem,
1502 3723 1608 3759 non
1659 3705 1797 3760 ditii-

215 3791 399 3844 dentes
430 3791 497 3844 de
519 3791 823 3859 promissis,
864 3792 911 3844 si
938 3793 1115 3848 adhuc
1163 3794 1393 3848 tardent.
1424 3795 1579 3864 Spem
1605 3796 1795 3849 habeas

215 3895 342 3931 usus.
385 3878 448 3932 Id
480 3887 590 3941 est,
632 3881 1018 3948 promissionis,
1069 3890 1128 3936 ut
1162 3898 1284 3952 spes
1309 3885 1511 3953 praemii
1544 3885 1794 3939 solatium

217 3971 279 4022 sit
302 3969 544 4024 laboris.

280 4058 586 4114 Secundum
607 4059 786 4113 Iesum
809 4060 1091 4116 Christum.
1151 4063 1215 4118 Ut
1242 4064 1610 4133 unusquisque
1640 4079 1792 4133 qua:-

217 4161 292 4202 rat
327 4149 564 4204 alterius
603 4149 827 4204 salutem
853 4153 1007 4220 quasi
1035 4169 1210 4218 suam,
1254 4155 1394 4209 sicut
1421 4153 1667 4209 Christus
1695 4171 1792 4210 sua

218 4253 380 4297 morte
409 4257 606 4297 omnes
633 4243 859 4297 salvavit
890 4261 920 4298 a
957 4254 1150 4300 morte.
1210 4245 1271 4299 In
1303 4263 1406 4300 uno
1435 4263 1523 4300 ore
1545 4246 1794 4315 honori/i-

218 4334 330 4387 retis
355 4333 551 4386 Deum.
612 4330 792 4388 Unum
823 4349 884 4388 os
904 4336 1120 4400 dicitur,
1151 4337 1239 4389 ubi
1271 4353 1411 4392 unus
1460 4345 1620 4405 atque
1649 4337 1791 4390 idem

217 4436 304 4491 per
324 4423 672 4477 diversorum
704 4435 798 4475 ora
825 4438 1014 4479 sensus
1046 4434 1103 4478 et
1126 4440 1306 4479 sermo
1348 4427 1611 4494 procedit.
1646 4424 1784 4478 Pro-
1812 4455 1862 4515 Β

216 4523 320 4565 Iter
339 4513 483 4583 quod
503 4512 755 4583 suscipite
773 4514 1008 4566 invicem.
1060 4515 1286 4584 Propter
1300 4517 1560 4570 honorem
1583 4515 1675 4569 Dci
1705 4515 1788 4568 in-

218 4604 384 4656 vicem
413 4617 580 4657 onera
607 4610 791 4657 vestra
819 4611 1052 4672 portate,
1095 4612 1152 4658 et
1191 4605 1270 4659 sic
1313 4604 1672 4673 adimplebitis
1705 4603 1788 4658 le-

218 4707 327 4761 gem
349 4692 555 4748 Christi
584 4708 601 4746 :
653 4693 745 4762 qui
771 4709 872 4748 nos
906 4695 1140 4764 suscepit
1187 4697 1243 4749 in
1273 4709 1351 4759 se,
1384 4709 1523 4749 cum:
1544 4709 1789 4749 essemus

223 4783 387 4851 impii,
408 4791 614 4850 quanto
634 4796 765 4850 ergo
791 4784 963 4852 magis
984 4799 1082 4837 nos
1103 4783 1354 4847 invicem,
1377 4793 1438 4838 ut
1467 4783 1669 4838 similes
1693 4799 1789 4838 no-

219 4874 308 4926 stri
338 4875 613 4926 sustinere
654 4873 938 4928 debemus!
995 4873 1123 4928 Dico
1150 4875 1288 4928 enim
1317 4874 1498 4928 Jesum
1523 4874 1788 4928 Christum

218 4963 512 5016 Iuniarum
560 4963 724 5031 fuisse
775 4964 1201 5018 circumcisionis.
1259 4965 1457 5019 Iterum
1501 4974 1790 5036 utrumque

219 5050 469 5120 populum
518 5053 584 5106 ad
615 5052 878 5106 unitatem
899 5053 1163 5107 hortatur.
1221 5054 1512 5110 Consentio
1537 5055 1707 5120 vobis,
1755 5071 1788 5110 ο

217 5140 406 5202 Judaei.
432 5145 557 5213 quia
605 5144 856 5199 Christus
885 5147 1038 5200 vobis
1055 5148 1374 5215 promissus,
1410 5149 1476 5202 ad
1506 5164 1602 5203 vos
1623 5164 1787 5204 vene~

217 5234 286 5286 rit
304 5235 562 5303 primum,
589 5234 1086 5305 etGentespropter
1112 5237 1536 5293 misericordiam
1563 5239 1658 5294 Dei
1695 5255 1790 5295 vo-

215 5331 348 5376 cata:
385 5333 533 5387 sunt,
563 5333 746 5379 tamen
792 5339 959 5379 unum
999 5327 1130 5380 estis
1154 5343 1348 5396 corpus
1387 5329 1564 5383 eil'ecti
1595 5348 1608 5384 :
1668 5330 1792 5384 Non

216 5413 360 5465 enim
385 5414 520 5467 unis
546 5415 966 5478 ministrari,sed
995 5417 1312 5480 ministrare,
1337 5429 1384 5471 et
1415 5419 1541 5474 dare
1562 5421 1794 5473 animam

215 5517 365 5556 suam
397 5504 452 5556 in
483 5505 891 5575 redemptionem
912 5521 1006 5574 pro
1035 5506 1230 5560 multis.
1300 5507 1381 5560 Ad
1407 5509 1794 5577 confirmandus

215 5594 589 5649 momissiones
607 5605 838 5665 patrum.
884 5594 956 5650 Ut
979 5595 1225 5652 videlicet
1249 5597 1494 5667 impleret
1517 5601 1658 5668 quod
1673 5615 1794 5668 pro-

217 5684 362 5738 :nisit
395 5688 674 5755 patribus:
705 5688 807 5741 Cui
840 5687 956 5757 plus
979 5688 1279 5755 dimittitur,
1312 5690 1427 5760 plus
1458 5691 1648 5760 diligit.
1703 5692 1791 5747 Si-

1903 1883 2014 1927 tute
2043 1874 2275 1945 Spiritus
2304 1879 2492 1932 sancti.
2526 1879 2581 1933 Si
2605 1881 2750 1934 enim
2781 1883 2874 1952 qui
2899 1883 3072 1937 credit
3097 1885 3296 1938 virtute
3327 1885 3494 1955 Spiri-

1905 1973 1993 2018 tus
2040 1967 2211 2020 sancti
2246 1969 2504 2032 munitur,
2554 1981 2764 2026 certum
2809 1981 2893 2028 est
2929 1975 3072 2043 quod
3102 1976 3489 2044 plenitudinem

1901 2056 2078 2125 gaudii
2110 2073 2327 2127 semper
2353 2060 2565 2125 habeat,
2599 2069 2654 2116 et
2678 2063 3063 2132 plenitudinem
3086 2068 3254 2135 pacis.
3293 2068 3487 2123 Aliter.

1901 2143 1974 2198 E-t
2010 2148 2196 2201 virtute
2240 2147 2470 2219 Spiritus
2511 2154 2698 2216 sancti,
2751 2155 2875 2222 quia
2923 2156 3250 2212 abundantia
3291 2159 3402 2228 spei
3433 2159 3486 2214 in

1901 2234 2136 2306 Spiritus
2163 2240 2452 2296 virtutibus
2477 2244 2725 2298 consistit
2744 2254 2798 2298 et
2824 2246 3018 2316 signis.

1971 2325 2158 2383 Certus
2183 2348 2300 2384 sum
2339 2341 2510 2386 autem
2541 2343 2588 2389 et
2625 2336 2732 2405 ipse
2759 2336 2823 2390 de
2857 2338 3020 2391 vobis.
3070 2337 3251 2394 Bonus
3297 2340 3489 2396 doctor

1884 2416 2170 2474 laudando
2195 2431 2453 2490 provocat
2495 2424 2562 2477 ad
2603 2424 2925 2494 profectum,
2957 2436 3018 2480 ut
3044 2431 3370 2486 erubescant
3408 2439 3488 2486 ta-

1897 2508 1980 2576 les
2008 2525 2115 2564 non
2147 2527 2288 2577 esse,
2321 2514 2510 2581 quales
2539 2516 2608 2569 ab
2637 2516 2894 2586 Apostolo
2919 2535 3040 2574 esse
3065 2523 3413 2589 putabantur.

1967 2601 2039 2654 Et
2063 2602 2242 2672 repleti
2270 2606 2412 2657 omni
2450 2607 2689 2660 scientia.
2722 2607 2835 2662 Hoc
2876 2619 2993 2675 est,
3023 2612 3236 2668 Veteris
3263 2621 3319 2668 et
3349 2613 3483 2670 Novi

1899 2694 2250 2750 Testamenti.
2298 2699 2566 2752 Audacius
2588 2710 2763 2754 autem
2789 2703 2975 2772 scripsi
3005 2705 3164 2758 vobis.
3215 2705 3339 2759 Ideo
3370 2722 3486 2760 ma-

1897 2787 1980 2856 gis
2013 2788 2282 2843 scribendi
2313 2789 2565 2844 liduciam
2598 2792 2782 2857 habui,
2817 2795 2944 2861 quia
2967 2797 3089 2850 novi
3129 2813 3226 2852 vos
3267 2806 3327 2851 ut
3350 2813 3481 2867 pru-

1899 2885 2088 2939 dentes
2116 2885 2223 2938 cito
2250 2885 2495 2954 accipere
2541 2887 2803 2940 rationem
2829 2927 2844 2951 ,
2893 2889 3034 2942 sicut
3063 2891 3324 2960 scriptum
3351 2899 3476 2946 est:

1897 2976 2070 3045 Argue
2105 2977 2408 3045 sapientem,
2459 2986 2507 3031 et
2543 2978 2740 3031 amabit
2780 2989 2830 3032 te
2861 2977 3044 3051 (Prov.
3075 2981 3174 3050 ιχ).
3209 2981 3481 3052 Tanquam

1901 3083 2273 3122 rememorans.
2314 3067 2427 3123 IIoc
2447 3077 2548 3132 est,
2580 3071 2872 3124 recordans
2904 3086 3002 3125 vos
3027 3085 3146 3126 esse
3169 3074 3477 3141 prudentes,

1900 3161 2012 3214 sive
2042 3168 2099 3213 ιιι
2128 3177 2233 3215 non
2273 3162 2490 3232 ignaros
2521 3163 2688 3218 doceo
2711 3202 2727 3226 ,
2765 3164 2859 3218 sed
2893 3171 2954 3218 ut
2988 3163 3220 3220 scientes
3243 3177 3482 3220 comme-

1899 3265 2071 3305 moro.

1971 3339 2193 3409 Propter
2219 3341 2444 3410 gratiam
2471 3359 2588 3412 qua:
2633 3343 2761 3397 data
2797 3352 2891 3398 est.
2945 3343 3061 3398 Non
3089 3353 3312 3414 propter
3336 3360 3482 3400 com-

1898 3431 2056 3484 moda
2082 3439 2318 3497 terrena,
2365 3433 2450 3487 vel
2487 3434 2722 3501 laudem,
2755 3436 2850 3491 sed
2884 3444 2944 3490 ut
2972 3437 3222 3507 impleam
3248 3437 3480 3492 cilicium

1895 3522 2038 3591 quod
2070 3523 2272 3592 accepi.
3165 3513 3168 3516 ’

1969 3613 2322 3682 Sanctiﬁcans
2368 3615 2707 3684 evangelium.
2774 3615 2893 3670 Meo
2937 3617 3184 3687 exemplo
3231 3625 3478 3672 sanctum

1896 3713 2016 3753 esse
2044 3699 2443 3754 demonstrans.
2481 3701 2712 3766 Quidam
2763 3704 2906 3756 enim
2938 3712 2997 3756 ut
3027 3704 3320 3756 humanum
3351 3720 3480 3758 con-

1896 3799 2160 3854 temnunt,
2207 3794 2349 3858 quod
2382 3794 2674 3858 prmdicant
2699 3800 2759 3846 ut
2786 3794 3026 3848 divinum
3053 3833 3069 3858 ,
3121 3802 3176 3848 et
3207 3795 3283 3849 ita
3323 3796 3383 3849 lit
3419 3805 3480 3850 ut

1895 3889 1983 3932 res
2012 3887 2197 3932 sancta
2223 3879 2468 3932 videatur
2497 3896 2617 3935 esse
2648 3897 2753 3935 non
2790 3890 2995 3947 sancta,
3039 3899 3160 3939 cum
3186 3900 3290 3940 non
3319 3885 3480 3954 perﬁ-

1899 3967 2035 4024 citur
2068 3975 2273 4021 sancte.
2317 3967 2470 4023 Unde
2513 3970 2747 4024 dicitur:
2805 3955 3146 4040 Sanctiﬁcate
3183 3973 3474 4044 jejunium,

1895 4059 1999 4113 hoc
2025 4067 2389 4120 est,sanctum
2423 4059 2606 4126 facite,
2629 4063 2742 4117 sive
2771 4071 3092 4119 monstrate.
3122 4063 3186 4118 Ut
3215 4065 3309 4134 ﬁat
3329 4063 3476 4117 obla-
3531 4097 3534 4102 -

1893 4152 1966 4204 tio
1997 4149 2239 4204 Gentium
2281 4161 2513 4221 accepta.
2586 4153 2656 4208 Ut
2683 4154 2932 4222 exemplo
2973 4170 3094 4209 meo
3137 4153 3336 4210 Gentes
3365 4152 3477 4208 elli-

1893 4241 2106 4294 ciantur
2145 4242 2324 4296 hostia
2357 4243 2469 4297 Deo
2495 4251 2715 4311 accepta
2735 4281 2750 4307 ,
2802 4259 2908 4299 non
2962 4245 3086 4315 igne
3115 4245 3470 4309 sanctiﬁcata,

1891 4331 1978 4385 vel
2003 4341 2273 4401 suscepta,
2305 4333 2400 4388 sed
2428 4333 2632 4403 Spiritu
2659 4341 2866 4398 sancto,
2900 4335 3038 4389 sicut
3062 4337 3321 4404 scriptum
3350 4343 3472 4391 est:

1893 4421 2028 4488 Quia
2051 4424 2184 4477 sedit
2209 4439 2366 4494 super
2389 4423 2650 4493 apostolos
2677 4425 2830 4496 quasi
2857 4426 3015 4494 ignis,
3037 4435 3086 4479 et
3116 4427 3238 4480 uisa:
3261 4437 3380 4481 sunt
3402 4427 3472 4480 il-

1892 4510 1957 4564 lis
1987 4514 2147 4566 varite
2194 4512 2387 4583 lingua:
2417 4512 2553 4586 (Act.
2598 4512 2682 4586 ιι).
2737 4513 2916 4569 Habeo
2955 4516 3120 4586 igitur
3153 4515 3374 4586 gloriam
3416 4515 3472 4570 in

1893 4601 2124 4657 Christo.
2174 4603 2461 4659 Sciendum
2489 4619 2619 4660 sane
2648 4613 2732 4660 est
2757 4606 2886 4676 quia
2912 4607 3000 4662 hic
3043 4606 3222 4660 Latini
3245 4607 3470 4675 gloriam

1845 4709 1848 4712 '
1891 4707 1993 4762 pro
2017 4693 2325 4761 gloriatione
2368 4702 2702 4762 posuerunt:
2734 4694 2838 4760 Qui
2859 4696 3138 4767 gloriatur,
3168 4697 3223 4750 in
3246 4697 3470 4750 Domino

1893 4783 2165 4854 glorietur.
2215 4783 2452 4838 Gloriam
2488 4785 2652 4856 igitur
2681 4786 2854 4841 habeo
2883 4786 2951 4841 ad
2996 4785 3306 4850 Dominum,
3343 4783 3470 4840 licet

1894 4874 2033 4944 apud
2055 4875 2302 4930 homines
2333 4874 2563 4931 infamer
2590 4884 2645 4931 et
2679 4877 2939 4932 maeuler.

1970 4964 2091 5020 Non
2117 4965 2254 5019 enim
2293 4965 2460 5020 audeo
2489 4965 2690 5033 aliquid
2730 4965 2871 5036 loqui
2899 4980 3101 5028 eorum,
3130 4978 3247 5033 qua:
3269 4979 3363 5034 per
3386 4980 3468 5018 ms

1898 5073 2002 5111 non
2031 5057 2176 5128 eﬁicit
2202 5055 2460 5111 Christus.
2511 5056 2626 5110 Non
2669 5071 2834 5111 ausus
2877 5070 2996 5110 sum
3037 5053 3219 5109 dicere
3267 5053 3468 5122 aliquid

1897 5161 1985 5200 me
2015 5147 2070 5201 in
2111 5148 2197 5202 his
2235 5148 2495 5202 duntaxat
2537 5148 2698 5201 rebus
2734 5144 3199 5214 propria'virtute
3249 5144 3462 5211 fecisse,

1899 5246 1954 5292 et
1997 5254 2104 5293 non
2151 5240 2331 5294 omnia
2382 5255 2479 5308 per
2533 5253 2618 5292 me
2662 5251 2782 5290 esse
2827 5236 3112 5291 Dominum
3161 5247 3466 5308 Operatum.

1900 5327 2062 5398 Signa
2092 5329 2322 5392 minora,
2354 5329 2456 5382 hoc
2481 5335 2564 5380 est
2604 5326 2862 5381 sanitates
2904 5329 3168 5384 vivorum.
3214 5327 3462 5396 Prodigia

1896 5418 2117 5485 majora,
2150 5418 2313 5472 veluti
2345 5426 2430 5471 est
2458 5416 2737 5471 suscitatio
2773 5428 3129 5474 mortuorum.
3176 5418 3342 5490 Signa
3370 5434 3465 5474 vo-

1897 5513 2110 5570 cantur,
2136 5507 2189 5560 in
2219 5507 2412 5575 quibus
2441 5506 2512 5559 sit
2540 5506 2742 5576 aliquid
2769 5509 3036 5571 mirabile,
3065 5508 3304 5563 indicant
3332 5524 3457 5578 quov

1896 5613 2001 5666 que
2045 5597 2245 5666 aliquid
2279 5597 2540 5651 futurum.
2587 5597 2836 5668 Prodigia
2873 5614 3003 5654 vero
3031 5599 3086 5654 in
3114 5600 3308 5670 quibus
3350 5610 3468 5654 tan-

1897 5691 2171 5745 tummodo
2196 5690 2440 5745 mirabile
2467 5691 2668 5760 aliquid
2689 5692 3011 5746 ostenditur.
