3974 6202
458 358 563 415 125

1870 347 2139 403 SEDULII
2176 344 2372 403 SCOTI

3591 343 3699 399 l2!-

527 475 630 532 Sed
662 476 807 529 sicut
841 472 1087 539 scriptum
1128 475 1204 521 est
1230 481 1247 517 :
1274 465 1473 531 Quibus
1506 480 1606 518 non
1638 471 1712 518 est
1739 463 2023 516 annuntia-
2054 464 2105 524 Α
2130 461 2257 515 dum
2295 461 2748 531 peregrinationis
2771 473 2933 516 causa
2957 462 3174 518 dicitur.
3222 462 3481 518 Cenchris
3508 472 3700 533 portus

452 577 563 619 tum
607 565 670 618 de
706 580 791 628 eo,
818 561 1099 621 videbunt;
1144 566 1192 609 et
1238 555 1326 627 qui
1365 571 1468 607 non
1515 553 1795 606 audierunt
1832 552 1896 605 de
1942 568 2021 614 eo,

455 656 735 724 intelligent
768 651 923 723 (lsai.
950 665 1045 710 Lit,
1072 645 1147 717 5).
1177 645 1424 699 Ostendit
1448 658 1602 697 suum
1630 643 1869 697 laborem
1899 649 2025 695 ante

455 746 785 814 prmdictum.
836 740 1114 794 Videbunt.
1148 738 1372 791 Videtur
1399 735 1651 790 Christus
1680 735 1734 787 in
1767 731 2025 803 apostolis

454 852 547 903 per
577 835 803 888 virtutes
828 846 962 901 quas
990 830 1045 884 in
1085 826 1203 896 ejus
1225 826 1440 881 nomine
1466 823 1754 878 faciebant.
1804 819 2027 891 Propter

451 925 588 989 quod
616 933 663 977 et
687 920 1005 994 impediebar
1039 917 1322 989 plurimum
1348 916 1521 969 venire
1544 914 1612 967 ad
1644 929 1751 966 uos.
1784 910 2024 965 Fundavi

388 1000 403 1021 ί
452 1010 707 1066 ecclesias
756 1009 1110 1079 occupatione
1156 1006 1403 1059 detentus
1450 1002 1506 1055 in
1559 1000 1644 1055 his
1693 999 2022 1070 regionibus,

451 1100 689 1164 Achaiae,
718 1109 773 1155 et
814 1097 1159 1160 Macedoniae,
1186 1093 1269 1147 vel
1304 1094 1372 1146 ab
1410 1089 1743 1145 Hierusalem
1768 1089 1822 1143 in
1852 1089 2026 1160 Illyri-

451 1205 593 1243 cum.
619 1189 727 1244 Sed
748 1205 865 1243 cum
889 1186 1149 1258 proﬁcisci
1170 1199 1367 1251 σωρενο
1392 1182 1445 1235 in
1468 1179 1798 1249 Hispaniam.
1833 1178 2025 1233 Utrum

448 1291 581 1331 vero
608 1278 660 1331 in
690 1276 1001 1345 Hispaniam
1030 1272 1256 1335 venerit,
1290 1271 1553 1325 incertum
1586 1269 1834 1323 habetur.
1866 1266 2026 1336 Spero

449 1368 591 1438 quod
616 1367 916 1437 pra'teriens
939 1365 1142 1419 uideam
1179 1379 1288 1427 uos,
1317 1370 1366 1414 et
1394 1377 1426 1414 a
1450 1359 1591 1413 vobis
1619 1357 1852 1412 deducor
1875 1356 2023 1410 illuc.

452 1458 587 1524 Quia
616 1458 689 1512 ita
722 1471 818 1510 vos
861 1453 1141 1515 exhibetis,
1173 1448 1253 1504 ut'
1275 1464 1377 1504 nec
1405 1448 1543 1518 apud
1588 1462 1685 1502 vos
1724 1447 1902 1502 locum
1933 1453 2029 1499 aut

449 1549 826 1603 necessitatem
865 1546 1093 1599 habeam
1129 1542 1333 1595 diutius
1364 1539 1693 1603 remorandi,
1722 1538 1843 1592 ideo
1877 1546 1933 1591 et
1957 1550 2027 1590 ex

448 1648 603 1710 parte
632 1639 734 1692 illis
762 1637 927 1691 fuisse
958 1635 1107 1699 dicit,
1145 1634 1271 1702 quia
1298 1632 1520 1687 credere
1549 1646 1659 1685 non
1691 1629 2025 1699 indigebant,

450 1729 542 1783 sed
597 1726 964 1781 tantummodo
1007 1723 1350 1788 confirmari;
1400 1721 1514 1775 sive
1558 1720 1679 1774 ideo
1729 1735 1798 1774 ex
1850 1726 2024 1789 parte,

448 1820 575 1891 quia
610 1819 755 1874 nulla
805 1815 1115 1886 magnitudo
1161 1786 1420 1882 temporis
1466 1811 1632 1865 faciat
1678 1786 2022 1865 charitatem.
2052 1786 2101 1845 Β
2129 1822 2248 1861 rum
2272 1809 2437 1877 pedes
2461 1810 2665 1866 lavare.

452 1909 609 1964 Nunc
663 1910 826 1979 igitur
882 1907 1189 1978 proﬁciscar
1239 1904 1295 1956 in
1341 1900 1676 1956 Hierusalem
1726 1901 2025 1954 ministrare

448 2002 664 2056 sanctis.
698 2000 882 2056 Sancti
928 2005 1083 2055 erant
1130 1998 1182 2051 in
1238 1995 1597 2057 Hierusalem,
1627 1993 1719 2063 qui
1775 1993 2028 2048 omnibus

451 2096 565 2151 suis
589 2095 883 2160 distractis,
914 2101 969 2147 et
1000 2100 1125 2146 ante
1154 2088 1519 2160 apostolorum
1548 2086 1715 2157 pedes
1744 2084 2029 2155 depositis,

448 2185 699 2248 orationi,
733 2183 952 2242 lectioni
983 2197 1047 2237 ac
1073 2180 1332 2236 doctrina:
1360 2178 1647 2232 vacabant.

490 2275 883 2330 ’Probaverunt
910 2272 1047 2326 enim
1079 2269 1412 2324 Macedones.
1443 2266 1820 2322 Probaveruut
1846 2271 2025 2319 autem

447 2366 555 2421 hoc
578 2366 678 2421 sibi
707 2365 836 2420 utile
864 2364 1003 2428 fore,
1025 2361 1069 2417 si
1093 2361 1432 2416 collationem
1453 2357 1687 2427 aliquam
1714 2364 2025 2425 sumptuum

448 2458 691 2512 facerent
721 2456 941 2512 sanctis.
986 2453 1141 2520 Quod
1185 2460 1358 2505 autem
1398 2449 1594 2521 placuit
1625 2446 1950 2502 Macedonia;-
1977 2454 2028 2499 et

449 2550 681 2605 Achaite.
738 2548 1018 2605 Subtiliter
1068 2560 1153 2600 ac'
1184 2543 1488 2598 verecunde
1540 2540 1665 2595 dum
1714 2538 2025 2594 Corinthios

449 2640 664 2706 laudat,
697 2640 943 2695 hortatur
995 2637 1267 2703 Romanos
1308 2652 1321 2688 :
1365 2631 1577 2687 facilius
1623 2629 1768 2685 enim
1817 2630 2025 2684 devotae

450 2740 661 2785 mentes
688 2731 755 2784 ad
786 2727 1225 2783 benefaciendum
1256 2722 1518 2793 exemplis
1560 2736 1722 2791 quam
1753 2720 2024 2774 sermoni-

449 2820 551 2875 bus
590 2821 901 2875 invitantur.
935 2815 1208 2883 Quomodo
1237 2815 1282 2868 si
1310 2810 1668 2884 spiritualium
1702 2824 1881 2862 eorum
1902 2824 2026 2877 par-

449 2913 627 2981 ticipes
658 2911 785 2980 facti
814 2919 934 2964 sunt
961 2905 1207 2961 Gentiles.
1251 2905 1308 2959 Id
1350 2912 1434 2957 est
1462 2902 1722 2957 doctrina:
1745 2907 1801 2954 et
1823 2899 2026 2953 oratio.

448 3002 553 3055 nis.
600 3001 809 3069 Reliqui
856 3000 1103 3053 doctores
1147 3012 1215 3051 ex
1272 2994 1403 3064 ipsis
1449 2991 1739 3054 habebant,
1787 2998 1843 3044 et
1890 2990 2053 3044 sociis

449 3091 664 3144 fuerant
706 3088 1042 3185 pinguedinis
1065 3085 1282 3185 radicis
1309 3103 1338 3185 ε.
1357 3084 1584 3185 ideoque
1629 3079 2021 3150 unusquisque,
2050 3122 2098 3185 Ο

449 3179 541 3248 qui
578 3193 685 3248 quo
710 3178 965 3243 abundat,
997 3177 1157 3231 debet
1184 3174 1341 3229 alteri
1371 3171 1671 3242 impartire.

522 3268 592 3323 In
638 3268 962 3322 abundantia
1006 3265 1376 3321 benedictionis
1404 3262 1598 3318 Christi
1627 3262 1850 3316 veniam.
1884 3260 2021 3328 Quia

447 3357 810 3413 abundantius
847 3358 899 3411 in
939 3358 1171 3426 adventu
1208 3370 1329 3410 meo
1373 3353 1623 3409 Christus
1647 3352 1701 3407 in
1729 3351 1886 3407 vobis
1930 3350 2027 3406 be-

448 3447 732 3503 nedicetur
754 3465 767 3500 :
793 3447 906 3502 sive
951 3446 1360 3510 benedictionis,
1397 3443 1451 3499 id
1476 3451 1560 3498 est
1586 3443 1771 3513 gratiae
1795 3440 2021 3497 Christi.

450 3539 695 3609 Obsequii
721 3538 823 3592 mei
845 3537 1056 3591 oblatio.
1086 3536 1142 3592 Id
1172 3543 1256 3591 est
1286 3522 1626 3604 eleemosjna
1657 3547 1817 3602 quam
1840 3539 2019 3603 porto.

447 3629 691 3699 Accepta.
738 3627 922 3683 Grata.
966 3625 1038 3680 ‘Ut
1082 3642 1200 3680 cum
1239 3626 1432 3696 gaudio
1468 3625 1673 3679 ueniam
1711 3622 1780 3676 ad
1821 3638 1931 3676 uos.
1965 3619 2026 3675 Si

449 3721 700 3775 videlicet
747 3720 917 3775 sancti
966 3717 1275 3788 acceperint
1320 3716 1459 3770 hanc
1502 3714 1919 3783 eleemosynam.
1954 3708 2023 3763 Ut

450 3813 729 3882 refrigerer
746 3812 1029 3867 vobiscum.
1060 3809 1178 3865 Non
1206 3807 1541 3879 corporalem
1568 3806 1755 3875 utique
1782 3802 2024 3874 reduiem

449 3904 644 3971 quaerit
666 3901 881 3967 Paulus,
912 3904 1005 3958 sed
1050 3902 1193 3956 illam
1235 3916 1356 3970 qua:
1400 3898 1823 3955 consolationem
1863 3896 2027 3951 habet

449 4007 514 4046 ex
547 3988 675 4056 Deo,
703 3991 841 4046 sicut
865 4000 919 4046 et
949 3992 1064 4061 ipse
1093 3994 1147 4045 in
1175 3993 1366 4060 primis
1396 3987 1556 4058 hujus
1583 3988 1835 4059 Epistolis
1858 3986 2026 4057 parti-

445 4082 547 4136 bus
589 4083 761 4136 dixit:
791 4081 1065 4135 Consolari
1092 4083 1148 4134 in
1175 4081 1334 4144 vobis,
1357 4098 1450 4150 per
1484 4096 1599 4134 eam
1643 4095 1762 4147 qua:
1807 4080 2024 4132 invicem

447 4181 520 4223 est
552 4170 708 4237 [idem
733 4180 949 4223 vestram
977 4180 1131 4239 atque
1162 4186 1351 4224 meum.

492 4258 663 4312 .Deus
704 4268 877 4312 autem
925 4261 1070 4330 pacis
1116 4262 1183 4314 sit
1232 4277 1350 4315 cum
1388 4261 1626 4316 omnibus
1669 4262 1829 4317 vobis.
1880 4263 2024 4319 Deus

445 4350 595 4422 pacis
622 4349 869 4407 Christus
893 4359 998 4419 est,
1029 4353 1121 4423 qui
1154 4366 1261 4407 non
1290 4352 1395 4407 nisi
1428 4353 1481 4408 in
1523 4353 1765 4423 paciﬁcis
1788 4354 2017 4410 habitat.

2125 548 2401 615 Corinthi,
2446 552 2571 621 quia
2600 566 2789 606 omnes
2833 551 2924 621 qui
2971 552 3039 606 ad
3086 550 3405 607 Corinthum
3451 554 3699 618 veniunt,

2125 640 2456 695 mansionem
2494 641 2753 697 Cenchris
2793 643 3009 697 habent.
3051 642 3119 697 Ut
3160 646 3420 699 assistatis
3456 646 3522 700 ei.
3570 646 3702 701 Sive

2124 732 2446 800 sumptibus,
2473 733 2587 787 sive
2615 734 2805 789 solatio
2830 734 3096 804 adjuvetis
3118 750 3260 791 eam.

2195 823 2472 892 Adjutores
2506 842 2665 880 meos.
2710 827 2766 881 Id
2799 828 2964 882 estin
3002 843 3166 898 opere
3190 830 3468 886 doctrinm.
3495 829 3699 887 Omnes

2126 920 2303 967 autem
2329 930 2466 983 quos
2490 916 2705 979 salutat,
2739 918 3084 989 intelligimus
3102 934 3169 974 ex
3198 920 3504 976 hominibus
3530 922 3702 978 fuisse

2124 1002 2442 1072 peregrinis,
2470 1012 2589 1074 per'
2612 1019 2842 1074 quorum
2868 1007 3114 1077 exempla
3143 1023 3209 1064 ac
3235 1010 3559 1075 doctrinam,
3588 1027 3699 1066 non

2125 1092 2358 1148 absurde
2403 1095 2774 1152 existimamus
2817 1099 3111 1154 credidisse
3153 1099 3445 1155 Romanos.
3485 1102 3588 1167 Qui
3623 1113 3701 1156 est

2123 1183 2418 1251 primitivus
2442 1183 2601 1238 Λείαν.
2629 1184 2742 1239 Iloc
2764 1194 2849 1241 est
2876 1188 2967 1255 qui
2996 1189 3205 1257 primus
3226 1189 3454 1244 credidit
3478 1188 3700 1245 Christo

2125 1269 2179 1324 in
2209 1271 2465 1326 Ecclesia.
2500 1272 2631 1337 Qua:
2672 1274 2895 1329 multum
2944 1276 3198 1332 laboravit
3230 1279 3285 1332 in
3324 1277 3482 1332 vobis.
3529 1277 3704 1334 Docet

2127 1367 2181 1413 et
2207 1360 2259 1414 in
2294 1361 2399 1415 hoc
2434 1362 2631 1417 debere
2656 1365 2819 1418 etiam
2848 1364 3075 1421 feminas
3112 1366 3360 1422 laborare
3386 1382 3486 1436 pro
3514 1367 3703 1423 Eccle-

2125 1447 2220 1501 siis
2253 1448 2366 1501 Dei.
2397 1449 2531 1503 Nam
2561 1460 2615 1505 et
2643 1452 2913 1520 laborant,
2939 1471 3060 1509 cum
3089 1456 3286 1512 docent
3318 1457 3700 1513 adolescentu—

2125 1536 2208 1592 las
2240 1538 2451 1593 sobrias
2475 1555 2619 1607 esse,
2654 1542 2877 1612 diligere
2909 1545 3056 1600 viros
3081 1560 3227 1611 suos,
3263 1546 3700 1614 filios‘enutrire,

2123 1627 2347 1695 pudicas
2385 1644 2524 1695 esse,
2554 1639 2754 1696 castas,
2800 1634 3017 1687 domum
3064 1636 3201 1690 bene
3249 1646 3520 1709 regentes,
3546 1637 3705 1693 beni-

2126 1731 2278 1785 gnas,
2307 1717 2552 1775 subditas
2580 1721 2710 1776 viris
2753 1723 2882 1787 suis,
2915 1723 3147 1794 hospitio
3193 1727 3454 1795 recipere,
3486 1737 3709 1784 sancto-

2198 1897 2458 1970 Cognatas
2491 1919 2654 1958 meos.
2684 1904 2867 1960 Potest
2894 1908 3112 1976 quidem
3155 1910 3298 1977 ﬁeri,
3326 1921 3466 1967 utet
3503 1868 3703 1987 securi1

2126 1991 2253 2046 dum
2300 2008 2519 2049 carnem
2574 1996 2662 2051 isti
2707 2000 2919 2068 cognati
2969 1998 3171 2055 fuerint
3232 2002 3405 2068 Pauli,
3454 2013 3511 2059 et
3571 2014 3707 2059 ante

2126 2081 2300 2151 ipsum
2341 2085 2671 2142 crediderint
2715 2086 2770 2141 in
2813 2088 3049 2144 Christo.
3093 2090 3195 2156 Qui
3238 2102 3359 2146 sunt
3404 2093 3596 2149 nobiles
3643 2097 3704 2149 in

2126 2175 2396 2245 apostolis.
2427 2177 2495 2231 Et
2520 2178 2728 2234 nobiles
2760 2179 2927 2235 habiti
2962 2190 3089 2236 sunt
3115 2184 3167 2237 in
3196 2184 3453 2252 apostolis
3473 2183 3700 2249 Christi,

2128 2264 2196 2320 de
2223 2266 2417 2335 quibus
2458 2267 2716 2336 possibile
2757 2277 2839 2324 est
2871 2279 2927 2325 et
2958 2272 3090 2327 illud
3130 2273 3373 2344 intelligi,
3405 2275 3548 2344 quod
3584 2275 3705 2328 for-

2130 2358 2288 2411 tassis
2320 2372 2387 2413 ex
2425 2358 2531 2413 illis
2569 2361 2904 2431 septuaginta
2953 2363 3195 2429 duobus,
3232 2367 3320 2433 qui
3368 2375 3424 2419 et
3468 2367 3703 2435 apostoli

2127 2449 2390 2504 nominati
2419 2458 2545 2504 sunt
2582 2450 2802 2517 fuerint,
2838 2461 2895 2507 et
2924 2453 3045 2508 ideo
3079 2455 3284 2510 nobiles
3310 2471 3527 2510 suorum
3556 2464 3615 2511 et
3642 2458 3701 2511 in

2129 2541 2387 2609 apostolis
2420 2541 2586 2607 dicat,
2614 2550 2671 2595 et
2714 2543 2766 2595 in
2817 2542 2901 2597 his
2958 2544 3220 2613 apostolis
3267 2544 3357 2615 qui
3401 2552 3526 2598 ante
3569 2561 3702 2600 eum

2127 2629 2362 2685 fuerunt.
2394 2630 2751 2702 Concaptivos.
2786 2633 3086 2688 Tolerando
3120 2635 3189 2689 ab
3213 2633 3412 2689 Iudaeis
3446 2650 3703 2704 persecu-

2127 2720 2320 2774 tiones.
2348 2718 2586 2775 Salutate
2611 2720 2949 2792 Ampliatum.
2987 2722 3142 2779 Hunc
3165 2726 3320 2795 quasi
3349 2727 3578 2781 amicum
3608 2741 3703 2780 sa-

2125 2809 2284 2875 lutat,
2312 2812 2405 2865 sed
2435 2812 2488 2864 in
2517 2810 2742 2868 Domino
2772 2814 3026 2880 amicum,
3052 2831 3157 2869 non
3182 2825 3389 2870 tantum
3411 2817 3500 2886 qui
3528 2817 3704 2871 inter-

2126 2894 2289 2955 fuerit
2334 2900 2503 2956 labori
2534 2900 2649 2970 ejus
2693 2912 2784 2957 aut
2824 2905 3142 2974 captivitati.
3171 2905 3478 2977 Adjutorem
3500 2923 3695 2961 meum.

2124 2990 2353 3060 Adjutor
2385 3001 2566 3047 autem
2593 2993 2818 3063 apostoli
2850 2995 2903 3048 in
2932 2994 3169 3061 Christo,
3201 3011 3308 3050 non
3335 2996 3474 3051 alius
3500 2996 3702 3051 intelli—

2126 3083 2271 3152 gitur
2309 3099 2471 3153 quam
2507 3085 2786 3154 apostolici
2830 3087 3010 3156 operis
3048 3089 3335 3157 particeps.
3380 3087 3609 3142 Probum
3638 3090 3701 3142 in

2126 3172 2373 3227 Domino.
2412 3172 2524 3228 Hoc
2548 3183 2631 3229 est
2655 3175 2964 3244 probatum,
2992 3176 3084 3246 qui
3106 3177 3164 3232 in
3188 3178 3373 3233 multis
3396 3177 3705 3234 tribulatio-

2123 3262 2284 3318 nibus
2319 3264 2586 3333 probatus
2607 3273 2710 3319 est.
2747 3264 2988 3321 Salutate
3016 3283 3103 3321 eos
3130 3269 3221 3339 qui
3247 3278 3370 3323 sunt
3408 3286 3472 3324 ea:
3498 3270 3707 3324 Aristo-

2125 3354 2232 3411 buli
2280 3356 2457 3411 domo.
2509 3356 2774 3423 Quoniam
2832 3358 2967 3413 nihil
3015 3358 3253 3415 otiosum
3300 3367 3358 3415 et
3396 3361 3453 3415 in
3498 3359 3704 3416 litteris

2124 3445 2435 3516 apostolicis
2480 3446 2695 3501 additur
2728 3446 2812 3501 vel
2853 3446 3132 3514 minuitur,
3163 3448 3299 3503 istos
3325 3447 3417 3518 qui
3450 3456 3578 3505 sunt
3610 3450 3705 3505 vel

2124 3536 2190 3591 de
2218 3536 2397 3601 domo,
2426 3536 2507 3589 vel
2533 3536 2599 3591 de
2622 3536 2824 3591 familia
2864 3536 3179 3604 Aristobuli,
3215 3555 3322 3594 non
3351 3538 3576 3606 frustra,
3598 3555 3706 3595 ne-

2122 3641 2231 3696 que
2281 3625 2545 3692 dilectos,
2591 3641 2766 3695 neque
2812 3627 3038 3696 probos,
3096 3640 3271 3696 neque
3315 3628 3591 3699 adjutores
3637 3630 3703 3686 in

2122 3717 2337 3773 Christo
2377 3718 2649 3783 nominat,
2682 3717 2774 3773 sed
2806 3716 2944 3773 forte
2973 3718 3063 3788 qui
3103 3718 3239 3772 nihil
3267 3718 3373 3773 tale
3419 3719 3710 3775 habebant

2123 3810 2179 3864 in
2210 3809 2437 3874 meritis,
2468 3808 2671 3864 idcirco
2705 3824 2801 3865 eos
2825 3808 2942 3864 solo
2968 3809 3124 3865 titulo
3152 3809 3494 3865 salutationis
3521 3812 3707 3867 hono—

2123 3900 2283 3954 ravit.
2312 3898 2651 3957 Aristobulus
2676 3899 2776 3954 iste
2802 3899 3117 3970 intelligitur
3140 3908 3497 3973 congregator
3524 3899 3706 3959 fuisse

2122 3989 2354 4045 fratrum
2387 3992 2442 4046 in
2472 3989 2708 4046 Christo.
2741 3988 2976 4045 Salutate
2999 4006 3085 4044 eos
3105 3991 3195 4062 qui
3216 4000 3335 4045 sunt
3357 4006 3423 4045 ea:
3451 3988 3709 4045 Narcissi

2121 4080 2297 4134 domo.
2336 4081 2601 4135 Videntur
2625 4080 2838 4148 quidem
2882 4078 3067 4150 plures
3106 4080 3271 4136 fuisse
3302 4093 3369 4135 ex
3397 4079 3576 4144 domo,
3605 4080 3707 4135 vel

2122 4171 2328 4226 familia
2363 4171 2624 4236 Narcissi,
2652 4171 2745 4226 sed
2788 4187 2895 4227 non
2934 4187 3124 4227 omnes
3150 4173 3204 4226 in
3232 4172 3453 4227 Domino
3500 4169 3705 4237 fuisse,

2122 4267 2175 4315 et
2200 4261 2321 4316 ideo
2361 4261 2585 4326 addidit,
2611 4275 2706 4315 eos
2735 4261 3044 4316 salutandos
3084 4276 3204 4316 esse
3234 4262 3325 4330 qui
3356 4268 3481 4316 sunt
3502 4260 3557 4315 in
3585 4259 3709 4315 Do-

2121 4350 2288 4404 mino.
2344 4348 2584 4404 Salutate
2629 4348 2846 4417 Rufum.
2897 4350 3014 4405 Huc
3059 4365 3231 4419 usque
3269 4348 3516 4414 ludatis,
3545 4364 3707 4407 nunc

445 4436 676 4494 Pulchre
711 4447 891 4493 autem
934 4440 989 4493 in
1036 4456 1168 4511 pace
1213 4439 1404 4507 ﬁnivit,
1437 4440 1647 4497 duobus
1691 4443 1903 4513 populis
1948 4444 2017 4498 ad
2044 4461 2097 4521 ι)
2122 4440 2397 4495 Romanos
2424 4439 2642 4495 salutat.
2685 4438 2755 4493 Et
2783 4449 3001 4495 matrem
3025 4440 3140 4509 ejus
3174 4449 3223 4494 et
3250 4456 3436 4495 meant.
3480 4438 3704 4507 Eute,

445 4531 596 4599 pacis
617 4531 956 4585 concordiam
989 4532 1278 4587 revocatis.

444 4628 456 4645 ’
1026 4620 1252 4677 CAPUT
1289 4620 1428 4678 XVI.

516 4707 831 4762 Commendo
868 4708 1012 4763 vobis
1057 4709 1301 4764 Phozbem
1335 4728 1567 4766 sororem
1608 4724 1864 4779 nostram,
1900 4729 2018 4784 qua:

443 4813 518 4858 est
547 4806 601 4859 in
630 4803 916 4858 ministerio
942 4802 1210 4868 Ecclesiw,
1235 4821 1353 4874 qua:
1376 4815 1448 4858 est
1471 4803 1734 4859 Cenchris.
1767 4804 1882 4859 Hoc
1902 4805 2017 4876 jam

444 4894 599 4963 quasi
647 4894 798 4948 finito
839 4901 987 4947 textu
1031 4893 1312 4962 Epistolas,
1340 4902 1401 4949 ut
1446 4895 1639 4959 solent,
1672 4897 2016 4950 commenda-

446 4984 608 5038 tionis
640 4985 723 5038 vel
753 4983 1089 5040 salutationis
1117 4984 1289 5053 gratia
1331 4985 1517 5038 subter
1555 4986 1832 5039 adnexuit.
1881 4984 2014 5050 Qua:

444 5081 520 5124 est
545 5074 599 5125 in
625 5076 908 5128 ministerio
935 5074 1203 5128 Ecclesia'.
1228 5072 1379 5127 Sicut
1401 5075 1562 5128 etiam
1583 5089 1727 5128 nunc
1752 5079 1805 5128 in
1825 5073 2017 5130 Orien-

449 5158 644 5214 talibus
688 5162 820 5221 locis
861 5164 1179 5220 diaconissa:
1207 5164 1459 5218 mulieres
1488 5164 1543 5218 in
1574 5178 1672 5217 suo
1699 5179 1828 5218 sexu
1856 5166 2017 5219 mini-

444 5254 620 5302 strare
643 5249 891 5304 videntur
914 5253 967 5306 in
996 5255 1261 5325 baptismo
1290 5254 1404 5309 sive
1430 5253 1485 5307 in
1514 5253 1816 5307 ministerio
1839 5254 2011 5319 verbi,

442 5340 571 5409 quia
618 5339 874 5410 privatim
930 5343 1180 5401 docuisse
1232 5346 1462 5403 feminas
1506 5347 1842 5412 invenimus,
1873 5348 2014 5402 sicut

441 5426 709 5495 Priscilla,
740 5430 892 5501 cujus
914 5431 999 5484 vir
1019 5433 1211 5501 Aquila
1247 5436 1575 5491 vocabatur:
1601 5435 1657 5489 hi
1682 5435 1788 5490 duo
1814 5449 2012 5490 caesum

443 5514 893 5591 Paulutnvirgis,
922 5519 1049 5573 vino
1075 5519 1319 5591 oleoque,
1350 5533 1407 5579 et
1429 5525 1549 5578 aliis
1571 5523 1733 5578 rebus
1762 5522 2013 5578 medicati

443 5616 588 5661 sunt.
624 5606 775 5663 lianc
816 5611 1119 5666 ministram
1150 5627 1271 5667 esse
1314 5614 1570 5669 Ecclesia:
1605 5614 1866 5670 Cenchris
1896 5613 2008 5679 ait;

443 5710 497 5755 et
524 5701 648 5773 quia
679 5702 862 5758 multis
889 5704 1157 5774 adjutorio
1187 5706 1303 5774 fuit,
1334 5708 1499 5763 etiam
1526 5710 1638 5779 ipsa
1663 5710 1730 5764 ad
1753 5708 2012 5778 adjuvan-

2125 4547 2232 4587 non
2263 4539 2441 4600 partu.
2471 4529 2707 4586 Salutate
2720 4530 3196 4601 Asyncritum,etc.
3216 4530 3293 4586 De
3314 4531 3432 4586 istis
3459 4530 3723 4600 simplex

2122 4627 2208 4676 est
2236 4620 2506 4686 salutatio,
2535 4635 2636 4675 nec
2661 4619 2863 4689 aliquid
2889 4620 2970 4675 eis
2995 4621 3205 4691 insigne
3242 4620 3418 4676 laudis
3442 4620 3708 4693 adiungi-

2124 4719 2230 4763 tur.
2263 4709 2373 4765 Sno
2401 4710 2648 4778 exemplo
2672 4724 2772 4764 nos
2789 4710 2944 4764 docet
2964 4708 3151 4779 quales
3170 4696 3377 4765 amicos
3397 4710 3707 4769 debeamus

2123 4802 2325 4857 nostris
2351 4801 2546 4856 litteris
2576 4800 2848 4855 salutare:
2871 4815 2978 4856 non
3022 4798 3218 4854 divites
3245 4800 3428 4855 saeculi
3456 4798 3704 4855 faculta-

2124 4891 2287 4955 tibus,
2327 4892 2413 4946 vel
2439 4891 2793 4961 dignitatibus
2815 4892 3129 4955 honoratos,
3172 4890 3268 4945 sed
3294 4892 3463 4960 gratia
3489 4905 3554 4946 ac
3580 4889 3708 4949 ﬁde

2122 4981 2435 5050 locupletes.
2467 4960 2721 5037 Ilerman.
2751 4982 2888 5037 Puto
2930 4990 3109 5035 autem
3149 4960 3294 5051 quod
3333 4980 3561 5036 Hermas
3584 4982 3708 5037 iste

2123 5072 2194 5127 sit
2236 5073 2470 5140 scriptor
2494 5072 2658 5127 libelli
2705 5073 2871 5136 illius,
2899 5072 2989 5141 qui
3013 5080 3200 5141 pastor
3221 5070 3538 5140 appellatur,
3565 5086 3705 5141 qua:

2123 5167 2389 5235 scriptura
2430 5164 2583 5218 valde
2619 5164 2751 5217 mihi
2781 5164 2929 5218 utilis
2963 5164 3202 5225 videtur,
3226 5168 3285 5215 et
3307 5168 3368 5214 ut
3391 5169 3525 5231 puto
3550 5161 3708 5218 divi-

2121 5255 2267 5308 nitus
2312 5254 2601 5322 inspirata;
2628 5254 2774 5322 quod
2803 5268 2933 5307 vero
2961 5252 3097 5307 nihil
3122 5253 3171 5307 ei
3198 5250 3372 5306 laudis
3410 5252 3705 5322 aseripsit,

2118 5346 2246 5402 illud
2276 5346 2532 5407 declarat,
2567 5353 2690 5414 post
2719 5345 2885 5399 multa
2932 5352 3156 5414 peccata
3199 5344 3268 5398 ad
3310 5344 3700 5412 paenitentiam

2116 5433 2285 5491 fuisse
2316 5450 2655 5490 conversum.
2688 5434 2928 5490 Salutate
2960 5432 3315 5505 Philologum.
3346 5434 3414 5489 lii
3439 5435 3705 5494 homines

2116 5525 2399 5579 unanimes
2432 5525 2805 5595 intelliguntur
2832 5525 3015 5587 fuisse,
3045 5541 3183 5595 quos
3209 5525 3313 5580 hac
3335 5540 3497 5581 causa
3525 5526 3703 5581 simul

2117 5617 2335 5681 salutat,
2363 5633 2593 5688 quorum
2624 5618 2876 5671 meritum
2906 5632 2972 5671 cx
3011 5617 3096 5672 his
3123 5618 3215 5687 qui
3261 5616 3418 5673 simul
3452 5631 3577 5673 cum
3606 5618 3702 5674 eis

2114 5719 2269 5765 erant
2298 5711 2656 5781 dignoscitur;
2690 5719 2906 5766 sanctos
2949 5719 3224 5781 nuncupat
3250 5724 3363 5777 eos,
3403 5719 3463 5764 ut
3490 5711 3700 5767 merito
