3974 6202
237 305 343 362 lilii

1379 301 1706 360 COLLECT.
1746 305 1814 359 IN
1853 304 2069 364 EPIST.
2110 308 2199 362 AD
2236 311 2401 367 ROM.

3394 325 3498 379 H6

230 425 361 478 illos
383 421 614 476 salutare
642 417 914 474 videatur.
946 418 1012 472 In
1037 419 1211 473 osculo
1235 409 1433 472 sancto.
1457 417 1536 472 Ex
1563 421 1664 473 hoc
1694 434 1808 473 ser-
1835 421 1884 479 Λ
1909 415 2004 474 lioc
2033 425 2226 477 mundo
2259 426 2310 496 (I
2335 425 2458 480 Cor.
2492 431 2594 497 ιιι).
2629 429 2811 484 Simus
2845 445 2972 501 ergo
3019 433 3190 500 stulti,
3215 437 3491 508 accipien-

231 531 430 578 tuane,
477 512 710 580 aliisque
765 512 1038 566 nonnullis
1085 511 1368 573 similibus,
1409 525 1524 564 mos
1569 511 1810 565 ecclesiis

231 604 463 657 traditus
505 610 611 665 est,
642 609 704 653 ut
751 608 875 669 post
903 599 1206 654 orationem
1250 599 1434 653 osculo
1474 615 1533 653 se
1577 599 1809 653 invicem

230 700 525 768 suscipiant
557 694 776 749 fratres.
808 693 922 748 Hoc
950 704 1130 747 autem
1159 693 1402 747 osculum
1434 701 1677 746 sanctum
1710 709 1808 762 ap-

227 791 390 860 pellat
438 787 752 857 Apostolus,
783 802 892 855 quo
941 787 1156 839 nomine
1203 786 1331 839 illud
1366 787 1521 839 docet
1552 793 1610 839 ut
1657 795 1807 839 casta

231 882 338 933 sint
372 878 554 932 oscula
580 893 704 945 qua:
740 877 793 929 in
824 875 1069 929 ecclesiis
1116 876 1330 938 dantur,
1376 883 1486 928 tum
1514 877 1704 929 deinde
1747 885 1807 928 ut

229 968 474 1024 simulata
512 982 621 1020 non
653 967 782 1029 sint,
815 967 950 1020 sicut
985 964 1203 1018 fuerunt
1229 965 1378 1019 Judae
1399 1007 1413 1028 ,
1442 967 1532 1034 qui
1564 967 1805 1020 osculum

231 1059 378 1112 labiis
408 1058 577 1111 dabat
606 1066 660 1110 et
696 1057 1056 1126 proditionem
1099 1058 1262 1111 corde
1300 1059 1590 1111 tractabat.
1641 1047 1814 1112 Oscu-I

231 1150 335 1203 lum
362 1161 494 1202 vero
524 1146 700 1200 ﬁdelis
726 1147 923 1212 primo,
952 1154 1013 1200 ut
1041 1147 1296 1209 diximus,
1328 1156 1537 1201 castum
1566 1148 1654 1211 sit,
1690 1155 1800 1200 tum

231 1238 413 1291 deinde
466 1250 657 1304 pacem
716 1235 771 1287 in
820 1249 880 1288 se
923 1233 1426 1302 siniplicitatcmque
1477 1235 1694 1298 habeat,
1744 1235 1798 1288 in

231 1326 487 1378 charitate
513 1340 620 1376 non
644 1323 790 1378 ficta.
823 1322 1059 1386 Fratres,
1083 1324 1290 1377 obsecro
1311 1342 1414 1387 vos,
1443 1335 1498 1378 ut
1525 1326 1800 1380 observetis

228 1431 308 1468 eos
345 1414 434 1483 qui
462 1414 811 1466 dissensiones
856 1423 902 1465 et
932 1413 1244 1481 offendicula
1282 1423 1470 1482 printer
1507 1414 1797 1467 doctrinam

227 1520 374 1572 quam
402 1519 488 1555 eos
515 1502 800 1564 didicistis,
816 1501 1034 1570 faciunt.
1051 1500 1270 1555 Alienus
1285 1502 1436 1554 vobis
1459 1503 1549 1565 sit,
1570 1518 1668 1557 nec
1683 1519 1799 1556 om-

225 1595 346 1646 nino
392 1592 692 1660 recipiatur
725 1593 868 1646 inter
892 1607 987 1645 vos
1014 1592 1101 1660 qui
1145 1593 1438 1646 certamina
1469 1603 1791 1659 commovet,

226 1685 306 1753 qui
333 1684 474 1738 serit
495 1683 699 1753 jurgia,
732 1684 822 1751 qui
863 1684 985 1737 lites
1025 1684 1242 1747 excitat,
1271 1691 1325 1737 et
1354 1685 1528 1738 studia
1572 1695 1795 1740 conten-

226 1775 378 1828 tionis
411 1782 658 1828 exercet.
689 1773 789 1839 Qui
818 1773 960 1827 enim
989 1773 1120 1827 tales
1147 1782 1292 1838 sunt,
1318 1773 1533 1828 Christo
1561 1775 1789 1832 Domino
1821 1757 1867 1815 Β

225 1876 400 1919 nostro
445 1865 541 1933 qui
592 1873 676 1918 est
717 1872 902 1919 nostra
940 1881 1072 1934 pax,
1102 1881 1207 1919 non
1256 1867 1516 1921 serviunt.
1566 1869 1641 1922 De
1689 1869 1794 1924 illis

223 1956 340 2009 dicit
374 1957 471 2025 qui
512 1969 582 2008 ex
629 1956 1040 2012 circumcisione
1086 1957 1177 2010 illo
1226 1965 1466 2027 tempore
1514 1971 1791 2026 venerant,

220 2044 408 2112 jejunis
439 2055 495 2099 et
530 2046 914 2100 abstinentiam
959 2048 1314 2112 destruentes,
1351 2053 1406 2101 et
1452 2051 1787 2116 neomenias,

221 2144 268 2190 et
294 2136 539 2198 sabbata,
573 2143 627 2189 et
654 2144 878 2191 czeteras
905 2136 1065 2190 ferias
1097 2138 1302 2191 ventris
1330 2138 1502 2205 gratia
1534 2139 1794 2207 prtedica-

221 2225 361 2289 bant,
391 2225 782 2280 dissentientes
817 2226 886 2279 ab
913 2227 1201 2293 apostolica
1231 2227 1495 2290 doctrina,
1523 2235 1579 2281 et
1609 2228 1792 2282 fratri-

223 2317 318 2372 bus
340 2318 666 2372 offendicula
687 2327 1072 2386 prmparantcs.
1116 2317 1296 2371 Vestra
1326 2319 1463 2372 enim
1499 2319 1790 2373 obedientia

222 2410 272 2462 in
298 2412 441 2463 omni
479 2410 595 2463 loco
627 2410 896 2478 divulgata
921 2420 1016 2463 est.
1053 2410 1166 2464 Hoc
1193 2418 1295 2473 est,
1325 2410 1369 2462 si
1400 2409 1506 2463 illis
1533 2410 1792 2465 obedistis

223 2500 413 2568 quibus
459 2501 677 2554 obedire
719 2515 828 2554 non
860 2501 1137 2566 debuistis,
1185 2510 1387 2569 quanto
1420 2503 1590 2571 magis
1636 2502 1790 2556 nobis

217 2590 431 2643 obedire
458 2591 696 2645 debetis!
729 2590 1011 2644 Subtiliter
1054 2606 1184 2645 sane
1216 2590 1415 2645 Paulus
1440 2591 1789 2645 indiscretam

219 2687 264 2731 et
295 2677 502 2731 facilem
554 2677 918 2732 Romanorum
961 2679 1319 2733 obedientiam
1364 2687 1531 2740 natat,
1561 2692 1789 2747 eamque

219 2768 410 2820 asserit
436 2768 634 2836 ubique
663 2783 770 2821 non
815 2768 1108 2832 laudatam,
1139 2769 1234 2822 sed
1259 2768 1625 2837 pervulgatam
1653 2786 1665 2820 :
1692 2769 1787 2822 sed

219 2873 288 2910 ne
319 2872 411 2911 eos
441 2874 679 2921 rursum,
713 2859 757 2912 si
795 2875 894 2928 pro
938 2860 1040 2913 hoc
1081 2860 1320 2929 apertius
1365 2859 1679 2928 castigaret,
1706 2860 1786 2912 in-

215 2946 527 2999 obedientes
552 2945 812 3011 efficeret,
845 2947 1048 3001 addidit
1073 2966 1085 3000 :

283 3037 347 3091 In
375 3039 516 3091 vobis
545 3039 708 3108 igitur
733 3039 956 3108 gaudeo.
999 3039 1208 3094 Gaudet
1235 3040 1432 3095 Paulus
1469 3055 1631 3110 super
1657 3041 1786 3096 obe-

1914 517 1995 564 tes
2039 512 2312 580 injuriam,
2344 524 2398 569 et
2434 531 2540 569 non
2569 518 2876 582 reddentes,
2907 528 2966 574 ut
3013 524 3284 592 sapientes
3315 529 3490 584 simus

1911 604 2051 669 apud
2081 603 2246 657 Deum
2267 645 2280 669 ,
2309 607 2401 674 qui
2451 609 2584 661 dixit
2612 627 2624 660 :
2655 609 2786 662 Mihi
2823 612 3102 667 vindictam
3130 625 3180 668 et
3207 633 3300 687 ego
3339 621 3494 674 retri-

1909 693 2086 755 buam,
2114 692 2240 745 dicit
2281 693 2536 748 Dominus
2582 695 2798 766 (Ezech.
2840 699 2936 768 ix).
2989 700 3268 766 Quomodo
3314 717 3495 776 potest

1908 778 2050 834 idem
2079 783 2193 850 ipse
2219 791 2273 837 et
2302 786 2520 852 sapiens
2550 802 2668 840 esse
2711 797 2768 841 et
2795 789 3026 843 stultus?
3051 791 3282 861 Respice
3302 795 3376 850 'ad
3407 813 3493 850 ar-

1908 877 1988 921 tes
2033 870 2163 923 istas
2198 887 2318 939 quze
2355 873 2408 925 in
2443 889 2544 926 usu
2577 875 2856 928 hominum
2905 877 3194 943 habentur,
3222 884 3490 949 quomodo

1907 959 1994 1011 ille
2037 961 2148 1028 qui,
2178 963 2326 1015 verbi
2365 978 2552 1027 causa,
2601 964 3028 1033 sapientissimus
3077 971 3487 1036 grammaticus,

1905 1048 1957 1101 in
1995 1058 2111 1102 arte
2147 1050 2325 1103 fabrili
2373 1052 2852 1121 insipientissimus
2878 1071 2892 1107 :
2918 1053 3001 1108 vel
3047 1071 3235 1110 rursus
3276 1060 3490 1127 sapien-

1904 1137 2144 1191 tissimus
2199 1140 2564 1207 gubernator,
2615 1143 2884 1210 quomodo
2933 1143 2986 1197 in
3037 1155 3155 1200 arte
3208 1148 3488 1203 medicina:

1903 1227 2176 1281 invenitur
2229 1230 2632 1298 insipienszsic
2679 1248 2808 1303 ergo
2855 1235 3112 1302 possibile
3166 1245 3250 1291 est
3301 1239 3355 1292 in
3402 1241 3487 1294 his

1901 1338 2020 1390 qua)
2045 1325 2111 1376 ad
2138 1325 2304 1377 Deum
2332 1326 2604 1393 pertinent
2624 1341 2744 1381 esse
2766 1329 3062 1396 sapientem
3091 1340 3146 1384 et
3173 1331 3226 1384 in
3255 1332 3340 1386 bis
3364 1349 3488 1402 qua:

1901 1416 1969 1468 ad
1999 1416 2250 1468 szeculum
2281 1417 2551 1485 pertinent
2579 1417 2938 1485 insipientem.
2964 1419 3108 1473 Deus
3132 1432 3307 1475 autem
3333 1423 3479 1490 pacis

1899 1514 2128 1557 conterat
2156 1504 2428 1559 Satanam.
2460 1506 2529 1561 Ut
2554 1517 2638 1560 est
2661 1507 2789 1560 illud
2815 1523 2828 1560 :
2852 1508 2985 1560 Dedi
3016 1509 3156 1562 vobis
3182 1520 3496 1579 potestatem

1900 1591 2138 1646 calcandi
2165 1612 2323 1664 super
2346 1597 2646 1664 scorpiones
2671 1606 2718 1649 et
2755 1607 3012 1666 serpentes
3054 1598 3206 1669 (Luc.
3240 1602 3318 1670 ιι).
3367 1601 3478 1656 Sub

1898 1683 2112 1751 pedibus
2140 1687 2320 1738 vestris
2347 1685 2613 1740 velociter.
2658 1687 2771 1741 Hoc
2799 1694 2884 1742 est
2911 1690 3159 1743 sensibus
3185 1691 3402 1746 mundis
3428 1699 3485 1746 et

1897 1771 2248 1840 simplicibus.
2283 1774 2506 1828 Videtur
2534 1775 2666 1828 mihi
2703 1776 2758 1829 in
2794 1777 2897 1830 hoc
2925 1777 3043 1831 loco
3069 1777 3274 1832 dixisse
3320 1777 3478 1833 Sata-

1897 1878 2038 1925 nam,
2070 1878 2283 1918 omncm
2311 1866 2562 1934 spiritum
2602 1867 2692 1935 qui
2739 1868 3090 1922 credentibus
3137 1871 3476 1924 adversatur.

1897 1949 2126 2005 Satanas
2148 1954 2294 2006 enim
2322 1962 2509 2009 nostra
2537 1955 2592 2008 in
2619 1955 2799 2025 lingua
2830 1957 3174 2011 adversarius
3210 1959 3476 2027 interpre—

1896 2050 2059 2096 tatur.
2111 2042 2378 2112 Quidquid
2421 2061 2552 2116 ergo
2576 2047 2771 2101 animae
2798 2048 3035 2102 tendenti
3068 2051 3134 2102 ad
3177 2050 3345 2103 Deum
3394 2066 3480 2104 rc-

1893 2131 2037 2185 sistit
2057 2142 2112 2186 et
2139 2133 2474 2198 adversatur,
2498 2143 2553 2189 et
2579 2135 2840 2204 quidquid
2859 2137 2979 2204 paci
3001 2137 3116 2208 ejus
3141 2137 3474 2192 contrarium

1892 2227 1996 2286 est,
2026 2222 2128 2275 hoc
2155 2223 2204 2277 ei
2249 2223 2480 2279 Satanas
2527 2231 2647 2280 esse
2690 2227 3017 2282 nominatur.
3066 2227 3192 2284 ldeo
3235 2229 3471 2300 denique

1890 2311 2170 2378 praemisit,
2202 2312 2424 2368 dicens:
2452 2314 2592 2369 Deus
2613 2318 2779 2386 pacis,
2812 2317 2914 2373 hoc
2936 2326 3044 2384 est,
3074 2320 3219 2374 Deus
3250 2320 3338 2375 cui
3365 2336 3473 2390 pax

1890 2398 2086 2470 placet,
2115 2409 2359 2456 conterat
2385 2418 2506 2458 cum
2539 2406 2630 2474 qui
2660 2407 2967 2462 contrarius
2997 2416 3082 2463 est
3109 2409 3250 2478 paci,
3278 2417 3334 2464 et
3360 2410 3473 2464 dis-

1889 2492 2169 2547 sensiones
2193 2504 2466 2561 operatur.
2487 2494 2697 2549 Salutat
2712 2514 2801 2551 vos
2826 2497 3143 2554 Timotheus.
3166 2501 3282 2556 Huc
3305 2517 3476 2572 usque

1889 2580 2168 2643 salutatos,
2221 2597 2363 2636 nunc
2407 2583 2704 2638 salutantes
2753 2586 2900 2639 dicit.
2957 2586 3190 2641 ‘Videtur
3234 2590 3366 2643 mihi
3409 2591 3476 2645 dc

1889 2671 1976 2724 bis
2001 2687 2137 2740 quos
2167 2673 2528 2740 sequestravit
2564 2675 2631 2727 ab
2657 2675 2803 2728 omni
2831 2675 3077 2745 catalogo
3115 2678 3470 2733 salutantium

1887 2763 2007 2830 plus
2029 2763 2232 2832 aliquid
2259 2765 2512 2818 sensisse.
2535 2765 2775 2833 Denique
2795 2765 3140 2820 Timotheum
3164 2768 3469 2837 adjutorem

1889 2865 2042 2904 suum
2067 2851 2198 2905 dicit
2219 2860 2273 2905 et
2299 2867 2486 2908 omnes
2509 2853 2669 2907 simul
2695 2862 2954 2921 cognatos
2981 2871 3126 2910 suos.
3159 2857 3227 2910 Et
3249 2859 3470 2928 quidem

1887 2940 1954 2994 de
1985 2941 2267 2996 Timotheo
2296 2942 2608 3011 plenissime
2639 2942 2874 2998 refertur
2911 2945 2964 2998 in
2996 2943 3220 3001 Actibus
3252 2955 3469 3016 aposto-

1885 3030 2082 3096 lorum,
2111 3033 2252 3100 quod
2277 3031 2440 3086 fuerit
2470 3033 2758 3088 Derbensis
2792 3032 3072 3101 cujusdam
3106 3035 3247 3090 filius
3279 3037 3465 3092 mulie-

210 3129 436 3190 dieutes,
469 3093 650 3183 εει-ξας
677 3093 820 3198 qdod
849 3144 972 3183 cum
1010 3129 1254 3184 docuerit
1282 3145 1374 3184 eos
1422 3093 1559 3184 nonr
1580 3131 1786 3201 vulgari
1813 3093 1857 3154 C
1891 3123 1965 3177 ris
1994 3122 2191 3177 Iudaeae
2222 3122 2430 3190 ﬁdelis,
2455 3139 2519 3178 ex
2559 3132 2711 3194 patre
2749 3124 2956 3192 gentili.
2988 3124 3212 3180 Lucium
3248 3127 3467 3196 quidam

207 3217 537 3282 obedientia,
566 3233 726 3287 quam
754 3219 969 3274 incaute
1001 3219 1252 3274 omnibus
1288 3221 1546 3290 prmbent,
1575 3222 1655 3275 uti
1685 3222 1782 3276 de-

202 3308 352 3372 bere,
385 3309 482 3363 sed
511 3309 601 3363 illa
641 3309 758 3364 sola
795 3325 899 3378 qua
938 3311 1156 3365 obedire
1206 3318 1418 3380 Oportet
1463 3311 1574 3366 Deo
1614 3313 1786 3382 magis

199 3415 364 3470 quam
392 3401 705 3456 hominibus
723 3441 739 3466 ,
767 3401 972 3456 relictis
1007 3402 1216 3456 caeteris
1245 3403 1358 3471 ipsa
1384 3403 1497 3456 sola
1541 3411 1782 3458 utantur.

211 3491 346 3546 Volo
370 3494 511 3546 enim
544 3510 630 3547 vos
673 3495 930 3562 sapientes
960 3510 1070 3547 esse
1092 3495 1148 3546 in
1173 3493 1327 3547 bona.
1358 3493 1545 3548 Simile
1569 3501 1654 3548 est
1681 3495 1786 3549 hoc

198 3583 276 3638 illi
300 3585 484 3647 dicto,
516 3584 660 3652 quod
691 3583 758 3637 ad
783 3583 1090 3638 Corinthios
1121 3584 1341 3647 scribit,
1371 3584 1556 3639 dicens
1584 3600 1598 3637 :
1625 3583 1785 3637 Mali-

198 3678 268 3728 tia
319 3675 540 3747 parvuli
581 3685 762 3740 estote,
793 3686 851 3729 ut
895 3675 1129 3730 sensibus
1175 3675 1391 3745 perfecti
1426 3675 1542 3728 sitis
1574 3673 1627 3740 (Ι
1657 3675 1778 3729 Cor.

197 3768 330 3838 xxv).
365 3765 484 3819 Sed
513 3774 572 3819 et
598 3766 724 3820 illud
753 3767 894 3835 quod
941 3766 1200 3821 Dominus
1242 3766 1316 3819 ait
1343 3783 1357 3818 :
1385 3763 1522 3830 Quia
1552 3765 1652 3832 filii
1688 3766 1784 3817 liu-

197 3855 275 3921 ias
303 3853 505 3909 surculi
537 3855 892 3922 prudentiores
925 3865 1045 3908 sunt
1074 3872 1230 3926 quam
1256 3854 1355 3923 filii
1390 3854 1521 3907 lucis
1551 3855 1604 3905 in
1633 3869 1782 3922 gene-

198 3950 401 4000 ratione
443 3961 547 3998 sua
590 3944 732 4014 (Luc.
774 3947 909 4018 xvr).
957 3946 1092 4000 Huic
1138 3947 1389 4000 convenit
1433 3946 1578 4000 dicto
1615 3965 1626 3998 :
1661 3944 1782 3998 Filii

197 4041 372 4087 autem
427 4033 618 4085 saeculi
662 4032 814 4100 hujus
859 4035 1234 4104 prudentiores
1283 4042 1406 4088 sunt
1452 4035 1507 4088 in
1554 4035 1779 4098 malitia,

193 4135 287 4189 pro
315 4138 384 4176 eo
421 4122 574 4190 quod
611 4122 808 4191 aliquid
851 4139 1065 4193 semper
1104 4125 1420 4195 profundius
1448 4133 1502 4180 et
1533 4125 1781 4180 subtilius

197 4211 486 4265 inveniunt
518 4211 574 4264 in
613 4225 697 4277 ea,
728 4213 866 4266 unde
895 4213 1014 4283 plus
1059 4225 1289 4269 noceant
1318 4222 1373 4269 et
1407 4215 1782 4270 vehementius

195 4299 412 4354 laedant.
447 4301 506 4354 In
555 4302 698 4356 bono
739 4312 916 4359 autem
947 4305 1097 4359 stulti
1144 4307 1420 4361 suntzvix
1446 4307 1588 4360 enim
1636 4307 1783 4360 inve-

1887 3215 2174 3286 perbibent
2197 3231 2318 3271 esse
2343 3216 2567 3282 Lucam,
2594 3217 2685 3286 qui
2730 3215 3077 3287 Evangelium
3105 3218 3340 3288 scripsit,
3369 3234 3469 3288 pro

1886 3322 1950 3360 eo
1975 3307 2116 3375 quod
2143 3306 2351 3362 soleant
2373 3307 2590 3363 nomina
2621 3308 2890 3362 interdum
2916 3309 3210 3364 secundum
3236 3307 3467 3377 patriam

1885 3395 2319 3460 declinationem,
2365 3395 2633 3452 interdum
2669 3396 2833 3450 etiam
2883 3397 3178 3451 secundum
3220 3396 3466 3452 Grtecatn

1884 3485 2290 3557 Romanamque
2315 3488 2567 3558 proferri.
2617 3487 2894 3557 Sosipater
2934 3504 3067 3544 vero
3093 3490 3185 3558 qui
3228 3488 3315 3543 his
3335 3487 3466 3556 jun-

1883 3579 2045 3649 gitur,
2078 3579 2324 3648 suspicor
2346 3578 2486 3648 quod
2514 3579 2585 3633 sit
2607 3579 2660 3632 in
2683 3578 2910 3633 Actibus
2935 3577 3296 3646 apostolorum
3324 3577 3464 3631 scri-

1881 3677 2006 3738 ptus
2037 3687 2050 3721 :
2081 3669 2352 3738 Sosipater
2387 3677 2547 3738 pater
2587 3666 2782 3737 Pyrrhi
2813 3666 3092 3721 Beroensis
3117 3680 3135 3716 :
3157 3666 3210 3719 hi
3251 3667 3464 3733 cognati

1883 3767 2010 3814 sunt
2037 3760 2141 3814 fide
2169 3760 2435 3814 catholica
2465 3758 2652 3810 Paulo.
2698 3757 2864 3810 Jason
2911 3763 3090 3808 autem
3125 3755 3456 3810 Thessaloni-

1881 3849 2059 3903 censis
2089 3857 2226 3902 erat.
2261 3848 2374 3917 Ego
2406 3847 2632 3900 Tertius.
2680 3845 2966 3915 Proprium
3004 3860 3199 3900 nomen
3228 3854 3312 3901 est
3353 3862 3462 3901 non

1880 3940 2106 4001 ordinis,
2141 3939 2282 3993 sicut
2323 3954 2390 3992 ex
2416 3937 2606 3992 Grteco
2633 3937 2819 3992 codice
2867 3937 3143 3991 evidenter
3182 3938 3463 4005 cognosci-

1883 4039 1990 4096 tur,
2022 4031 2110 4084 ubi
2143 4031 2402 4100 scriptum
2435 4037 2518 4084 est
2549 4047 2562 4082 :
2587 4030 2906 4100 ’Δσπὰζομαι
2933 4031 3069 4102 ὑμᾶς
3105 4032 3202 4104 ἐγὼ
3230 4032 3459 4104 Τέρτιος,

1881 4121 1970 4190 qui
2005 4120 2190 4190 scripsi
2238 4119 2506 4189 epistolam
2531 4120 2587 4172 in
2615 4119 2861 4181 Domino,
2893 4120 2945 4173 id
2969 4129 3051 4173 est
3096 4120 3149 4174 in
3192 4119 3462 4188 adjutorio

1882 4211 2115 4264 Domini.
2167 4209 2377 4264 Salutat
2406 4227 2494 4264 vos
2521 4207 2706 4263 Caius.
2759 4210 2956 4264 Fertur
3002 4211 3266 4280 majorum
3297 4212 3462 4266 tradi-

1883 4301 2052 4364 tione,
2083 4299 2224 4369 quod
2253 4300 2341 4354 hic
2370 4299 2531 4354 Caius
2561 4299 2766 4368 primus
2795 4300 3078 4368 episcopus
3103 4299 3267 4354 fuerit
3289 4301 3460 4356 Thes-

193 4392 347 4445 niunt
398 4393 533 4460 quid
581 4391 784 4447 faciant
833 4395 976 4448 boni.
1026 4396 1069 4450 E
1111 4395 1385 4450 contrario
1412 4411 1541 4450 vero
1583 4396 1780 4450 Paulus
1805 4429 1858 4487 Β
1885 4389 2236 4444 salonicensis
2262 4389 2520 4444 ecclesias.
2551 4387 2751 4460 Hospes
2773 4403 2938 4443 meus.
2967 4389 3100 4444 Cum
3131 4406 3239 4460 quo
3266 4407 3458 4446 maneo

193 4483 301 4536 wit
327 4499 438 4537 nos
466 4485 745 4552 sapientes
765 4502 882 4540 esse
911 4487 964 4540 in
991 4489 1154 4552 bono,
1185 4488 1287 4540 hoc
1310 4495 1392 4541 est
1422 4502 1634 4556 semper
1659 4487 1779 4556 plus

195 4573 444 4628 invenire
470 4575 696 4644 aliquid,
725 4578 842 4644 plus
867 4579 1170 4647 exquirere,
1204 4586 1258 4632 et
1291 4578 1605 4647 profundius
1634 4574 1780 4647 cogi-

197 4674 308 4720 tare
333 4668 473 4736 quid
507 4667 775 4724 faciamus
800 4671 945 4732 boni,
975 4672 1045 4724 ita
1077 4680 1154 4731 ut.
1183 4669 1392 4724 etiamsi
1425 4669 1779 4737 impediamur

197 4771 290 4822 per
317 4756 557 4824 alicujus
600 4758 861 4812 malitiam
890 4761 956 4813 ab
983 4776 1145 4828 opere
1172 4761 1334 4822 bono,
1367 4774 1464 4813 nos
1498 4759 1540 4812 si
1566 4759 1777 4827 sapien-

197 4855 275 4899 tes
300 4862 497 4900 sumus
522 4849 893 4918 excogitemus
921 4851 1188 4919 quomodo
1213 4850 1256 4902 si
1286 4849 1484 4902 bonum
1509 4863 1642 4918 opus
1666 4864 1774 4903 non

191 4948 508 5001 possumus,
541 4937 623 4990 vel
651 4953 958 4992 sermonem
1003 4941 1199 4993 bonum
1245 4939 1578 5008 proferamus
1609 4940 1772 5008 :quia

190 5026 235 5075 si
275 5039 384 5079 nec
429 5027 532 5080 hoc
577 5027 722 5091 licet,
760 5036 946 5081 votum
974 5028 1163 5083 saltem
1212 5027 1411 5082 bonum
1437 5036 1492 5081 et
1533 5027 1773 5082 animum

187 5115 649 5171 demonstremus.
684 5117 776 5171 Sic
797 5132 930 5187 ergo
956 5103 1207 5186 sapientes
1239 5135 1347 5171 esse
1379 5118 1432 5170 in
1459 5118 1590 5170 bono
1621 5117 1778 5172 debe-

185 5221 332 5270 mus,
371 5205 638 5275 simplices
679 5207 738 5261 in
782 5206 946 5271 malo,
974 5216 1035 5261 ut
1078 5208 1124 5261 si
1167 5208 1442 5276 pulsamur
1492 5206 1692 5260 malitia
1720 5214 1776 5260 ct

181 5297 414 5364 injuria,
446 5311 555 5351 non
599 5297 770 5352 simus
803 5297 984 5351 callidi
1029 5303 1082 5350 et
1108 5296 1309 5349 versuti
1337 5302 1480 5348 artes
1517 5302 1572 5347 et
1615 5308 1775 5362 argu—

181 5397 372 5442 menta
407 5397 734 5456 qumrentes,
763 5388 961 5456 quibus
999 5387 1223 5440 reddere
1259 5385 1455 5439 malum
1484 5399 1582 5454 pro
1607 5384 1770 5448 malo,

175 5491 232 5534 et
264 5483 577 5552 nequitiam
625 5497 726 5552 pro
771 5480 1012 5549 nequitia
1064 5480 1373 5534 debeamus.
1428 5478 1534 5533 Sed
1579 5480 1632 5533 in
1677 5479 1772 5534 tali

177 5574 302 5626 tneo
327 5573 652 5627 meminisse
673 5573 940 5627 debemus
966 5570 1107 5625 illius
1135 5571 1434 5634 sententiis,
1461 5585 1580 5639 quae
1609 5571 1765 5626 dicit:

175 5665 238 5716 Si
267 5667 393 5734 quis
423 5665 529 5719 vult
555 5667 765 5736 sapiens
807 5680 917 5719 esse
949 5663 1090 5733 apud
1127 5663 1319 5728 Deum,
1355 5663 1545 5717 stultus
1591 5668 1682 5733 ﬁat
1715 5670 1766 5720 in

1883 4496 2026 4535 nunc
2069 4481 2124 4534 in
2165 4480 2418 4548 hospitio.
2449 4479 2672 4533 Erastus
2718 4481 2953 4534 arcarius
2997 4481 3237 4534 civitatis.
3277 4481 3454 4551 ipsum

1882 4579 2012 4639 puto
2037 4584 2155 4624 esse
2181 4570 2448 4632 Erastum,
2481 4585 2641 4638 quem
2671 4569 2802 4625 dicit
2831 4571 2956 4640 quia
2982 4571 3240 4626 remansit
3266 4571 3455 4626 Corin-

1882 4663 1996 4725 tho,
2027 4661 2238 4714 videtur
2275 4661 2612 4730 dispensator
2658 4661 2899 4715 civitatis
2925 4662 3154 4715 ostendi.
3207 4661 3313 4715 Sed
3347 4677 3452 4717 non

1880 4761 2010 4821 puto
2035 4753 2178 4820 quod
2217 4765 2284 4804 ex
2309 4751 2414 4805 hoc
2437 4751 2611 4806 ofﬁcio
2638 4766 2961 4822 magnopere
3005 4751 3199 4806 Paulus
3227 4751 3454 4805 mentio-

1880 4858 2004 4897 nem
2032 4840 2149 4909 ejus
2180 4842 2232 4895 in
2263 4841 2500 4910 Epistola
2542 4857 2641 4896 sua
2673 4841 2887 4908 fecerit,
2913 4841 3018 4895 nisi
3066 4839 3204 4894 forte
3247 4838 3450 4908 aliquid

1876 4933 1932 4986 in
1961 4946 2026 4985 eo
2052 4930 2282 4999 amplius
2304 4930 2487 4992 sensit,
2511 4937 2567 4985 et
2591 4931 2858 4985 arcarium
2888 4943 3030 4990 eum,
3049 4927 3101 4981 id
3124 4934 3206 4980 est
3235 4927 3450 4996 dispen-

1875 5030 2107 5077 satorem
2138 5022 2280 5076 illius
2309 5021 2542 5076 civitatis
2572 5021 2787 5085 dixerit,
2829 5017 2980 5084 cujus
3008 5015 3198 5070 artifex
3231 5024 3286 5070 et
3311 5031 3445 5072 con-

1875 5115 2019 5169 ditor
2044 5115 2216 5180 Deus;
2251 5125 2304 5168 et
2339 5115 2458 5169 ideo
2487 5129 2585 5168 nec
2618 5127 2810 5167 nomen
2845 5110 3084 5180 posuerit
3119 5109 3275 5178 cujus
3317 5110 3448 5166 civi-

1875 5206 2022 5268 tatis,
2049 5205 2141 5259 sed
2169 5206 2375 5258 tantum
2402 5219 2524 5259 eum
2551 5203 2819 5257 arcarium
2843 5202 3220 5257 nominaverit.
3259 5201 3447 5259 Gratia

1877 5293 2089 5346 Domini
2129 5296 2294 5348 nostri
2331 5294 2457 5348 Iesu
2497 5290 2710 5346 Christi.
2745 5290 3031 5347 Sciendum
3058 5307 3188 5347 sane
3211 5301 3294 5347 est
3320 5293 3445 5360 quia

1878 5401 2036 5440 oume
2061 5387 2203 5455 quod
2240 5386 2438 5440 habent
2482 5384 2728 5439 homines
2752 5400 2780 5438 a
2806 5385 2916 5440 Deo
2944 5385 3117 5455 gratia
3161 5392 3271 5447 est;
3309 5384 3446 5439 nihil

1875 5477 2019 5530 enim
2055 5491 2122 5530 ex
2150 5475 2330 5530 debito
2374 5475 2611 5529 habent:
2638 5477 2760 5544 quis
2801 5475 2945 5528 enim
2987 5474 3136 5541 prior
3173 5472 3319 5526 dedit
3348 5473 3442 5538 illi,

1875 5577 1929 5623 et
1954 5569 2280 5622 retribuetur
2324 5567 2392 5622 ci.
2433 5566 2563 5622 ltcm
2591 5585 2602 5621 :
2627 5565 2810 5620 Gratia
2850 5565 3061 5618 Domini
3105 5565 3271 5618 nostri
3315 5563 3444 5619 Jesu

1875 5661 2066 5713 Christi
2093 5675 2109 5710 :
2135 5659 2248 5712 haec
2281 5665 2362 5712 est
2399 5656 2722 5725 subscriptio
2753 5669 2941 5708 manus
2965 5653 3080 5720 ejus
3111 5652 3164 5706 in
3194 5651 3442 5707 omnibus
