3974 6202
510 344 610 399 ΙΞΤ

1873 330 2144 389 SEDULII
2179 328 2376 388 SCOTI

3645 336 3759 392 ﬁs

503 455 774 526 Epistolis,
799 465 854 509 et
873 454 933 508 in
955 467 1018 508 ea
1039 451 1200 506 etiam
1223 456 1614 504 commemorat
1633 445 1894 502 beneﬁcia
1915 443 2071 500 Chri-
2100 445 2148 504 A
2173 440 2269 496 vit.
2293 439 2358 493 In
2379 438 2573 494 secula
2594 439 2927 495 seculorum.
2951 439 3116 496 Moris
3136 448 3222 496 est
3240 441 3437 497 divinae
3462 442 3760 516 Scriptura

503 551 594 602 sti.
643 546 711 600 Ei
739 555 910 600 autem
950 543 1037 613 qui
1083 550 1263 610 potem
1307 548 1382 592 est
1427 555 1519 592 vos
1563 537 1874 606 confirmare
1913 535 2074 604 juxta

503 633 821 704 evangelium
844 647 1032 684 meum.
1059 629 1329 684 Subaudis
1343 628 1649 682 commendo
1672 644 1777 690 vos,
1804 627 2076 693 hzeretque

503 741 626 781 cum
649 721 1036 792 superioribus,
1057 719 1149 774 ubi
1173 719 1335 774 dixit:
1353 718 1668 772 Commendo
1691 716 1828 770 vobis
1852 713 2078 768 Phoeben

502 830 732 870 sororem
761 823 1018 877 nostram,
1047 819 1153 866 etc.
1192 811 1336 864 Duas
1365 810 1498 863 mihi
1542 823 1736 862 causas
1776 806 1972 860 Paulus
1999 807 2079 860 vi-

502 908 660 961 detur
702 905 987 959 ostendere
1031 902 1227 972 quibus
1277 901 1604 955 roborantur
1644 899 1699 953 hi
1745 900 1836 966 qui
1878 899 1932 951 in
1975 896 2080 951 ﬁde

500 998 764 1068 evangelii
815 997 1206 1050 conﬁrmantur
1243 1012 1257 1046 :
1293 1009 1455 1046 unam
1497 1007 1602 1060 qua
1647 992 1726 1046 cis
1767 989 2077 1059 prtedicatio

500 1089 672 1151 Pauli,
715 1103 833 1156 qua:
862 1095 945 1140 est
983 1094 1037 1139 et
1066 1085 1266 1139 Christi
1296 1082 1633 1151 prmdicatio,
1664 1080 1986 1144 innotescit;
2021 1089 2076 1133 et

501 1180 662 1232 aliam
689 1194 794 1246 qua
819 1183 1091 1230 reve.atur
1115 1175 1195 1228 eis
1219 1181 1640 1235 sacramentum,
1673 1170 1812 1238 quod
1841 1170 2079 1223 omnium

502 1268 835 1336 temporibus
860 1265 1177 1321 szeeulorum
1201 1265 1254 1318 in
1283 1263 1497 1318 silentio
1524 1260 1766 1314 habitum
1793 1267 1896 1314 est.
1924 1258 2080 1312 Nunc

501 1375 640 1412 vero.
687 1358 798 1411 Hoc
828 1365 912 1411 est
937 1357 988 1411 in
1026 1355 1258 1408 adventu
1299 1352 1521 1415 Christi,
1554 1359 1610 1405 et
1649 1349 1933 1419 prmsentia
1963 1365 2084 1404 cor-

500 1449 672 1517 porali
717 1446 1063 1501 manifestum
1095 1454 1181 1500 est
1207 1452 1263 1499 et
1293 1451 1570 1512 apertum,
1599 1450 1653 1495 et
1683 1449 1943 1509 quantum
1990 1453 2084 1493 ex—

501 1548 709 1608 spectat
765 1555 871 1593 non
925 1538 1041 1592 sine
1089 1535 1298 1590 idoneis
1343 1533 1594 1597 testibus,
1643 1532 1738 1586 sed
1786 1529 2084 1599 Scripturis

498 1629 828 1698 propheticis
855 1625 1267 1694 astipulantibus
1305 1623 1636 1678 declaratum
1667 1621 1871 1685 existit,
1904 1628 1964 1673 ut
1989 1635 2085 1689 per

500 1719 935 1788 praedicationem
962 1717 1181 1786 quidem
1205 1713 1490 1783 evangelii,
1513 1712 1712 1767 Gentes
1736 1711 1804 1765 ad
1831 1711 2086 1765 obedien-

2178 532 2594 586 immensitatem
2617 546 2719 601 per
2741 531 2846 586 hoc
2867 540 3172 601 temporum
3198 533 3503 603 designare.

2253 623 2434 676 Amen.
2471 623 2577 676 Aut
2599 623 2752 692 quasi
2777 622 2846 676 ad
2867 621 3336 678 conﬁrmationem
3361 625 3601 679 omnium
3634 641 3762 696 qua:

2179 715 2426 783 superius
2463 714 2666 784 scripta
2709 723 2833 768 sunt
2862 715 2916 768 in
2963 713 3070 769 ﬁne
3104 714 3303 784 posuit,
3333 729 3432 783 per
3474 717 3616 784 quod
3643 733 3770 772 ver—

2181 807 2372 860 naculo
2420 806 2767 861 liebrmorum
2813 822 3064 862 sermone
3117 822 3247 860 vera
3293 815 3350 862 et
3391 806 3571 862 ﬁdelia
3619 824 3766 875 esse,

2181 911 2299 964 quae
2332 905 2458 950 sunt
2478 897 2681 966 scripta
2708 898 2963 967 signaret.

2251 991 2472 1053 Achaia,
2501 990 2672 1044 frater
2713 1007 2887 1056 meus,
2918 991 3004 1046 vel
3033 992 3293 1046 Dominus
3328 991 3469 1060 quis.
3498 992 3773 1047 Androni-

2181 1097 2300 1146 cus,
2343 1083 2570 1137 decorus
2621 1084 2764 1152 quod
2813 1085 3087 1139 standum.
3137 1084 3371 1154 Apelles,
3419 1087 3772 1156 congregaris

2181 1190 2295 1230 eos.
2347 1175 2558 1246 Apollo,
2603 1177 2888 1232 mirabilis.
2938 1176 3174 1242 Arethe,
3221 1177 3500 1232 distentio.
3547 1177 3772 1248 Aquila,

2182 1269 2371 1323 dolens
2401 1269 2482 1322 vel
2526 1269 2854 1336 parturiens.
2901 1267 3130 1332 Arabes,
3162 1267 3394 1322 humiles
3425 1266 3507 1321 vel
3554 1281 3775 1336 campe-

2181 1366 2345 1410 stres.
2391 1356 2586 1426 Appia,
2619 1356 2902 1411 continens
2927 1357 3012 1411 vel
3044 1356 3284 1411 libertas.
3318 1355 3565 1420 Arastus,
3597 1354 3770 1411 frater

2183 1447 2390 1511 videns,
2406 1447 2490 1501 vel
2513 1462 2668 1502 mons
2687 1448 2867 1515 operis
2886 1447 3181 1516 amplioris.
3205 1446 3575 1510 Aristarchus,
3597 1446 3770 1500 susci~

2187 1546 2306 1591 tans
2331 1551 2606 1599 coronam.
2628 1537 2994 1602 Aristobulus,
3016 1537 3286 1592 suscitans
3312 1535 3502 1591 dolore
3523 1550 3769 1606 germen.

2185 1629 2488 1698 Archippus
2509 1669 2521 1693 ,
2555 1629 2832 1700 longitudo
2876 1630 3078 1698 operis.
3123 1628 3423 1692 Barnabas,
3451 1624 3599 1682 ﬁlius
3633 1642 3773 1683 con-

2185 1720 2485 1775 solationis.
2514 1718 2787 1789 Bithynia,
2829 1718 2936 1773 ﬁlia
2968 1719 3232 1788 speciosa.
3260 1718 3574 1784 Corinthus,
3593 1719 3775 1773 oritur

501 1811 629 1861 tiam
676 1807 796 1862 ﬁdei
844 1813 1198 1869 vocaremur;
1239 1819 1305 1857 ex
1356 1801 1683 1857 νενθιθιίοηθ
1726 1815 1856 1854 vero
1895 1814 2082 1853 Sﬁcra-
2111 1818 2158 1876 Β
2188 1810 2319 1875 ipse.
2347 1807 2613 1862 Corinthii
2660 1807 2827 1872 cives,
2857 1808 2972 1862 sive
3015 1808 3335 1862 decuriones
3367 1823 3577 1862 eorum.
3611 1805 3776 1862 Clau-

501 1900 669 1952 menti
715 1897 884 1967 agniti
913 1912 943 1950 a
970 1896 1066 1950 Dei
1111 1893 1377 1964 sapientia
1418 1893 1587 1963 gloria
1618 1899 1674 1946 et
1712 1891 1937 1946 claritas
1980 1889 2088 1944 soli

501 1989 733 2058 sapienti
774 1989 884 2042 Deo
913 1986 1232 2042 redderetur
1274 1987 1329 2039 in
1361 1985 1557 2040 szecula
1587 1985 1928 2039 saeculorum.
1958 1981 2082 2052 My-

500 2079 664 2130 sterii.
733 2077 1076 2132 Absconditae
1138 2076 1436 2130 vocationis
1491 2073 1744 2128 Gentium
1799 2073 1865 2127 ad
1921 2071 2083 2126 ﬁdem

501 2170 720 2224 Christi.
780 2168 933 2234 Quod
983 2168 1301 2238 temporibus
1357 2169 1566 2223 (uternis
1611 2167 1668 2220 in
1701 2165 1908 2221 silentio
1959 2165 2080 2235 fuit.

501 2260 655 2325 Quod
686 2259 890 2313 scirent
934 2259 1148 2327 quidem
1185 2258 1490 2328 prophetas;
1520 2273 1588 2311 ex
1615 2257 1912 2327 Scripturis
1939 2256 2084 2311 enim

501 2349 832 2418 propheticis
883 2347 1302 2414 manifestatur,
1358 2349 1452 2403 sed
1505 2348 1846 2413 hominibus,
1905 2348 1959 2401 id
2001 2355 2087 2402 est

503 2443 659 2514 vulgo
687 2460 790 2498 non
821 2443 1318 2510 manifestaverint,
1351 2458 1454 2498 nec
1481 2443 1859 2513 patefecerint,
1889 2442 1983 2497 sed
2012 2441 2089 2496 si-

503 2533 672 2587 lentio
732 2535 984 2588 texerint.
1020 2532 1320 2588 Secundum
1370 2543 1684 2604 prtrccptum
1737 2533 1919 2588 atterm'
1963 2532 2083 2588 Dei.

505 2627 794 2695 L’squequo
825 2635 1034 2695 tempus
1069 2626 1285 2679 adesset
1308 2633 1368 2678 ut
1396 2625 1632 2679 Verbum
1663 2639 1792 2679 caro
1817 2623 1992 2690 ﬁeret,
2030 2632 2087 2678 et

503 2717 772 2770 habitaret
800 2717 852 2769 in
884 2715 1060 2776 nobis,
1092 2722 1146 2768 et
1191 2713 1633 2768 manifestaretur
1658 2714 1911 2767 omnibus
1937 2713 2086 2767 Gen-

503 2812 648 2864 tibus
689 2811 756 2864 ad
783 2809 1146 2864 obedientiam
1194 2809 1337 2863 ﬁdei.
1388 2808 1500 2863 Soli
1549 2810 1772 2878 sapienti
1807 2808 1937 2861 Deo.
1988 2807 2087 2862 Sa-

502 2901 738 2969 pientem
768 2900 937 2954 Deum
969 2916 1075 2952 non
1106 2899 1180 2952 ita
1209 2899 1471 2967 accipias,
1502 2900 1657 2968 quasi
1683 2915 1842 2968 quem
1875 2899 2086 2967 sapien—

502 2995 578 3045 tia
633 2993 825 3047 fecerit
877 2992 1195 3060 sapientem,
1238 3003 1297 3045 ut
1347 2993 1487 3045 inter
1539 2992 1784 3045 homines
1833 2991 2084 3046 habetur.

505 3081 735 3150 Sapiens
779 3081 921 3135 enim
949 3083 1092 3134 inter
1119 3063 1364 3134 homines
1392 3081 1592 3134 dicitur
1622 3079 1992 3149 unusquisque
2017 3096 2081 3133 ex

2185 1895 2329 1958 dius,
2354 1909 2477 1964 spes
2516 1894 2940 1965 tranquillitatis.
2969 1896 3180 1962 Cilicia,
3206 1903 3380 1951 cmtus
3398 1937 3410 1958 ,
3440 1895 3524 1950 vel
3571 1895 3771 1960 luctus,

2185 1984 2268 2040 vel
2315 1986 2629 2056 assumptio,
2675 1987 2761 2042 vel
2804 1988 3050 2051 vocatio,
3103 1988 3482 2043 lamentabilis.
3531 1987 3775 2055 Coiceia,

2185 2090 2291 2129 vox
2337 2075 2499 2130 facta.
2545 2076 2785 2148 Crispus,
2835 2079 3034 2134 sciens.
3085 2079 3316 2145 Chloes,
3366 2080 3776 2150 investigantes,

2187 2165 2273 2220 vel
2313 2180 2521 2231 omnes,
2549 2167 2644 2222 sed
2696 2168 2890 2223 melius
2942 2170 3237 2236 conclusio,
3267 2170 3352 2224 vel
3405 2172 3769 2239 consumptio.

2188 2254 2485 2310 Damascus
2527 2258 2804 2327 sanguinis
2835 2267 3010 2328 potus.
3041 2261 3257 2322 Demas,
3287 2260 3472 2314 silens.
3519 2260 3776 2326 Erastus,

2188 2344 2359 2401 frater
2377 2359 2528 2401 meus
2548 2347 2756 2402 videns.
2782 2348 3201 2418 Epaphroditus,
3217 2347 3462 2418 frugifer.
3493 2349 3776 2417 Epaphra,

2187 2436 2396 2501 videns,
2429 2437 2513 2492 vel
2565 2452 2773 2493 recens.
2817 2439 3097 2501 Evodiam.
3144 2439 3635 2510 apprehendentem
3668 2440 3781 2495 Do-

2188 2512 2414 2581 minum.
2467 2528 2773 2598 Ephesum,
2834 2531 3085 2584 voluntas
3129 2529 3264 2599 ejus,
3318 2531 3430 2586 sive
3482 2531 3780 2586 consilium

2189 2633 2388 2672 meum.
2421 2619 2684 2685 Philetas,
2715 2621 3011 2676 declinans.
3046 2621 3403 2693 Philologum,
3443 2636 3538 2676 ore
3564 2623 3778 2691 princi—

2185 2708 2356 2776 pium.
2387 2709 2616 2775 Galatia,
2647 2712 2932 2780 magniﬁca
2958 2712 3040 2766 vel
3079 2712 3386 2767 translatio.
3430 2710 3606 2773 Junia,
3637 2713 3782 2768 inci-

2188 2796 2361 2865 piens.
2389 2796 2611 2863 Julium,
2655 2799 3022 2869 incipientem.
3069 2801 3291 2866 Lucius,
3325 2802 3439 2870 ipse
3480 2802 3774 2857 suscitans.

2189 2887 2498 2954 Onesimus,
2527 2891 2876 2960 respondens.
2925 2893 3320 2962 Philippenscs.
3351 2910 3412 2949 os
3445 2894 3778 2964 lampadum.

2189 2980 2434 3045 Persida,
2486 2988 2717 3034 tentans.
2777 2981 3045 3047 Priscilla,
3095 2999 3416 3052 agnoscens.
3469 2982 3776 3048 Philemon,

2191 3072 2329 3126 mire
2357 3071 2605 3125 donatus.
2647 3071 2864 3134 Paulus,
2892 3073 3180 3126 mirabilis.
3220 3074 3477 3140 Quartus,
3514 3072 3783 3143 plangens

503 3173 916 3242 participatione
953 3173 1260 3252 sapientize;
1300 3174 1440 3226 Deus
1485 3187 1616 3226 vero
1646 3187 1751 3225 non
1798 3172 1949 3240 quasi
1996 3170 2087 3240 qui
2117 3170 2159 3231 C
2191 3161 2480 3233 superflue.
2512 3161 2723 3222 Saulus,
2751 3163 2984 3217 tentatio
3013 3165 3354 3234 respicientis
3377 3165 3463 3219 vel
3489 3164 3781 3220 securitas.

503 3279 572 3318 ex
615 3264 882 3332 sapientia
932 3265 1148 3332 sapiens
1192 3263 1365 3319 factus
1411 3264 1502 3328 sit,
1533 3264 1627 3317 sed
1674 3265 1765 3334 qui
1799 3274 1986 3318 auctor
2029 3273 2084 3318 et

503 3358 716 3425 genitor
743 3357 1056 3426 sapientitc,
1109 3357 1324 3424 sapiens
1371 3357 1689 3426 appellatur.
1742 3356 1931 3410 Merito
1985 3356 2083 3410 soli

504 3448 731 3517 sapienti
783 3447 910 3501 Deo.
946 3446 1104 3500 Solus
1133 3455 1217 3499 est
1256 3447 1400 3500 enim
1448 3447 1522 3500 ita
1570 3446 1785 3515 sapiens
1829 3445 1990 3509 Deus,
2025 3452 2086 3498 ut

504 3537 824 3606 sapientiam
867 3538 980 3604 ipse
1024 3536 1197 3607 magis
1243 3537 1518 3604 genuerit,
1552 3552 1674 3591 cum
1716 3551 1783 3591 ex
1820 3535 2082 3604 sapientia

505 3626 679 3681 factus
713 3627 784 3680 sit
834 3627 1067 3696 sapiens.
1112 3625 1211 3701 Ctti
1251 3624 1436 3697 gloria.
1481 3627 1646 3682 Recte
1688 3629 1736 3681 ei
1781 3626 1947 3697 gloria
1988 3640 2084 3694 per

502 3713 684 3770 Jesum
732 3714 1006 3771 Christum
1050 3716 1319 3781 refertur,
1365 3717 1455 3785 qui
1501 3717 1574 3770 ita
1617 3717 1917 3785 sapientem
1967 3729 2087 3769 esse

506 3807 680 3860 solum
705 3807 897 3871 Deum,
921 3815 980 3860 ut
1023 3809 1137 3878 ipse
1175 3808 1494 3878 sapientiam
1524 3809 1769 3878 genuerit
1811 3807 2088 3862 Christum

505 3894 686 3950 Jesum
719 3898 808 3965 qui
854 3907 935 3951 est
976 3897 1072 3951 Dei
1110 3899 1304 3962 virtus,
1332 3907 1386 3953 et
1414 3899 1506 3952 Dei
1537 3899 1820 3967 sapientia,
1852 3897 2088 3953 declara-

2193 3251 2344 3316 Saul,
2371 3252 2638 3320 expetitus
2667 3251 2750 3306 vel
2780 3253 2984 3321 petitio.
3032 3253 3303 3316 Silvanus,
3335 3256 3554 3309 missus.
3603 3251 3786 3308 Sodo-

2192 3355 2300 3404 ma,
2329 3354 2493 3409 pecus
2517 3340 2698 3393 silens.
2729 3341 3033 3406 Sosthenis,
3059 3343 3310 3410 gaudium
3340 3344 3406 3397 da
3441 3344 3594 3397 mihi.
3620 3341 3785 3397 Sosi-

2191 3439 2366 3498 pater,
2391 3445 2640 3485 narrans.
2664 3431 3032 3500 Sosipatrnus,
3052 3434 3269 3489 salvans
3293 3435 3584 3506 dispersos.
3609 3433 3790 3490 Thes-

2191 3522 2574 3585 salonicenses,
2607 3522 2944 3578 festinantes.
2975 3525 3218 3590 Tharsis,
3242 3526 3541 3596 exploratio
3569 3525 3786 3596 gaudii.

2192 3613 2439 3677 Tertius,
2487 3612 2784 3683 adiungens
2832 3615 2915 3669 vel
2965 3616 3241 3685 applicans
3285 3631 3362 3670 se.
3421 3616 3788 3672 Thessaloni-

2185 3719 2321 3766 cam,
2379 3703 2631 3758 festinam
2681 3707 2928 3760 umbram
2975 3715 3230 3762 statuere.
3285 3708 3581 3778 Tyberius,
3636 3707 3790 3762 visio

2184 3792 2322 3861 ejus,
2347 3795 2461 3848 sive
2484 3796 2701 3850 bonitas
2730 3796 2865 3864 ejus.
2923 3795 3168 3862 Tiranni,
3194 3798 3554 3852 continentes.
3587 3798 3789 3851 Timo-

2188 3887 2362 3950 theus,
2385 3884 2680 3940 beneﬁcus.
2713 3886 2887 3949 Titus,
2913 3901 3186 3955 quan-ens,
3217 3887 3302 3941 vel
3327 3887 3548 3943 bonum.
3578 3886 3792 3956 Tychi-

2187 3992 2306 4041 cus,
2337 3984 2543 4031 tacens.
2575 3977 2849 4043 Urbanus,
2882 3978 2999 4032 luce
3025 3978 3285 4048 gaudens.

1257 4440 1365 4517 IN
1428 4433 2013 4514 EPISTOLAM
2079 4433 2114 4510 Ι
2173 4434 2304 4511 ΑΙ)
2362 4429 3017 4510 CORINTHIOS.

1024 4706 1251 4763 CAPUT
1290 4705 1558 4762 PRIMUM

584 4805 786 4861 Paulus
810 4809 1020 4857 vocatus
1043 4797 1338 4869 Apostolus.
1363 4797 1516 4863 Quod
1545 4811 1738 4851 nomen
1766 4810 1920 4850 suum
1950 4809 2089 4865 prte-

505 4897 662 4968 ponit
703 4891 991 4964 Epistolis,
1044 4886 1382 4941 auctoritatis
1429 4899 1549 4939 esse
1597 4885 1926 4940 noscendum
1971 4890 2084 4938 est:

508 4987 649 5042 sicut
684 5000 840 5055 reges
864 4982 1022 5051 longe
1049 4977 1212 5048 positi
1241 4977 1326 5030 his
1352 4976 1441 5044 qui
1473 4975 1572 5028 sub
1599 4989 1786 5028 eorum
1817 4980 2088 5043 potes-tate

508 5085 634 5130 sunt
671 5076 935 5137 scribunt,
975 5079 1028 5125 et
1057 5069 1181 5139 quia
1223 5065 1521 5120 minoribus
1554 5063 1812 5132 epistolas
1838 5063 2084 5128 mittunt,

509 5180 605 5220 sua
637 5166 721 5220 his
749 5165 963 5217 nomina
995 5166 1332 5230 prmponunt.

588 5253 835 5306 Vocatus.
878 5253 934 5305 ln
976 5253 1080 5315 via,
1119 5250 1205 5304 vel
1239 5246 1536 5315 Beniamin,
1577 5244 1661 5298 vel
1705 5243 1758 5297 in
1794 5243 2080 5312 praesentia

507 5347 626 5402 Dei.
657 5345 825 5398 Porro
859 5345 1001 5410 quod
1031 5344 1125 5404 ait,
1157 5340 1452 5411 Apostolus,
1485 5339 1639 5408 cujus
1667 5336 1889 5391 autem?
1925 5334 2083 5389 Chri-

508 5440 576 5492 sti
603 5438 727 5491 Jesu
755 5453 771 5490 :
804 5435 908 5489 tale
940 5434 1071 5485 mihi
1118 5433 1349 5496 videtur,
1383 5432 1536 5502 quasi
1575 5430 1799 5485 dixisset
1838 5447 1850 5482 :
1888 5420 2085 5481 Prude—

507 5537 629 5581 ctus
676 5525 911 5594 praetorii
950 5521 1176 5594 Augusti
1212 5522 1475 5584 Cmsaris,
1511 5523 1770 5592 magister
1814 5518 2086 5572 exercitus

510 5618 713 5672 Tiberii
742 5617 1006 5672 Ctesaris?
1043 5616 1114 5670 Ut
1145 5613 1288 5668 enim
1322 5611 1534 5680 judiees
1565 5616 1723 5683 hujus
1763 5612 1963 5670 surculi,
1995 5610 2086 5679 qui

511 5710 805 5766 nobiliores
839 5725 957 5764 esse
986 5710 1254 5771 videntur,
1284 5722 1348 5760 cx
1377 5708 1594 5772 regibus
1625 5709 1820 5777 quibus
1847 5706 2089 5760 serviunt

2109 4701 2164 4763 D
2189 4709 2244 4757 et
2279 4715 2343 4754 ex
2381 4701 2643 4772 dignitate
2686 4716 2792 4770 qua
2837 4703 3206 4759 intumescunt
3234 4706 3494 4761 vocabula
3532 4709 3794 4766 sortiun-

2192 4799 2315 4846 tur:
2342 4791 2415 4844 ita
2447 4800 2504 4845 et
2522 4791 2812 4861 Apostolus
2838 4793 3094 4862 grandem
3132 4795 3272 4849 inter
3297 4794 3633 4851 Christianos
3663 4799 3790 4858 sibi

2189 4879 2471 4934 vindicans
2503 4881 2850 4951 dignitatem,
2888 4881 3203 4950 Apostolum
3257 4898 3316 4938 se
3363 4883 3561 4939 Christi
3610 4887 3790 4946 titulo

2189 4971 2534 5040 prtenotavit,
2571 4979 2713 5043 utet
2749 4972 2864 5040 ipsa
2903 4973 3141 5030 lecturos
3179 4977 3414 5030 nominis
3443 4978 3788 5036 auctoritate

2189 5070 2440 5126 terreret,
2479 5063 2726 5119 indicans
2761 5077 2952 5120 omnes
2986 5066 3078 5135 qui
3120 5067 3173 5120 in
3197 5066 3414 5120 Christo
3455 5069 3782 5136 crederent,

2191 5153 2388 5209 debere
2413 5153 2513 5206 sibi
2541 5168 2659 5208 esse
2682 5154 2970 5224 subjectos.
3000 5155 3069 5208 Et
3093 5153 3368 5208 δοειιιεηρε
3393 5156 3578 5224 frater.
3613 5157 3789 5215 Hunc

2187 5243 2390 5298 idcirco
2419 5258 2603 5298 secum
2633 5245 2958 5299 scribentem
2988 5244 3214 5308 inducit,
3251 5245 3376 5313 quia
3415 5255 3464 5300 et
3509 5246 3639 5313 ipsis
3664 5246 3784 5302 do-

2185 5346 2304 5393 ctor
2331 5346 2470 5397 erat,
2503 5346 2558 5392 et
2593 5352 2694 5408 pro
2730 5339 2814 5392 his
2847 5338 3000 5392 valde
3041 5337 3324 5391 sollicitus.
3368 5337 3619 5392 Ecclesia:
3644 5337 3778 5394 Dei.

2187 5427 2349 5482 Notat
2374 5427 2666 5483 Ecclesiam
2707 5443 2827 5498 qua:
2865 5442 2970 5481 non
3013 5435 3092 5481 est
3122 5427 3236 5488 Dei,
3271 5435 3332 5482 ut
3366 5444 3378 5479 :
3413 5427 3565 5481 Oditvi
3595 5426 3785 5482 cccle-

2185 5518 2318 5572 siam
2350 5517 2750 5588 malignantium
2779 5515 2951 5571 (Psal.
2975 5517 3113 5588 XXI).
3143 5517 3275 5571 Cum
3299 5518 3538 5571 omnibus
3561 5517 3652 5585 qui
3685 5519 3788 5574 in-

2187 5618 2368 5662 vocant
2403 5625 2588 5662 nomen
2613 5609 2842 5662 Domini.
2887 5607 3002 5663 Hoc
3034 5618 3138 5672 est,
3175 5623 3284 5662 non
3333 5607 3502 5661 solum
3541 5615 3674 5675 opto
3713 5617 3786 5666 ut

2189 5702 2361 5771 gratia
2402 5709 2457 5755 et
2499 5716 2602 5770 pax
2649 5701 2803 5754 vobis
2855 5699 3244 5770 multiplicetur
3281 5699 3488 5754 vocatis
3533 5700 3780 5765 sanctis,
