3974 6202
224 283 319 336 129

1275 277 1604 336 COLLECT.
1647 279 1716 334 ΙΝ
1753 278 1974 335 EPIST.
2015 281 2035 335 Ι
2073 280 2166 336 ΑΙ)
2202 281 2356 338 COR.

3361 291 3458 349 130

218 398 311 452 sed
354 392 609 449 omnibus
653 392 752 461 qui
798 392 1052 444 invocant
1098 407 1293 446 nomen
1338 393 1552 448 Domini
1599 393 1790 448 nostri.
1821 391 2215 453 Adebuerunt.
2267 393 2473 448 Divisus
2509 406 2584 450 est
2619 396 2898 453 Christus?
2945 401 3210 457 Dividitur
3248 421 3464 474 corpus,

215 488 284 542 In
323 484 457 540 omni
497 483 639 536 loco.
690 483 751 536 ln
784 491 896 536 tota
929 481 1226 536 Corinthia.
1274 483 1542 553 Ipsorum.
1585 484 1642 538 ld
1688 493 1792 550 est,

217 571 639 632 Corinthiorum.
695 571 766 625 Et
795 581 991 624 nostra.
1045 571 1180 638 Quia
1233 581 1479 627 nostrum
1529 583 1613 628 est
1652 573 1794 642 quod

216 668 451 736 ipsorum
479 669 581 716 est.
609 662 807 728 Aliter,
839 663 1088 717 invocare
1117 679 1314 718 nomen
1344 665 1552 718 Domini
1578 665 1794 734 proprie

215 764 296 809 est
322 753 685 808 sacerdotum.
720 751 875 806 Unde
901 756 1160 822 scriptum
1186 762 1270 808 est
1295 771 1306 805 :
1337 755 1404 810 Et
1427 755 1641 810 Samuel
1663 757 1797 810 inter

213 861 301 898 eos
330 844 419 915 qui
451 845 696 896 invocant
717 858 904 896 nomen
931 842 1042 912 ejus
1066 842 1238 914 (Psal.
1266 846 1472 917 xcvm).
1509 846 1676 913 Quem
1704 863 1794 901 sa-

215 934 485 990 cerdotem
527 931 696 985 fuisse
727 932 1004 1000 probatur,
1051 933 1174 1001 quia
1209 933 1325 988 Heli
1363 937 1631 989 sacerdoti
1671 951 1794 989 suc-

212 1023 398 1086 cessit,
440 1029 494 1076 et
537 1021 748 1096 hostias
783 1019 1061 1086 offerebat,
1103 1031 1159 1076 et
1197 1023 1262 1077 de
1293 1039 1358 1078 eo
1389 1024 1649 1080 Dominus
1687 1027 1788 1079 ait:

217 1116 488 1171 Suscitabo
524 1115 654 1168 mihi
687 1113 896 1183 ﬁdelem
935 1116 1277 1170 sacerdotem.
1311 1116 1410 1182 Qui
1439 1118 1566 1172 licet
1594 1135 1698 1173 non
1726 1134 1794 1173 ex

217 1220 410 1275 genere
427 1203 630 1268 Aaron,
655 1210 838 1256 tamen
866 1203 931 1258 de
957 1205 1098 1258 tribu
1113 1205 1242 1260 Levi
1271 1207 1326 1261 in
1349 1206 1794 1277 Paralipomenon

219 1293 380 1348 fuisse
398 1293 746 1348 describitur.
764 1293 1124 1366 Hieronymus
1145 1298 1201 1351 in
1224 1307 1451 1353 tractatu
1476 1299 1598 1354 libri
1618 1300 1788 1356 Isaiazz

218 1382 272 1437 ln
325 1383 570 1454 Epistola
612 1399 778 1454 quam
829 1387 1046 1455 scripsit
1086 1387 1288 1444 Paulus
1334 1392 1402 1445 ad
1447 1390 1790 1458 Corinthios,

217 1490 339 1528 cum
380 1475 449 1528 ad
482 1476 644 1530 unius
682 1476 952 1531 scribatur
987 1479 1244 1548 populum
1281 1482 1542 1547 civitatis,
1577 1498 1675 1552 pro
1702 1500 1795 1538 va-

219 1565 409 1618 rietate
451 1564 839 1632 habitantium,
871 1567 925 1621 id
964 1576 1064 1634 est,
1093 1577 1403 1624 sanctorum
1448 1580 1501 1625 et.
1537 1581 1794 1641 peccato-

217 1669 355 1719 rum,
399 1671 550 1710 nunc
585 1655 767 1710 laudat
799 1671 924 1722 eos,
965 1673 1106 1712 nunc
1147 1660 1394 1728 corripit,
1441 1678 1584 1718 nunc
1626 1664 1790 1729 dolet,

1896 497 2016 536 cum
2063 483 2304 536 membra
2353 485 2695 540 dissentiunt.
2748 488 2999 559 Nunquid
3039 492 3242 549 Paulus
3289 498 3462 548 cruci—

1893 571 2032 638 ﬁxus
2057 584 2128 624 est
2155 590 2248 641 pro
2281 574 2458 627 vobis?
2490 576 2614 628 ldeo
2647 577 2701 630 in
2737 579 2851 632 solo
2878 579 3096 636 Christo
3127 584 3466 652 gloriandum

1894 663 2049 719 vobis
2084 673 2186 728 est,
2217 665 2340 732 quia
2383 667 2498 735 ipse
2537 669 2690 722 vobis
2724 671 2839 725 hinc
2885 673 3012 736 duo,
3043 673 3100 727 id
3125 683 3210 728 est
3247 691 3464 730 crucem

1894 761 1948 804 et
1972 752 2293 820 baptismum
2317 755 2520 820 tribuit,
2547 774 2653 811 non
2670 759 2885 824 Paulus,
2907 777 3006 816 nec
3022 763 3230 831 Apollo.
3255 764 3466 819 Gratias

1893 858 1991 910 ago
2027 842 2135 894 Deo
2168 860 2300 909 meo,
2341 846 2480 914 quod
2520 849 2770 901 neminem
2817 861 3040 904 vestrum
3070 853 3342 922 baptizari.
3381 855 3467 909 ld-

1894 931 2038 984 circo
2083 932 2352 986 neminem
2388 943 2629 990 vestrum
2668 938 2956 1006 baptizavi,
2996 955 3064 994 ne
3099 943 3221 1009 quis
3251 959 3335 998 me
3369 959 3466 1012 pu—
3509 985 3512 990 η

1894 1030 2038 1074 taret
2081 1023 2135 1075 in
2177 1038 2296 1076 meo
2338 1026 2552 1078 nomine
2591 1026 2924 1094 baptizasse.
2987 1030 3108 1084 Nisi
3139 1031 3379 1100 Crispum
3419 1044 3464 1087 et

1893 1110 2096 1166 Caium.
2127 1112 2228 1178 Qui
2254 1129 2311 1167 se
2337 1129 2442 1168 non
2467 1115 2650 1170 dicunt
2677 1118 2729 1171 in
2756 1135 2876 1174 meo
2902 1121 3117 1175 nomine
3144 1123 3462 1190 baptizatos.

1895 1201 2019 1255 Non
2045 1203 2180 1255 enim
2208 1202 2345 1256 misit
2375 1219 2455 1256 me
2477 1202 2716 1260 Christus
2739 1208 3025 1278 baptizare.
3057 1210 3174 1265 Non
3209 1215 3468 1281 usurpavi

1893 1291 2100 1345 minora
2124 1291 2320 1358 lacere,
2345 1294 2434 1362 qui
2463 1296 2610 1363 potui
2646 1296 2869 1366 implere
2898 1301 3121 1370 majora.
3155 1303 3326 1356 Item:
3357 1303 3466 1369 Qui-

1891 1383 1957 1436 ad
1986 1382 2187 1450 majora
2222 1385 2472 1449 mittitur,
2513 1387 2721 1443 minora
2761 1405 2866 1444 non
2909 1393 3037 1462 agit.
3068 1392 3170 1447 Sed
3200 1395 3470 1465 evangeli-

1893 1490 2033 1526 zare.
2073 1473 2226 1540 Quod
2256 1473 2430 1542 majus
2455 1485 2556 1542 est,
2595 1487 2648 1531 ut
2677 1490 2845 1548 portet
2877 1499 3061 1536 nomen
3090 1501 3259 1538 meum
3289 1503 3467 1541 coram

1893 1559 2163 1633 regibus'et
2181 1567 2434 1635 gentibus.
2476 1567 2598 1621 Non
2623 1571 2678 1622 in
2703 1572 2960 1638 sapientia
2990 1573 3144 1626 verbi.
3185 1575 3465 1632 Mundana:

1890 1653 2260 1723 phil050phize,
2315 1656 2368 1709 in
2416 1673 2522 1726 qua
2564 1674 2658 1714 vos
2707 1661 3032 1729 gloriamini.
3084 1664 3167 1717 Ne
3195 1677 3471 1721 evacuetur

217 1759 353 1798 nunc
391 1743 766 1814 reprehendit,
801 1761 946 1799 nunc
981 1757 1238 1815 provocat
1275 1750 1342 1802 ad
1379 1751 1790 1818 continentiam;
1819 1737 1864 1794 B
1893 1762 2024 1798 crux
2051 1744 2262 1800 Christi.
2302 1749 2356 1802 ld
2390 1758 2492 1814 est,
2528 1759 2584 1803 ut
2619 1767 2725 1804 non
2767 1752 3088 1821 eloquentia:
3123 1755 3254 1810 fides
3289 1758 3466 1812 crucis

221 1836 434 1904 nuptias
470 1850 580 1888 non
607 1842 842 1900 recusat,
873 1837 1098 1891 retrahit
1122 1840 1190 1892 ab
1218 1839 1542 1906 idololatria,
1573 1842 1795 1899 instruit

219 1925 268 1978 in
301 1925 787 1991 resurrectionem,
821 1926 1065 1997 digamiaz
1093 1930 1319 1999 porrigit
1347 1947 1586 1997 manum,
1619 1950 1686 1989 ne
1717 1935 1796 1989 lo-

216 2031 330 2070 cum
370 2016 590 2070 tribuat
631 2015 998 2072 fornicationi.
1043 2017 1252 2073 Cratias
1287 2038 1384 2090 ago
1417 2021 1525 2075 Deo
1561 2041 1692 2078 meo.
1726 2025 1797 2080 Ut

217 2109 345 2163 solet
374 2110 619 2179 primum
649 2118 913 2178 provocat
940 2110 1239 2178 profectum
1267 2111 1558 2178 laudando,
1584 2124 1639 2170 et
1667 2116 1798 2170 dicit

219 2214 270 2253 se
293 2201 515 2269 quidem
547 2200 784 2270 gaudere
806 2201 874 2254 de
903 2216 1087 2254 eorum
1109 2203 1359 2268 scientia,
1388 2207 1483 2259 sed
1504 2206 1647 2261 scire
1677 2207 1797 2261 illos

217 2291 413 2346 debere
440 2291 569 2359 quia
599 2306 729 2345 vera
771 2291 994 2344 scientia
1038 2309 1146 2348 non
1187 2293 1352 2356 inflat,
1385 2311 1561 2364 neque
1589 2297 1798 2352 dissen-

219 2383 299 2434 tit.
334 2379 485 2434 Sicut
521 2381 877 2433 testimonium
905 2381 1097 2435 Christi
1127 2384 1491 2452 confirmatum
1523 2396 1597 2440 est
1627 2388 1679 2440 in
1711 2405 1799 2442 vo-

220 2471 310 2523 bis.
356 2470 756 2524 Testimonium
783 2469 982 2524 Christi
1015 2480 1097 2526 est
1124 2482 1290 2528 totum
1317 2475 1684 2543 Evangelium,
1711 2477 1796 2531 vel

219 2565 341 2619 illud
369 2584 383 2618 :
413 2564 601 2619 Omnis
638 2567 810 2619 scriba
837 2565 1018 2618 doctus
1050 2567 1104 2619 in
1138 2582 1292 2634 regno
1319 2565 1585 2629 caelorum,
1611 2567 1796 2621 similis

219 2665 290 2707 es:
326 2657 527 2708 homini
560 2655 966 2725 patrifamilias,
997 2657 1084 2727 qui
1115 2657 1314 2726 profert
1345 2657 1408 2710 de
1433 2659 1676 2711 thesauro
1701 2675 1796 2711 suo

221 2764 345 2798 nota
371 2756 420 2798 et
445 2756 639 2798 vetera.
669 2744 753 2798 Ita
781 2757 837 2798 ut
861 2746 989 2799 nihil
1013 2748 1152 2800 vobis
1179 2747 1331 2800 desit.
1365 2747 1518 2802 Unde
1541 2747 1795 2803 Salomon

219 2838 326 2890 ait:
356 2836 626 2890 Venerunt
660 2838 785 2890 mihi
807 2839 981 2891 omnia
1009 2839 1142 2892 bona
1172 2856 1289 2892 cum
1302 2839 1429 2891 lilia.
1472 2839 1798 2910 Exspectan-

218 2930 351 2981 libus
399 2928 767 2982 rer-elationem
809 2927 1020 2981 Domini
1074 2930 1241 2982 nostri
1267 2928 1395 2982 Jesu
1439 2927 1651 2984 Christi.
1706 2931 1797 2985 llle

218 3034 344 3072 vere
383 3027 672 3088 exspectat
713 3016 1003 3072 adventum
1042 3019 1277 3084 Domini,
1319 3021 1412 3090 qui
1451 3022 1505 3074 in
1547 3022 1798 3077 omnibus

216 3079 556 3180 prazparatus
585 3119 689 3164 est.
730 3109 853 3164 ldeo
882 3117 1062 3164 autem
1093 3079 1352 3164 revelatio
1375 3109 1572 3165 dicitur
1602 3111 1799 3166 adven—
1825 3079 1869 3140 C

217 3211 306 3255 tus
333 3201 570 3265 Domini,
621 3201 748 3270 quia
801 3200 959 3254 modo
1009 3201 1358 3254 absconditus
1407 3209 1490 3254 est
1540 3216 1571 3253 a
1618 3201 1795 3256 nobis.

216 3291 323 3356 Qui
355 3303 403 3345 et
438 3291 772 3359 conﬁrmabit
802 3307 906 3344 ros.
951 3289 1059 3344 Sua
1096 3290 1305 3345 scilicet
1332 3291 1596 3345 doctrina.
1627 3288 1798 3360 Usque

210 3384 270 3435 in
296 3383 483 3451 linem.
533 3383 629 3435 Vel
659 3388 852 3436 vestra:
882 3382 1166 3451 praesentis
1199 3382 1341 3444 vitm,
1369 3382 1481 3437 sive
1509 3382 1798 3452 perfectio-

210 3475 319 3527 nis.
355 3473 490 3528 Sine
517 3472 750 3526 crimine.
794 3470 1104 3540 Principali.
1133 3469 1337 3525 Fidelis
1358 3471 1517 3526 Deus.
1546 3473 1646 3540 Qui
1673 3474 1798 3528 red~

209 3563 306 3617 det
332 3563 493 3616 vobis
531 3563 836 3616 mercedem
862 3561 1005 3615 sicut
1025 3561 1293 3629 promisit.
1324 3557 1430 3613 Per
1453 3578 1606 3631 quem
1632 3563 1800 3616 vocati

207 3656 357 3708 estis.
390 3652 469 3709 Ut
498 3671 510 3704 :
540 3651 708 3705 Nemo
735 3652 866 3705 venit
895 3652 964 3705 ad
992 3668 1090 3717 me,
1118 3651 1218 3705 nisi
1240 3649 1402 3705 Pater
1435 3654 1654 3706 traxerit
1681 3669 1800 3706 eum

207 3743 403 3808 (’Joan.
434 3742 537 3810 vi).
593 3741 661 3794 In
708 3744 1004 3796 societatem
1040 3740 1172 3796 Filii
1211 3743 1346 3812 ejus.
1395 3742 1451 3796 Si
1490 3743 1632 3796 enim
1668 3744 1800 3797 socii

209 3835 490 3888 fuerimus
516 3831 852 3900 passionum,
878 3832 1083 3887 erimus
1111 3832 1245 3886 socii
1275 3833 1328 3886 in
1352 3831 1542 3902 gloria.
1577 3831 1804 3885 Obsecro

205 3937 388 3979 autem
429 3923 559 3988 vos,
600 3923 802 3990 fratres.
846 3925 1139 3992 hucusque
1173 3939 1296 3978 cum
1340 3924 1496 3978 laude
1524 3921 1799 3993 praelatio:

204 4019 346 4072 hinc
381 4017 513 4087 jam
559 4023 746 4070 contra
786 4016 1144 4070 dissensiones
1187 4016 1518 4086 aggreditur,
1558 4025 1619 4069 ut
1661 4014 1804 4070 idem

203 4108 335 4176 ipse
362 4106 540 4160 dicit:
570 4102 742 4156 Unum
764 4106 828 4157 sit
856 4104 1085 4169 verbum,
1109 4114 1157 4157 et
1185 4121 1324 4157 unus
1350 4121 1532 4158 sensus
1556 4105 1609 4158 in
1637 4105 1804 4159 omni-

201 4200 309 4250 bus
353 4196 526 4249 tabis.
557 4191 873 4246 Schismata.
904 4192 1286 4248 Contentiones
1334 4209 1431 4264 pro
1472 4195 1800 4248 doctoribus.

203 4286 600 4357 Signi/ictuum
615 4291 690 4335 est
716 4283 842 4335 mihi
865 4283 928 4336 ab
955 4283 1034 4337 his
1061 4284 1148 4354 qui
1169 4294 1288 4337 sunt
1314 4283 1520 4338 Chloes.
1537 4284 1808 4350 Quaeritur

199 4377 499 4448 quomodo
523 4372 821 4444 Apostolus
849 4374 1018 4428 credit
1051 4375 1118 4428 de
1148 4373 1480 4438 absentibus,
1511 4388 1634 4428 cum
1669 4374 1804 4428 scri-

195 4482 370 4538 ptum
394 4470 474 4525 sit
496 4467 629 4525 :‘Ne
651 4465 837 4520 credas
863 4468 1067 4520 auditui
1090 4477 1242 4522 vano.
1276 4466 1383 4521 Sed
1413 4467 1555 4520 hanc
1579 4467 1805 4536 gratiam

1893 1834 2094 1889 Christi
2123 1837 2428 1906 deputetur,
2463 1840 2586 1908 quia
2625 1856 2840 1896 crucem
2872 1842 3072 1898 Christi
3101 1856 3345 1912 evacuat,
3374 1850 3465 1917 qui

1895 1940 2053 1981 aures
2081 1928 2359 1982 hominum
2389 1929 2783 1986 declamatione
2808 1935 3106 2000 permulcet
3131 1953 3144 1986 :
3171 1938 3294 2004 quia
3324 1940 3470 1992 auri-

1893 2017 1994 2070 bus
2020 2018 2345 2086 sapientium
2387 2020 2546 2089 hujus
2579 2023 2758 2077 Stcculi
2806 2023 3053 2091 displicet
3088 2026 3267 2080 dicere
3293 2027 3470 2082 Domi-

1896 2125 2041 2174 num,
2075 2112 2166 2179 qui
2202 2111 2329 2166 fecit
2357 2113 2553 2167 ctelum
2582 2122 2636 2167 et
2666 2124 2887 2181 terram,
2919 2131 3077 2185 posse
3106 2120 3377 2189 cruciﬁgi;
3413 2129 3469 2174 ct

1898 2208 2074 2255 tamen
2109 2195 2153 2256 si
2195 2203 2298 2257 hoc
2337 2204 2442 2257 dici
2479 2206 2730 2269 evitetur,
2759 2218 3052 2264 evacuatur
3078 2225 3209 2264 crux
3243 2212 3465 2266 Christi.

1897 2290 1998 2344 Ilis
2032 2303 2207 2346 autem
2229 2296 2316 2364 qui
2341 2295 2472 2349 salvi
2494 2297 2649 2364 fiunt,
2674 2299 2729 2350 id
2754 2309 2849 2364 est,
2876 2301 3039 2366 nobis,
3065 2303 3226 2374 virtus
3256 2304 3347 2357 Dei
3369 2315 3464 2359 est.

1897 2381 2029 2446 Quia
2073 2381 2346 2438 diabolum
2393 2389 2668 2454 superavit
2709 2396 3051 2445 et'mortem.
3105 2390 3331 2446 Perdam
3383 2412 3470 2448 sa-

1895 2471 2144 2540 pientiam
2186 2475 2520 2542 sapientium.
2571 2477 2628 2528 lu
2673 2477 2807 2530 lsaia
2863 2479 2941 2533 sic
2986 2479 3182 2550 legitur
3218 2498 3230 2532 :
3271 2481 3468 2535 Peribit

1895 2562 2040 2614 enim
2079 2563 2332 2631 sapientia
2362 2581 2393 2615 a
2418 2565 2737 2632 sapientibus
2770 2568 2906 2635 ejus,
2943 2578 2990 2620 et
3024 2568 3313 2621 intellectus
3345 2586 3468 2637 pru-

1894 2651 2128 2705 dentium
2167 2653 2281 2722 ejus
2319 2653 2663 2706 abscondetur
2696 2654 2850 2725 (1εαὶ.
2878 2657 3050 2727 xxrx).
3098 2656 3195 2709 Ubi
3226 2658 3472 2725 sapiens?

1897 2740 2226 2796 Subauditur
2249 2744 2558 2813 apparebit?
2589 2743 2834 2811 Sapiens,
2863 2761 2927 2799 ex
2952 2746 3220 2814 gentibus.
3247 2744 3472 2800 Scriba?

1900 2832 2096 2886 Doctor
2137 2831 2270 2901 legis
2310 2849 2374 2888 ex
2411 2833 2628 2888 Judmis.
2677 2831 3010 2904 Conquisitor
3047 2837 3207 2905 hujus
3253 2839 3473 2890 siccati?

1895 2919 1996 2986 Qui
2046 2922 2238 2990 qumrit
2263 2923 2327 2977 de
2361 2923 2588 2978 occultis
2638 2925 2845 2978 naturis
2881 2923 3038 2992 hujus
3080 2926 3281 2979 saeculi.
3328 2925 3470 2978 Nam
3560 2916 3563 2918 ’

1855 3021 1866 3085 ‘_
1897 3011 2021 3079 quia
2053 3011 2107 3062 in
2145 3010 2242 3064 Dei
2268 3012 2524 3080 sapientia
2570 3029 2674 3066 non
2711 3017 2944 3084 cognovit
2992 3016 3217 3069 mundus
3261 3033 3352 3085 per
3387 3033 3474 3070 sa-

1898 3099 2147 3167 pientiam
2185 3099 2372 3153 Deum.
2431 3101 2663 3156 Factura
2708 3104 2893 3157 mundi
2939 3105 3032 3159 Dei
3078 3105 3341 3172 sapientia
3391 3115 3476 3159 est

1897 3192 2190 3258 fabricata,
2247 3195 2302 3248 in
2342 3211 2445 3265 qua
2480 3211 2577 3264 per
2621 3198 2944 3266 sapientiam
2984 3199 3316 3262 naturalem,
3355 3215 3476 3266 qua:

1898 3286 1962 3338 ad
2000 3286 2100 3339 hoc
2137 3287 2259 3340 data
2302 3297 2355 3341 et
2396 3297 2582 3344 creata
2622 3289 2818 3354 fuerat,
2853 3289 3037 3343 debuit
3071 3291 3327 3358 cognosci
3359 3289 3476 3358 ipse

1898 3378 1988 3446 qui
2012 3377 2243 3432 fecerat:
2271 3380 2364 3433 sed
2391 3381 2643 3448 quoniam
2673 3397 2777 3435 non
2809 3391 3176 3452 cognoverunt
3203 3383 3474 3444 homines,

1899 3465 2003 3519 alia
2047 3467 2152 3520 illis
2186 3469 2520 3522 succurritur
2547 3470 2834 3524 medicina.
2866 3471 3006 3540 Ergo
3030 3485 3127 3539 per
3153 3471 3474 3538 sapientiam

1899 3574 2051 3613 suam
2084 3558 2509 3629 intelligendum,
2536 3573 2632 3628 per
2657 3559 2959 3613 naturalem
2985 3559 3324 3627 sapientiam,
3352 3572 3472 3624 quas

1900 3650 1968 3703 ad
1997 3649 2100 3704 hoc
2127 3650 2248 3702 data
2281 3657 2366 3703 est
2397 3656 2459 3702 ut
2484 3659 2841 3718 cognoscatur
2863 3651 3030 3703 Deu3'
3068 3663 3186 3716 qua:
3217 3648 3476 3702 naturalis

1901 3739 2184 3806 sapientia,
2217 3747 2270 3791 et
2309 3738 2398 3790 Dei
2439 3739 2698 3806 sapientia
2736 3739 2840 3790 dici
2878 3745 3078 3804 potest,
3117 3737 3260 3804 quod
3297 3751 3326 3789 a
3367 3735 3475 3790 Deo

1901 3830 1974 3883 sit
2011 3836 2216 3892 creata,
2248 3835 2340 3880 aut
2371 3836 2515 3882 certe
2546 3827 2638 3880 Dei
2678 3827 2940 3894 sapientia
2973 3825 3093 3880 fons
3121 3834 3203 3906 est.
3233 3835 3288 3880 et
3325 3841 3476 3882 crea-

1903 3920 2009 3973 trix
2042 3918 2303 3972 naturalis
2340 3918 2393 3971 in
2423 3917 2729 3972 hominibus
2764 3917 3060 3986 sapientiae.

1975 4007 2186 4063 Placuit
2208 4009 2316 4062 Deo
2349 4025 2441 4079 per
2471 4008 2747 4062 stultitiam
2772 4009 3159 4078 praedicationis
3187 4007 3358 4062 salvos
3391 4009 3478 4078 fa-

1905 4118 2018 4156 cere
2043 4101 2325 4154 credentes.
2360 4099 2477 4153 Non
2499 4100 2641 4167 quod
2666 4115 2794 4153 vere
2816 4099 3040 4153 stultitia
3069 4100 3139 4152 sit
3164 4100 3478 4169 ptmdicatio

1907 4190 2106 4252 crucis,
2154 4189 2246 4243 sed
2289 4189 2414 4256 quia
2458 4188 2749 4242 secundum
2796 4188 3129 4256 putationem
3178 4189 3474 4242 inﬁdelium

1907 4282 1987 4335 sic
2023 4280 2334 4334 haberetur.
2374 4277 2634 4342 Quoniam
2671 4277 2848 4330 λιιάωί
2887 4278 3036 4344 signa
3073 4285 3271 4344 petunt.
3317 4277 3387 4333 Ut
3411 4278 3480 4333 ad

1910 4371 2187 4425 Christum
2245 4370 2430 4422 dicunt
2489 4385 2501 4419 :
2562 4365 2713 4431 Quod
2785 4368 2991 4435 signum
3051 4367 3278 4419 ostendis
3332 4368 3480 4421 nobis

1911 4459 2126 4530 (Matth.
2159 4459 2305 4529 xxv)?
2348 4458 2462 4512 lloc
2509 4467 2688 4511 autem
2737 4456 2943 4510 faciunt
2986 4471 3049 4510 ex
3093 4457 3482 4512 consuetudine

197 4565 332 4630 ipse
365 4558 613 4615 habebat
639 4565 701 4611 ut
729 4557 895 4611 sciret
918 4558 1048 4627 quid
1078 4558 1330 4611 absentes
1373 4563 1615 4625 agerent,
1645 4566 1702 4610 ut
1741 4557 1809 4610 ad
1908 4551 2314 4618 prophetarum,
2357 4548 2448 4616 qui
2496 4561 2637 4614 saepe
2687 4546 2837 4616 signa
2894 4546 3026 4614 ipsis
3075 4544 3344 4600 faciebant
3389 4543 3483 4598 iu-

195 4651 582 4705 Golossenses
612 4647 768 4702 dicit:
799 4647 864 4700 Et
890 4657 935 4700 st
955 4663 1166 4715 corpore
1193 4647 1400 4709 absens,
1422 4645 1607 4714 spiritu
1639 4655 1810 4699 tamen
1911 4639 2061 4693 dalis.
2094 4638 2160 4691 Et
2189 4635 2356 4691 ϐηεοί
2385 4637 2718 4706 sapientiam.
2763 4635 2910 4690 Artis
2953 4635 3158 4690 scilicet
3186 4634 3482 4689 dialectica

186 4757 474 4810 presens.
507 4739 729 4802 Chloes,
766 4739 961 4793 civitas
987 4736 1386 4791 Colosscnsium
1416 4744 1517 4788 est.
1913 4741 1969 4786 et
1989 4731 2237 4786 humana:
2263 4730 2540 4798 sapientiae
2569 4728 2854 4782 rationem.
2877 4728 3081 4783 luditis
3104 4727 3311 4798 quidem
3335 4741 3483 4778 scan.

273 4834 412 4906 £90
437 4836 657 4905 quidem
686 4851 802 4888 sum
836 4833 1014 4887 Ρααιε,
1055 4833 1114 4887 ιη
1146 4833 1526 4902 Apostolorum
1568 4835 1813 4900 pel-sanis
1915 4821 2116 4875 datum.
2161 4819 2330 4874 Judtei
2379 4818 2924 4911 scandalizanturgsi
2962 4819 3187 4911 audiunt
3210 4814 3483 4911 Christum

182 4933 305 4982 hoc
336 4903 460 4979 vde
495 4924 960 4995 pseudoapostolis
1009 4924 1161 4987 dicit,
1213 4923 1303 4992 qui
1355 4938 1452 4992 per
1497 4924 1812 4992 sapientiam
1920 4929 1950 4967 a
1991 4927 2050 4967 se
2088 4911 2425 5004 cruciﬁxum.
2487 4908 2611 5004 Sive
2651 4907 2967 5004 scandalum
3018 4907 3126 4959 illis
3146 4911 3244 5004 est
3295 4903 3484 5004 audire

179 5017 418 5071 mundi
455 5014 960 5071 circumveniebant
995 5027 1108 5082 eos,
1142 5022 1204 5067 ut
1241 5012 1608 5081 unusquisque
1644 5028 1702 5068 se
1735 5014 1816 5068 di—
1919 5003 2192 5058 ChFiSlum
2233 5000 2369 5054 mori
2406 4999 2662 5068 Ροῑυίεεθν
2697 5011 2855 5092 quell]
2893 4995 2978 5092 illi
3007 4995 3486 5092 quasini‘f‘mmu‘

175 5119 369 5167 ceret
412 5123 542 5162 esse
583 5107 772 5175 hujus,
818 5105 972 5174 cujus
1009 5106 1316 5160 doctrinam
1370 5103 1644 5174 diligebat,
1690 5119 1814 5158 cum
1921 5096 2029 5150 lem
2063 5099 2395 5184 exspectant,
2428 5089 2680 5143 dicebant
2726 5087 2867 5184 enim
2895 5103 2906 5137 :
2934 5084 3042 5137 Nos
3089 5082 3389 5184 audivimus
3407 5096 3486 5184 ex

175 5206 482 5258 diversas
513 5172 789 5254 doctrinas
828 5172 1113 5252 haberent.
1159 5196 1216 5250 Si
1251 5211 1380 5266 ergo
1410 5172 1487 5251 dei
1509 5195 1653 5249 veris
1689 5209 1818 5262 apo-
1922 5187 2061 5255 lege,
2085 5184 2210 5252 quia
2234 5181 2488 5276 Christus
2518 5187 2698 5276 manet
2730 5178 2783 5231 in
2813 5184 3118 5276 aeternum}
3152 5187 3268 5276 non
3289 5172 3480 5273 intelli-

170 5296 366 5353 ιωϋε
411 5306 530 5346 non
560 5290 826 5360 permittit
852 5289 983 5352 dici,
1013 5297 1218 5356 quanto
1245 5263 1416 5356 magis
1440 5285 1508 5338 de
1535 5283 1686 5338 falsis
1711 5284 1797 5338 die

1923 5284 2128 5347 gentes,
2155 5274 2280 5341 quia
2310 5272 2542 5340 primum
2573 5268 2721 5370 illum
2740 5265 2860 5370 pati
2887 5263 3273 5370 OportebatL‘ct
3303 5263 3490 5370 sicuin:

169 5347 317 5444 inc-inv
330 5347 584 5442 iicehiti
619 5380 772 5436 item.
805 5381 917 5450 Ego
940 5347 1149 5451 quidem
1174 5395 1289 5432 sum
1316 5347 1495 5431 Dauli.
1521 5375 1636 5430 Hac
1658 5390 1819 5430 causa
1923 5371 2078 5454 ῑῐῗίπεξ
2090 5362 2146 5414 in
2165 5360 2388 5454 Βιοτίεῐξι
2411 5370 2581 5412 ⁵⁸³³³³·
2599 5353 2848 5454 cimus
2865 5363 3037 5454 (ξπίξῃη
3064 5347 3492 5454 ⁸¹¹⁴ί⁸ί¹ί⁰²ξ³ςῃῗῗ
3547 5431 3550 5434 .

161 5435 575 5552 ;ohibitum
602 5481 706 5538 est,
733 5435 879 5528 duo;
895 5435 1180 5541 episcopos
1209 5482 1329 5522 esse
1358 5467 1412 5521 in
1443 5481 1552 5520 una
1576 5465 1817 5530 civitate,
1923 5460 2026 5519 est.
2049 5451 2220 5552 De“?
2243 5445 2464 5552 (ξξξδάθτθ
2490 5443 2855 5552 οῖ’[κξίβψωλ
2865 5435 3493 5552 ξ

162 5529 848 5636 QII—ieratiymus'dicit
885 5529 946 5617 iri
971 5529 1206 5616 tractatu
1239 5558 1492 5630 Epistolas
1524 5557 1592 5612 ad
1617 5557 1817 5612 Titum.
1923 5552 2031 5608 εει,
2057 5538 2402 5638 θΐθάθηῑίυξξε
2429 5551 2495 5590 εἰ
2521 5536 2783 5638 imisque.
2815 5531 3081 5638 C’f'i‘fu-m
3101 5529 3198 5583 Dei
3223 5529 3492 5638 ξ’ίηίυξέξτξ·

161 5619 564 5739 :Qm't
585 5619 799 5710 Christi.
834 5654 998 5710 Pauci
1023 5619 1297 5716 dicebant,
1325 5650 1470 5720 quod
1499 5662 1688 5705 omnes
1716 5645 1822 5702 dici
1926 5637 2124 5696 Judaais
2152 5634 2458 5706 petentibus
2495 5633 2665 5702 signa,
2709 5644 2828 5699 qum
2863 5627 3071 5684 devicta
3108 5632 3282 5681 morte
3318 5619 3498 5696 homfg
