3974 6202
490 364 582 420 151

1855 342 2126 399 SEDULll
2167 340 2361 399 SCOTI

3548 308 3563 321 ’
3616 330 3706 388 ut

490 493 613 533 nem
656 478 910 531 revocant
945 468 1011 523 ad
1036 467 1223 521 vitam.
1266 461 1334 515 Et
1363 460 1457 513 Dei
1492 457 1823 529 sapientiam.
1848 452 2051 507 Graecis
2078 453 2130 512 Α
2155 449 2221 505 de
2249 448 2581 505 daemonibus
2608 447 2685 502 ait
2709 462 2724 501 :
2750 445 2992 502 Sciebant
3024 447 3161 502 enim
3184 446 3354 516 ipsum
3376 461 3505 500 esse.
3539 441 3596 498 Si
3621 444 3708 498 dm.

487 564 851 636 quaerentibus
897 555 1249 627 sapientiam,
1297 564 1418 620 quae
1462 562 1560 602 nos
1619 561 1650 599 a
1695 541 2059 599 dominatione

489 654 690 712 diaboli
717 648 992 705 liberavit.

561 743 700 808 Quia
719 737 858 811 quod
881 734 1097 790 stultum
1117 740 1194 787 est
1219 731 1338 784 Dei.
1370 727 1521 783 Velle
1542 724 1803 794 cruciﬁgi.
1837 720 2061 791 Sapien-

472 836 595 893 .tius
630 839 705 885 est
734 810 1053 882 hominibus.
1096 822 1236 890 Quia
1278 836 1411 875 crux
1437 817 1638 873 Christi
1673 813 1943 870 diabolum
1986 810 2063 866 fe-

490 924 644 987 tellit,
696 928 753 976 et
795 919 949 982 vicit,
998 915 1351 981 hominesque
1398 908 1669 972 liberavit,
1713 904 1857 975 quod
1904 917 2062 957 nemo

489 1014 767 1069 hominum
790 1025 888 1080 per
922 1006 1241 1078 sapientiam
1271 1017 1423 1058 suam
1448 999 1643 1071 potuit.
1670 995 1737 1049 Et
1749 1002 1887 1066 quod
1911 994 2064 1063 inﬁr-

490 1119 632 1157 mum
661 1109 738 1154 est
769 1099 887 1152 Dei.
930 1098 988 1153 ld
1028 1103 1132 1159 est,
1177 1093 1315 1149 mori
1360 1090 1556 1145 fortius
1599 1097 1685 1143 est
1722 1083 2060 1141 hominibus:

491 1191 637 1261 quod
673 1190 817 1245 enim
857 1202 958 1241 nec
994 1186 1240 1256 gigantes
1286 1181 1518 1236 evadere
1553 1184 1872 1248 potuerunt,
1919 1173 2067 1228 inﬁr-

491 1281 653 1338 mitas
697 1276 941 1334 cruciﬁxi
985 1273 1177 1329 evasit.
1236 1268 1414 1323 Videte
1454 1268 1589 1322 enim
1630 1266 1950 1319 vocationem
1991 1279 2073 1315 req

492 1381 678 1425 stram.
728 1367 809 1422 Ac
849 1367 894 1421 si
934 1360 1387 1419 diceret:Videte
1433 1371 1528 1412 eos
1568 1371 1665 1425 per
1705 1368 1841 1423 quos
1886 1351 2066 1406 vocati

493 1462 627 1518 estis
663 1460 731 1515 ad
771 1459 945 1521 ﬁdem,
990 1453 1134 1524 quod
1172 1466 1279 1505 non
1318 1449 1610 1518 sapientes,
1653 1445 1750 1499 sed
1796 1442 1967 1507 stulti,
2015 1449 2069 1495 ct

492 1553 792 1622 piscatores
815 1554 994 1611 erant,
1028 1542 1242 1613 quando
1270 1548 1328 1595 et
1355 1539 1458 1608 ipsi
1485 1537 1659 1593 vocati
1690 1543 1833 1590 sunt.
1864 1533 2064 1587 Aliter:

494 1641 685 1695 Videte
708 1638 1043 1693 vocationem
1074 1640 1331 1695 vestram,
1366 1631 1468 1684 hoc
1498 1636 1602 1691 est,
1643 1626 1697 1680 in
1724 1626 1878 1679 vobis
1914 1623 2064 1691 ipsis,

493 1749 528 1786 ο
553 1728 837 1792 Corinthii,
866 1726 1091 1796 probate
1115 1721 1259 1792 quod
1288 1720 1429 1784 dico,
1458 1718 1601 1786 quod
1627 1713 1821 1769 stultos
1850 1726 1946 1765 vos
1975 1724 2070 1764 vo-

496 1821 662 1884 cavit,
687 1828 742 1872 et
766 1832 873 1871 non
897 1815 1186 1882 sapientes.

572 1907 711 1972 Quia
736 1922 838 1958 non
854 1904 1015 1956 ‘multt
1041 1901 1317 1972 sapientes.
1351 1897 1466 1953 Hoc
1491 1903 1680 1951 contra
1708 1892 1828 1947 illos
1854 1890 2071 1958 oblique

499 2000 591 2069 qui
616 2012 673 2052 se
700 1996 834 2065 legis
860 1995 1084 2065 peritos,
1115 2000 1171 2046 et
1198 1989 1451 2045 fortiores
1482 1985 1738 2058 apostolis
1765 1992 1820 2039 et
1848 1982 2071 2037 nobilio-

496 2107 587 2147 res
612 2105 677 2145 ex
708 2085 1030 2143 sacerdotali
1072 2084 1241 2152 stirpe
1275 2080 1601 2135 descendere
1637 2076 1936 2147 iactabant.
1968 2070 2071 2126 Sed

498 2197 615 2253 qua:
645 2177 806 2234 stulta
842 2185 961 2230 sunt
989 2173 1187 2227 mundi.
1225 2170 1421 2234 Stulta,
1452 2169 1505 2223 id
1531 2175 1635 2233 est,
1667 2165 1848 2228 corda,
1879 2161 1962 2216 vel
1992 2162 2073 2214 in-

502 2271 677 2344 genia.
714 2266 793 2329 ,Ut
839 2264 1123 2335 confundat
1175 2262 1450 2333 sapientes.
1506 2259 1564 2316 1d
1606 2264 1707 2320 est,
1762 2253 2068 2316 saeculares,

502 2364 631 2417 dum
668 2375 773 2414 non
811 2359 955 2428 ipsos
990 2354 1170 2425 elegit.
1211 2352 1279 2406 Et
1304 2369 1366 2406 ea
1397 2366 1514 2422 quae
1547 2366 1651 2403 non
1684 2355 1824 2401 sunt.
1872 2344 1929 2398 ld
1966 2350 2068 2406 est,

502 2453 780 2523 sapientia,
810 2449 990 2514 fortia,
1014 2445 1237 2501 nobilia.
1271 2441 1337 2497 Ut
1361 2460 1423 2497 ea
1442 2458 1559 2513 quae
1586 2448 1725 2495 sunt.
1754 2436 1925 2499 Talia,
1967 2435 2072 2489 hoc

502 2551 607 2609 est,
644 2540 930 2610 sapientia,
966 2536 1147 2601 fortia,
1182 2534 1385 2589 nobilia
1420 2532 1726 2600 dissiparet.
1767 2526 1871 2592 Qui
1903 2526 2073 2596 factus

502 2644 578 2689 est
611 2632 756 2687 nobis
786 2629 1063 2699 sapientia.
1112 2626 1215 2693 Qui
1254 2625 1357 2680 sibi
1394 2638 1609 2693 semper
1638 2620 1903 2691 sapientia
1949 2617 2073 2683 fuit,

506 2723 664 2779 nobis
692 2721 865 2776 factus
890 2726 976 2773 est
1011 2717 1294 2787 sapientia,
1332 2724 1392 2769 ut
1420 2730 1518 2769 nos
1544 2715 1749 2768 faceret
1782 2710 2072 2779 sapientes,

504 2819 561 2866 et
582 2810 780 2880 iustos,
806 2816 863 2862 et
888 2813 1121 2861 sanctos.
1155 2804 1220 2857 In
1238 2803 1460 2856 Domino
1484 2800 1753 2872 glorietur.
1786 2797 1900 2853 Non
1930 2796 2076 2851 enim

507 2901 633 2967 sibi,
661 2900 755 2956 sed
782 2899 892 2953 Deo
918 2897 1059 2952 dona
1083 2910 1204 2965 qua:
1243 2893 1454 2963 accepit
1480 2898 1708 2961 reputet.

1135 3002 1359 3059 CAPUT
1396 3002 1459 3055 ll.

583 3097 652 3155 Et
671 3113 763 3168 ego
792 3112 909 3151 cum
933 3100 1180 3150 uenissem
1211 3092 1279 3146 ad
1304 3108 1409 3155 ros,
1441 3090 1654 3160 fratres,
1683 3087 1802 3143 ueni
1824 3103 1924 3141 non
1955 3101 2073 3141 cum

2157 556 2348 597 mones
2394 540 2662 605 sciebant,
2721 539 2989 608 quomodo
3033 546 3332 609 potestates
3379 536 3711 607 ignorabant?

2158 629 2492 697 Quibusdam
2544 629 2758 685 videtur
2805 630 3077 699 principes
3122 638 3177 684 et
3220 636 3515 699 potestates
3573 628 3713 698 hujus

2160 717 2364 781 saeculi,
2393 715 2700 771 Iudaeorum
2731 716 2966 784 majores
2994 726 3049 771 et
3076 718 3350 787 principes
3378 718 3595 784 dixisse,
3633 719 3714 788 qui

2153 804 2310 874 juxta
2334 806 2485 861 Petri
2510 806 2752 877 Apostoli
2783 806 2948 872 dicta,
2990 808 3372 879 ignoraverunt
3401 809 3542 878 quod
3572 808 3718 864 male-

2163 895 2401 950 facerent
2431 915 2442 949 :
2480 897 2555 950 ait
2584 897 2728 950 enim
2751 914 2764 949 :
2791 895 2933 961 Scio,
2968 897 3179 966 fratres,
3211 899 3334 968 quia
3365 915 3457 967 per
3496 902 3719 969 ignoran-

2163 987 2291 1039 tiam
2325 986 2519 1055 fecistis
2548 987 2644 1040 hoc
2666 986 2881 1051 malum,
2906 989 3042 1041 sicut
3066 997 3113 1041 et
3133 988 3392 1059 principes
3415 989 3569 1042 vestri
3595 988 3718 1059 (Act.

2165 1077 2271 1147 ιιι).
2310 1076 2615 1133 Iudaeorum
2662 1079 2935 1148 principes
2977 1079 3033 1132 hi
3081 1078 3349 1144 fecerunt,
3402 1095 3507 1133 non
3560 1088 3724 1133 tamen

2164 1166 2325 1234 hujus
2365 1166 2544 1221 saeculi
2571 1167 2844 1236 principes
2866 1168 2970 1222 dici
3007 1177 3315 1238 potuerunt,
3343 1168 3538 1239 quippe
3559 1168 3644 1238 qui
3674 1167 3720 1221 in

2163 1266 2486 1328 potestatem
2525 1258 2731 1312 redacti
2767 1257 2980 1313 fuerant
3008 1259 3395 1325 Romanorum,
3424 1258 3727 1328 profitentes

2166 1364 2273 1402 non
2312 1364 2370 1403 se
2396 1349 2596 1403 habere
2626 1363 2810 1417 regem
2841 1348 2945 1403 nisi
2968 1347 3258 1414 Caesarem,
3303 1349 3359 1403 hi
3386 1357 3566 1401 autem
3591 1346 3723 1417 prin-

2167 1440 2336 1507 cipes,
2392 1453 2529 1506 quos
2580 1437 2686 1492 alio
2735 1438 2852 1493 loco
2896 1439 3127 1509 signavit
3165 1438 3457 1507 Apostolus
3509 1437 3715 1492 dicens:

2172 1526 2296 1580 Non
2328 1537 2403 1580 est
2436 1526 2583 1580 nobis
2611 1526 2909 1581 colluctatio
2944 1529 3188 1582 adversus
3214 1545 3432 1592 carnem~
3460 1538 3507 1582 et
3534 1528 3728 1598 sangui-

2171 1629 2307 1675 nem,
2348 1613 2439 1667 sed
2483 1615 2730 1668 adversus
2773 1616 3029 1685 principes
3070 1624 3119 1668 et
3159 1605 3456 1684 potestates,
3499 1615 3730 1670 adversus

2171 1703 2353 1756 mundi
2395 1703 2724 1757 tenebrarum
2769 1706 2958 1758 harum
3009 1715 3228 1759 rectores
3282 1705 3496 1776 (Ephes.
3528 1705 3624 1772 vi).
3677 1706 3731 1760 Si

2097 1788 2301 1863 Bergo
2352 1794 2408 1847 bi
2456 1800 2581 1846 sunt
2624 1794 2915 1864 principes,
2965 1794 3058 1862 qui
3106 1795 3411 1850 nescientes
3452 1795 3731 1850 Dominum

2170 1882 2467 1952 maiestatis
2502 1881 2779 1936 Christum
2817 1898 2961 1947 esse,
3008 1882 3159 1937 illum
3194 1883 3573 1939 crucifixerunt
3610 1900 3738 1953 quo-

2169 1971 2329 2026 modo
2365 1986 2395 2025 a
2421 1972 2755 2027 daemonibus
2781 1973 2955 2042 potuit
2981 1972 3146 2026 sciri?
3179 1971 3297 2027 Non
3325 1972 3482 2028 aliter
3506 1972 3738 2028 scierunt

2169 2061 2466 2128 damones,
2513 2077 2675 2132 quam
2723 2063 2966 2118 sciebant
3011 2062 3285 2132 principes
3327 2062 3486 2131 hujus
3529 2063 3732 2118 sa3culi:

2168 2152 2417 2207 sciebant
2463 2153 2607 2207 enim
2656 2153 2829 2223 ipsum
2888 2168 3008 2208 esse
3053 2152 3144 2223 qui
3196 2152 3496 2222 promissus
3533 2164 3646 2209 erat
3682 2153 3737 2208 in

2171 2242 2290 2312 lege
2327 2256 2424 2311 per
2464 2241 2619 2311 signa
2667 2242 2996 2312 prophetiae,
3049 2257 3157 2296 non
3199 2249 3382 2296 tamen
3418 2242 3740 2313 mysterium

2171 2329 2311 2399 ejus,
2339 2331 2483 2399 quod
2507 2330 2677 2386 Filius
2702 2331 2799 2385 Dei
2836 2339 2976 2397 erat,
3011 2346 3078 2409 ex
3118 2340 3321 2386 aterno
3354 2331 3617 2398 sciebant,
3653 2348 3745 2387 ne-

2172 2435 2279 2491 que
2333 2432 2732 2476 sacramentum
2758 2422 3187 2488 _incarnationis.
3242 2420 3527 2491 Nunquam
3564 2422 3747 2477 Domi-

2175 2529 2301 2567 num
2338 2514 2627 2583 majestatis
2663 2513 3063 2576 cruciﬁxissent.
3111 2513 3217 2568 Pro
3246 2512 3453 2567 unitate
3481 2528 3746 2583 personae,

2174 2612 2231 2658 et
2247 2604 2389 2659 Deus
2415 2604 2613 2659 dicitur
2650 2604 2971 2669 cruciﬁxus,
3002 2611 3057 2658 et
3085 2604 3252 2659 Filius
3280 2604 3513 2658 hominis
3541 2618 3657 2659 esse
3688 2605 3748 2659 in

2176 2695 2348 2760 caelis,
2381 2710 2502 2749 cum
2528 2695 2742 2764 quando
2775 2696 2879 2750 ista
2904 2696 3223 2749 dicebantur
3248 2694 3506 2748 Dominus
3527 2703 3668 2749 esset
3689 2695 3748 2748 in

2176 2802 2420 2857 corpore.
2455 2787 2608 2852 Quod
2630 2788 2812 2842 oculus
2836 2805 2937 2842 non
2960 2789 3107 2841 uidit.
3138 2789 3193 2842 In
3217 2787 3352 2842 Isaia
3377 2788 3457 2842 sic
3487 2789 3747 2843 habetur:

2176 2876 2221 2931 Α
2249 2877 2443 2931 sarculo
2476 2894 2579 2931 non
2614 2878 2896 2932 audierunt
2932 2878 3169 2943 auribus,
3205 2894 3368 2949 neque
3394 2890 3751 2948 perceperunt,

2178 2968 2358 3022 oculus
2394 2986 2497 3022 non
2545 2968 2673 3021 vidit
2717 2968 2858 3022 Deus
2905 2970 3098 3039 absque
3144 2980 3230 3035 te,
3286 2986 3404 3039 qua:
3445 2972 3756 3049 prcrparasti

2178 3058 2594 3127 exspectantibus
2634 3067 2683 3112 te
2719 3058 2872 3130 (Isai.
2908 3059 3076 3130 mv).
3131 3061 3274 3132 Ergo
3332 3070 3757 3117 memeratorum

510 3149 790 3244 eminentia
828 3200 1144 3239 sermonum.
1191 3180 1381 3239 Noluit~
1412 3194 1729 3249 pomposum
1758 3175 2077 3246 eloquentiae

2178 3149 2480 3219 principum
2509 3164 2660 3204 mens
2680 3151 2793 3205 hazc
2817 3150 2998 3205 videre
3026 3167 3136 3207 non
3160 3154 3354 3223 potuit,
3378 3154 3505 3223 quia
3532 3153 3763 3207 credere

512 3289 816 3332 sermonem
845 3274 1054 3343 jactare
1083 3272 1139 3325 in
1167 3270 1551 3342 praedicatione
1581 3268 1764 3322 divina
1798 3265 2079 3336 mysterio-

515 3385 636 3424 rum
672 3369 786 3432 Dei,
817 3368 923 3422 hoc
965 3374 1067 3429 est,
1111 3363 1539 3419 incarnationem
1567 3359 1791 3424 Christi,
1829 3366 1884 3413 et
1920 3372 2079 3411 voca-

514 3459 718 3513 tionem
744 3455 1016 3511 Gentium.
1055 3452 1124 3506 Et
1152 3453 1292 3506 hunc
1320 3450 1652 3515 cruciﬁxum.
1684 3447 1835 3513 Quod
1861 3446 2082 3501 stultum

516 3548 658 3619 apud
699 3547 948 3602 homines
991 3545 1206 3599 videtur
1236 3555 1377 3596 esse.
1432 3538 1501 3592 Et
1540 3554 1631 3608 ego
1663 3537 1717 3591 in
1754 3536 2080 3604 inﬁrmitate.

515 3640 634 3696 Non
657 3636 939 3709 iactantia,
968 3635 1063 3689 sed
1088 3632 1412 3694 humilitate,
1442 3644 1536 3685 seu
1573 3627 1716 3697 quod
1746 3642 1847 3681 nec
1874 3626 2081 3696 plagas,

517 3739 574 3786 et
598 3729 888 3783 vindictam
925 3733 1174 3795 potenter
1209 3722 1265 3775 in
1302 3721 1509 3788 aliquos
1539 3718 1679 3773 dedi.
1727 3716 1949 3769 Timore.
2010 3713 2087 3770 Nc

515 3835 616 3875 vos
635 3818 905 3873 Christum
934 3813 1226 3884 negaretis.
1269 3810 1334 3864 Et
1368 3819 1608 3862 tremore.
1647 3804 1726 3861 Ne
1757 3820 1879 3860 meo
1907 3803 2089 3873 aliquo

524 3906 772 3976 exemplo
805 3903 1132 3975 odenderem
1163 3915 1283 3954 vos.

591 3992 661 4048 Et
699 4009 867 4047 sermo
910 4006 1076 4044 meus.
1127 3988 1185 4041 ld
1232 3994 1343 4049 est,
1394 3984 1707 4054 quotidiana
1762 3982 2087 4038 exhortatio.

525 4081 841 4140 Praedicatio
880 4094 1015 4131 mea.
1090 4074 1311 4127 Publica
1359 4087 1544 4126 coram
1590 4071 1784 4139 populo
1826 4070 2088 4123 doctrina.

527 4173 650 4227 Non
687 4174 743 4223 in
771 4166 1105 4238 persuasione
1143 4162 1390 4215 humana:
1427 4160 1716 4229 sapientiae.
1759 4158 1892 4225 Quia
1929 4158 2094 4213 diale-

526 4261 650 4318 ctici
684 4265 842 4314 erant
869 4254 1156 4318 Corinthii,
1189 4252 1358 4306 noluit
1397 4251 1537 4319 apud
1576 4250 1696 4306 illos
1736 4251 2095 4319 disputatione

526 4351 625 4411 uti.
666 4365 735 4404 ne
767 4348 871 4403 hoc
912 4358 1128 4415 quoque
1182 4342 1287 4396 illis
1341 4355 1479 4394 nova
1528 4339 1705 4408 aliqua
1755 4338 2094 4408 philosophia

525 4441 816 4501 videretur,
847 4436 942 4490 sed
976 4433 1146 4502 magis
1178 4430 1284 4484 illis
1309 4431 1538 4483 virtutes
1568 4438 1623 4483 et
1651 4428 1909 4482 miracula
1936 4443 2093 4482 mon-

2178 3240 2486 3295 noluerunt.
2529 3240 2755 3307 Quidam
2793 3256 2923 3296 sane
2971 3242 3194 3297 dicunt:
3230 3244 3430 3299 Oculus
3475 3260 3582 3299 non
3623 3245 3769 3300 vidit

2179 3331 2444 3401 virginem
2476 3333 2786 3401 peperisse;
2830 3348 2938 3386 non
2979 3335 3126 3388 auris
3167 3334 3372 3388 audivit
3410 3333 3535 3388 illud
3567 3351 3579 3386 :
3614 3332 3769 3387 Tunc

2173 3422 2308 3493 justi
2330 3421 2597 3492 fulgebunt
2618 3424 2753 3476 sicut
2772 3421 2849 3476 sol
2864 3422 3073 3494 (Matth.
3098 3424 3231 3494 xw).
3260 3423 3360 3489 Qui
3377 3425 3544 3489 habet,
3565 3424 3771 3491 inquit,

2184 3530 2338 3569 aures
2368 3514 2621 3568 audiendi
2662 3515 2866 3567 audiat.
2910 3513 3022 3568 Nec
3062 3516 3116 3568 itt
3156 3532 3246 3569 cor
3272 3515 3496 3568 hominis
3530 3515 3775 3568 ascendit

2187 3602 2359 3673 (Rom.
2382 3603 2523 3674 vm),
2562 3604 2872 3659 cohazredes
2912 3603 3114 3659 Christi
3161 3604 3391 3658 futuros.
3441 3604 3581 3670 Quid
3622 3604 3780 3658 videt

2187 3693 2412 3749 oculus?
2442 3692 2684 3748 Colores.
2739 3692 2877 3759 Quid
2922 3694 3071 3748 audit
3098 3692 3281 3746 auris?
3318 3690 3582 3755 Crimina.
3625 3691 3781 3759 Quid

2188 3785 2244 3839 in
2283 3800 2378 3839 cor
2407 3785 2644 3839 hominis
2685 3783 2961 3838 ascendit?
3010 3781 3305 3851 Sapientia.
3356 3780 3782 3836 Prmcellcntius

2189 3882 2273 3930 est
2312 3883 2491 3930 autem
2531 3874 2799 3939 omnibus,
2831 3872 2972 3942 quod
3000 3878 3217 3941 praestat
3241 3871 3384 3925 Deus
3420 3870 3786 3941 diligentibus

2191 3979 2249 4019 se
2287 3965 2343 4019 in
2371 3965 2536 4018 vitam
2568 3972 2847 4018 teternam.
2886 3962 3019 4017 ltem
3047 3962 3175 4031 quid
3202 3970 3286 4017 est
3308 3962 3449 4031 quod
3476 3961 3789 4030 Apostolus

2191 4055 2325 4109 dicit
2370 4070 2436 4108 ex
2479 4054 2616 4109 Isaia
2664 4055 2955 4122 prepheta;
3012 4054 3154 4123 quod
3198 4053 3383 4109 oculus
3446 4068 3553 4106 non
3596 4052 3790 4107 vidit?

2192 4148 2306 4202 Hoc
2349 4161 2512 4201 sensu
2544 4145 2830 4215 Apostolus
2878 4145 3080 4200 dixisse
3128 4144 3426 4199 credendus
3467 4152 3565 4205 est,
3621 4145 3791 4213 quod

2194 4239 2497 4295 carnalibus
2543 4237 2732 4300 oculis,
2784 4245 2839 4291 et
2884 4253 3014 4291 aure
3061 4239 3288 4303 carnali,
3339 4248 3393 4293 et
3438 4238 3796 4308 cogitatione

2196 4328 2434 4394 mortali,
2466 4343 2572 4382 non
2603 4334 2829 4397 possunt
2866 4327 3164 4396 spiritualia
3202 4326 3604 4397 comprehendi,
3640 4326 3800 4382 dicit

2196 4422 2340 4476 enim
2366 4416 2652 4488 Apostolus
2679 4433 2692 4470 :
2720 4416 2886 4470 Nobis
2922 4426 3095 4470 autem
3139 4416 3324 4471 revelat
3356 4415 3496 4469 Deus
3533 4431 3628 4484 per
3653 4412 3802 4484 Spi-

526 4527 735 4581 stravit.
773 4500 1099 4593 Sapientiam
1138 4529 1310 4572 autem
1350 4517 1612 4588 loquimur
1646 4518 1783 4569 inter
1818 4517 2088 4585 perfectos.
2117 4500 2171 4559 Ῑ)
2198 4513 2353 4564 ritum
2401 4524 2553 4563 suum
2595 4506 2644 4578 (1
2684 4504 2807 4560 Cor.
2850 4505 2955 4576 ιιι).
3004 4505 3063 4560 Si
3114 4515 3295 4560 autem
3341 4505 3641 4561 revelatum
3696 4513 3805 4558 est

524 4617 607 4671 Ac
631 4616 676 4670 si
701 4615 925 4679 diceret,
950 4625 1018 4666 ne
1042 4610 1241 4681 putetis
1264 4623 1364 4662 nos
1391 4606 1712 4676 sapientiam
1736 4621 1842 4660 non
1870 4606 2092 4671 habere,

526 4707 652 4778 quia
680 4720 779 4760 nos
804 4704 1066 4759 habemus
1099 4698 1414 4768 sapientiam
1444 4696 1702 4762 divinam,
1732 4697 1825 4751 sed
1850 4712 1945 4751 vos
1974 4711 2094 4750 eam

525 4812 670 4852 nunc
691 4808 885 4865 capere
925 4806 1039 4846 non
1076 4787 1326 4858 potestis,
1367 4785 1493 4855 quia
1536 4784 1715 4839 adhuc
1750 4786 1889 4839 lacte
1929 4785 2096 4839 nutri-

523 4889 678 4954 mini,
708 4896 764 4942 et
784 4885 847 4947 in
872 4884 979 4939 tide
1001 4880 1210 4953 parvuli
1236 4879 1677 4949 comprobamini.
1706 4878 1888 4949 Neque
1909 4880 2099 4950 princi-

523 4996 668 5048 pum.
718 4976 832 5031 lioc
863 4981 968 5039 est,
1010 4984 1221 5042 regum,
1260 4970 1344 5024 vel
1383 4968 1856 5039 philosophorum,
1898 4970 1988 5037 qui
2037 4969 2093 5024 in

526 5068 630 5121 hoc
673 5066 867 5120 saeculo
906 5064 1199 5134 primatum
1233 5069 1415 5114 tenere
1443 5059 1713 5112 videntur.
1748 5058 1844 5111 Dei
1887 5060 2094 5127 sapien-

524 5157 674 5207 tiam.
718 5153 993 5208 Christum
1037 5151 1127 5221 qui
1164 5157 1245 5205 est
1294 5148 1640 5223 absconditus
1684 5147 1752 5201 ab
1801 5147 2093 5203 incredulis

523 5253 579 5297 et
606 5241 1004 5307 insipientibus.
1055 5240 1223 5310 Quam
1252 5253 1400 5296 nemo
1420 5240 1712 5310 principum
1734 5238 1891 5307 hujus
1912 5237 2092 5292 seaculi

522 5333 781 5405 cognovit.
832 5331 951 5392 Hoc
981 5345 1084 5400 est,
1118 5335 1342 5399 Pilatus,
1379 5340 1435 5387 et
1455 5330 1708 5400 Caiphas,
1749 5340 1806 5385 et
1830 5331 2090 5393 Herodes,

520 5440 576 5485 et
602 5430 872 5501 principes
911 5425 1272 5487 sacerdotum,
1310 5423 1397 5476 vel
1436 5421 1724 5475 daemones.
1768 5419 1920 5474 Unde
1944 5419 2092 5488 Apo-

523 5519 693 5575 stolus
730 5519 798 5574 de
838 5512 1174 5588 principibus
1212 5518 1267 5564 et
1303 5510 1660 5579 potestatibus
1703 5509 1863 5579 hujus
1909 5508 2092 5563 saeculi

520 5610 690 5666 dicit:
715 5609 773 5664 Si
806 5612 943 5663 enim
975 5602 1350 5677 cognovissent,
1376 5615 1649 5669 nunquam
1667 5600 1949 5654 Dominum
1979 5615 2091 5653 ma-

517 5698 723 5768 jestatis
754 5696 1159 5763 cruci/intissam.
1200 5690 1267 5745 Et
1295 5694 1485 5743 contra
1513 5687 1727 5743 Marcus
1759 5687 2090 5759 evangelista

2194 4599 2468 4669 Apostolo,
2500 4597 2796 4665 intelligere
2822 4596 3096 4660 debemus,
3133 4597 3275 4665 quod
3311 4603 3365 4649 et
3401 4595 3489 4651 ille
3526 4595 3651 4647 aliis
3692 4610 3809 4653 ne-

2197 4690 2408 4751 velavit,
2454 4689 2608 4744 nobis
2650 4695 2830 4741 autem
2877 4685 3138 4739 revelavit
3178 4685 3321 4739 Deus
3364 4699 3462 4753 per
3503 4682 3806 4752 Spiritum

2198 4794 2374 4843 suum,
2404 4780 2508 4833 hoc
2545 4787 2642 4838 est,
2679 4791 2785 4831 non
2827 4776 3021 4829 merito
3067 4783 3271 4839 nostro,
3310 4775 3403 4830 sed
3436 4790 3530 4831 sua
3566 4776 3807 4844 gratia,

2198 4870 2325 4939 quia
2369 4884 2468 4937 per
2510 4870 2669 4923 ﬁdem
2718 4867 3022 4935 accepimus
3066 4864 3328 4935 Spiritum
3374 4874 3648 4932 sanctum,
3689 4868 3815 4935 qui

2200 4959 2527 5014 voluntatem
2573 4957 2666 5011 Dei
2720 4957 2874 5011 nobis
2918 4956 3173 5011 ostendit.
3246 4955 3432 5011 Sancti
3487 4956 3815 5022 videbunt,

2196 5051 2339 5120 quod
2376 5050 2575 5105 Paulus
2620 5058 2897 5103 testatur:
2938 5050 3094 5104 nobis
3140 5057 3318 5104 autem
3366 5048 3633 5102 revelavit
3689 5065 3824 5119 per

2198 5143 2459 5211 Spiritum
2493 5152 2759 5204 sanctum,
2803 5139 2946 5209 quod
2986 5138 3148 5191 futuri
3196 5152 3402 5200 sumus,
3441 5145 3500 5191 ut
3532 5136 3823 5195 Joannes

2195 5240 2445 5297 testatur,
2487 5232 2612 5299 quia
2646 5246 2771 5284 eum
2802 5230 3101 5286 videbimus
3141 5227 3282 5281 sicut
3314 5236 3414 5282 est.
3466 5227 3596 5294 Quis
3636 5230 3825 5284 enim

2196 5323 2293 5377 scit
2319 5321 2585 5375 hominum
2618 5336 2735 5390 qua:
2764 5320 2988 5373 hominis
3019 5325 3157 5371 sunt.
3188 5317 3245 5372 ld
3280 5326 3382 5383 est,
3418 5334 3537 5388 quae
3564 5320 3831 5389 cogita-

2194 5412 2371 5466 tiones
2405 5418 2694 5464 versantur
2742 5410 2797 5464 in
2836 5409 3070 5462 homine.
3114 5405 3236 5461 Nisi
3269 5409 3483 5479 spiritus
3514 5409 3825 5466 hominis.

2194 5500 2307 5555 Hoc
2335 5508 2435 5564 est,
2475 5499 2829 5561 conscientia,
2868 5505 2927 5552 ut
2952 5496 3315 5567 Hieronymus
3348 5498 3588 5567 exponit.
3657 5496 3833 5554 Non

2193 5590 2359 5645 doctis
2391 5590 2636 5643 humanm
2677 5588 2948 5658 sapientia:
2983 5586 3169 5642 verbis.
3209 5585 3340 5653 Qum
3369 5588 3521 5642 venis
3559 5602 3840 5644 annun-

2193 5682 2411 5747 tiamus,
2451 5694 2559 5735 non
2597 5694 2627 5734 a
2672 5678 3026 5749 philosophis,
3065 5681 3150 5735 vel
3185 5679 3577 5752 grammaticis,
3610 5682 3747 5736 sed
3791 5699 3842 5740 ι
