  <div class='ocr_page' id='page_1' title='image "/cluster/home/n/w/nwhite01/storage/ocr_20150623/103/hvd.32044054759691/072.png"; bbox 0 0 3974 6202; ppageno 0'>
   <div class='ocr_carea' id='block_1_1' title="bbox 301 348 406 402">
    <p class='ocr_par' dir='ltr' id='par_1_1' title="bbox 301 348 406 402">
     <span class='ocr_line' id='line_1_1' title="bbox 301 348 406 402; baseline -0.019 0"><span class='ocrx_word' id='word_1_1' title='bbox 301 348 406 402; x_wconf 65' lang='grc'><strong>135</strong></span> 
     </span>
    </p>
   </div>
   <div class='ocr_carea' id='block_1_2' title="bbox 1363 333 2429 395">
    <p class='ocr_par' dir='ltr' id='par_1_2' title="bbox 1363 333 2429 395">
     <span class='ocr_line' id='line_1_2' title="bbox 1363 333 2429 395; baseline 0.002 -4"><span class='ocrx_word' id='word_1_2' title='bbox 1363 335 1690 391; x_wconf 85' lang='lat' dir='ltr'><strong>COLLECT.</strong></span> <span class='ocrx_word' id='word_1_3' title='bbox 1726 333 1796 391; x_wconf 81' lang='lat' dir='ltr'><strong>IN</strong></span> <span class='ocrx_word' id='word_1_4' title='bbox 1834 335 2049 390; x_wconf 83' lang='lat' dir='ltr'><strong>EPIST.</strong></span> <span class='ocrx_word' id='word_1_5' title='bbox 2087 336 2107 391; x_wconf 93' lang='lat' dir='ltr'><strong>l</strong></span> <span class='ocrx_word' id='word_1_6' title='bbox 2144 339 2235 392; x_wconf 80' lang='lat' dir='ltr'><strong>AD</strong></span> <span class='ocrx_word' id='word_1_7' title='bbox 2274 334 2429 395; x_wconf 78' lang='lat' dir='ltr'><strong>COR.</strong></span> 
     </span>
    </p>
   </div>
   <div class='ocr_carea' id='block_1_3' title="bbox 3421 348 3525 403">
    <p class='ocr_par' dir='ltr' id='par_1_3' title="bbox 3421 348 3525 403">
     <span class='ocr_line' id='line_1_3' title="bbox 3421 348 3525 403; baseline 0.019 -2"><span class='ocrx_word' id='word_1_8' title='bbox 3421 348 3525 403; x_wconf 73' lang='grc'><strong>154</strong></span> 
     </span>
    </p>
   </div>
   <div class='ocr_carea' id='block_1_4' title="bbox 300 444 3607 528">
    <p class='ocr_par' dir='ltr' id='par_1_4' title="bbox 300 444 3607 528">
     <span class='ocr_line' id='line_1_4' title="bbox 300 444 3607 528; baseline 0.001 -17"><span class='ocrx_word' id='word_1_9' title='bbox 300 457 501 528; x_wconf 78' lang='lat' dir='ltr'><strong>Spiritu</strong></span> <span class='ocrx_word' id='word_1_10' title='bbox 526 454 624 508; x_wconf 86' lang='lat' dir='ltr'><strong>Dei</strong></span> <span class='ocrx_word' id='word_1_11' title='bbox 649 451 848 506; x_wconf 93' lang='lat' dir='ltr'><strong>eruditi</strong></span> <span class='ocrx_word' id='word_1_12' title='bbox 877 463 1080 528; x_wconf 81' lang='lat' dir='ltr'><strong>sumus.</strong></span> <span class='ocrx_word' id='word_1_13' title='bbox 1108 444 1502 517; x_wconf 82' lang='lat' dir='ltr'><strong>Spiritualibus.</strong></span> <span class='ocrx_word' id='word_1_14' title='bbox 1526 445 1862 511; x_wconf 81' lang='lat' dir='ltr'><strong>Hominibus,</strong></span> <span class='ocrx_word' id='word_1_15' title='bbox 1890 445 1938 506; x_wconf 88' lang='lat' dir='ltr'><strong>A</strong></span> <span class='ocrx_word' id='word_1_16' title='bbox 1965 448 2279 519; x_wconf 66' lang='lat' dir='ltr'><strong>praedicare,</strong></span> <span class='ocrx_word' id='word_1_17' title='bbox 2304 458 2501 520; x_wconf 85' lang='lat' dir='ltr'><strong>praeter</strong></span> <span class='ocrx_word' id='word_1_18' title='bbox 2534 451 2742 519; x_wconf 85' lang='lat' dir='ltr'><strong>Jesum,</strong></span> <span class='ocrx_word' id='word_1_19' title='bbox 2771 455 2857 508; x_wconf 91' lang='lat' dir='ltr'><strong>cui</strong></span> <span class='ocrx_word' id='word_1_20' title='bbox 2887 454 2991 510; x_wconf 80' lang='lat' dir='ltr'><strong>fide</strong></span> <span class='ocrx_word' id='word_1_21' title='bbox 3014 456 3321 513; x_wconf 80' lang='lat' dir='ltr'><strong>ﬁrmissima</strong></span> <span class='ocrx_word' id='word_1_22' title='bbox 3349 460 3524 515; x_wconf 82' lang='lat' dir='ltr'><strong>credi-</strong></span> <span class='ocrx_word' id='word_1_23' title='bbox 3596 468 3607 475; x_wconf 82' lang='lat'><strong>’</strong></span> 
     </span>
    </p>
   </div>
   <div class='ocr_carea' id='block_1_5' title="bbox 300 524 1869 617">
    <p class='ocr_par' dir='ltr' id='par_1_5' title="bbox 300 524 1869 617">
     <span class='ocr_line' id='line_1_5' title="bbox 300 524 1869 617; baseline -0.006 -16"><span class='ocrx_word' id='word_1_24' title='bbox 300 524 391 617; x_wconf 67' lang='lat' dir='ltr'><strong>qui</strong></span> <span class='ocrx_word' id='word_1_25' title='bbox 426 557 617 614; x_wconf 78' lang='lat' dir='ltr'><strong>capere</strong></span> <span class='ocrx_word' id='word_1_26' title='bbox 654 549 904 610; x_wconf 90' lang='lat' dir='ltr'><strong>possunt.</strong></span> <span class='ocrx_word' id='word_1_27' title='bbox 955 524 1282 608; x_wconf 79' lang='lat' dir='ltr'><strong>Spiritualia.</strong></span> <span class='ocrx_word' id='word_1_28' title='bbox 1313 536 1664 593; x_wconf 89' lang='lat' dir='ltr'><strong>Documenta.</strong></span> <span class='ocrx_word' id='word_1_29' title='bbox 1714 535 1869 592; x_wconf 88' lang='lat' dir='ltr'><strong>Com-</strong></span> 
     </span>
    </p>
   </div>
   <div class='ocr_carea' id='block_1_6' title="bbox 297 633 974 710">
    <p class='ocr_par' dir='ltr' id='par_1_6' title="bbox 297 633 974 710">
     <span class='ocr_line' id='line_1_6' title="bbox 297 633 974 710; baseline -0.007 -20"><span class='ocrx_word' id='word_1_30' title='bbox 297 646 557 710; x_wconf 82' lang='lat' dir='ltr'><strong>parantes.</strong></span> <span class='ocrx_word' id='word_1_31' title='bbox 586 633 974 687; x_wconf 66' lang='lat' dir='ltr'><strong>Praedicantes.</strong></span> 
     </span>
    </p>
   </div>
   <div class='ocr_carea' id='block_1_7' title="bbox 368 718 1867 788">
    <p class='ocr_par' dir='ltr' id='par_1_7' title="bbox 368 718 1867 788">
     <span class='ocr_line' id='line_1_7' title="bbox 368 718 1867 788; baseline -0.004 -10"><span class='ocrx_word' id='word_1_32' title='bbox 368 722 625 778; x_wconf 81' lang='lat' dir='ltr'><strong>Animalis</strong></span> <span class='ocrx_word' id='word_1_33' title='bbox 653 731 831 775; x_wconf 89' lang='lat' dir='ltr'><strong>autem</strong></span> <span class='ocrx_word' id='word_1_34' title='bbox 863 722 1040 784; x_wconf 88' lang='lat' dir='ltr'><strong>homo,</strong></span> <span class='ocrx_word' id='word_1_35' title='bbox 1066 729 1172 773; x_wconf 92' lang='lat' dir='ltr'><strong>etc.</strong></span> <span class='ocrx_word' id='word_1_36' title='bbox 1214 718 1316 785; x_wconf 85' lang='lat' dir='ltr'><strong>Qui</strong></span> <span class='ocrx_word' id='word_1_37' title='bbox 1351 718 1597 788; x_wconf 77' lang='lat' dir='ltr'><strong>spiritum</strong></span> <span class='ocrx_word' id='word_1_38' title='bbox 1626 718 1722 772; x_wconf 88' lang='lat' dir='ltr'><strong>Dei</strong></span> <span class='ocrx_word' id='word_1_39' title='bbox 1759 733 1867 773; x_wconf 92' lang='lat' dir='ltr'><strong>non</strong></span> 
     </span>
    </p>
   </div>
   <div class='ocr_carea' id='block_1_8' title="bbox 300 808 1866 879">
    <p class='ocr_par' dir='ltr' id='par_1_8' title="bbox 300 808 1866 879">
     <span class='ocr_line' id='line_1_8' title="bbox 300 808 1866 879; baseline -0.007 -6"><span class='ocrx_word' id='word_1_40' title='bbox 300 819 479 877; x_wconf 86' lang='lat' dir='ltr'><strong>habet,</strong></span> <span class='ocrx_word' id='word_1_41' title='bbox 520 812 771 868; x_wconf 84' lang='lat' dir='ltr'><strong>animalis</strong></span> <span class='ocrx_word' id='word_1_42' title='bbox 806 819 910 875; x_wconf 88' lang='lat' dir='ltr'><strong>est,</strong></span> <span class='ocrx_word' id='word_1_43' title='bbox 940 809 1031 879; x_wconf 88' lang='lat' dir='ltr'><strong>qui</strong></span> <span class='ocrx_word' id='word_1_44' title='bbox 1072 809 1178 863; x_wconf 90' lang='lat' dir='ltr'><strong>ritu</strong></span> <span class='ocrx_word' id='word_1_45' title='bbox 1220 808 1534 862; x_wconf 88' lang='lat' dir='ltr'><strong>animalium</strong></span> <span class='ocrx_word' id='word_1_46' title='bbox 1567 809 1721 874; x_wconf 83' lang='lat' dir='ltr'><strong>vivit,</strong></span> <span class='ocrx_word' id='word_1_47' title='bbox 1753 808 1866 863; x_wconf 89' lang='lat' dir='ltr'><strong>sola</strong></span> 
     </span>
    </p>
   </div>
   <div class='ocr_carea' id='block_1_9' title="bbox 295 896 1869 963">
    <p class='ocr_par' dir='ltr' id='par_1_9' title="bbox 295 896 1869 963">
     <span class='ocr_line' id='line_1_9' title="bbox 295 896 1869 963; baseline -0.01 1"><span class='ocrx_word' id='word_1_48' title='bbox 295 905 579 963; x_wconf 78' lang='lat' dir='ltr'><strong>commoda</strong></span> <span class='ocrx_word' id='word_1_49' title='bbox 607 901 792 958; x_wconf 87' lang='lat' dir='ltr'><strong>carnis</strong></span> <span class='ocrx_word' id='word_1_50' title='bbox 825 909 1059 955; x_wconf 87' lang='lat' dir='ltr'><strong>sectans.</strong></span> <span class='ocrx_word' id='word_1_51' title='bbox 1085 897 1345 953; x_wconf 82' lang='lat' dir='ltr'><strong>Animalis</strong></span> <span class='ocrx_word' id='word_1_52' title='bbox 1380 897 1523 950; x_wconf 89' lang='lat' dir='ltr'><strong>enim</strong></span> <span class='ocrx_word' id='word_1_53' title='bbox 1553 897 1713 950; x_wconf 82' lang='lat' dir='ltr'><strong>habet</strong></span> <span class='ocrx_word' id='word_1_54' title='bbox 1752 896 1869 950; x_wconf 88' lang='lat' dir='ltr'><strong>ani-</strong></span> 
     </span>
    </p>
   </div>
   <div class='ocr_carea' id='block_1_10' title="bbox 294 986 1868 1061">
    <p class='ocr_par' dir='ltr' id='par_1_10' title="bbox 294 986 1868 1061">
     <span class='ocr_line' id='line_1_10' title="bbox 294 986 1868 1061; baseline -0.01 -8"><span class='ocrx_word' id='word_1_55' title='bbox 294 1012 463 1061; x_wconf 86' lang='lat' dir='ltr'><strong>mam,</strong></span> <span class='ocrx_word' id='word_1_56' title='bbox 495 1009 603 1049; x_wconf 89' lang='lat' dir='ltr'><strong>non</strong></span> <span class='ocrx_word' id='word_1_57' title='bbox 632 991 795 1047; x_wconf 88' lang='lat' dir='ltr'><strong>habet</strong></span> <span class='ocrx_word' id='word_1_58' title='bbox 824 989 1176 1052; x_wconf 89' lang='lat' dir='ltr'><strong>intellectum,</strong></span> <span class='ocrx_word' id='word_1_59' title='bbox 1207 987 1329 1042; x_wconf 90' lang='lat' dir='ltr'><strong>ideo</strong></span> <span class='ocrx_word' id='word_1_60' title='bbox 1359 1002 1465 1040; x_wconf 93' lang='lat' dir='ltr'><strong>non</strong></span> <span class='ocrx_word' id='word_1_61' title='bbox 1495 986 1723 1061; x_wconf 74' lang='lat' dir='ltr'><strong>percipit</strong></span> <span class='ocrx_word' id='word_1_62' title='bbox 1748 1000 1868 1054; x_wconf 78' lang='lat' dir='ltr'><strong>quae</strong></span> 
     </span>
    </p>
   </div>
   <div class='ocr_carea' id='block_1_11' title="bbox 294 1078 1867 1156">
    <p class='ocr_par' dir='ltr' id='par_1_11' title="bbox 294 1078 1867 1156">
     <span class='ocr_line' id='line_1_11' title="bbox 294 1078 1867 1156; baseline -0.007 -12"><span class='ocrx_word' id='word_1_63' title='bbox 294 1097 421 1145; x_wconf 83' lang='lat' dir='ltr'><strong>sunt</strong></span> <span class='ocrx_word' id='word_1_64' title='bbox 461 1085 687 1156; x_wconf 82' lang='lat' dir='ltr'><strong>spiritus</strong></span> <span class='ocrx_word' id='word_1_65' title='bbox 713 1080 839 1145; x_wconf 88' lang='lat' dir='ltr'><strong>Dei,</strong></span> <span class='ocrx_word' id='word_1_66' title='bbox 875 1080 931 1134; x_wconf 90' lang='lat' dir='ltr'><strong>id</strong></span> <span class='ocrx_word' id='word_1_67' title='bbox 961 1087 1064 1144; x_wconf 89' lang='lat' dir='ltr'><strong>est,</strong></span> <span class='ocrx_word' id='word_1_68' title='bbox 1108 1078 1430 1148; x_wconf 81' lang='lat' dir='ltr'><strong>Spiritualia,</strong></span> <span class='ocrx_word' id='word_1_69' title='bbox 1482 1093 1601 1149; x_wconf 67' lang='lat' dir='ltr'><strong>quae</strong></span> <span class='ocrx_word' id='word_1_70' title='bbox 1647 1078 1867 1149; x_wconf 85' lang='lat' dir='ltr'><strong>spiritus</strong></span> 
     </span>
    </p>
   </div>
   <div class='ocr_carea' id='block_1_12' title="bbox 294 1168 1866 1242">
    <p class='ocr_par' dir='ltr' id='par_1_12' title="bbox 294 1168 1866 1242">
     <span class='ocr_line' id='line_1_12' title="bbox 294 1168 1866 1242; baseline -0.003 -12"><span class='ocrx_word' id='word_1_71' title='bbox 294 1180 481 1241; x_wconf 81' lang='lat' dir='ltr'><strong>docet,</strong></span> <span class='ocrx_word' id='word_1_72' title='bbox 529 1173 683 1229; x_wconf 81' lang='lat' dir='ltr'><strong>verbi</strong></span> <span class='ocrx_word' id='word_1_73' title='bbox 724 1171 921 1242; x_wconf 86' lang='lat' dir='ltr'><strong>gratia,</strong></span> <span class='ocrx_word' id='word_1_74' title='bbox 961 1170 1227 1240; x_wconf 89' lang='lat' dir='ltr'><strong>quomodo</strong></span> <span class='ocrx_word' id='word_1_75' title='bbox 1267 1168 1512 1224; x_wconf 89' lang='lat' dir='ltr'><strong>Christus</strong></span> <span class='ocrx_word' id='word_1_76' title='bbox 1556 1170 1866 1225; x_wconf 85' lang='lat' dir='ltr'><strong>incarnatus</strong></span> 
     </span>
    </p>
   </div>
   <div class='ocr_carea' id='block_1_13' title="bbox 292 1258 1862 1333">
    <p class='ocr_par' dir='ltr' id='par_1_13' title="bbox 292 1258 1862 1333">
     <span class='ocr_line' id='line_1_13' title="bbox 292 1258 1862 1333; baseline -0.005 -13"><span class='ocrx_word' id='word_1_77' title='bbox 292 1267 382 1330; x_wconf 84' lang='lat' dir='ltr'><strong>sit,</strong></span> <span class='ocrx_word' id='word_1_78' title='bbox 408 1264 496 1319; x_wconf 89' lang='lat' dir='ltr'><strong>vel</strong></span> <span class='ocrx_word' id='word_1_79' title='bbox 519 1264 654 1333; x_wconf 86' lang='lat' dir='ltr'><strong>quid</strong></span> <span class='ocrx_word' id='word_1_80' title='bbox 674 1262 863 1333; x_wconf 64' lang='lat' dir='ltr'><strong>gratia:</strong></span> <span class='ocrx_word' id='word_1_81' title='bbox 886 1259 1228 1315; x_wconf 83' lang='lat' dir='ltr'><strong>credentibus</strong></span> <span class='ocrx_word' id='word_1_82' title='bbox 1252 1258 1462 1314; x_wconf 83' lang='lat' dir='ltr'><strong>confert</strong></span> <span class='ocrx_word' id='word_1_83' title='bbox 1486 1275 1619 1315; x_wconf 86' lang='lat' dir='ltr'><strong>crux</strong></span> <span class='ocrx_word' id='word_1_84' title='bbox 1642 1258 1862 1313; x_wconf 89' lang='lat' dir='ltr'><strong>Christi.</strong></span> 
     </span>
    </p>
   </div>
   <div class='ocr_carea' id='block_1_14' title="bbox 293 1348 1865 1416">
    <p class='ocr_par' dir='ltr' id='par_1_14' title="bbox 293 1348 1865 1416">
     <span class='ocr_line' id='line_1_14' title="bbox 293 1348 1865 1416; baseline -0.005 -6"><span class='ocrx_word' id='word_1_85' title='bbox 293 1354 537 1411; x_wconf 72' lang='lat' dir='ltr'><strong>Stultitia</strong></span> <span class='ocrx_word' id='word_1_86' title='bbox 560 1354 699 1406; x_wconf 82' lang='lat' dir='ltr'><strong>enim</strong></span> <span class='ocrx_word' id='word_1_87' title='bbox 727 1361 803 1405; x_wconf 81' lang='lat' dir='ltr'><strong>est</strong></span> <span class='ocrx_word' id='word_1_88' title='bbox 827 1349 926 1403; x_wconf 86' lang='lat' dir='ltr'><strong>illi.</strong></span> <span class='ocrx_word' id='word_1_89' title='bbox 957 1348 1139 1404; x_wconf 88' lang='lat' dir='ltr'><strong>Primo</strong></span> <span class='ocrx_word' id='word_1_90' title='bbox 1165 1349 1390 1403; x_wconf 88' lang='lat' dir='ltr'><strong>stultitia</strong></span> <span class='ocrx_word' id='word_1_91' title='bbox 1419 1357 1503 1403; x_wconf 90' lang='lat' dir='ltr'><strong>est</strong></span> <span class='ocrx_word' id='word_1_92' title='bbox 1526 1348 1623 1413; x_wconf 90' lang='lat' dir='ltr'><strong>illi,</strong></span> <span class='ocrx_word' id='word_1_93' title='bbox 1652 1348 1865 1416; x_wconf 84' lang='lat' dir='ltr'><strong>quando</strong></span> 
     </span>
    </p>
   </div>
   <div class='ocr_carea' id='block_1_15' title="bbox 292 1439 1862 1512">
    <p class='ocr_par' dir='ltr' id='par_1_15' title="bbox 292 1439 1862 1512">
     <span class='ocr_line' id='line_1_15' title="bbox 292 1439 1862 1512; baseline -0.004 -12"><span class='ocrx_word' id='word_1_94' title='bbox 292 1446 445 1500; x_wconf 85' lang='lat' dir='ltr'><strong>audit</strong></span> <span class='ocrx_word' id='word_1_95' title='bbox 466 1451 657 1498; x_wconf 87' lang='lat' dir='ltr'><strong>natum</strong></span> <span class='ocrx_word' id='word_1_96' title='bbox 682 1441 989 1503; x_wconf 91' lang='lat' dir='ltr'><strong>Dominum,</strong></span> <span class='ocrx_word' id='word_1_97' title='bbox 1021 1447 1077 1494; x_wconf 92' lang='lat' dir='ltr'><strong>et</strong></span> <span class='ocrx_word' id='word_1_98' title='bbox 1099 1453 1340 1508; x_wconf 90' lang='lat' dir='ltr'><strong>passum,</strong></span> <span class='ocrx_word' id='word_1_99' title='bbox 1373 1446 1429 1512; x_wconf 78' lang='lat' dir='ltr'><strong>et</strong></span> <span class='ocrx_word' id='word_1_100' title='bbox 1472 1439 1862 1502; x_wconf 83' lang='lat' dir='ltr'><strong>resurrexisse;</strong></span> 
     </span>
    </p>
   </div>
   <div class='ocr_carea' id='block_1_16' title="bbox 289 1530 1865 1599">
    <p class='ocr_par' dir='ltr' id='par_1_16' title="bbox 289 1530 1865 1599">
     <span class='ocr_line' id='line_1_16' title="bbox 289 1530 1865 1599; baseline -0.004 -9"><span class='ocrx_word' id='word_1_101' title='bbox 289 1535 550 1599; x_wconf 83' lang='lat' dir='ltr'><strong>secundo,</strong></span> <span class='ocrx_word' id='word_1_102' title='bbox 586 1542 937 1588; x_wconf 85' lang='lat' dir='ltr'><strong>contemnere</strong></span> <span class='ocrx_word' id='word_1_103' title='bbox 963 1544 1082 1598; x_wconf 69' lang='lat' dir='ltr'><strong>quae</strong></span> <span class='ocrx_word' id='word_1_104' title='bbox 1109 1544 1205 1584; x_wconf 89' lang='lat' dir='ltr'><strong>sua</strong></span> <span class='ocrx_word' id='word_1_105' title='bbox 1243 1539 1400 1593; x_wconf 89' lang='lat' dir='ltr'><strong>sunt;</strong></span> <span class='ocrx_word' id='word_1_106' title='bbox 1441 1530 1597 1584; x_wconf 89' lang='lat' dir='ltr'><strong>tertio</strong></span> <span class='ocrx_word' id='word_1_107' title='bbox 1624 1531 1865 1598; x_wconf 57' lang='lat' dir='ltr'><strong>praebere</strong></span> 
     </span>
    </p>
   </div>
   <div class='ocr_carea' id='block_1_17' title="bbox 242 1608 1863 1689">
    <p class='ocr_par' dir='ltr' id='par_1_17' title="bbox 242 1608 1863 1689">
     <span class='ocr_line' id='line_1_17' title="bbox 242 1608 1863 1689; baseline -0.005 -9"><span class='ocrx_word' id='word_1_108' title='bbox 242 1608 247 1612; x_wconf 44' lang='grc'><em>’</em></span> <span class='ocrx_word' id='word_1_109' title='bbox 292 1624 607 1688; x_wconf 78' lang='lat' dir='ltr'><strong>maxillam,</strong></span> <span class='ocrx_word' id='word_1_110' title='bbox 653 1630 707 1675; x_wconf 87' lang='lat' dir='ltr'><strong>et</strong></span> <span class='ocrx_word' id='word_1_111' title='bbox 754 1630 950 1676; x_wconf 56' lang='lat' dir='ltr'><strong>caetera</strong></span> <span class='ocrx_word' id='word_1_112' title='bbox 998 1620 1265 1674; x_wconf 86' lang='lat' dir='ltr'><strong>similiter.</strong></span> <span class='ocrx_word' id='word_1_113' title='bbox 1339 1619 1645 1689; x_wconf 85' lang='lat' dir='ltr'><strong>Spiritualis</strong></span> <span class='ocrx_word' id='word_1_114' title='bbox 1690 1631 1863 1673; x_wconf 89' lang='lat' dir='ltr'><strong>autem</strong></span> 
     </span>
    </p>
   </div>
   <div class='ocr_carea' id='block_1_18' title="bbox 289 1709 1859 1782">
    <p class='ocr_par' dir='ltr' id='par_1_18' title="bbox 289 1709 1859 1782">
     <span class='ocr_line' id='line_1_18' title="bbox 289 1709 1859 1782; baseline -0.005 -13"><span class='ocrx_word' id='word_1_115' title='bbox 289 1716 467 1769; x_wconf 77' lang='lat' dir='ltr'><strong>omnia</strong></span> <span class='ocrx_word' id='word_1_116' title='bbox 492 1712 776 1782; x_wconf 83' lang='lat' dir='ltr'><strong>dijudicat.</strong></span> <span class='ocrx_word' id='word_1_117' title='bbox 811 1710 947 1777; x_wconf 87' lang='lat' dir='ltr'><strong>Quia</strong></span> <span class='ocrx_word' id='word_1_118' title='bbox 974 1710 1154 1764; x_wconf 89' lang='lat' dir='ltr'><strong>omnia</strong></span> <span class='ocrx_word' id='word_1_119' title='bbox 1191 1709 1470 1775; x_wconf 86' lang='lat' dir='ltr'><strong>discernit,</strong></span> <span class='ocrx_word' id='word_1_120' title='bbox 1507 1717 1561 1764; x_wconf 91' lang='lat' dir='ltr'><strong>et</strong></span> <span class='ocrx_word' id='word_1_121' title='bbox 1588 1709 1859 1779; x_wconf 81' lang='lat' dir='ltr'><strong>intelligit,</strong></span> 
     </span>
    </p>
   </div>
   <div class='ocr_carea' id='block_1_19' title="bbox 1967 540 3526 617">
    <p class='ocr_par' dir='ltr' id='par_1_19' title="bbox 1967 540 3526 617">
     <span class='ocr_line' id='line_1_19' title="bbox 1967 540 3526 617; baseline 0.008 -22"><span class='ocrx_word' id='word_1_122' title='bbox 1967 540 2138 595; x_wconf 89' lang='lat' dir='ltr'><strong>distis.</strong></span> <span class='ocrx_word' id='word_1_123' title='bbox 2168 541 2391 609; x_wconf 81' lang='lat' dir='ltr'><strong>Aurum,</strong></span> <span class='ocrx_word' id='word_1_124' title='bbox 2439 553 2727 614; x_wconf 82' lang='lat' dir='ltr'><strong>argentum,</strong></span> <span class='ocrx_word' id='word_1_125' title='bbox 2773 544 2971 614; x_wconf 77' lang='lat' dir='ltr'><strong>lapides</strong></span> <span class='ocrx_word' id='word_1_126' title='bbox 3015 548 3286 617; x_wconf 86' lang='lat' dir='ltr'><strong>pretiosos.</strong></span> <span class='ocrx_word' id='word_1_127' title='bbox 3323 549 3381 603; x_wconf 85' lang='lat' dir='ltr'><strong>lu</strong></span> <span class='ocrx_word' id='word_1_128' title='bbox 3420 551 3526 607; x_wconf 87' lang='lat' dir='ltr'><strong>Ec-</strong></span> 
     </span>
    </p>
   </div>
   <div class='ocr_carea' id='block_1_20' title="bbox 1967 630 3530 707">
    <p class='ocr_par' dir='ltr' id='par_1_20' title="bbox 1967 630 3530 707">
     <span class='ocr_line' id='line_1_20' title="bbox 1967 630 3530 707; baseline 0.008 -22"><span class='ocrx_word' id='word_1_129' title='bbox 1967 630 2129 685; x_wconf 87' lang='lat' dir='ltr'><strong>clesia</strong></span> <span class='ocrx_word' id='word_1_130' title='bbox 2179 632 2282 685; x_wconf 88' lang='lat' dir='ltr'><strong>tria</strong></span> <span class='ocrx_word' id='word_1_131' title='bbox 2330 646 2523 703; x_wconf 88' lang='lat' dir='ltr'><strong>genera</strong></span> <span class='ocrx_word' id='word_1_132' title='bbox 2567 642 2695 689; x_wconf 85' lang='lat' dir='ltr'><strong>sunt</strong></span> <span class='ocrx_word' id='word_1_133' title='bbox 2738 636 3044 691; x_wconf 89' lang='lat' dir='ltr'><strong>bonorum:</strong></span> <span class='ocrx_word' id='word_1_134' title='bbox 3080 646 3166 692; x_wconf 89' lang='lat' dir='ltr'><strong>est</strong></span> <span class='ocrx_word' id='word_1_135' title='bbox 3210 639 3433 707; x_wconf 91' lang='lat' dir='ltr'><strong>bonum,</strong></span> <span class='ocrx_word' id='word_1_136' title='bbox 3472 649 3530 697; x_wconf 84' lang='lat' dir='ltr'><strong>et</strong></span> 
     </span>
    </p>
   </div>
   <div class='ocr_carea' id='block_1_21' title="bbox 1966 719 3530 800">
    <p class='ocr_par' dir='ltr' id='par_1_21' title="bbox 1966 719 3530 800">
     <span class='ocr_line' id='line_1_21' title="bbox 1966 719 3530 800; baseline 0.008 -28"><span class='ocrx_word' id='word_1_137' title='bbox 1966 719 2174 785; x_wconf 89' lang='lat' dir='ltr'><strong>melius,</strong></span> <span class='ocrx_word' id='word_1_138' title='bbox 2204 729 2257 774; x_wconf 92' lang='lat' dir='ltr'><strong>et</strong></span> <span class='ocrx_word' id='word_1_139' title='bbox 2287 723 2567 790; x_wconf 89' lang='lat' dir='ltr'><strong>optimum.</strong></span> <span class='ocrx_word' id='word_1_140' title='bbox 2610 723 2763 790; x_wconf 87' lang='lat' dir='ltr'><strong>Quod</strong></span> <span class='ocrx_word' id='word_1_141' title='bbox 2792 734 2969 780; x_wconf 90' lang='lat' dir='ltr'><strong>autem</strong></span> <span class='ocrx_word' id='word_1_142' title='bbox 3015 728 3191 796; x_wconf 89' lang='lat' dir='ltr'><strong>primo</strong></span> <span class='ocrx_word' id='word_1_143' title='bbox 3221 744 3410 784; x_wconf 91' lang='lat' dir='ltr'><strong>aurum</strong></span> <span class='ocrx_word' id='word_1_144' title='bbox 3432 746 3530 800; x_wconf 84' lang='lat' dir='ltr'><strong>po-</strong></span> 
     </span>
    </p>
   </div>
   <div class='ocr_carea' id='block_1_22' title="bbox 1967 809 3524 886">
    <p class='ocr_par' dir='ltr' id='par_1_22' title="bbox 1967 809 3524 886">
     <span class='ocr_line' id='line_1_22' title="bbox 1967 809 3524 886; baseline 0.007 -23"><span class='ocrx_word' id='word_1_145' title='bbox 1967 809 2092 872; x_wconf 89' lang='lat' dir='ltr'><strong>suit,</strong></span> <span class='ocrx_word' id='word_1_146' title='bbox 2128 816 2189 862; x_wconf 91' lang='lat' dir='ltr'><strong>ut</strong></span> <span class='ocrx_word' id='word_1_147' title='bbox 2210 825 2390 864; x_wconf 90' lang='lat' dir='ltr'><strong>sermo</strong></span> <span class='ocrx_word' id='word_1_148' title='bbox 2418 812 2609 868; x_wconf 90' lang='lat' dir='ltr'><strong>melius</strong></span> <span class='ocrx_word' id='word_1_149' title='bbox 2635 822 2927 880; x_wconf 88' lang='lat' dir='ltr'><strong>texeretur,</strong></span> <span class='ocrx_word' id='word_1_150' title='bbox 2960 816 3011 870; x_wconf 90' lang='lat' dir='ltr'><strong>id</strong></span> <span class='ocrx_word' id='word_1_151' title='bbox 3033 818 3101 871; x_wconf 89' lang='lat' dir='ltr'><strong>ad</strong></span> <span class='ocrx_word' id='word_1_152' title='bbox 3127 817 3524 886; x_wconf 81' lang='lat' dir='ltr'><strong>fortitudinem,</strong></span> 
     </span>
    </p>
   </div>
   <div class='ocr_carea' id='block_1_23' title="bbox 1966 900 3530 977">
    <p class='ocr_par' dir='ltr' id='par_1_23' title="bbox 1966 900 3530 977">
     <span class='ocr_line' id='line_1_23' title="bbox 1966 900 3530 977; baseline 0.009 -25"><span class='ocrx_word' id='word_1_153' title='bbox 1966 915 2073 953; x_wconf 89' lang='lat' dir='ltr'><strong>non</strong></span> <span class='ocrx_word' id='word_1_154' title='bbox 2098 900 2164 953; x_wconf 86' lang='lat' dir='ltr'><strong>ad</strong></span> <span class='ocrx_word' id='word_1_155' title='bbox 2191 900 2429 969; x_wconf 88' lang='lat' dir='ltr'><strong>speciem</strong></span> <span class='ocrx_word' id='word_1_156' title='bbox 2474 905 2808 971; x_wconf 89' lang='lat' dir='ltr'><strong>comparavit</strong></span> <span class='ocrx_word' id='word_1_157' title='bbox 2836 923 2848 958; x_wconf 91' lang='lat'>:</span> <span class='ocrx_word' id='word_1_158' title='bbox 2874 907 3000 974; x_wconf 88' lang='lat' dir='ltr'><strong>quia</strong></span> <span class='ocrx_word' id='word_1_159' title='bbox 3028 916 3310 977; x_wconf 80' lang='lat' dir='ltr'><strong>argentum</strong></span> <span class='ocrx_word' id='word_1_160' title='bbox 3336 910 3530 966; x_wconf 82' lang='lat' dir='ltr'><strong>fortius</strong></span> 
     </span>
    </p>
   </div>
   <div class='ocr_carea' id='block_1_24' title="bbox 1966 989 3530 1061">
    <p class='ocr_par' dir='ltr' id='par_1_24' title="bbox 1966 989 3530 1061">
     <span class='ocr_line' id='line_1_24' title="bbox 1966 989 3530 1061; baseline 0.009 -19"><span class='ocrx_word' id='word_1_161' title='bbox 1966 1004 2116 1051; x_wconf 88' lang='lat' dir='ltr'><strong>auro,</strong></span> <span class='ocrx_word' id='word_1_162' title='bbox 2170 989 2291 1044; x_wconf 88' lang='lat' dir='ltr'><strong>ideo</strong></span> <span class='ocrx_word' id='word_1_163' title='bbox 2342 990 2549 1046; x_wconf 89' lang='lat' dir='ltr'><strong>meliori</strong></span> <span class='ocrx_word' id='word_1_164' title='bbox 2596 994 2813 1061; x_wconf 90' lang='lat' dir='ltr'><strong>ponitur</strong></span> <span class='ocrx_word' id='word_1_165' title='bbox 2855 995 2993 1049; x_wconf 93' lang='lat' dir='ltr'><strong>loco.</strong></span> <span class='ocrx_word' id='word_1_166' title='bbox 3046 996 3171 1050; x_wconf 90' lang='lat' dir='ltr'><strong>Tria</strong></span> <span class='ocrx_word' id='word_1_167' title='bbox 3200 1002 3530 1057; x_wconf 89' lang='lat' dir='ltr'><strong>econtrario</strong></span> 
     </span>
    </p>
   </div>
   <div class='ocr_carea' id='block_1_25' title="bbox 1964 1080 3533 1161">
    <p class='ocr_par' dir='ltr' id='par_1_25' title="bbox 1964 1080 3533 1161">
     <span class='ocr_line' id='line_1_25' title="bbox 1964 1080 3533 1161; baseline 0.008 -27"><span class='ocrx_word' id='word_1_168' title='bbox 1964 1095 2163 1151; x_wconf 87' lang='lat' dir='ltr'><strong>genera</strong></span> <span class='ocrx_word' id='word_1_169' title='bbox 2207 1080 2511 1136; x_wconf 88' lang='lat' dir='ltr'><strong>malorum:</strong></span> <span class='ocrx_word' id='word_1_170' title='bbox 2563 1083 2784 1148; x_wconf 88' lang='lat' dir='ltr'><strong>malum,</strong></span> <span class='ocrx_word' id='word_1_171' title='bbox 2835 1085 3011 1155; x_wconf 88' lang='lat' dir='ltr'><strong>pejus,</strong></span> <span class='ocrx_word' id='word_1_172' title='bbox 3060 1088 3378 1156; x_wconf 85' lang='lat' dir='ltr'><strong>pessimum,</strong></span> <span class='ocrx_word' id='word_1_173' title='bbox 3411 1106 3533 1161; x_wconf 61' lang='lat' dir='ltr'><strong>quae</strong></span> 
     </span>
    </p>
   </div>
   <div class='ocr_carea' id='block_1_26' title="bbox 1964 1166 3527 1244">
    <p class='ocr_par' dir='ltr' id='par_1_26' title="bbox 1964 1166 3527 1244">
     <span class='ocr_line' id='line_1_26' title="bbox 1964 1166 3527 1244; baseline 0.008 -23"><span class='ocrx_word' id='word_1_174' title='bbox 1964 1169 2145 1240; x_wconf 84' lang='lat' dir='ltr'><strong>lignis,</strong></span> <span class='ocrx_word' id='word_1_175' title='bbox 2173 1168 2318 1234; x_wconf 90' lang='lat' dir='ltr'><strong>feno,</strong></span> <span class='ocrx_word' id='word_1_176' title='bbox 2345 1166 2553 1239; x_wconf 64' lang='lat' dir='ltr'><strong>stipulae</strong></span> <span class='ocrx_word' id='word_1_177' title='bbox 2580 1181 2978 1241; x_wconf 86' lang='lat' dir='ltr'><strong>comparantur.</strong></span> <span class='ocrx_word' id='word_1_178' title='bbox 3006 1173 3114 1226; x_wconf 82' lang='lat' dir='ltr'><strong>Aut</strong></span> <span class='ocrx_word' id='word_1_179' title='bbox 3147 1182 3296 1229; x_wconf 90' lang='lat' dir='ltr'><strong>certe</strong></span> <span class='ocrx_word' id='word_1_180' title='bbox 3317 1192 3527 1244; x_wconf 89' lang='lat' dir='ltr'><strong>aurum,</strong></span> 
     </span>
    </p>
   </div>
   <div class='ocr_carea' id='block_1_27' title="bbox 1962 1259 3530 1337">
    <p class='ocr_par' dir='ltr' id='par_1_27' title="bbox 1962 1259 3530 1337">
     <span class='ocr_line' id='line_1_27' title="bbox 1962 1259 3530 1337; baseline 0.004 -22"><span class='ocrx_word' id='word_1_181' title='bbox 1962 1260 2286 1328; x_wconf 73' lang='lat' dir='ltr'><strong>pmnitentes</strong></span> <span class='ocrx_word' id='word_1_182' title='bbox 2324 1259 2632 1329; x_wconf 85' lang='lat' dir='ltr'><strong>signiﬁcat;</strong></span> <span class='ocrx_word' id='word_1_183' title='bbox 2686 1269 2963 1332; x_wconf 81' lang='lat' dir='ltr'><strong>argentum</strong></span> <span class='ocrx_word' id='word_1_184' title='bbox 3012 1262 3366 1334; x_wconf 89' lang='lat' dir='ltr'><strong>conjugatos;</strong></span> <span class='ocrx_word' id='word_1_185' title='bbox 3397 1266 3530 1337; x_wconf 85' lang='lat' dir='ltr'><strong>lapi-</strong></span> 
     </span>
    </p>
   </div>
   <div class='ocr_carea' id='block_1_28' title="bbox 1964 1348 3532 1424">
    <p class='ocr_par' dir='ltr' id='par_1_28' title="bbox 1964 1348 3532 1424">
     <span class='ocr_line' id='line_1_28' title="bbox 1964 1348 3532 1424; baseline 0.006 -22"><span class='ocrx_word' id='word_1_186' title='bbox 1964 1348 2058 1402; x_wconf 89' lang='lat' dir='ltr'><strong>des</strong></span> <span class='ocrx_word' id='word_1_187' title='bbox 2085 1349 2307 1417; x_wconf 91' lang='lat' dir='ltr'><strong>pretiosi</strong></span> <span class='ocrx_word' id='word_1_188' title='bbox 2333 1350 2589 1420; x_wconf 79' lang='lat' dir='ltr'><strong>virgines.</strong></span> <span class='ocrx_word' id='word_1_189' title='bbox 2630 1350 2782 1415; x_wconf 88' lang='lat' dir='ltr'><strong>ltem,</strong></span> <span class='ocrx_word' id='word_1_190' title='bbox 2807 1352 2951 1422; x_wconf 90' lang='lat' dir='ltr'><strong>ligna</strong></span> <span class='ocrx_word' id='word_1_191' title='bbox 2976 1352 3281 1424; x_wconf 87' lang='lat' dir='ltr'><strong>virginitas,</strong></span> <span class='ocrx_word' id='word_1_192' title='bbox 3312 1357 3408 1411; x_wconf 88' lang='lat' dir='ltr'><strong>sed</strong></span> <span class='ocrx_word' id='word_1_193' title='bbox 3435 1358 3532 1411; x_wconf 90' lang='lat' dir='ltr'><strong>im-</strong></span> 
     </span>
    </p>
   </div>
   <div class='ocr_carea' id='block_1_29' title="bbox 1963 1438 3529 1511">
    <p class='ocr_par' dir='ltr' id='par_1_29' title="bbox 1963 1438 3529 1511">
     <span class='ocr_line' id='line_1_29' title="bbox 1963 1438 3529 1511; baseline 0.005 -18"><span class='ocrx_word' id='word_1_194' title='bbox 1963 1438 2240 1509; x_wconf 85' lang='lat' dir='ltr'><strong>perfecta;</strong></span> <span class='ocrx_word' id='word_1_195' title='bbox 2282 1438 2483 1504; x_wconf 91' lang='lat' dir='ltr'><strong>fenum,</strong></span> <span class='ocrx_word' id='word_1_196' title='bbox 2532 1440 2899 1497; x_wconf 88' lang='lat' dir='ltr'><strong>irrationabile</strong></span> <span class='ocrx_word' id='word_1_197' title='bbox 2933 1444 3385 1511; x_wconf 88' lang='lat' dir='ltr'><strong>matrimonium;</strong></span> <span class='ocrx_word' id='word_1_198' title='bbox 3433 1448 3529 1501; x_wconf 87' lang='lat' dir='ltr'><strong>sti-</strong></span> 
     </span>
    </p>
   </div>
   <div class='ocr_carea' id='block_1_30' title="bbox 1964 1534 3530 1609">
    <p class='ocr_par' dir='ltr' id='par_1_30' title="bbox 1964 1534 3530 1609">
     <span class='ocr_line' id='line_1_30' title="bbox 1964 1534 3530 1609; baseline 0.004 -22"><span class='ocrx_word' id='word_1_199' title='bbox 1964 1534 2086 1603; x_wconf 89' lang='lat' dir='ltr'><strong>pula</strong></span> <span class='ocrx_word' id='word_1_200' title='bbox 2115 1534 2451 1603; x_wconf 74' lang='lat' dir='ltr'><strong>poenitentia,</strong></span> <span class='ocrx_word' id='word_1_201' title='bbox 2480 1534 2572 1589; x_wconf 90' lang='lat' dir='ltr'><strong>sed</strong></span> <span class='ocrx_word' id='word_1_202' title='bbox 2600 1549 2707 1589; x_wconf 91' lang='lat' dir='ltr'><strong>non</strong></span> <span class='ocrx_word' id='word_1_203' title='bbox 2732 1549 2880 1589; x_wconf 87' lang='lat' dir='ltr'><strong>vera.</strong></span> <span class='ocrx_word' id='word_1_204' title='bbox 2920 1535 3053 1590; x_wconf 92' lang='lat' dir='ltr'><strong>ltem</strong></span> <span class='ocrx_word' id='word_1_205' title='bbox 3082 1552 3294 1603; x_wconf 90' lang='lat' dir='ltr'><strong>aurum,</strong></span> <span class='ocrx_word' id='word_1_206' title='bbox 3323 1534 3530 1609; x_wconf 82' lang='lat' dir='ltr'><strong>cogita-</strong></span> 
     </span>
    </p>
   </div>
   <div class='ocr_carea' id='block_1_31' title="bbox 1963 1624 3532 1698">
    <p class='ocr_par' dir='ltr' id='par_1_31' title="bbox 1963 1624 3532 1698">
     <span class='ocr_line' id='line_1_31' title="bbox 1963 1624 3532 1698; baseline 0.005 -22"><span class='ocrx_word' id='word_1_207' title='bbox 1963 1624 2140 1678; x_wconf 90' lang='lat' dir='ltr'><strong>tiones</strong></span> <span class='ocrx_word' id='word_1_208' title='bbox 2190 1625 2399 1690; x_wconf 86' lang='lat' dir='ltr'><strong>bonas;</strong></span> <span class='ocrx_word' id='word_1_209' title='bbox 2432 1631 2735 1694; x_wconf 81' lang='lat' dir='ltr'><strong>argentum,</strong></span> <span class='ocrx_word' id='word_1_210' title='bbox 2783 1638 3061 1681; x_wconf 88' lang='lat' dir='ltr'><strong>sermones</strong></span> <span class='ocrx_word' id='word_1_211' title='bbox 3083 1627 3292 1696; x_wconf 89' lang='lat' dir='ltr'><strong>justos;</strong></span> <span class='ocrx_word' id='word_1_212' title='bbox 3323 1627 3532 1698; x_wconf 86' lang='lat' dir='ltr'><strong>lapides</strong></span> 
     </span>
    </p>
   </div>
   <div class='ocr_carea' id='block_1_32' title="bbox 1964 1710 3534 1785">
    <p class='ocr_par' dir='ltr' id='par_1_32' title="bbox 1964 1710 3534 1785">
     <span class='ocr_line' id='line_1_32' title="bbox 1964 1710 3534 1785; baseline 0.003 -20"><span class='ocrx_word' id='word_1_213' title='bbox 1964 1713 2207 1780; x_wconf 88' lang='lat' dir='ltr'><strong>pretiosi,</strong></span> <span class='ocrx_word' id='word_1_214' title='bbox 2243 1728 2405 1782; x_wconf 87' lang='lat' dir='ltr'><strong>opera</strong></span> <span class='ocrx_word' id='word_1_215' title='bbox 2446 1710 2681 1780; x_wconf 85' lang='lat' dir='ltr'><strong>perfecta</strong></span> <span class='ocrx_word' id='word_1_216' title='bbox 2708 1731 2720 1765; x_wconf 94' lang='lat'><strong>:</strong></span> <span class='ocrx_word' id='word_1_217' title='bbox 2752 1713 2919 1785; x_wconf 87' lang='lat' dir='ltr'><strong>ligna,</strong></span> <span class='ocrx_word' id='word_1_218' title='bbox 2940 1728 3079 1767; x_wconf 89' lang='lat' dir='ltr'><strong>vana</strong></span> <span class='ocrx_word' id='word_1_219' title='bbox 3101 1729 3285 1784; x_wconf 85' lang='lat' dir='ltr'><strong>opera,</strong></span> <span class='ocrx_word' id='word_1_220' title='bbox 3318 1731 3422 1770; x_wconf 90' lang='lat' dir='ltr'><strong>non</strong></span> <span class='ocrx_word' id='word_1_221' title='bbox 3451 1716 3534 1769; x_wconf 85' lang='lat' dir='ltr'><strong>in-</strong></span> 
     </span>
    </p>
   </div>
   <div class='ocr_carea' id='block_1_33' title="bbox 288 1790 3530 1874">
    <p class='ocr_par' dir='ltr' id='par_1_33' title="bbox 288 1790 3530 1874">
     <span class='ocr_line' id='line_1_33' title="bbox 288 1790 3530 1874; baseline 0.001 -17"><span class='ocrx_word' id='word_1_222' title='bbox 288 1812 342 1857; x_wconf 88' lang='lat' dir='ltr'><strong>et</strong></span> <span class='ocrx_word' id='word_1_223' title='bbox 377 1816 577 1856; x_wconf 86' lang='lat' dir='ltr'><strong>sensus</strong></span> <span class='ocrx_word' id='word_1_224' title='bbox 612 1800 756 1855; x_wconf 86' lang='lat' dir='ltr'><strong>illius</strong></span> <span class='ocrx_word' id='word_1_225' title='bbox 791 1815 903 1854; x_wconf 89' lang='lat' dir='ltr'><strong>non</strong></span> <span class='ocrx_word' id='word_1_226' title='bbox 933 1798 1251 1869; x_wconf 76' lang='lat' dir='ltr'><strong>intelligitur</strong></span> <span class='ocrx_word' id='word_1_227' title='bbox 1280 1798 1347 1851; x_wconf 90' lang='lat' dir='ltr'><strong>ab</strong></span> <span class='ocrx_word' id='word_1_228' title='bbox 1384 1799 1599 1853; x_wconf 87' lang='lat' dir='ltr'><strong>homine</strong></span> <span class='ocrx_word' id='word_1_229' title='bbox 1636 1798 1857 1852; x_wconf 89' lang='lat' dir='ltr'><strong>carnali.</strong></span> <span class='ocrx_word' id='word_1_230' title='bbox 1888 1790 1935 1847; x_wconf 88' lang='grc' dir='ltr'><strong>Β</strong></span> <span class='ocrx_word' id='word_1_231' title='bbox 1965 1809 2113 1872; x_wconf 87' lang='lat' dir='ltr'><strong>tegra</strong></span> <span class='ocrx_word' id='word_1_232' title='bbox 2148 1802 2408 1866; x_wconf 89' lang='lat' dir='ltr'><strong>materia;</strong></span> <span class='ocrx_word' id='word_1_233' title='bbox 2439 1801 2640 1867; x_wconf 89' lang='lat' dir='ltr'><strong>fenum,</strong></span> <span class='ocrx_word' id='word_1_234' title='bbox 2663 1817 2828 1857; x_wconf 88' lang='lat' dir='ltr'><strong>vanas</strong></span> <span class='ocrx_word' id='word_1_235' title='bbox 2873 1803 3246 1873; x_wconf 85' lang='lat' dir='ltr'><strong>cogitationes,</strong></span> <span class='ocrx_word' id='word_1_236' title='bbox 3276 1821 3397 1874; x_wconf 63' lang='lat' dir='ltr'><strong>qua:</strong></span> <span class='ocrx_word' id='word_1_237' title='bbox 3418 1790 3530 1860; x_wconf 87' lang='lat' dir='ltr'><strong>ma-</strong></span> 
     </span>
    </p>
   </div>
   <div class='ocr_carea' id='block_1_34' title="bbox 290 1886 1860 1959">
    <p class='ocr_par' dir='ltr' id='par_1_34' title="bbox 290 1886 1860 1959">
     <span class='ocr_line' id='line_1_34' title="bbox 290 1886 1860 1959; baseline -0.002 -13"><span class='ocrx_word' id='word_1_238' title='bbox 290 1893 420 1959; x_wconf 74' lang='lat' dir='ltr'><strong>Quis</strong></span> <span class='ocrx_word' id='word_1_239' title='bbox 459 1892 599 1945; x_wconf 81' lang='lat' dir='ltr'><strong>enim</strong></span> <span class='ocrx_word' id='word_1_240' title='bbox 641 1889 879 1959; x_wconf 81' lang='lat' dir='ltr'><strong>cognovit</strong></span> <span class='ocrx_word' id='word_1_241' title='bbox 924 1904 1130 1941; x_wconf 83' lang='lat' dir='ltr'><strong>sensum</strong></span> <span class='ocrx_word' id='word_1_242' title='bbox 1171 1886 1424 1941; x_wconf 80' lang='lat' dir='ltr'><strong>Domini?</strong></span> <span class='ocrx_word' id='word_1_243' title='bbox 1471 1886 1583 1942; x_wconf 80' lang='lat' dir='ltr'><strong>Nisi</strong></span> <span class='ocrx_word' id='word_1_244' title='bbox 1611 1886 1860 1943; x_wconf 88' lang='lat' dir='ltr'><strong>videlicet</strong></span> 
     </span>
    </p>
   </div>
   <div class='ocr_carea' id='block_1_35' title="bbox 286 1978 1856 2054">
    <p class='ocr_par' dir='ltr' id='par_1_35' title="bbox 286 1978 1856 2054">
     <span class='ocr_line' id='line_1_35' title="bbox 286 1978 1856 2054; baseline -0.004 -15"><span class='ocrx_word' id='word_1_245' title='bbox 286 1983 588 2054; x_wconf 84' lang='lat' dir='ltr'><strong>spiritualis</strong></span> <span class='ocrx_word' id='word_1_246' title='bbox 608 1983 791 2036; x_wconf 88' lang='lat' dir='ltr'><strong>homo.</strong></span> <span class='ocrx_word' id='word_1_247' title='bbox 819 1979 932 2033; x_wconf 86' lang='lat' dir='ltr'><strong>Nos</strong></span> <span class='ocrx_word' id='word_1_248' title='bbox 951 1989 1119 2033; x_wconf 84' lang='lat' dir='ltr'><strong>autent</strong></span> <span class='ocrx_word' id='word_1_249' title='bbox 1140 1996 1347 2032; x_wconf 80' lang='lat' dir='ltr'><strong>sensum</strong></span> <span class='ocrx_word' id='word_1_250' title='bbox 1361 1978 1570 2032; x_wconf 88' lang='lat' dir='ltr'><strong>Domini</strong></span> <span class='ocrx_word' id='word_1_251' title='bbox 1589 1979 1856 2034; x_wconf 79' lang='lat' dir='ltr'><strong>habemus.</strong></span> 
     </span>
    </p>
   </div>
   <div class='ocr_carea' id='block_1_36' title="bbox 284 2070 1863 2146">
    <p class='ocr_par' dir='ltr' id='par_1_36' title="bbox 284 2070 1863 2146">
     <span class='ocr_line' id='line_1_36' title="bbox 284 2070 1863 2146; baseline -0.006 -13"><span class='ocrx_word' id='word_1_252' title='bbox 284 2081 423 2133; x_wconf 84' lang='lat' dir='ltr'><strong>Dum</strong></span> <span class='ocrx_word' id='word_1_253' title='bbox 463 2075 777 2146; x_wconf 83' lang='lat' dir='ltr'><strong>spirituales</strong></span> <span class='ocrx_word' id='word_1_254' title='bbox 816 2072 1036 2127; x_wconf 90' lang='lat' dir='ltr'><strong>sumus?</strong></span> <span class='ocrx_word' id='word_1_255' title='bbox 1067 2072 1180 2126; x_wconf 84' lang='lat' dir='ltr'><strong>Hoc</strong></span> <span class='ocrx_word' id='word_1_256' title='bbox 1217 2079 1397 2125; x_wconf 88' lang='lat' dir='ltr'><strong>autem</strong></span> <span class='ocrx_word' id='word_1_257' title='bbox 1424 2070 1573 2137; x_wconf 89' lang='lat' dir='ltr'><strong>dicit,</strong></span> <span class='ocrx_word' id='word_1_258' title='bbox 1614 2086 1681 2125; x_wconf 94' lang='lat' dir='ltr'><strong>ne</strong></span> <span class='ocrx_word' id='word_1_259' title='bbox 1708 2079 1863 2141; x_wconf 89' lang='lat' dir='ltr'><strong>puta-</strong></span> 
     </span>
    </p>
   </div>
   <div class='ocr_carea' id='block_1_37' title="bbox 286 2163 1862 2238">
    <p class='ocr_par' dir='ltr' id='par_1_37' title="bbox 286 2163 1862 2238">
     <span class='ocr_line' id='line_1_37' title="bbox 286 2163 1862 2238; baseline -0.004 -14"><span class='ocrx_word' id='word_1_260' title='bbox 286 2179 409 2224; x_wconf 84' lang='lat' dir='ltr'><strong>rent</strong></span> <span class='ocrx_word' id='word_1_261' title='bbox 443 2169 588 2238; x_wconf 79' lang='lat' dir='ltr'><strong>quod</strong></span> <span class='ocrx_word' id='word_1_262' title='bbox 624 2167 713 2220; x_wconf 90' lang='lat' dir='ltr'><strong>ille</strong></span> <span class='ocrx_word' id='word_1_263' title='bbox 736 2164 992 2220; x_wconf 79' lang='lat' dir='ltr'><strong>deﬁceret</strong></span> <span class='ocrx_word' id='word_1_264' title='bbox 1026 2165 1091 2218; x_wconf 91' lang='lat' dir='ltr'><strong>ad</strong></span> <span class='ocrx_word' id='word_1_265' title='bbox 1117 2163 1436 2228; x_wconf 90' lang='lat' dir='ltr'><strong>docendum,</strong></span> <span class='ocrx_word' id='word_1_266' title='bbox 1464 2178 1588 2217; x_wconf 92' lang='lat' dir='ltr'><strong>cum</strong></span> <span class='ocrx_word' id='word_1_267' title='bbox 1620 2163 1722 2233; x_wconf 90' lang='lat' dir='ltr'><strong>ipsi</strong></span> <span class='ocrx_word' id='word_1_268' title='bbox 1762 2163 1862 2217; x_wconf 91' lang='lat' dir='ltr'><strong>im-</strong></span> 
     </span>
    </p>
   </div>
   <div class='ocr_carea' id='block_1_38' title="bbox 287 2256 1197 2316">
    <p class='ocr_par' dir='ltr' id='par_1_38' title="bbox 287 2256 1197 2316">
     <span class='ocr_line' id='line_1_38' title="bbox 287 2256 1197 2316; baseline -0.009 0"><span class='ocrx_word' id='word_1_269' title='bbox 287 2259 509 2316; x_wconf 79' lang='lat' dir='ltr'><strong>becilles</strong></span> <span class='ocrx_word' id='word_1_270' title='bbox 538 2267 722 2314; x_wconf 83' lang='lat' dir='ltr'><strong>essent</strong></span> <span class='ocrx_word' id='word_1_271' title='bbox 750 2257 819 2311; x_wconf 91' lang='lat' dir='ltr'><strong>ad</strong></span> <span class='ocrx_word' id='word_1_272' title='bbox 856 2256 1197 2311; x_wconf 87' lang='lat' dir='ltr'><strong>audiendum.</strong></span> 
     </span>
    </p>
   </div>
   <div class='ocr_carea' id='block_1_39' title="bbox 903 2386 1252 2443">
    <p class='ocr_par' dir='ltr' id='par_1_39' title="bbox 903 2386 1252 2443">
     <span class='ocr_line' id='line_1_39' title="bbox 903 2386 1252 2443; baseline -0.009 0"><span class='ocrx_word' id='word_1_273' title='bbox 903 2387 1129 2443; x_wconf 75' lang='lat' dir='ltr'><strong>CAPUT</strong></span> <span class='ocrx_word' id='word_1_274' title='bbox 1167 2386 1252 2441; x_wconf 92' lang='lat' dir='ltr'><strong>lll.</strong></span> 
     </span>
    </p>
   </div>
   <div class='ocr_carea' id='block_1_40' title="bbox 371 2518 1859 2598">
    <p class='ocr_par' dir='ltr' id='par_1_40' title="bbox 371 2518 1859 2598">
     <span class='ocr_line' id='line_1_40' title="bbox 371 2518 1859 2598; baseline -0.008 -14"><span class='ocrx_word' id='word_1_275' title='bbox 371 2528 431 2584; x_wconf 75' lang='lat' dir='ltr'><strong>Et</strong></span> <span class='ocrx_word' id='word_1_276' title='bbox 466 2544 581 2598; x_wconf 78' lang='lat' dir='ltr'><strong>ego,</strong></span> <span class='ocrx_word' id='word_1_277' title='bbox 629 2527 841 2597; x_wconf 82' lang='lat' dir='ltr'><strong>fratres,</strong></span> <span class='ocrx_word' id='word_1_278' title='bbox 885 2539 990 2577; x_wconf 89' lang='lat' dir='ltr'><strong>non</strong></span> <span class='ocrx_word' id='word_1_279' title='bbox 1027 2523 1170 2593; x_wconf 83' lang='lat' dir='ltr'><strong>potui</strong></span> <span class='ocrx_word' id='word_1_280' title='bbox 1212 2520 1353 2575; x_wconf 76' lang='lat' dir='ltr'><strong>vobis</strong></span> <span class='ocrx_word' id='word_1_281' title='bbox 1394 2520 1544 2592; x_wconf 81' lang='lat' dir='ltr'><strong>loqui</strong></span> <span class='ocrx_word' id='word_1_282' title='bbox 1567 2519 1721 2592; x_wconf 80' lang='lat' dir='ltr'><strong>quasi</strong></span> <span class='ocrx_word' id='word_1_283' title='bbox 1749 2518 1859 2589; x_wconf 86' lang='lat' dir='ltr'><strong>spi-</strong></span> 
     </span>
    </p>
   </div>
   <div class='ocr_carea' id='block_1_41' title="bbox 286 2611 1864 2687">
    <p class='ocr_par' dir='ltr' id='par_1_41' title="bbox 286 2611 1864 2687">
     <span class='ocr_line' id='line_1_41' title="bbox 286 2611 1864 2687; baseline -0.005 -13"><span class='ocrx_word' id='word_1_284' title='bbox 286 2620 590 2683; x_wconf 66' lang='lat' dir='ltr'><strong>ritalibus,</strong></span> <span class='ocrx_word' id='word_1_285' title='bbox 632 2617 727 2673; x_wconf 83' lang='lat' dir='ltr'><strong>sed</strong></span> <span class='ocrx_word' id='word_1_286' title='bbox 760 2616 911 2687; x_wconf 84' lang='lat' dir='ltr'><strong>quasi</strong></span> <span class='ocrx_word' id='word_1_287' title='bbox 943 2613 1260 2669; x_wconf 73' lang='lat' dir='ltr'><strong>carnalibus.</strong></span> <span class='ocrx_word' id='word_1_288' title='bbox 1300 2612 1533 2668; x_wconf 80' lang='lat' dir='ltr'><strong>lnﬁrmis</strong></span> <span class='ocrx_word' id='word_1_289' title='bbox 1565 2613 1621 2668; x_wconf 90' lang='lat' dir='ltr'><strong>in</strong></span> <span class='ocrx_word' id='word_1_290' title='bbox 1644 2611 1770 2678; x_wconf 82' lang='lat' dir='ltr'><strong>ﬁde,</strong></span> <span class='ocrx_word' id='word_1_291' title='bbox 1807 2619 1864 2667; x_wconf 90' lang='lat' dir='ltr'><strong>et</strong></span> 
     </span>
    </p>
   </div>
   <div class='ocr_carea' id='block_1_42' title="bbox 286 2708 666 2765">
    <p class='ocr_par' dir='ltr' id='par_1_42' title="bbox 286 2708 666 2765">
     <span class='ocr_line' id='line_1_42' title="bbox 286 2708 666 2765; baseline -0.013 1"><span class='ocrx_word' id='word_1_292' title='bbox 286 2708 666 2765; x_wconf 81' lang='lat' dir='ltr'><strong>eontentiosis.</strong></span> 
     </span>
    </p>
   </div>
   <div class='ocr_carea' id='block_1_43' title="bbox 354 2788 1856 2866">
    <p class='ocr_par' dir='ltr' id='par_1_43' title="bbox 354 2788 1856 2866">
     <span class='ocr_line' id='line_1_43' title="bbox 354 2788 1856 2866; baseline -0.005 -17"><span class='ocrx_word' id='word_1_293' title='bbox 354 2798 524 2863; x_wconf 67' lang='lat' dir='ltr'><strong>Quasi</strong></span> <span class='ocrx_word' id='word_1_294' title='bbox 544 2793 801 2866; x_wconf 77' lang='lat' dir='ltr'><strong>parvulis.</strong></span> <span class='ocrx_word' id='word_1_295' title='bbox 828 2792 946 2847; x_wconf 86' lang='lat' dir='ltr'><strong>Non</strong></span> <span class='ocrx_word' id='word_1_296' title='bbox 971 2800 1129 2847; x_wconf 83' lang='lat' dir='ltr'><strong>aetate</strong></span> <span class='ocrx_word' id='word_1_297' title='bbox 1157 2790 1383 2856; x_wconf 89' lang='lat' dir='ltr'><strong>carnali,</strong></span> <span class='ocrx_word' id='word_1_298' title='bbox 1415 2791 1511 2846; x_wconf 88' lang='lat' dir='ltr'><strong>sed</strong></span> <span class='ocrx_word' id='word_1_299' title='bbox 1541 2790 1595 2844; x_wconf 91' lang='lat' dir='ltr'><strong>in</strong></span> <span class='ocrx_word' id='word_1_300' title='bbox 1620 2788 1856 2845; x_wconf 90' lang='lat' dir='ltr'><strong>Christo.</strong></span> 
     </span>
    </p>
   </div>
   <div class='ocr_carea' id='block_1_44' title="bbox 288 2880 1859 2959">
    <p class='ocr_par' dir='ltr' id='par_1_44' title="bbox 288 2880 1859 2959">
     <span class='ocr_line' id='line_1_44' title="bbox 288 2880 1859 2959; baseline -0.008 -13"><span class='ocrx_word' id='word_1_301' title='bbox 288 2891 343 2946; x_wconf 86' lang='lat' dir='ltr'><strong>Si</strong></span> <span class='ocrx_word' id='word_1_302' title='bbox 372 2903 506 2959; x_wconf 89' lang='lat' dir='ltr'><strong>ergo</strong></span> <span class='ocrx_word' id='word_1_303' title='bbox 539 2886 753 2958; x_wconf 86' lang='lat' dir='ltr'><strong>parvuli</strong></span> <span class='ocrx_word' id='word_1_304' title='bbox 779 2885 955 2940; x_wconf 88' lang='lat' dir='ltr'><strong>adhuc</strong></span> <span class='ocrx_word' id='word_1_305' title='bbox 983 2884 1056 2937; x_wconf 92' lang='lat' dir='ltr'><strong>illi</strong></span> <span class='ocrx_word' id='word_1_306' title='bbox 1091 2890 1215 2939; x_wconf 90' lang='lat' dir='ltr'><strong>sunt</strong></span> <span class='ocrx_word' id='word_1_307' title='bbox 1240 2883 1332 2953; x_wconf 90' lang='lat' dir='ltr'><strong>qui</strong></span> <span class='ocrx_word' id='word_1_308' title='bbox 1360 2897 1573 2937; x_wconf 91' lang='lat' dir='ltr'><strong>omnem</strong></span> <span class='ocrx_word' id='word_1_309' title='bbox 1600 2880 1859 2935; x_wconf 88' lang='lat' dir='ltr'><strong>malitiam</strong></span> 
     </span>
    </p>
   </div>
   <div class='ocr_carea' id='block_1_45' title="bbox 284 2968 1858 3047">
    <p class='ocr_par' dir='ltr' id='par_1_45' title="bbox 284 2968 1858 3047">
     <span class='ocr_line' id='line_1_45' title="bbox 284 2968 1858 3047; baseline -0.008 -13"><span class='ocrx_word' id='word_1_310' title='bbox 284 2979 633 3047; x_wconf 71' lang='lat' dir='ltr'><strong>abiecerunt,</strong></span> <span class='ocrx_word' id='word_1_311' title='bbox 674 2975 803 3045; x_wconf 87' lang='lat' dir='ltr'><strong>quia</strong></span> <span class='ocrx_word' id='word_1_312' title='bbox 840 2974 1075 3029; x_wconf 89' lang='lat' dir='ltr'><strong>nondum</strong></span> <span class='ocrx_word' id='word_1_313' title='bbox 1115 2980 1241 3028; x_wconf 90' lang='lat' dir='ltr'><strong>sunt</strong></span> <span class='ocrx_word' id='word_1_314' title='bbox 1278 2973 1331 3025; x_wconf 92' lang='lat' dir='ltr'><strong>in</strong></span> <span class='ocrx_word' id='word_1_315' title='bbox 1367 2972 1569 3025; x_wconf 89' lang='lat' dir='ltr'><strong>virtute</strong></span> <span class='ocrx_word' id='word_1_316' title='bbox 1608 2968 1858 3041; x_wconf 84' lang='lat' dir='ltr'><strong>perfecti,</strong></span> 
     </span>
    </p>
   </div>
   <div class='ocr_carea' id='block_1_46' title="bbox 286 3057 1859 3136">
    <p class='ocr_par' dir='ltr' id='par_1_46' title="bbox 286 3057 1859 3136">
     <span class='ocr_line' id='line_1_46' title="bbox 286 3057 1859 3136; baseline -0.008 -15"><span class='ocrx_word' id='word_1_317' title='bbox 286 3067 409 3136; x_wconf 81' lang='lat' dir='ltr'><strong>quid</strong></span> <span class='ocrx_word' id='word_1_318' title='bbox 452 3066 518 3120; x_wconf 88' lang='lat' dir='ltr'><strong>de</strong></span> <span class='ocrx_word' id='word_1_319' title='bbox 560 3063 671 3116; x_wconf 87' lang='lat' dir='ltr'><strong>illis</strong></span> <span class='ocrx_word' id='word_1_320' title='bbox 711 3064 1040 3115; x_wconf 90' lang='lat' dir='ltr'><strong>censendum</strong></span> <span class='ocrx_word' id='word_1_321' title='bbox 1080 3069 1161 3114; x_wconf 88' lang='lat' dir='ltr'><strong>est</strong></span> <span class='ocrx_word' id='word_1_322' title='bbox 1202 3060 1396 3129; x_wconf 87' lang='lat' dir='ltr'><strong>quibus</strong></span> <span class='ocrx_word' id='word_1_323' title='bbox 1455 3059 1601 3113; x_wconf 90' lang='lat' dir='ltr'><strong>omni</strong></span> <span class='ocrx_word' id='word_1_324' title='bbox 1651 3057 1859 3112; x_wconf 88' lang='lat' dir='ltr'><strong>malitia</strong></span> 
     </span>
    </p>
   </div>
   <div class='ocr_carea' id='block_1_47' title="bbox 1962 1890 3525 1962">
    <p class='ocr_par' dir='ltr' id='par_1_47' title="bbox 1962 1890 3525 1962">
     <span class='ocr_line' id='line_1_47' title="bbox 1962 1890 3525 1962; baseline 0.001 -15"><span class='ocrx_word' id='word_1_325' title='bbox 1962 1893 2096 1949; x_wconf 88' lang='lat' dir='ltr'><strong>teria</strong></span> <span class='ocrx_word' id='word_1_326' title='bbox 2148 1900 2274 1947; x_wconf 88' lang='lat' dir='ltr'><strong>sunt</strong></span> <span class='ocrx_word' id='word_1_327' title='bbox 2326 1890 2636 1958; x_wconf 89' lang='lat' dir='ltr'><strong>fructuum;</strong></span> <span class='ocrx_word' id='word_1_328' title='bbox 2674 1890 2888 1962; x_wconf 90' lang='lat' dir='ltr'><strong>stipula,</strong></span> <span class='ocrx_word' id='word_1_329' title='bbox 2918 1892 3091 1946; x_wconf 89' lang='lat' dir='ltr'><strong>otiosa</strong></span> <span class='ocrx_word' id='word_1_330' title='bbox 3135 1893 3320 1958; x_wconf 91' lang='lat' dir='ltr'><strong>verba,</strong></span> <span class='ocrx_word' id='word_1_331' title='bbox 3352 1894 3525 1959; x_wconf 86' lang='lat' dir='ltr'><strong>arida,</strong></span> 
     </span>
    </p>
   </div>
   <div class='ocr_carea' id='block_1_48' title="bbox 1962 1983 3529 2055">
    <p class='ocr_par' dir='ltr' id='par_1_48' title="bbox 1962 1983 3529 2055">
     <span class='ocr_line' id='line_1_48' title="bbox 1962 1983 3529 2055; baseline -0.003 -13"><span class='ocrx_word' id='word_1_332' title='bbox 1962 1987 2078 2042; x_wconf 89' lang='lat' dir='ltr'><strong>sine</strong></span> <span class='ocrx_word' id='word_1_333' title='bbox 2126 1985 2325 2040; x_wconf 89' lang='lat' dir='ltr'><strong>fructu.</strong></span> <span class='ocrx_word' id='word_1_334' title='bbox 2372 1983 2442 2038; x_wconf 89' lang='lat' dir='ltr'><strong>Et</strong></span> <span class='ocrx_word' id='word_1_335' title='bbox 2470 1984 2882 2055; x_wconf 76' lang='lat' dir='ltr'><strong>uniuscujusque</strong></span> <span class='ocrx_word' id='word_1_336' title='bbox 2933 2000 3059 2054; x_wconf 79' lang='lat' dir='ltr'><strong>Opus</strong></span> <span class='ocrx_word' id='word_1_337' title='bbox 3096 1983 3251 2054; x_wconf 85' lang='lat' dir='ltr'><strong>quale</strong></span> <span class='ocrx_word' id='word_1_338' title='bbox 3300 1985 3367 2038; x_wconf 89' lang='lat' dir='ltr'><strong>sit</strong></span> <span class='ocrx_word' id='word_1_339' title='bbox 3395 1985 3529 2053; x_wconf 84' lang='lat' dir='ltr'><strong>ignis</strong></span> 
     </span>
    </p>
   </div>
   <div class='ocr_carea' id='block_1_49' title="bbox 1960 2071 3530 2144">
    <p class='ocr_par' dir='ltr' id='par_1_49' title="bbox 1960 2071 3530 2144">
     <span class='ocr_line' id='line_1_49' title="bbox 1960 2071 3530 2144; baseline 0.001 -18"><span class='ocrx_word' id='word_1_340' title='bbox 1960 2072 2216 2144; x_wconf 81' lang='lat' dir='ltr'><strong>probabit.</strong></span> <span class='ocrx_word' id='word_1_341' title='bbox 2248 2071 2455 2125; x_wconf 84' lang='lat' dir='ltr'><strong>Aurum</strong></span> <span class='ocrx_word' id='word_1_342' title='bbox 2483 2078 2538 2127; x_wconf 86' lang='lat' dir='ltr'><strong>et</strong></span> <span class='ocrx_word' id='word_1_343' title='bbox 2568 2079 2848 2142; x_wconf 83' lang='lat' dir='ltr'><strong>argentum</strong></span> <span class='ocrx_word' id='word_1_344' title='bbox 2882 2086 2990 2125; x_wconf 90' lang='lat' dir='ltr'><strong>non</strong></span> <span class='ocrx_word' id='word_1_345' title='bbox 3033 2071 3208 2127; x_wconf 89' lang='lat' dir='ltr'><strong>solum</strong></span> <span class='ocrx_word' id='word_1_346' title='bbox 3235 2088 3342 2127; x_wconf 91' lang='lat' dir='ltr'><strong>non</strong></span> <span class='ocrx_word' id='word_1_347' title='bbox 3372 2073 3530 2127; x_wconf 84' lang='lat' dir='ltr'><strong>arde-</strong></span> 
     </span>
    </p>
   </div>
   <div class='ocr_carea' id='block_1_50' title="bbox 1962 2161 3529 2233">
    <p class='ocr_par' dir='ltr' id='par_1_50' title="bbox 1962 2161 3529 2233">
     <span class='ocr_line' id='line_1_50' title="bbox 1962 2161 3529 2233; baseline -0.001 -15"><span class='ocrx_word' id='word_1_348' title='bbox 1962 2164 2096 2218; x_wconf 89' lang='lat' dir='ltr'><strong>bunt</strong></span> <span class='ocrx_word' id='word_1_349' title='bbox 2127 2177 2226 2232; x_wconf 88' lang='lat' dir='ltr'><strong>per</strong></span> <span class='ocrx_word' id='word_1_350' title='bbox 2249 2163 2451 2233; x_wconf 90' lang='lat' dir='ltr'><strong>ignem,</strong></span> <span class='ocrx_word' id='word_1_351' title='bbox 2482 2162 2577 2217; x_wconf 90' lang='lat' dir='ltr'><strong>scd</strong></span> <span class='ocrx_word' id='word_1_352' title='bbox 2608 2170 2662 2216; x_wconf 89' lang='lat' dir='ltr'><strong>et</strong></span> <span class='ocrx_word' id='word_1_353' title='bbox 2686 2161 3051 2232; x_wconf 90' lang='lat' dir='ltr'><strong>splendidiora</strong></span> <span class='ocrx_word' id='word_1_354' title='bbox 3099 2163 3387 2218; x_wconf 89' lang='lat' dir='ltr'><strong>radiabunt</strong></span> <span class='ocrx_word' id='word_1_355' title='bbox 3416 2178 3431 2216; x_wconf 89' lang='lat'><strong>:</strong></span> <span class='ocrx_word' id='word_1_356' title='bbox 3467 2163 3529 2216; x_wconf 90' lang='lat' dir='ltr'><strong>li-</strong></span> 
     </span>
    </p>
   </div>
   <div class='ocr_carea' id='block_1_51' title="bbox 1960 2253 3529 2327">
    <p class='ocr_par' dir='ltr' id='par_1_51' title="bbox 1960 2253 3529 2327">
     <span class='ocr_line' id='line_1_51' title="bbox 1960 2253 3529 2327; baseline -0.001 -18"><span class='ocrx_word' id='word_1_357' title='bbox 1960 2271 2067 2327; x_wconf 87' lang='lat' dir='ltr'><strong>gna</strong></span> <span class='ocrx_word' id='word_1_358' title='bbox 2101 2270 2232 2311; x_wconf 91' lang='lat' dir='ltr'><strong>vero</strong></span> <span class='ocrx_word' id='word_1_359' title='bbox 2289 2262 2345 2311; x_wconf 84' lang='lat' dir='ltr'><strong>et</strong></span> <span class='ocrx_word' id='word_1_360' title='bbox 2396 2263 2592 2309; x_wconf 64' lang='lat' dir='ltr'><strong>caetera</strong></span> <span class='ocrx_word' id='word_1_361' title='bbox 2652 2255 3158 2310; x_wconf 89' lang='lat' dir='ltr'><strong>concremabuntur.</strong></span> <span class='ocrx_word' id='word_1_362' title='bbox 3243 2253 3346 2309; x_wconf 91' lang='lat' dir='ltr'><strong>Sed</strong></span> <span class='ocrx_word' id='word_1_363' title='bbox 3401 2269 3529 2308; x_wconf 84' lang='lat' dir='ltr'><strong>exa-</strong></span> 
     </span>
    </p>
   </div>
   <div class='ocr_carea' id='block_1_52' title="bbox 1962 2343 3529 2415">
    <p class='ocr_par' dir='ltr' id='par_1_52' title="bbox 1962 2343 3529 2415">
     <span class='ocr_line' id='line_1_52' title="bbox 1962 2343 3529 2415; baseline -0.001 -15"><span class='ocrx_word' id='word_1_364' title='bbox 1962 2345 2311 2401; x_wconf 91' lang='lat' dir='ltr'><strong>minationem</strong></span> <span class='ocrx_word' id='word_1_365' title='bbox 2351 2344 2541 2414; x_wconf 81' lang='lat' dir='ltr'><strong>iudicii</strong></span> <span class='ocrx_word' id='word_1_366' title='bbox 2580 2345 2695 2415; x_wconf 87' lang='lat' dir='ltr'><strong>igni</strong></span> <span class='ocrx_word' id='word_1_367' title='bbox 2750 2343 2922 2399; x_wconf 89' lang='lat' dir='ltr'><strong>voluit</strong></span> <span class='ocrx_word' id='word_1_368' title='bbox 2966 2359 3313 2415; x_wconf 89' lang='lat' dir='ltr'><strong>comparare,</strong></span> <span class='ocrx_word' id='word_1_369' title='bbox 3371 2343 3529 2413; x_wconf 82' lang='lat' dir='ltr'><strong>juxta</strong></span> 
     </span>
    </p>
   </div>
   <div class='ocr_carea' id='block_1_53' title="bbox 1961 2433 3532 2505">
    <p class='ocr_par' dir='ltr' id='par_1_53' title="bbox 1961 2433 3532 2505">
     <span class='ocr_line' id='line_1_53' title="bbox 1961 2433 3532 2505; baseline -0.001 -15"><span class='ocrx_word' id='word_1_370' title='bbox 1961 2436 2407 2491; x_wconf 89' lang='lat' dir='ltr'><strong>consuetudinem</strong></span> <span class='ocrx_word' id='word_1_371' title='bbox 2458 2435 2880 2504; x_wconf 89' lang='lat' dir='ltr'><strong>Scripturarum.</strong></span> <span class='ocrx_word' id='word_1_372' title='bbox 2922 2433 3011 2489; x_wconf 85' lang='lat' dir='ltr'><strong>Sic</strong></span> <span class='ocrx_word' id='word_1_373' title='bbox 3061 2443 3236 2489; x_wconf 85' lang='lat' dir='ltr'><strong>tamen</strong></span> <span class='ocrx_word' id='word_1_374' title='bbox 3263 2437 3414 2505; x_wconf 86' lang='lat' dir='ltr'><strong>quasi</strong></span> <span class='ocrx_word' id='word_1_375' title='bbox 3439 2451 3532 2505; x_wconf 84' lang='lat' dir='ltr'><strong>per</strong></span> 
     </span>
    </p>
   </div>
   <div class='ocr_carea' id='block_1_54' title="bbox 1961 2525 3531 2598">
    <p class='ocr_par' dir='ltr' id='par_1_54' title="bbox 1961 2525 3531 2598">
     <span class='ocr_line' id='line_1_54' title="bbox 1961 2525 3531 2598; baseline 0.001 -18"><span class='ocrx_word' id='word_1_376' title='bbox 1961 2527 2151 2598; x_wconf 85' lang='lat' dir='ltr'><strong>ignem.</strong></span> <span class='ocrx_word' id='word_1_377' title='bbox 2185 2526 2324 2593; x_wconf 86' lang='lat' dir='ltr'><strong>Quia</strong></span> <span class='ocrx_word' id='word_1_378' title='bbox 2350 2525 2472 2597; x_wconf 87' lang='lat' dir='ltr'><strong>igne</strong></span> <span class='ocrx_word' id='word_1_379' title='bbox 2496 2526 2809 2596; x_wconf 90' lang='lat' dir='ltr'><strong>purgatorio</strong></span> <span class='ocrx_word' id='word_1_380' title='bbox 2830 2525 3021 2593; x_wconf 76' lang='lat' dir='ltr'><strong>iudicii</strong></span> <span class='ocrx_word' id='word_1_381' title='bbox 3055 2527 3389 2596; x_wconf 87' lang='lat' dir='ltr'><strong>probabitur.</strong></span> <span class='ocrx_word' id='word_1_382' title='bbox 3419 2527 3531 2582; x_wconf 81' lang='lat' dir='ltr'><strong>Au-</strong></span> 
     </span>
    </p>
   </div>
   <div class='ocr_carea' id='block_1_55' title="bbox 1962 2615 3531 2688">
    <p class='ocr_par' dir='ltr' id='par_1_55' title="bbox 1962 2615 3531 2688">
     <span class='ocr_line' id='line_1_55' title="bbox 1962 2615 3531 2688; baseline 0.001 -18"><span class='ocrx_word' id='word_1_383' title='bbox 1962 2616 2207 2686; x_wconf 88' lang='lat' dir='ltr'><strong>gustinus</strong></span> <span class='ocrx_word' id='word_1_384' title='bbox 2256 2624 2437 2672; x_wconf 87' lang='lat' dir='ltr'><strong>autem</strong></span> <span class='ocrx_word' id='word_1_385' title='bbox 2489 2615 2647 2669; x_wconf 88' lang='lat' dir='ltr'><strong>aliter</strong></span> <span class='ocrx_word' id='word_1_386' title='bbox 2695 2615 2959 2684; x_wconf 81' lang='lat' dir='ltr'><strong>exponit:</strong></span> <span class='ocrx_word' id='word_1_387' title='bbox 2989 2615 3084 2669; x_wconf 89' lang='lat' dir='ltr'><strong>Est</strong></span> <span class='ocrx_word' id='word_1_388' title='bbox 3127 2617 3344 2686; x_wconf 87' lang='lat' dir='ltr'><strong>quidem</strong></span> <span class='ocrx_word' id='word_1_389' title='bbox 3391 2617 3531 2688; x_wconf 84' lang='lat' dir='ltr'><strong>ignis</strong></span> 
     </span>
    </p>
   </div>
   <div class='ocr_carea' id='block_1_56' title="bbox 1962 2704 3531 2776">
    <p class='ocr_par' dir='ltr' id='par_1_56' title="bbox 1962 2704 3531 2776">
     <span class='ocr_line' id='line_1_56' title="bbox 1962 2704 3531 2776; baseline 0 -16"><span class='ocrx_word' id='word_1_390' title='bbox 1962 2705 2192 2760; x_wconf 84' lang='lat' dir='ltr'><strong>tentatio</strong></span> <span class='ocrx_word' id='word_1_391' title='bbox 2249 2704 2635 2769; x_wconf 89' lang='lat' dir='ltr'><strong>tribulationis,</strong></span> <span class='ocrx_word' id='word_1_392' title='bbox 2683 2705 2751 2759; x_wconf 86' lang='lat' dir='ltr'><strong>de</strong></span> <span class='ocrx_word' id='word_1_393' title='bbox 2780 2720 2888 2775; x_wconf 90' lang='lat' dir='ltr'><strong>quo</strong></span> <span class='ocrx_word' id='word_1_394' title='bbox 2916 2706 3152 2761; x_wconf 90' lang='lat' dir='ltr'><strong>dicitur:</strong></span> <span class='ocrx_word' id='word_1_395' title='bbox 3187 2704 3343 2759; x_wconf 82' lang='lat' dir='ltr'><strong>-Vasa</strong></span> <span class='ocrx_word' id='word_1_396' title='bbox 3376 2706 3531 2776; x_wconf 79' lang='lat' dir='ltr'><strong>ﬁguli</strong></span> 
     </span>
    </p>
   </div>
   <div class='ocr_carea' id='block_1_57' title="bbox 1960 2793 3530 2864">
    <p class='ocr_par' dir='ltr' id='par_1_57' title="bbox 1960 2793 3530 2864">
     <span class='ocr_line' id='line_1_57' title="bbox 1960 2793 3530 2864; baseline 0.003 -18"><span class='ocrx_word' id='word_1_397' title='bbox 1960 2795 2145 2864; x_wconf 84' lang='lat' dir='ltr'><strong>probat</strong></span> <span class='ocrx_word' id='word_1_398' title='bbox 2167 2794 2381 2862; x_wconf 62' lang='lat' dir='ltr'><strong>(ornas,</strong></span> <span class='ocrx_word' id='word_1_399' title='bbox 2405 2803 2453 2847; x_wconf 88' lang='lat' dir='ltr'><strong>et</strong></span> <span class='ocrx_word' id='word_1_400' title='bbox 2491 2793 2724 2847; x_wconf 79' lang='lat' dir='ltr'><strong>homines</strong></span> <span class='ocrx_word' id='word_1_401' title='bbox 2756 2793 2928 2861; x_wconf 82' lang='lat' dir='ltr'><strong>iustos</strong></span> <span class='ocrx_word' id='word_1_402' title='bbox 2976 2795 3196 2848; x_wconf 89' lang='lat' dir='ltr'><strong>tentatio</strong></span> <span class='ocrx_word' id='word_1_403' title='bbox 3232 2794 3530 2851; x_wconf 89' lang='lat' dir='ltr'><strong>tribulatio-</strong></span> 
     </span>
    </p>
   </div>
   <div class='ocr_carea' id='block_1_58' title="bbox 1964 2880 3528 2954">
    <p class='ocr_par' dir='ltr' id='par_1_58' title="bbox 1964 2880 3528 2954">
     <span class='ocr_line' id='line_1_58' title="bbox 1964 2880 3528 2954; baseline 0.001 -18"><span class='ocrx_word' id='word_1_404' title='bbox 1964 2883 2044 2936; x_wconf 89' lang='lat' dir='ltr'><strong>nis</strong></span> <span class='ocrx_word' id='word_1_405' title='bbox 2084 2880 2252 2954; x_wconf 83' lang='lat' dir='ltr'><strong>(Eccl.</strong></span> <span class='ocrx_word' id='word_1_406' title='bbox 2283 2882 2477 2952; x_wconf 73' lang='lat' dir='ltr'><strong>xxv&quot;).</strong></span> <span class='ocrx_word' id='word_1_407' title='bbox 2530 2882 2634 2937; x_wconf 89' lang='lat' dir='ltr'><strong>lste</strong></span> <span class='ocrx_word' id='word_1_408' title='bbox 2675 2880 2815 2953; x_wconf 85' lang='lat' dir='ltr'><strong>ignis</strong></span> <span class='ocrx_word' id='word_1_409' title='bbox 2842 2882 2897 2935; x_wconf 91' lang='lat' dir='ltr'><strong>in</strong></span> <span class='ocrx_word' id='word_1_410' title='bbox 2920 2882 3022 2936; x_wconf 88' lang='lat' dir='ltr'><strong>hac</strong></span> <span class='ocrx_word' id='word_1_411' title='bbox 3056 2882 3276 2937; x_wconf 89' lang='lat' dir='ltr'><strong>interim</strong></span> <span class='ocrx_word' id='word_1_412' title='bbox 3304 2883 3418 2937; x_wconf 89' lang='lat' dir='ltr'><strong>vita</strong></span> <span class='ocrx_word' id='word_1_413' title='bbox 3446 2882 3528 2937; x_wconf 86' lang='lat' dir='ltr'><strong>fa—</strong></span> 
     </span>
    </p>
   </div>
   <div class='ocr_carea' id='block_1_59' title="bbox 1963 2955 3613 3045">
    <p class='ocr_par' dir='ltr' id='par_1_59' title="bbox 1963 2955 3613 3045">
     <span class='ocr_line' id='line_1_59' title="bbox 1963 2955 3613 3045; baseline -0.002 -16"><span class='ocrx_word' id='word_1_414' title='bbox 1963 2975 2057 3040; x_wconf 88' lang='lat' dir='ltr'><strong>cit,</strong></span> <span class='ocrx_word' id='word_1_415' title='bbox 2086 2976 2229 3045; x_wconf 90' lang='lat' dir='ltr'><strong>quod</strong></span> <span class='ocrx_word' id='word_1_416' title='bbox 2248 2974 2537 3044; x_wconf 86' lang='lat' dir='ltr'><strong>Apostolus</strong></span> <span class='ocrx_word' id='word_1_417' title='bbox 2567 2974 2697 3029; x_wconf 90' lang='lat' dir='ltr'><strong>dicit</strong></span> <span class='ocrx_word' id='word_1_418' title='bbox 2722 2992 2735 3027; x_wconf 90' lang='lat'><strong>:</strong></span> <span class='ocrx_word' id='word_1_419' title='bbox 2769 2973 2848 3028; x_wconf 91' lang='lat' dir='ltr'><strong>sic</strong></span> <span class='ocrx_word' id='word_1_420' title='bbox 2868 2973 3081 3028; x_wconf 90' lang='lat' dir='ltr'><strong>accidet</strong></span> <span class='ocrx_word' id='word_1_421' title='bbox 3116 2973 3327 3028; x_wconf 90' lang='lat' dir='ltr'><strong>duobus</strong></span> <span class='ocrx_word' id='word_1_422' title='bbox 3351 2972 3528 3027; x_wconf 87' lang='lat' dir='ltr'><strong>ﬁdeli-</strong></span> <span class='ocrx_word' id='word_1_423' title='bbox 3598 2955 3613 2963; x_wconf 61' lang='grc'><em>’</em></span> 
     </span>
    </p>
   </div>
   <div class='ocr_carea' id='block_1_60' title="bbox 1963 3061 3529 3139">
    <p class='ocr_par' dir='ltr' id='par_1_60' title="bbox 1963 3061 3529 3139">
     <span class='ocr_line' id='line_1_60' title="bbox 1963 3061 3529 3139; baseline -0.003 -20"><span class='ocrx_word' id='word_1_424' title='bbox 1963 3075 2084 3124; x_wconf 86' lang='lat' dir='ltr'><strong>bus,</strong></span> <span class='ocrx_word' id='word_1_425' title='bbox 2113 3064 2205 3118; x_wconf 89' lang='lat' dir='ltr'><strong>uni</strong></span> <span class='ocrx_word' id='word_1_426' title='bbox 2228 3063 2486 3135; x_wconf 83' lang='lat' dir='ltr'><strong>cogitanti</strong></span> <span class='ocrx_word' id='word_1_427' title='bbox 2538 3077 2658 3133; x_wconf 71' lang='lat' dir='ltr'><strong>qua:</strong></span> <span class='ocrx_word' id='word_1_428' title='bbox 2686 3070 2813 3117; x_wconf 91' lang='lat' dir='ltr'><strong>sunt</strong></span> <span class='ocrx_word' id='word_1_429' title='bbox 2856 3062 2974 3139; x_wconf 85' lang='lat' dir='ltr'><strong>Dei,</strong></span> <span class='ocrx_word' id='word_1_430' title='bbox 3024 3062 3292 3131; x_wconf 89' lang='lat' dir='ltr'><strong>quomodo</strong></span> <span class='ocrx_word' id='word_1_431' title='bbox 3319 3061 3529 3131; x_wconf 83' lang='lat' dir='ltr'><strong>placeat</strong></span> 
     </span>
    </p>
   </div>
   <div class='ocr_carea' id='block_1_61' title="bbox 286 3145 3529 3231">
    <p class='ocr_par' dir='ltr' id='par_1_61' title="bbox 286 3145 3529 3231">
     <span class='ocr_line' id='line_1_61' title="bbox 286 3145 3529 3231; baseline -0.004 -22"><span class='ocrx_word' id='word_1_432' title='bbox 286 3152 638 3231; x_wconf 67' lang='lat' dir='ltr'><strong>dominatur?</strong></span> <span class='ocrx_word' id='word_1_433' title='bbox 686 3150 812 3203; x_wconf 85' lang='lat' dir='ltr'><strong>Lac.</strong></span> <span class='ocrx_word' id='word_1_434' title='bbox 863 3149 1072 3203; x_wconf 84' lang='lat' dir='ltr'><strong>Rudem</strong></span> <span class='ocrx_word' id='word_1_435' title='bbox 1123 3148 1441 3203; x_wconf 78' lang='lat' dir='ltr'><strong>doctrinam.</strong></span> <span class='ocrx_word' id='word_1_436' title='bbox 1502 3146 1625 3200; x_wconf 86' lang='lat' dir='ltr'><strong>Non</strong></span> <span class='ocrx_word' id='word_1_437' title='bbox 1664 3162 1854 3200; x_wconf 88' lang='lat' dir='ltr'><strong>escam.</strong></span> <span class='ocrx_word' id='word_1_438' title='bbox 1887 3145 1931 3206; x_wconf 85' lang='lat' dir='ltr'>C</span> <span class='ocrx_word' id='word_1_439' title='bbox 1964 3153 2093 3216; x_wconf 70' lang='lat' dir='ltr'><strong>Deo,</strong></span> <span class='ocrx_word' id='word_1_440' title='bbox 2123 3153 2226 3207; x_wconf 82' lang='lat' dir='ltr'><strong>hoc</strong></span> <span class='ocrx_word' id='word_1_441' title='bbox 2247 3162 2349 3216; x_wconf 68' lang='lat' dir='ltr'><strong>est,</strong></span> <span class='ocrx_word' id='word_1_442' title='bbox 2392 3152 2680 3206; x_wconf 59' lang='lat' dir='ltr'><strong>aediﬁcanti</strong></span> <span class='ocrx_word' id='word_1_443' title='bbox 2730 3168 2941 3217; x_wconf 68' lang='lat' dir='ltr'><strong>aurum,</strong></span> <span class='ocrx_word' id='word_1_444' title='bbox 2987 3160 3290 3223; x_wconf 64' lang='lat' dir='ltr'><strong>argentum,</strong></span> <span class='ocrx_word' id='word_1_445' title='bbox 3325 3151 3529 3220; x_wconf 76' lang='lat' dir='ltr'><strong>lapides</strong></span> 
     </span>
    </p>
   </div>
   <div class='ocr_carea' id='block_1_62' title="bbox 282 3236 1855 3314">
    <p class='ocr_par' dir='ltr' id='par_1_62' title="bbox 282 3236 1855 3314">
     <span class='ocr_line' id='line_1_62' title="bbox 282 3236 1855 3314; baseline -0.008 -12"><span class='ocrx_word' id='word_1_446' title='bbox 282 3246 530 3301; x_wconf 83' lang='lat' dir='ltr'><strong>Obscura</strong></span> <span class='ocrx_word' id='word_1_447' title='bbox 574 3242 832 3314; x_wconf 79' lang='lat' dir='ltr'><strong>mysteria</strong></span> <span class='ocrx_word' id='word_1_448' title='bbox 880 3240 1209 3308; x_wconf 84' lang='lat' dir='ltr'><strong>solidamque</strong></span> <span class='ocrx_word' id='word_1_449' title='bbox 1250 3239 1571 3292; x_wconf 88' lang='lat' dir='ltr'><strong>doctrinam.</strong></span> <span class='ocrx_word' id='word_1_450' title='bbox 1603 3236 1855 3290; x_wconf 68' lang='grc' dir='ltr'><strong>ιΕιηαΙα-</strong></span> 
     </span>
    </p>
   </div>
   <div class='ocr_carea' id='block_1_63' title="bbox 279 3327 1857 3393">
    <p class='ocr_par' dir='ltr' id='par_1_63' title="bbox 279 3327 1857 3393">
     <span class='ocr_line' id='line_1_63' title="bbox 279 3327 1857 3393; baseline -0.006 -3"><span class='ocrx_word' id='word_1_451' title='bbox 279 3338 471 3390; x_wconf 82' lang='lat' dir='ltr'><strong>tiones.</strong></span> <span class='ocrx_word' id='word_1_452' title='bbox 518 3333 577 3387; x_wconf 88' lang='lat' dir='ltr'><strong>ln</strong></span> <span class='ocrx_word' id='word_1_453' title='bbox 627 3340 808 3386; x_wconf 88' lang='lat' dir='ltr'><strong>mente</strong></span> <span class='ocrx_word' id='word_1_454' title='bbox 857 3330 1022 3385; x_wconf 89' lang='lat' dir='ltr'><strong>zelus.</strong></span> <span class='ocrx_word' id='word_1_455' title='bbox 1074 3327 1457 3382; x_wconf 87' lang='lat' dir='ltr'><strong>Contentiones.</strong></span> <span class='ocrx_word' id='word_1_456' title='bbox 1517 3327 1691 3382; x_wconf 77' lang='lat' dir='ltr'><strong>Verbo</strong></span> <span class='ocrx_word' id='word_1_457' title='bbox 1729 3341 1857 3393; x_wconf 85' lang='lat' dir='ltr'><strong>erga</strong></span> 
     </span>
    </p>
   </div>
   <div class='ocr_carea' id='block_1_64' title="bbox 280 3422 1510 3494">
    <p class='ocr_par' dir='ltr' id='par_1_64' title="bbox 280 3422 1510 3494">
     <span class='ocr_line' id='line_1_64' title="bbox 280 3422 1510 3494; baseline -0.016 -16"><span class='ocrx_word' id='word_1_458' title='bbox 280 3424 601 3494; x_wconf 80' lang='lat' dir='ltr'><strong>magistros.</strong></span> <span class='ocrx_word' id='word_1_459' title='bbox 1504 3422 1510 3429; x_wconf 86' lang='grc'><strong>·</strong></span> 
     </span>
    </p>
   </div>
   <div class='ocr_carea' id='block_1_65' title="bbox 351 3509 1853 3574">
    <p class='ocr_par' dir='ltr' id='par_1_65' title="bbox 351 3509 1853 3574">
     <span class='ocr_line' id='line_1_65' title="bbox 351 3509 1853 3574; baseline -0.004 -6"><span class='ocrx_word' id='word_1_460' title='bbox 351 3514 663 3568; x_wconf 80' lang='lat' dir='ltr'><strong>Secundum</strong></span> <span class='ocrx_word' id='word_1_461' title='bbox 704 3513 984 3565; x_wconf 81' lang='lat' dir='ltr'><strong>hominem.</strong></span> <span class='ocrx_word' id='word_1_462' title='bbox 1034 3511 1315 3565; x_wconf 86' lang='lat' dir='ltr'><strong>Carnalem</strong></span> <span class='ocrx_word' id='word_1_463' title='bbox 1368 3509 1853 3574; x_wconf 89' lang='lat' dir='ltr'><strong>conversationem,</strong></span> 
     </span>
    </p>
   </div>
   <div class='ocr_carea' id='block_1_66' title="bbox 278 3598 1858 3663">
    <p class='ocr_par' dir='ltr' id='par_1_66' title="bbox 278 3598 1858 3663">
     <span class='ocr_line' id='line_1_66' title="bbox 278 3598 1858 3663; baseline -0.003 -7"><span class='ocrx_word' id='word_1_464' title='bbox 278 3618 386 3655; x_wconf 76' lang='lat' dir='ltr'><strong>non</strong></span> <span class='ocrx_word' id='word_1_465' title='bbox 418 3602 720 3655; x_wconf 83' lang='lat' dir='ltr'><strong>secundum</strong></span> <span class='ocrx_word' id='word_1_466' title='bbox 746 3601 933 3663; x_wconf 85' lang='lat' dir='ltr'><strong>Deum.</strong></span> <span class='ocrx_word' id='word_1_467' title='bbox 965 3600 1147 3653; x_wconf 83' lang='lat' dir='ltr'><strong>Nonne</strong></span> <span class='ocrx_word' id='word_1_468' title='bbox 1173 3600 1405 3653; x_wconf 85' lang='lat' dir='ltr'><strong>homines</strong></span> <span class='ocrx_word' id='word_1_469' title='bbox 1430 3599 1587 3652; x_wconf 85' lang='lat' dir='ltr'><strong>estis?</strong></span> <span class='ocrx_word' id='word_1_470' title='bbox 1617 3598 1738 3652; x_wconf 86' lang='lat' dir='ltr'><strong>Vult</strong></span> <span class='ocrx_word' id='word_1_471' title='bbox 1765 3614 1858 3653; x_wconf 88' lang='lat' dir='ltr'><strong>eos</strong></span> 
     </span>
    </p>
   </div>
   <div class='ocr_carea' id='block_1_67' title="bbox 274 3687 1859 3762">
    <p class='ocr_par' dir='ltr' id='par_1_67' title="bbox 274 3687 1859 3762">
     <span class='ocr_line' id='line_1_67' title="bbox 274 3687 1859 3762; baseline -0.001 -18"><span class='ocrx_word' id='word_1_472' title='bbox 274 3693 404 3762; x_wconf 85' lang='lat' dir='ltr'><strong>plus</strong></span> <span class='ocrx_word' id='word_1_473' title='bbox 435 3707 559 3745; x_wconf 79' lang='lat' dir='ltr'><strong>esse</strong></span> <span class='ocrx_word' id='word_1_474' title='bbox 598 3707 758 3761; x_wconf 87' lang='lat' dir='ltr'><strong>quam</strong></span> <span class='ocrx_word' id='word_1_475' title='bbox 796 3690 1059 3743; x_wconf 88' lang='lat' dir='ltr'><strong>homines.</strong></span> <span class='ocrx_word' id='word_1_476' title='bbox 1095 3688 1233 3752; x_wconf 80' lang='lat' dir='ltr'><strong>Quid</strong></span> <span class='ocrx_word' id='word_1_477' title='bbox 1268 3699 1341 3742; x_wconf 89' lang='lat' dir='ltr'><strong>est</strong></span> <span class='ocrx_word' id='word_1_478' title='bbox 1376 3705 1497 3758; x_wconf 89' lang='lat' dir='ltr'><strong>ergo</strong></span> <span class='ocrx_word' id='word_1_479' title='bbox 1540 3688 1762 3758; x_wconf 81' lang='lat' dir='ltr'><strong>Apollo?</strong></span> <span class='ocrx_word' id='word_1_480' title='bbox 1797 3687 1859 3743; x_wconf 89' lang='lat' dir='ltr'><strong>Si</strong></span> 
     </span>
    </p>
   </div>
   <div class='ocr_carea' id='block_1_68' title="bbox 272 3770 1857 3850">
    <p class='ocr_par' dir='ltr' id='par_1_68' title="bbox 272 3770 1857 3850">
     <span class='ocr_line' id='line_1_68' title="bbox 272 3770 1857 3850; baseline -0.004 -11"><span class='ocrx_word' id='word_1_481' title='bbox 272 3801 377 3839; x_wconf 75' lang='lat' dir='ltr'><strong>nos</strong></span> <span class='ocrx_word' id='word_1_482' title='bbox 415 3784 558 3838; x_wconf 83' lang='lat' dir='ltr'><strong>nihil</strong></span> <span class='ocrx_word' id='word_1_483' title='bbox 595 3770 802 3845; x_wconf 72' lang='lat' dir='ltr'><strong>sumus,</strong></span> <span class='ocrx_word' id='word_1_484' title='bbox 833 3781 918 3835; x_wconf 84' lang='lat' dir='ltr'><strong>vel</strong></span> <span class='ocrx_word' id='word_1_485' title='bbox 949 3796 1084 3850; x_wconf 84' lang='lat' dir='ltr'><strong>quos</strong></span> <span class='ocrx_word' id='word_1_486' title='bbox 1122 3780 1394 3835; x_wconf 88' lang='lat' dir='ltr'><strong>ministros</strong></span> <span class='ocrx_word' id='word_1_487' title='bbox 1433 3780 1533 3849; x_wconf 88' lang='lat' dir='ltr'><strong>ipsi</strong></span> <span class='ocrx_word' id='word_1_488' title='bbox 1576 3780 1857 3833; x_wconf 88' lang='lat' dir='ltr'><strong>constitui-</strong></span> 
     </span>
    </p>
   </div>
   <div class='ocr_carea' id='block_1_69' title="bbox 270 3869 1859 3942">
    <p class='ocr_par' dir='ltr' id='par_1_69' title="bbox 270 3869 1859 3942">
     <span class='ocr_line' id='line_1_69' title="bbox 270 3869 1859 3942; baseline -0.003 -15"><span class='ocrx_word' id='word_1_489' title='bbox 270 3892 434 3937; x_wconf 81' lang='lat' dir='ltr'><strong>mus,</strong></span> <span class='ocrx_word' id='word_1_490' title='bbox 477 3881 681 3942; x_wconf 87' lang='lat' dir='ltr'><strong>quanto</strong></span> <span class='ocrx_word' id='word_1_491' title='bbox 719 3871 892 3940; x_wconf 88' lang='lat' dir='ltr'><strong>magis</strong></span> <span class='ocrx_word' id='word_1_492' title='bbox 924 3869 1350 3939; x_wconf 85' lang='lat' dir='ltr'><strong>pseudoapostoli</strong></span> <span class='ocrx_word' id='word_1_493' title='bbox 1390 3869 1584 3937; x_wconf 91' lang='lat' dir='ltr'><strong>quibus</strong></span> <span class='ocrx_word' id='word_1_494' title='bbox 1623 3869 1859 3923; x_wconf 90' lang='lat' dir='ltr'><strong>credidi-</strong></span> 
     </span>
    </p>
   </div>
   <div class='ocr_carea' id='block_1_70' title="bbox 268 3958 1857 4030">
    <p class='ocr_par' dir='ltr' id='par_1_70' title="bbox 268 3958 1857 4030">
     <span class='ocr_line' id='line_1_70' title="bbox 268 3958 1857 4030; baseline -0.006 -9"><span class='ocrx_word' id='word_1_495' title='bbox 268 3967 415 4021; x_wconf 79' lang='lat' dir='ltr'><strong>stis?</strong></span> <span class='ocrx_word' id='word_1_496' title='bbox 463 3964 534 4016; x_wconf 82' lang='lat' dir='ltr'><strong>Et</strong></span> <span class='ocrx_word' id='word_1_497' title='bbox 570 3964 839 4030; x_wconf 84' lang='lat' dir='ltr'><strong>unicuique</strong></span> <span class='ocrx_word' id='word_1_498' title='bbox 868 3962 1004 4014; x_wconf 85' lang='lat' dir='ltr'><strong>sicut</strong></span> <span class='ocrx_word' id='word_1_499' title='bbox 1038 3960 1289 4013; x_wconf 87' lang='lat' dir='ltr'><strong>Dominus</strong></span> <span class='ocrx_word' id='word_1_500' title='bbox 1326 3959 1487 4013; x_wconf 86' lang='lat' dir='ltr'><strong>dedit.</strong></span> <span class='ocrx_word' id='word_1_501' title='bbox 1529 3958 1641 4013; x_wconf 83' lang='lat' dir='ltr'><strong>Hoc</strong></span> <span class='ocrx_word' id='word_1_502' title='bbox 1680 3959 1857 4027; x_wconf 88' lang='lat' dir='ltr'><strong>ipsum</strong></span> 
     </span>
    </p>
   </div>
   <div class='ocr_carea' id='block_1_71' title="bbox 272 4051 1859 4120">
    <p class='ocr_par' dir='ltr' id='par_1_71' title="bbox 272 4051 1859 4120">
     <span class='ocr_line' id='line_1_71' title="bbox 272 4051 1859 4120; baseline -0.008 -7"><span class='ocrx_word' id='word_1_503' title='bbox 272 4077 382 4114; x_wconf 80' lang='lat' dir='ltr'><strong>non</strong></span> <span class='ocrx_word' id='word_1_504' title='bbox 433 4071 510 4110; x_wconf 75' lang='lat' dir='ltr'><strong>ex</strong></span> <span class='ocrx_word' id='word_1_505' title='bbox 560 4056 727 4120; x_wconf 89' lang='lat' dir='ltr'><strong>nobis,</strong></span> <span class='ocrx_word' id='word_1_506' title='bbox 777 4054 873 4108; x_wconf 90' lang='lat' dir='ltr'><strong>sed</strong></span> <span class='ocrx_word' id='word_1_507' title='bbox 916 4051 1011 4105; x_wconf 89' lang='lat' dir='ltr'><strong>Dei</strong></span> <span class='ocrx_word' id='word_1_508' title='bbox 1059 4052 1256 4105; x_wconf 91' lang='lat' dir='ltr'><strong>donum</strong></span> <span class='ocrx_word' id='word_1_509' title='bbox 1289 4059 1394 4114; x_wconf 87' lang='lat' dir='ltr'><strong>est,</strong></span> <span class='ocrx_word' id='word_1_510' title='bbox 1440 4056 1500 4102; x_wconf 89' lang='lat' dir='ltr'><strong>ut</strong></span> <span class='ocrx_word' id='word_1_511' title='bbox 1534 4056 1638 4118; x_wconf 85' lang='lat' dir='ltr'><strong>per</strong></span> <span class='ocrx_word' id='word_1_512' title='bbox 1669 4063 1859 4102; x_wconf 89' lang='lat' dir='ltr'><strong>manus</strong></span> 
     </span>
    </p>
   </div>
   <div class='ocr_carea' id='block_1_72' title="bbox 267 4141 1853 4218">
    <p class='ocr_par' dir='ltr' id='par_1_72' title="bbox 267 4141 1853 4218">
     <span class='ocr_line' id='line_1_72' title="bbox 267 4141 1853 4218; baseline -0.01 -10"><span class='ocrx_word' id='word_1_513' title='bbox 267 4167 431 4207; x_wconf 70' lang='lat' dir='ltr'><strong>neas</strong></span> <span class='ocrx_word' id='word_1_514' title='bbox 485 4149 642 4218; x_wconf 87' lang='lat' dir='ltr'><strong>signa</strong></span> <span class='ocrx_word' id='word_1_515' title='bbox 675 4147 888 4209; x_wconf 82' lang='lat' dir='ltr'><strong>fierent,</strong></span> <span class='ocrx_word' id='word_1_516' title='bbox 951 4158 1069 4211; x_wconf 75' lang='lat' dir='ltr'><strong>qua:</strong></span> <span class='ocrx_word' id='word_1_517' title='bbox 1102 4158 1200 4197; x_wconf 89' lang='lat' dir='ltr'><strong>vos</strong></span> <span class='ocrx_word' id='word_1_518' title='bbox 1229 4143 1535 4196; x_wconf 75' lang='lat' dir='ltr'><strong>excitarent</strong></span> <span class='ocrx_word' id='word_1_519' title='bbox 1568 4142 1635 4195; x_wconf 92' lang='lat' dir='ltr'><strong>ad</strong></span> <span class='ocrx_word' id='word_1_520' title='bbox 1666 4141 1853 4205; x_wconf 82' lang='lat' dir='ltr'><strong>tidem;</strong></span> 
     </span>
    </p>
   </div>
   <div class='ocr_carea' id='block_1_73' title="bbox 265 4231 1856 4312">
    <p class='ocr_par' dir='ltr' id='par_1_73' title="bbox 265 4231 1856 4312">
     <span class='ocr_line' id='line_1_73' title="bbox 265 4231 1856 4312; baseline -0.009 -14"><span class='ocrx_word' id='word_1_521' title='bbox 265 4253 325 4298; x_wconf 84' lang='lat' dir='ltr'><strong>et</strong></span> <span class='ocrx_word' id='word_1_522' title='bbox 365 4241 574 4312; x_wconf 78' lang='lat' dir='ltr'><strong>Apollo</strong></span> <span class='ocrx_word' id='word_1_523' title='bbox 619 4253 716 4292; x_wconf 89' lang='lat' dir='ltr'><strong>sua</strong></span> <span class='ocrx_word' id='word_1_524' title='bbox 761 4252 858 4290; x_wconf 86' lang='lat' dir='ltr'><strong>vos</strong></span> <span class='ocrx_word' id='word_1_525' title='bbox 905 4233 1147 4288; x_wconf 85' lang='lat' dir='ltr'><strong>doctrina</strong></span> <span class='ocrx_word' id='word_1_526' title='bbox 1194 4233 1435 4286; x_wconf 86' lang='lat' dir='ltr'><strong>firmaret</strong></span> <span class='ocrx_word' id='word_1_527' title='bbox 1477 4249 1491 4287; x_wconf 88' lang='lat'><strong>:</strong></span> <span class='ocrx_word' id='word_1_528' title='bbox 1534 4231 1661 4300; x_wconf 85' lang='lat' dir='ltr'><strong>quia</strong></span> <span class='ocrx_word' id='word_1_529' title='bbox 1715 4231 1856 4284; x_wconf 88' lang='lat' dir='ltr'><strong>sicut</strong></span> 
     </span>
    </p>
   </div>
   <div class='ocr_carea' id='block_1_74' title="bbox 1958 3245 3528 3318">
    <p class='ocr_par' dir='ltr' id='par_1_74' title="bbox 1958 3245 3528 3318">
     <span class='ocr_line' id='line_1_74' title="bbox 1958 3245 3528 3318; baseline -0.002 -18"><span class='ocrx_word' id='word_1_530' title='bbox 1958 3247 2256 3318; x_wconf 88' lang='lat' dir='ltr'><strong>pretiosos;</strong></span> <span class='ocrx_word' id='word_1_531' title='bbox 2285 3245 2438 3299; x_wconf 87' lang='lat' dir='ltr'><strong>alteri</strong></span> <span class='ocrx_word' id='word_1_532' title='bbox 2466 3245 2725 3315; x_wconf 86' lang='lat' dir='ltr'><strong>cogitanti</strong></span> <span class='ocrx_word' id='word_1_533' title='bbox 2755 3260 2875 3315; x_wconf 64' lang='lat' dir='ltr'><strong>qua:</strong></span> <span class='ocrx_word' id='word_1_534' title='bbox 2903 3252 3029 3300; x_wconf 90' lang='lat' dir='ltr'><strong>sunt</strong></span> <span class='ocrx_word' id='word_1_535' title='bbox 3074 3245 3280 3310; x_wconf 90' lang='lat' dir='ltr'><strong>mundi,</strong></span> <span class='ocrx_word' id='word_1_536' title='bbox 3307 3259 3528 3314; x_wconf 90' lang='lat' dir='ltr'><strong>quomo-</strong></span> 
     </span>
    </p>
   </div>
   <div class='ocr_carea' id='block_1_75' title="bbox 1961 3335 3526 3407">
    <p class='ocr_par' dir='ltr' id='par_1_75' title="bbox 1961 3335 3526 3407">
     <span class='ocr_line' id='line_1_75' title="bbox 1961 3335 3526 3407; baseline -0.002 -15"><span class='ocrx_word' id='word_1_537' title='bbox 1961 3340 2030 3393; x_wconf 91' lang='lat' dir='ltr'><strong>do</strong></span> <span class='ocrx_word' id='word_1_538' title='bbox 2073 3337 2283 3407; x_wconf 87' lang='lat' dir='ltr'><strong>placeat</strong></span> <span class='ocrx_word' id='word_1_539' title='bbox 2338 3335 2514 3401; x_wconf 81' lang='lat' dir='ltr'><strong>uxori,</strong></span> <span class='ocrx_word' id='word_1_540' title='bbox 2552 3337 2604 3391; x_wconf 92' lang='lat' dir='ltr'><strong>id</strong></span> <span class='ocrx_word' id='word_1_541' title='bbox 2644 3344 2745 3400; x_wconf 88' lang='lat' dir='ltr'><strong>est,</strong></span> <span class='ocrx_word' id='word_1_542' title='bbox 2798 3336 3087 3391; x_wconf 67' lang='lat' dir='ltr'><strong>aedificanti</strong></span> <span class='ocrx_word' id='word_1_543' title='bbox 3130 3336 3292 3405; x_wconf 89' lang='lat' dir='ltr'><strong>ligna,</strong></span> <span class='ocrx_word' id='word_1_544' title='bbox 3322 3335 3526 3396; x_wconf 74' lang='lat' dir='ltr'><strong>fenum,</strong></span> 
     </span>
    </p>
   </div>
   <div class='ocr_carea' id='block_1_76' title="bbox 1961 3418 3530 3497">
    <p class='ocr_par' dir='ltr' id='par_1_76' title="bbox 1961 3418 3530 3497">
     <span class='ocr_line' id='line_1_76' title="bbox 1961 3418 3530 3497; baseline -0.004 -14"><span class='ocrx_word' id='word_1_545' title='bbox 1961 3418 2246 3497; x_wconf 80' lang='lat' dir='ltr'><strong>stipulam:</strong></span> <span class='ocrx_word' id='word_1_546' title='bbox 2276 3427 2417 3480; x_wconf 91' lang='lat' dir='ltr'><strong>illius</strong></span> <span class='ocrx_word' id='word_1_547' title='bbox 2444 3442 2579 3496; x_wconf 91' lang='lat' dir='ltr'><strong>opus</strong></span> <span class='ocrx_word' id='word_1_548' title='bbox 2612 3426 2876 3490; x_wconf 80' lang='lat' dir='ltr'><strong>exuritur,</strong></span> <span class='ocrx_word' id='word_1_549' title='bbox 2912 3426 3038 3494; x_wconf 85' lang='lat' dir='ltr'><strong>quia</strong></span> <span class='ocrx_word' id='word_1_550' title='bbox 3081 3442 3143 3480; x_wconf 88' lang='lat' dir='ltr'><strong>ea</strong></span> <span class='ocrx_word' id='word_1_551' title='bbox 3172 3426 3359 3480; x_wconf 82' lang='lat' dir='ltr'><strong>dilexit</strong></span> <span class='ocrx_word' id='word_1_552' title='bbox 3398 3439 3530 3493; x_wconf 84' lang='lat' dir='ltr'><strong>quo-</strong></span> 
     </span>
    </p>
   </div>
   <div class='ocr_carea' id='block_1_77' title="bbox 1961 3518 3527 3586">
    <p class='ocr_par' dir='ltr' id='par_1_77' title="bbox 1961 3518 3527 3586">
     <span class='ocr_line' id='line_1_77' title="bbox 1961 3518 3527 3586; baseline -0.003 -13"><span class='ocrx_word' id='word_1_553' title='bbox 1961 3535 2081 3574; x_wconf 90' lang='lat' dir='ltr'><strong>rum</strong></span> <span class='ocrx_word' id='word_1_554' title='bbox 2112 3534 2296 3573; x_wconf 90' lang='lat' dir='ltr'><strong>amore</strong></span> <span class='ocrx_word' id='word_1_555' title='bbox 2318 3520 2666 3573; x_wconf 85' lang='lat' dir='ltr'><strong>cruciaretur.</strong></span> <span class='ocrx_word' id='word_1_556' title='bbox 2700 3518 2958 3572; x_wconf 85' lang='lat' dir='ltr'><strong>Exuritur</strong></span> <span class='ocrx_word' id='word_1_557' title='bbox 2988 3525 3166 3571; x_wconf 89' lang='lat' dir='ltr'><strong>autem</strong></span> <span class='ocrx_word' id='word_1_558' title='bbox 3189 3518 3368 3586; x_wconf 87' lang='lat' dir='ltr'><strong>hujus,</strong></span> <span class='ocrx_word' id='word_1_559' title='bbox 3397 3530 3527 3584; x_wconf 85' lang='lat' dir='ltr'><strong>quo-</strong></span> 
     </span>
    </p>
   </div>
   <div class='ocr_carea' id='block_1_78' title="bbox 1959 3604 3534 3677">
    <p class='ocr_par' dir='ltr' id='par_1_78' title="bbox 1959 3604 3534 3677">
     <span class='ocr_line' id='line_1_78' title="bbox 1959 3604 3534 3677; baseline -0.002 -13"><span class='ocrx_word' id='word_1_560' title='bbox 1959 3610 2106 3669; x_wconf 87' lang='lat' dir='ltr'><strong>niam</strong></span> <span class='ocrx_word' id='word_1_561' title='bbox 2141 3609 2258 3664; x_wconf 90' lang='lat' dir='ltr'><strong>sine</strong></span> <span class='ocrx_word' id='word_1_562' title='bbox 2286 3608 2469 3667; x_wconf 90' lang='lat' dir='ltr'><strong>dolore</strong></span> <span class='ocrx_word' id='word_1_563' title='bbox 2491 3625 2597 3663; x_wconf 89' lang='lat' dir='ltr'><strong>non</strong></span> <span class='ocrx_word' id='word_1_564' title='bbox 2627 3617 2856 3676; x_wconf 88' lang='lat' dir='ltr'><strong>pereunt</strong></span> <span class='ocrx_word' id='word_1_565' title='bbox 2902 3624 3022 3677; x_wconf 84' lang='lat' dir='ltr'><strong>quae</strong></span> <span class='ocrx_word' id='word_1_566' title='bbox 3042 3623 3166 3662; x_wconf 91' lang='lat' dir='ltr'><strong>cum</strong></span> <span class='ocrx_word' id='word_1_567' title='bbox 3189 3604 3374 3661; x_wconf 86' lang='lat' dir='ltr'><strong>amore</strong></span> <span class='ocrx_word' id='word_1_568' title='bbox 3404 3621 3534 3675; x_wconf 79' lang='lat' dir='ltr'><strong>pos-</strong></span> 
     </span>
    </p>
   </div>
   <div class='ocr_carea' id='block_1_79' title="bbox 1960 3696 3526 3766">
    <p class='ocr_par' dir='ltr' id='par_1_79' title="bbox 1960 3696 3526 3766">
     <span class='ocr_line' id='line_1_79' title="bbox 1960 3696 3526 3766; baseline -0.003 -12"><span class='ocrx_word' id='word_1_569' title='bbox 1960 3714 2107 3754; x_wconf 90' lang='lat' dir='ltr'><strong>sessa</strong></span> <span class='ocrx_word' id='word_1_570' title='bbox 2133 3707 2277 3753; x_wconf 89' lang='lat' dir='ltr'><strong>sunt.</strong></span> <span class='ocrx_word' id='word_1_571' title='bbox 2309 3697 2417 3752; x_wconf 90' lang='lat' dir='ltr'><strong>Sed</strong></span> <span class='ocrx_word' id='word_1_572' title='bbox 2459 3698 2713 3766; x_wconf 87' lang='lat' dir='ltr'><strong>quoniam</strong></span> <span class='ocrx_word' id='word_1_573' title='bbox 2752 3697 3010 3751; x_wconf 87' lang='lat' dir='ltr'><strong>alterutra</strong></span> <span class='ocrx_word' id='word_1_574' title='bbox 3040 3696 3369 3750; x_wconf 85' lang='lat' dir='ltr'><strong>-conditione</strong></span> <span class='ocrx_word' id='word_1_575' title='bbox 3396 3710 3526 3763; x_wconf 89' lang='lat' dir='ltr'><strong>pro-</strong></span> 
     </span>
    </p>
   </div>
   <div class='ocr_carea' id='block_1_80' title="bbox 1960 3783 3530 3855">
    <p class='ocr_par' dir='ltr' id='par_1_80' title="bbox 1960 3783 3530 3855">
     <span class='ocr_line' id='line_1_80' title="bbox 1960 3783 3530 3855; baseline 0.001 -15"><span class='ocrx_word' id='word_1_576' title='bbox 1960 3787 2156 3855; x_wconf 91' lang='lat' dir='ltr'><strong>posita,</strong></span> <span class='ocrx_word' id='word_1_577' title='bbox 2196 3787 2275 3840; x_wconf 90' lang='lat' dir='ltr'><strong>eis</strong></span> <span class='ocrx_word' id='word_1_578' title='bbox 2298 3786 2477 3854; x_wconf 90' lang='lat' dir='ltr'><strong>potius</strong></span> <span class='ocrx_word' id='word_1_579' title='bbox 2514 3785 2702 3839; x_wconf 89' lang='lat' dir='ltr'><strong>maluit</strong></span> <span class='ocrx_word' id='word_1_580' title='bbox 2722 3800 2910 3839; x_wconf 89' lang='lat' dir='ltr'><strong>carere</strong></span> <span class='ocrx_word' id='word_1_581' title='bbox 2956 3800 3117 3853; x_wconf 88' lang='lat' dir='ltr'><strong>quam</strong></span> <span class='ocrx_word' id='word_1_582' title='bbox 3158 3783 3396 3849; x_wconf 88' lang='lat' dir='ltr'><strong>Christo,</strong></span> <span class='ocrx_word' id='word_1_583' title='bbox 3430 3800 3530 3841; x_wconf 87' lang='lat' dir='ltr'><strong>nec</strong></span> 
     </span>
    </p>
   </div>
   <div class='ocr_carea' id='block_1_81' title="bbox 1962 3871 3529 3941">
    <p class='ocr_par' dir='ltr' id='par_1_81' title="bbox 1962 3871 3529 3941">
     <span class='ocr_line' id='line_1_81' title="bbox 1962 3871 3529 3941; baseline -0.001 -12"><span class='ocrx_word' id='word_1_584' title='bbox 1962 3876 2155 3929; x_wconf 91' lang='lat' dir='ltr'><strong>timore</strong></span> <span class='ocrx_word' id='word_1_585' title='bbox 2181 3874 2459 3928; x_wconf 90' lang='lat' dir='ltr'><strong>amittendi</strong></span> <span class='ocrx_word' id='word_1_586' title='bbox 2508 3873 2635 3927; x_wconf 90' lang='lat' dir='ltr'><strong>talia</strong></span> <span class='ocrx_word' id='word_1_587' title='bbox 2687 3873 2890 3927; x_wconf 87' lang='lat' dir='ltr'><strong>deserit</strong></span> <span class='ocrx_word' id='word_1_588' title='bbox 2935 3871 3232 3937; x_wconf 88' lang='lat' dir='ltr'><strong>Christum,</strong></span> <span class='ocrx_word' id='word_1_589' title='bbox 3282 3874 3529 3941; x_wconf 89' lang='lat' dir='ltr'><strong>quamvis</strong></span> 
     </span>
    </p>
   </div>
   <div class='ocr_carea' id='block_1_82' title="bbox 1958 3961 3529 4031">
    <p class='ocr_par' dir='ltr' id='par_1_82' title="bbox 1958 3961 3529 4031">
     <span class='ocr_line' id='line_1_82' title="bbox 1958 3961 3529 4031; baseline -0.002 -13"><span class='ocrx_word' id='word_1_590' title='bbox 1958 3964 2138 4019; x_wconf 89' lang='lat' dir='ltr'><strong>doleat</strong></span> <span class='ocrx_word' id='word_1_591' title='bbox 2169 3979 2290 4018; x_wconf 91' lang='lat' dir='ltr'><strong>cum</strong></span> <span class='ocrx_word' id='word_1_592' title='bbox 2344 3963 2542 4017; x_wconf 90' lang='lat' dir='ltr'><strong>amittit</strong></span> <span class='ocrx_word' id='word_1_593' title='bbox 2593 3961 2772 4017; x_wconf 89' lang='lat' dir='ltr'><strong>salvus</strong></span> <span class='ocrx_word' id='word_1_594' title='bbox 2816 3970 2901 4016; x_wconf 90' lang='lat' dir='ltr'><strong>est</strong></span> <span class='ocrx_word' id='word_1_595' title='bbox 2946 3961 3183 4031; x_wconf 92' lang='lat' dir='ltr'><strong>quidem,</strong></span> <span class='ocrx_word' id='word_1_596' title='bbox 3240 3961 3320 4017; x_wconf 91' lang='lat' dir='ltr'><strong>sic</strong></span> <span class='ocrx_word' id='word_1_597' title='bbox 3347 3971 3529 4016; x_wconf 89' lang='lat' dir='ltr'><strong>tamen</strong></span> 
     </span>
    </p>
   </div>
   <div class='ocr_carea' id='block_1_83' title="bbox 1960 4054 3529 4130">
    <p class='ocr_par' dir='ltr' id='par_1_83' title="bbox 1960 4054 3529 4130">
     <span class='ocr_line' id='line_1_83' title="bbox 1960 4054 3529 4130; baseline -0.004 -17"><span class='ocrx_word' id='word_1_598' title='bbox 1960 4059 2115 4130; x_wconf 89' lang='lat' dir='ltr'><strong>quasi</strong></span> <span class='ocrx_word' id='word_1_599' title='bbox 2161 4074 2258 4128; x_wconf 90' lang='lat' dir='ltr'><strong>per</strong></span> <span class='ocrx_word' id='word_1_600' title='bbox 2290 4058 2491 4128; x_wconf 88' lang='lat' dir='ltr'><strong>ignem,</strong></span> <span class='ocrx_word' id='word_1_601' title='bbox 2540 4056 2666 4125; x_wconf 85' lang='lat' dir='ltr'><strong>quia</strong></span> <span class='ocrx_word' id='word_1_602' title='bbox 2697 4056 2808 4110; x_wconf 92' lang='lat' dir='ltr'><strong>urit</strong></span> <span class='ocrx_word' id='word_1_603' title='bbox 2842 4070 2964 4109; x_wconf 88' lang='lat' dir='ltr'><strong>eum</strong></span> <span class='ocrx_word' id='word_1_604' title='bbox 2999 4054 3153 4129; x_wconf 82' lang='lat' dir='ltr'><strong>dolor</strong></span> <span class='ocrx_word' id='word_1_605' title='bbox 3182 4069 3359 4109; x_wconf 91' lang='lat' dir='ltr'><strong>rerum</strong></span> <span class='ocrx_word' id='word_1_606' title='bbox 3393 4067 3529 4122; x_wconf 87' lang='lat' dir='ltr'><strong>quas</strong></span> 
     </span>
    </p>
   </div>
   <div class='ocr_carea' id='block_1_84' title="bbox 1960 4142 3531 4211">
    <p class='ocr_par' dir='ltr' id='par_1_84' title="bbox 1960 4142 3531 4211">
     <span class='ocr_line' id='line_1_84' title="bbox 1960 4142 3531 4211; baseline -0.004 -7"><span class='ocrx_word' id='word_1_607' title='bbox 1960 4150 2223 4205; x_wconf 81' lang='lat' dir='ltr'><strong>dilexerat</strong></span> <span class='ocrx_word' id='word_1_608' title='bbox 2253 4148 2597 4211; x_wconf 87' lang='lat' dir='ltr'><strong>amissarum,</strong></span> <span class='ocrx_word' id='word_1_609' title='bbox 2649 4161 2754 4200; x_wconf 92' lang='lat' dir='ltr'><strong>non</strong></span> <span class='ocrx_word' id='word_1_610' title='bbox 2784 4144 3047 4208; x_wconf 84' lang='lat' dir='ltr'><strong>subvertit</strong></span> <span class='ocrx_word' id='word_1_611' title='bbox 3071 4142 3401 4198; x_wconf 86' lang='lat' dir='ltr'><strong>fundamenti</strong></span> <span class='ocrx_word' id='word_1_612' title='bbox 3428 4149 3531 4197; x_wconf 84' lang='lat' dir='ltr'><strong>sta-</strong></span> 
     </span>
    </p>
   </div>
   <div class='ocr_carea' id='block_1_85' title="bbox 1961 4229 3528 4307">
    <p class='ocr_par' dir='ltr' id='par_1_85' title="bbox 1961 4229 3528 4307">
     <span class='ocr_line' id='line_1_85' title="bbox 1961 4229 3528 4307; baseline -0.007 -14"><span class='ocrx_word' id='word_1_613' title='bbox 1961 4238 2242 4293; x_wconf 89' lang='lat' dir='ltr'><strong>bilitatem.</strong></span> <span class='ocrx_word' id='word_1_614' title='bbox 2305 4234 2474 4289; x_wconf 86' lang='lat' dir='ltr'><strong>Nemo</strong></span> <span class='ocrx_word' id='word_1_615' title='bbox 2519 4249 2606 4288; x_wconf 75' lang='lat' dir='ltr'><strong>vos</strong></span> <span class='ocrx_word' id='word_1_616' title='bbox 2629 4232 2862 4287; x_wconf 86' lang='lat' dir='ltr'><strong>seducat.</strong></span> <span class='ocrx_word' id='word_1_617' title='bbox 2902 4233 2981 4286; x_wconf 84' lang='lat' dir='ltr'><strong>Ac</strong></span> <span class='ocrx_word' id='word_1_618' title='bbox 3028 4231 3077 4307; x_wconf 25' lang='lat' dir='ltr'><strong>si.</strong></span> <span class='ocrx_word' id='word_1_619' title='bbox 3120 4232 3362 4286; x_wconf 88' lang='lat' dir='ltr'><strong>diceret:</strong></span> <span class='ocrx_word' id='word_1_620' title='bbox 3392 4229 3528 4283; x_wconf 90' lang='lat' dir='ltr'><strong>Dum</strong></span> 
     </span>
    </p>
   </div>
   <div class='ocr_carea' id='block_1_86' title="bbox 260 4321 3527 4406">
    <p class='ocr_par' dir='ltr' id='par_1_86' title="bbox 260 4321 3527 4406">
     <span class='ocr_line' id='line_1_86' title="bbox 260 4321 3527 4406; baseline -0.005 -16"><span class='ocrx_word' id='word_1_621' title='bbox 260 4333 551 4406; x_wconf 62' lang='grc' dir='ltr'><strong>μεωειὶο</strong></span> <span class='ocrx_word' id='word_1_622' title='bbox 592 4330 711 4384; x_wconf 87' lang='lat' dir='ltr'><strong>sine</strong></span> <span class='ocrx_word' id='word_1_623' title='bbox 746 4342 905 4396; x_wconf 80' lang='lat' dir='ltr'><strong>aqua,</strong></span> <span class='ocrx_word' id='word_1_624' title='bbox 937 4326 1015 4381; x_wconf 80' lang='lat' dir='ltr'><strong>sic</strong></span> <span class='ocrx_word' id='word_1_625' title='bbox 1050 4324 1180 4378; x_wconf 78' lang='lat' dir='ltr'><strong>ﬁdes</strong></span> <span class='ocrx_word' id='word_1_626' title='bbox 1218 4324 1333 4377; x_wconf 76' lang='lat' dir='ltr'><strong>sine</strong></span> <span class='ocrx_word' id='word_1_627' title='bbox 1370 4322 1615 4377; x_wconf 72' lang='lat' dir='ltr'><strong>doctrina</strong></span> <span class='ocrx_word' id='word_1_628' title='bbox 1652 4335 1861 4374; x_wconf 78' lang='lat' dir='ltr'><strong>marce-</strong></span> <span class='ocrx_word' id='word_1_629' title='bbox 1960 4327 2215 4396; x_wconf 89' lang='lat' dir='ltr'><strong>templum</strong></span> <span class='ocrx_word' id='word_1_630' title='bbox 2243 4324 2337 4379; x_wconf 89' lang='lat' dir='ltr'><strong>Dei</strong></span> <span class='ocrx_word' id='word_1_631' title='bbox 2364 4324 2516 4387; x_wconf 89' lang='lat' dir='ltr'><strong>estis,</strong></span> <span class='ocrx_word' id='word_1_632' title='bbox 2545 4337 2703 4378; x_wconf 92' lang='lat' dir='ltr'><strong>nemo</strong></span> <span class='ocrx_word' id='word_1_633' title='bbox 2754 4336 2851 4375; x_wconf 88' lang='lat' dir='ltr'><strong>vos</strong></span> <span class='ocrx_word' id='word_1_634' title='bbox 2879 4321 3044 4375; x_wconf 89' lang='lat' dir='ltr'><strong>violet</strong></span> <span class='ocrx_word' id='word_1_635' title='bbox 3069 4335 3166 4388; x_wconf 81' lang='lat' dir='ltr'><strong>per</strong></span> <span class='ocrx_word' id='word_1_636' title='bbox 3200 4321 3527 4374; x_wconf 85' lang='lat' dir='ltr'><strong>mundanam</strong></span> 
     </span>
    </p>
   </div>
   <div class='ocr_carea' id='block_1_87' title="bbox 262 4414 1860 4493">
    <p class='ocr_par' dir='ltr' id='par_1_87' title="bbox 262 4415 1856 4493">
     <span class='ocr_line' id='line_1_87' title="bbox 262 4415 1856 4493; baseline -0.01 -9"><span class='ocrx_word' id='word_1_637' title='bbox 262 4431 396 4484; x_wconf 82' lang='lat' dir='ltr'><strong>scit.</strong></span> <span class='ocrx_word' id='word_1_638' title='bbox 441 4428 504 4481; x_wconf 82' lang='lat' dir='ltr'><strong>Si</strong></span> <span class='ocrx_word' id='word_1_639' title='bbox 532 4438 671 4493; x_wconf 86' lang='lat' dir='ltr'><strong>ergo</strong></span> <span class='ocrx_word' id='word_1_640' title='bbox 710 4429 763 4476; x_wconf 89' lang='lat' dir='ltr'><strong>et</strong></span> <span class='ocrx_word' id='word_1_641' title='bbox 783 4420 1039 4491; x_wconf 86' lang='lat' dir='ltr'><strong>plantatio</strong></span> <span class='ocrx_word' id='word_1_642' title='bbox 1065 4426 1119 4473; x_wconf 86' lang='lat' dir='ltr'><strong>et</strong></span> <span class='ocrx_word' id='word_1_643' title='bbox 1146 4417 1265 4471; x_wconf 88' lang='lat' dir='ltr'><strong>fons</strong></span> <span class='ocrx_word' id='word_1_644' title='bbox 1294 4417 1389 4472; x_wconf 89' lang='lat' dir='ltr'><strong>Dei</strong></span> <span class='ocrx_word' id='word_1_645' title='bbox 1417 4426 1519 4480; x_wconf 89' lang='lat' dir='ltr'><strong>est,</strong></span> <span class='ocrx_word' id='word_1_646' title='bbox 1548 4416 1676 4484; x_wconf 91' lang='lat' dir='ltr'><strong>quid</strong></span> <span class='ocrx_word' id='word_1_647' title='bbox 1703 4415 1856 4469; x_wconf 87' lang='lat' dir='ltr'><strong>nobis</strong></span> 
     </span>
    </p>
   </div>
   <div class='ocr_carea' id='block_1_88' title="bbox 1962 4414 3527 4493">
    <p class='ocr_par' dir='ltr' id='par_1_88' title="bbox 1962 4414 3527 4490">
     <span class='ocr_line' id='line_1_88' title="bbox 1962 4414 3527 4490; baseline -0.005 -15"><span class='ocrx_word' id='word_1_648' title='bbox 1962 4420 2299 4490; x_wconf 88' lang='lat' dir='ltr'><strong>sapientiam.</strong></span> <span class='ocrx_word' id='word_1_649' title='bbox 2358 4418 2419 4474; x_wconf 85' lang='lat' dir='ltr'><strong>Si</strong></span> <span class='ocrx_word' id='word_1_650' title='bbox 2461 4417 2576 4488; x_wconf 90' lang='lat' dir='ltr'><strong>quis</strong></span> <span class='ocrx_word' id='word_1_651' title='bbox 2620 4415 2822 4470; x_wconf 77' lang='lat' dir='ltr'><strong>videtur</strong></span> <span class='ocrx_word' id='word_1_652' title='bbox 2850 4414 3055 4483; x_wconf 85' lang='lat' dir='ltr'><strong>sapiens</strong></span> <span class='ocrx_word' id='word_1_653' title='bbox 3080 4430 3188 4466; x_wconf 85' lang='lat' dir='ltr'><strong>esse</strong></span> <span class='ocrx_word' id='word_1_654' title='bbox 3215 4416 3269 4466; x_wconf 88' lang='lat' dir='ltr'><strong>in</strong></span> <span class='ocrx_word' id='word_1_655' title='bbox 3306 4414 3402 4466; x_wconf 82' lang='lat' dir='ltr'><strong>hoc</strong></span> <span class='ocrx_word' id='word_1_656' title='bbox 3428 4428 3527 4467; x_wconf 74' lang='lat' dir='ltr'><strong>ste-</strong></span> 
     </span>
    </p>
   </div>
   <div class='ocr_carea' id='block_1_89' title="bbox 262 4489 3521 4583">
    <p class='ocr_par' dir='ltr' id='par_1_89' title="bbox 262 4489 3521 4583">
     <span class='ocr_line' id='line_1_89' title="bbox 262 4489 3521 4583; baseline -0.005 -8"><span class='ocrx_word' id='word_1_657' title='bbox 262 4489 1018 4583; x_wconf 23' lang='lat' dir='ltr'><strong>ascribitis,quasiwaliquid</strong></span> <span class='ocrx_word' id='word_1_658' title='bbox 1071 4517 1257 4564; x_wconf 88' lang='lat' dir='ltr'><strong>nostra</strong></span> <span class='ocrx_word' id='word_1_659' title='bbox 1298 4508 1494 4581; x_wconf 83' lang='lat' dir='ltr'><strong>virtute</strong></span> <span class='ocrx_word' id='word_1_660' title='bbox 1537 4506 1859 4561; x_wconf 85' lang='lat' dir='ltr'><strong>fecerimus?</strong></span> <span class='ocrx_word' id='word_1_661' title='bbox 1884 4489 1937 4547; x_wconf 81' lang='grc' dir='ltr'>Ῑ)</span> <span class='ocrx_word' id='word_1_662' title='bbox 1961 4489 2098 4566; x_wconf 85' lang='lat' dir='ltr'><strong>culo.</strong></span> <span class='ocrx_word' id='word_1_663' title='bbox 2156 4511 2214 4565; x_wconf 88' lang='lat' dir='ltr'><strong>In</strong></span> <span class='ocrx_word' id='word_1_664' title='bbox 2247 4511 2483 4564; x_wconf 89' lang='lat' dir='ltr'><strong>humana</strong></span> <span class='ocrx_word' id='word_1_665' title='bbox 2534 4508 2817 4577; x_wconf 90' lang='lat' dir='ltr'><strong>sapientia.</strong></span> <span class='ocrx_word' id='word_1_666' title='bbox 2877 4504 3082 4561; x_wconf 86' lang='lat' dir='ltr'><strong>Stultus</strong></span> <span class='ocrx_word' id='word_1_667' title='bbox 3119 4505 3235 4573; x_wconf 77' lang='lat' dir='ltr'><strong>ﬁat.</strong></span> <span class='ocrx_word' id='word_1_668' title='bbox 3273 4503 3389 4559; x_wconf 88' lang='lat' dir='ltr'><strong>lloc</strong></span> <span class='ocrx_word' id='word_1_669' title='bbox 3418 4517 3521 4567; x_wconf 75' lang='lat' dir='ltr'><strong>eat,</strong></span> 
     </span>
    </p>
   </div>
   <div class='ocr_carea' id='block_1_90' title="bbox 260 4593 3527 4679">
    <p class='ocr_par' dir='ltr' id='par_1_90' title="bbox 260 4593 3527 4679">
     <span class='ocr_line' id='line_1_90' title="bbox 260 4593 3527 4679; baseline -0.003 -17"><span class='ocrx_word' id='word_1_670' title='bbox 260 4609 387 4679; x_wconf 64' lang='lat' dir='ltr'><strong>Ego</strong></span> <span class='ocrx_word' id='word_1_671' title='bbox 434 4601 700 4677; x_wconf 77' lang='lat' dir='ltr'><strong>plantavi.</strong></span> <span class='ocrx_word' id='word_1_672' title='bbox 752 4599 902 4653; x_wconf 84' lang='lat' dir='ltr'><strong>Fide.</strong></span> <span class='ocrx_word' id='word_1_673' title='bbox 954 4596 1137 4667; x_wconf 80' lang='lat' dir='ltr'><strong>Apollo</strong></span> <span class='ocrx_word' id='word_1_674' title='bbox 1180 4597 1385 4665; x_wconf 81' lang='lat' dir='ltr'><strong>rigavit.</strong></span> <span class='ocrx_word' id='word_1_675' title='bbox 1438 4594 1725 4664; x_wconf 84' lang='lat' dir='ltr'><strong>Baptismo,</strong></span> <span class='ocrx_word' id='word_1_676' title='bbox 1770 4596 1855 4649; x_wconf 86' lang='lat' dir='ltr'><strong>vel</strong></span> <span class='ocrx_word' id='word_1_677' title='bbox 1963 4600 2148 4656; x_wconf 88' lang='lat' dir='ltr'><strong>credat</strong></span> <span class='ocrx_word' id='word_1_678' title='bbox 2191 4600 2361 4654; x_wconf 88' lang='lat' dir='ltr'><strong>Deum</strong></span> <span class='ocrx_word' id='word_1_679' title='bbox 2413 4598 2752 4663; x_wconf 83' lang='lat' dir='ltr'><strong>cruciﬁxum,</strong></span> <span class='ocrx_word' id='word_1_680' title='bbox 2799 4596 2943 4665; x_wconf 90' lang='lat' dir='ltr'><strong>quod</strong></span> <span class='ocrx_word' id='word_1_681' title='bbox 2992 4596 3219 4650; x_wconf 88' lang='lat' dir='ltr'><strong>stultitia</strong></span> <span class='ocrx_word' id='word_1_682' title='bbox 3262 4603 3349 4650; x_wconf 88' lang='lat' dir='ltr'><strong>est</strong></span> <span class='ocrx_word' id='word_1_683' title='bbox 3386 4593 3527 4651; x_wconf 86' lang='lat' dir='ltr'><strong>Gen-</strong></span> 
     </span>
    </p>
   </div>
   <div class='ocr_carea' id='block_1_91' title="bbox 258 4684 3524 4761">
    <p class='ocr_par' dir='ltr' id='par_1_91' title="bbox 258 4684 3524 4761">
     <span class='ocr_line' id='line_1_91' title="bbox 258 4684 3524 4761; baseline -0.005 -6"><span class='ocrx_word' id='word_1_684' title='bbox 258 4699 549 4755; x_wconf 78' lang='lat' dir='ltr'><strong>doctrina.</strong></span> <span class='ocrx_word' id='word_1_685' title='bbox 588 4691 695 4747; x_wconf 80' lang='lat' dir='ltr'><strong>Sed</strong></span> <span class='ocrx_word' id='word_1_686' title='bbox 720 4690 860 4743; x_wconf 59' lang='lat' dir='ltr'><strong>De“!</strong></span> <span class='ocrx_word' id='word_1_687' title='bbox 883 4689 1248 4742; x_wconf 64' lang='lat' dir='ltr'><strong>incrementum</strong></span> <span class='ocrx_word' id='word_1_688' title='bbox 1276 4684 1438 4737; x_wconf 73' lang='grc' dir='ltr'><strong>άεάίτ·</strong></span> <span class='ocrx_word' id='word_1_689' title='bbox 1466 4684 1523 4737; x_wconf 68' lang='lat' dir='ltr'><strong>In</strong></span> <span class='ocrx_word' id='word_1_690' title='bbox 1549 4685 1704 4739; x_wconf 80' lang='lat' dir='ltr'><strong>bonis</strong></span> <span class='ocrx_word' id='word_1_691' title='bbox 1734 4700 1860 4755; x_wconf 84' lang='lat' dir='ltr'><strong>Ope-</strong></span> <span class='ocrx_word' id='word_1_692' title='bbox 1966 4692 2128 4756; x_wconf 87' lang='lat' dir='ltr'><strong>tibus,</strong></span> <span class='ocrx_word' id='word_1_693' title='bbox 2185 4689 2505 4761; x_wconf 88' lang='lat' dir='ltr'><strong>percutienti</strong></span> <span class='ocrx_word' id='word_1_694' title='bbox 2539 4689 2778 4757; x_wconf 70' lang='lat' dir='ltr'><strong>praebere</strong></span> <span class='ocrx_word' id='word_1_695' title='bbox 2825 4688 3051 4742; x_wconf 76' lang='lat' dir='ltr'><strong>altefam</strong></span> <span class='ocrx_word' id='word_1_696' title='bbox 3095 4686 3387 4748; x_wconf 83' lang='lat' dir='ltr'><strong>maxillam,</strong></span> <span class='ocrx_word' id='word_1_697' title='bbox 3420 4700 3524 4740; x_wconf 85' lang='lat' dir='ltr'><strong>non</strong></span> 
     </span>
    </p>
   </div>
   <div class='ocr_carea' id='block_1_92' title="bbox 260 4773 3522 4851">
    <p class='ocr_par' dir='ltr' id='par_1_92' title="bbox 260 4773 3522 4851">
     <span class='ocr_line' id='line_1_92' title="bbox 260 4773 3522 4851; baseline -0.004 -12"><span class='ocrx_word' id='word_1_698' title='bbox 260 4794 450 4847; x_wconf 69' lang='lat' dir='ltr'><strong>ribus.</strong></span> <span class='ocrx_word' id='word_1_699' title='bbox 509 4785 600 4839; x_wconf 77' lang='grc' dir='ltr'><em>ιω</em></span> <span class='ocrx_word' id='word_1_700' title='bbox 636 4797 800 4851; x_wconf 87' lang='lat' dir='ltr'><strong>neque</strong></span> <span class='ocrx_word' id='word_1_701' title='bbox 839 4779 926 4849; x_wconf 91' lang='lat' dir='ltr'><strong>qui</strong></span> <span class='ocrx_word' id='word_1_702' title='bbox 966 4778 1166 4847; x_wconf 87' lang='lat' dir='ltr'><strong>plantat</strong></span> <span class='ocrx_word' id='word_1_703' title='bbox 1214 4784 1289 4829; x_wconf 85' lang='lat' dir='ltr'><strong>est</strong></span> <span class='ocrx_word' id='word_1_704' title='bbox 1330 4773 1548 4843; x_wconf 85' lang='lat' dir='ltr'><strong>aliquid.</strong></span> <span class='ocrx_word' id='word_1_705' title='bbox 1600 4774 1711 4830; x_wconf 87' lang='lat' dir='ltr'><strong>Nisi</strong></span> <span class='ocrx_word' id='word_1_706' title='bbox 1757 4776 1861 4831; x_wconf 92' lang='lat' dir='ltr'><strong>Do-</strong></span> <span class='ocrx_word' id='word_1_707' title='bbox 1966 4780 2153 4835; x_wconf 89' lang='lat' dir='ltr'><strong>reddat</strong></span> <span class='ocrx_word' id='word_1_708' title='bbox 2206 4778 2405 4832; x_wconf 90' lang='lat' dir='ltr'><strong>malum</strong></span> <span class='ocrx_word' id='word_1_709' title='bbox 2446 4791 2546 4846; x_wconf 86' lang='lat' dir='ltr'><strong>pro</strong></span> <span class='ocrx_word' id='word_1_710' title='bbox 2580 4776 2722 4830; x_wconf 87' lang='lat' dir='ltr'><strong>malo</strong></span> <span class='ocrx_word' id='word_1_711' title='bbox 2755 4792 2914 4845; x_wconf 85' lang='lat' dir='ltr'><strong>:que</strong></span> <span class='ocrx_word' id='word_1_712' title='bbox 2966 4775 3146 4831; x_wconf 91' lang='lat' dir='ltr'><strong>omnia</strong></span> <span class='ocrx_word' id='word_1_713' title='bbox 3175 4774 3327 4843; x_wconf 88' lang='lat' dir='ltr'><strong>quasi</strong></span> <span class='ocrx_word' id='word_1_714' title='bbox 3360 4773 3522 4827; x_wconf 86' lang='lat' dir='ltr'><strong>stulta</strong></span> 
     </span>
    </p>
   </div>
   <div class='ocr_carea' id='block_1_93' title="bbox 256 4862 3530 4937">
    <p class='ocr_par' dir='ltr' id='par_1_93' title="bbox 256 4862 3530 4937">
     <span class='ocr_line' id='line_1_93' title="bbox 256 4862 3530 4937; baseline -0.007 1"><span class='ocrx_word' id='word_1_715' title='bbox 256 4885 461 4937; x_wconf 68' lang='lat' dir='ltr'><strong>uinus</strong></span> <span class='ocrx_word' id='word_1_716' title='bbox 500 4878 903 4931; x_wconf 86' lang='lat' dir='ltr'><strong>incrementum</strong></span> <span class='ocrx_word' id='word_1_717' title='bbox 936 4870 1160 4931; x_wconf 88' lang='lat' dir='ltr'><strong>dederit,</strong></span> <span class='ocrx_word' id='word_1_718' title='bbox 1193 4869 1310 4922; x_wconf 85' lang='lat' dir='ltr'><strong>sine</strong></span> <span class='ocrx_word' id='word_1_719' title='bbox 1340 4882 1502 4921; x_wconf 89' lang='lat' dir='ltr'><strong>causa</strong></span> <span class='ocrx_word' id='word_1_720' title='bbox 1532 4866 1859 4922; x_wconf 84' lang='lat' dir='ltr'><strong>laboramus.</strong></span> <span class='ocrx_word' id='word_1_721' title='bbox 1966 4885 2087 4925; x_wconf 88' lang='lat' dir='ltr'><strong>esse</strong></span> <span class='ocrx_word' id='word_1_722' title='bbox 2139 4869 2429 4923; x_wconf 86' lang='lat' dir='ltr'><strong>videntur:</strong></span> <span class='ocrx_word' id='word_1_723' title='bbox 2465 4865 2736 4937; x_wconf 86' lang='lat' dir='ltr'><strong>Sapientia</strong></span> <span class='ocrx_word' id='word_1_724' title='bbox 2786 4867 2923 4920; x_wconf 84' lang='lat' dir='ltr'><strong>enim</strong></span> <span class='ocrx_word' id='word_1_725' title='bbox 2974 4865 3131 4935; x_wconf 85' lang='lat' dir='ltr'><strong>hujus</strong></span> <span class='ocrx_word' id='word_1_726' title='bbox 3167 4863 3366 4917; x_wconf 86' lang='lat' dir='ltr'><strong>mundi.</strong></span> <span class='ocrx_word' id='word_1_727' title='bbox 3404 4862 3530 4921; x_wconf 63' lang='lat' dir='ltr'><strong>lltec</strong></span> 
     </span>
    </p>
   </div>
   <div class='ocr_carea' id='block_1_94' title="bbox 249 4952 3528 5030">
    <p class='ocr_par' dir='ltr' id='par_1_94' title="bbox 249 4952 3528 5030">
     <span class='ocr_line' id='line_1_94' title="bbox 249 4952 3528 5030; baseline -0.005 -5"><span class='ocrx_word' id='word_1_728' title='bbox 249 4975 377 5030; x_wconf 68' lang='lat' dir='ltr'><strong>Nos</strong></span> <span class='ocrx_word' id='word_1_729' title='bbox 420 4964 758 5025; x_wconf 81' lang='lat' dir='ltr'><strong>mercenarii</strong></span> <span class='ocrx_word' id='word_1_730' title='bbox 797 4977 982 5018; x_wconf 88' lang='lat' dir='ltr'><strong>sumus</strong></span> <span class='ocrx_word' id='word_1_731' title='bbox 1024 4962 1077 5015; x_wconf 89' lang='lat' dir='ltr'><strong>in</strong></span> <span class='ocrx_word' id='word_1_732' title='bbox 1119 4974 1247 5028; x_wconf 86' lang='lat' dir='ltr'><strong>agro</strong></span> <span class='ocrx_word' id='word_1_733' title='bbox 1285 4959 1486 5021; x_wconf 87' lang='lat' dir='ltr'><strong>alieno,</strong></span> <span class='ocrx_word' id='word_1_734' title='bbox 1527 4958 1717 5012; x_wconf 84' lang='lat' dir='ltr'><strong>alienis</strong></span> <span class='ocrx_word' id='word_1_735' title='bbox 1754 4960 1861 5012; x_wconf 57' lang='lat' dir='ltr'><strong>‘uti-</strong></span> <span class='ocrx_word' id='word_1_736' title='bbox 1966 4968 2088 5015; x_wconf 88' lang='lat' dir='ltr'><strong>est:</strong></span> <span class='ocrx_word' id='word_1_737' title='bbox 2120 4958 2321 5012; x_wconf 89' lang='lat' dir='ltr'><strong>malum</strong></span> <span class='ocrx_word' id='word_1_738' title='bbox 2351 4973 2450 5028; x_wconf 92' lang='lat' dir='ltr'><strong>pro</strong></span> <span class='ocrx_word' id='word_1_739' title='bbox 2493 4956 2635 5010; x_wconf 92' lang='lat' dir='ltr'><strong>malo</strong></span> <span class='ocrx_word' id='word_1_740' title='bbox 2663 4954 2927 5009; x_wconf 89' lang='lat' dir='ltr'><strong>reddere:</strong></span> <span class='ocrx_word' id='word_1_741' title='bbox 2960 4953 3046 5007; x_wconf 88' lang='lat' dir='ltr'><strong>vel</strong></span> <span class='ocrx_word' id='word_1_742' title='bbox 3087 4952 3528 5022; x_wconf 86' lang='lat' dir='ltr'><strong>philosophorum</strong></span> 
     </span>
    </p>
   </div>
   <div class='ocr_carea' id='block_1_95' title="bbox 248 5044 3530 5124">
    <p class='ocr_par' dir='ltr' id='par_1_95' title="bbox 248 5044 3530 5124">
     <span class='ocr_line' id='line_1_95' title="bbox 248 5044 3530 5124; baseline -0.005 -5"><span class='ocrx_word' id='word_1_743' title='bbox 248 5082 394 5124; x_wconf 76' lang='lat' dir='ltr'><strong>mur</strong></span> <span class='ocrx_word' id='word_1_744' title='bbox 460 5056 814 5115; x_wconf 78' lang='lat' dir='ltr'><strong>ferramentis</strong></span> <span class='ocrx_word' id='word_1_745' title='bbox 849 5071 863 5107; x_wconf 75' lang='grc' dir='ltr'><strong><em>τ</em></strong></span> <span class='ocrx_word' id='word_1_746' title='bbox 915 5053 1047 5106; x_wconf 88' lang='lat' dir='ltr'><strong>nihil</strong></span> <span class='ocrx_word' id='word_1_747' title='bbox 1095 5052 1356 5106; x_wconf 89' lang='lat' dir='ltr'><strong>habemus</strong></span> <span class='ocrx_word' id='word_1_748' title='bbox 1400 5051 1707 5119; x_wconf 90' lang='lat' dir='ltr'><strong>proprium,</strong></span> <span class='ocrx_word' id='word_1_749' title='bbox 1753 5052 1857 5106; x_wconf 90' lang='lat' dir='ltr'><strong>nisi</strong></span> <span class='ocrx_word' id='word_1_750' title='bbox 1964 5052 2147 5109; x_wconf 83' lang='lat' dir='ltr'><strong>inﬂata</strong></span> <span class='ocrx_word' id='word_1_751' title='bbox 2175 5050 2398 5106; x_wconf 88' lang='lat' dir='ltr'><strong>scientia</strong></span> <span class='ocrx_word' id='word_1_752' title='bbox 2429 5057 2588 5116; x_wconf 88' lang='lat' dir='ltr'><strong>atque</strong></span> <span class='ocrx_word' id='word_1_753' title='bbox 2613 5055 2855 5101; x_wconf 88' lang='lat' dir='ltr'><strong>ventosa.</strong></span> <span class='ocrx_word' id='word_1_754' title='bbox 2880 5044 3107 5097; x_wconf 87' lang='lat' dir='ltr'><strong>Nescitis</strong></span> <span class='ocrx_word' id='word_1_755' title='bbox 3127 5046 3375 5114; x_wconf 87' lang='lat' dir='ltr'><strong>quoniam</strong></span> <span class='ocrx_word' id='word_1_756' title='bbox 3401 5056 3530 5101; x_wconf 83' lang='lat' dir='ltr'><strong>tem-</strong></span> 
     </span>
    </p>
   </div>
   <div class='ocr_carea' id='block_1_96' title="bbox 244 5133 3527 5215">
    <p class='ocr_par' dir='ltr' id='par_1_96' title="bbox 244 5133 3527 5215">
     <span class='ocr_line' id='line_1_96' title="bbox 244 5133 3527 5215; baseline -0.005 -7"><span class='ocrx_word' id='word_1_757' title='bbox 244 5152 591 5214; x_wconf 49' lang='lat' dir='ltr'><strong>nes-cedem</strong></span> <span class='ocrx_word' id='word_1_758' title='bbox 622 5146 794 5203; x_wconf 86' lang='lat' dir='ltr'><strong>nostri</strong></span> <span class='ocrx_word' id='word_1_759' title='bbox 821 5144 1042 5200; x_wconf 87' lang='lat' dir='ltr'><strong>laboris.</strong></span> <span class='ocrx_word' id='word_1_760' title='bbox 1072 5142 1169 5197; x_wconf 86' lang='lat' dir='ltr'><strong>Dei</strong></span> <span class='ocrx_word' id='word_1_761' title='bbox 1200 5144 1332 5196; x_wconf 90' lang='lat' dir='ltr'><strong>enim</strong></span> <span class='ocrx_word' id='word_1_762' title='bbox 1363 5158 1543 5195; x_wconf 85' lang='lat' dir='ltr'><strong>sumus</strong></span> <span class='ocrx_word' id='word_1_763' title='bbox 1567 5141 1854 5211; x_wconf 83' lang='lat' dir='ltr'><strong>adjutores.</strong></span> <span class='ocrx_word' id='word_1_764' title='bbox 1961 5144 2106 5215; x_wconf 82' lang='lat' dir='ltr'><strong>plum</strong></span> <span class='ocrx_word' id='word_1_765' title='bbox 2153 5142 2251 5196; x_wconf 85' lang='lat' dir='ltr'><strong>Dei</strong></span> <span class='ocrx_word' id='word_1_766' title='bbox 2305 5140 2446 5194; x_wconf 86' lang='lat' dir='ltr'><strong>estis.</strong></span> <span class='ocrx_word' id='word_1_767' title='bbox 2479 5138 2558 5193; x_wconf 78' lang='lat' dir='ltr'><strong>Ae</strong></span> <span class='ocrx_word' id='word_1_768' title='bbox 2582 5138 2627 5193; x_wconf 91' lang='lat' dir='ltr'><strong>si</strong></span> <span class='ocrx_word' id='word_1_769' title='bbox 2674 5137 2879 5191; x_wconf 89' lang='lat' dir='ltr'><strong>diceret</strong></span> <span class='ocrx_word' id='word_1_770' title='bbox 2905 5152 2916 5185; x_wconf 91' lang='lat'>:</span> <span class='ocrx_word' id='word_1_771' title='bbox 2948 5133 3073 5188; x_wconf 86' lang='lat' dir='ltr'><strong>Ideo</strong></span> <span class='ocrx_word' id='word_1_772' title='bbox 3113 5151 3328 5201; x_wconf 87' lang='lat' dir='ltr'><strong>aumm,</strong></span> <span class='ocrx_word' id='word_1_773' title='bbox 3353 5145 3409 5192; x_wconf 90' lang='lat' dir='ltr'><strong>et</strong></span> <span class='ocrx_word' id='word_1_774' title='bbox 3436 5155 3527 5192; x_wconf 88' lang='lat' dir='ltr'><strong>ar-</strong></span> 
     </span>
    </p>
   </div>
   <div class='ocr_carea' id='block_1_97' title="bbox 242 5224 3527 5311">
    <p class='ocr_par' dir='ltr' id='par_1_97' title="bbox 242 5224 3527 5311">
     <span class='ocr_line' id='line_1_97' title="bbox 242 5224 3527 5311; baseline -0.007 -7"><span class='ocrx_word' id='word_1_775' title='bbox 242 5250 602 5305; x_wconf 79' lang='lat' dir='ltr'><strong>Plantantes</strong></span> <span class='ocrx_word' id='word_1_776' title='bbox 648 5249 706 5295; x_wconf 88' lang='lat' dir='ltr'><strong>et</strong></span> <span class='ocrx_word' id='word_1_777' title='bbox 746 5239 990 5311; x_wconf 83' lang='lat' dir='ltr'><strong>rigantes</strong></span> <span class='ocrx_word' id='word_1_778' title='bbox 1017 5235 1231 5289; x_wconf 87' lang='lat' dir='ltr'><strong>vineam</strong></span> <span class='ocrx_word' id='word_1_779' title='bbox 1277 5233 1411 5304; x_wconf 83' lang='lat' dir='ltr'><strong>ejus.</strong></span> <span class='ocrx_word' id='word_1_780' title='bbox 1455 5232 1552 5286; x_wconf 87' lang='lat' dir='ltr'><strong>Dei</strong></span> <span class='ocrx_word' id='word_1_781' title='bbox 1579 5232 1856 5301; x_wconf 75' lang='lat' dir='ltr'><strong>mdiﬁcatio</strong></span> <span class='ocrx_word' id='word_1_782' title='bbox 1964 5243 2204 5307; x_wconf 68' lang='lat' dir='ltr'><strong>genium,</strong></span> <span class='ocrx_word' id='word_1_783' title='bbox 2243 5239 2299 5287; x_wconf 81' lang='lat' dir='ltr'><strong>et</strong></span> <span class='ocrx_word' id='word_1_784' title='bbox 2341 5229 2547 5300; x_wconf 86' lang='lat' dir='ltr'><strong>lapides</strong></span> <span class='ocrx_word' id='word_1_785' title='bbox 2598 5226 2864 5297; x_wconf 71' lang='lat' dir='ltr'><strong>pretiOSOs</strong></span> <span class='ocrx_word' id='word_1_786' title='bbox 2909 5224 3354 5293; x_wconf 64' lang='lat' dir='ltr'><strong>supermdiiicate,</strong></span> <span class='ocrx_word' id='word_1_787' title='bbox 3401 5230 3527 5296; x_wconf 88' lang='lat' dir='ltr'><strong>quia</strong></span> 
     </span>
    </p>
   </div>
   <div class='ocr_carea' id='block_1_98' title="bbox 232 5314 3530 5395">
    <p class='ocr_par' dir='ltr' id='par_1_98' title="bbox 232 5314 3530 5395">
     <span class='ocr_line' id='line_1_98' title="bbox 232 5314 3530 5395; baseline -0.005 -7"><span class='ocrx_word' id='word_1_788' title='bbox 232 5338 412 5394; x_wconf 63' lang='lat' dir='ltr'><strong>uris.</strong></span> <span class='ocrx_word' id='word_1_789' title='bbox 461 5331 580 5387; x_wconf 76' lang='lat' dir='ltr'><strong>Hoc</strong></span> <span class='ocrx_word' id='word_1_790' title='bbox 614 5337 703 5385; x_wconf 88' lang='lat' dir='ltr'><strong>est</strong></span> <span class='ocrx_word' id='word_1_791' title='bbox 736 5325 998 5395; x_wconf 86' lang='lat' dir='ltr'><strong>templum</strong></span> <span class='ocrx_word' id='word_1_792' title='bbox 1035 5322 1152 5377; x_wconf 92' lang='lat' dir='ltr'><strong>Dei.</strong></span> <span class='ocrx_word' id='word_1_793' title='bbox 1192 5322 1338 5375; x_wconf 81' lang='lat' dir='ltr'><strong>Alius</strong></span> <span class='ocrx_word' id='word_1_794' title='bbox 1372 5320 1771 5391; x_wconf 67' lang='lat' dir='ltr'><strong>superaediﬁcat.</strong></span> <span class='ocrx_word' id='word_1_795' title='bbox 1800 5318 1859 5373; x_wconf 88' lang='lat' dir='ltr'><strong>Id</strong></span> <span class='ocrx_word' id='word_1_796' title='bbox 1964 5325 2219 5395; x_wconf 85' lang='lat' dir='ltr'><strong>templum</strong></span> <span class='ocrx_word' id='word_1_797' title='bbox 2247 5321 2343 5376; x_wconf 91' lang='lat' dir='ltr'><strong>Dei</strong></span> <span class='ocrx_word' id='word_1_798' title='bbox 2369 5320 2523 5383; x_wconf 90' lang='lat' dir='ltr'><strong>estis,</strong></span> <span class='ocrx_word' id='word_1_799' title='bbox 2553 5325 2607 5371; x_wconf 91' lang='lat' dir='ltr'><strong>et</strong></span> <span class='ocrx_word' id='word_1_800' title='bbox 2638 5316 2765 5370; x_wconf 90' lang='lat' dir='ltr'><strong>dum</strong></span> <span class='ocrx_word' id='word_1_801' title='bbox 2793 5328 2901 5369; x_wconf 89' lang='lat' dir='ltr'><strong>non</strong></span> <span class='ocrx_word' id='word_1_802' title='bbox 2934 5314 3073 5369; x_wconf 90' lang='lat' dir='ltr'><strong>bene</strong></span> <span class='ocrx_word' id='word_1_803' title='bbox 3116 5314 3394 5370; x_wconf 77' lang='lat' dir='ltr'><strong>aedificans</strong></span> <span class='ocrx_word' id='word_1_804' title='bbox 3416 5318 3530 5384; x_wconf 86' lang='lat' dir='ltr'><strong>pri-</strong></span> 
     </span>
    </p>
   </div>
   <div class='ocr_carea' id='block_1_99' title="bbox 232 5407 3530 5494">
    <p class='ocr_par' dir='ltr' id='par_1_99' title="bbox 232 5407 3530 5494">
     <span class='ocr_line' id='line_1_99' title="bbox 232 5407 3530 5494; baseline -0.003 -14"><span class='ocrx_word' id='word_1_805' title='bbox 232 5438 366 5494; x_wconf 73' lang='lat' dir='ltr'><strong>est,</strong></span> <span class='ocrx_word' id='word_1_806' title='bbox 404 5422 638 5494; x_wconf 82' lang='lat' dir='ltr'><strong>Apollo,</strong></span> <span class='ocrx_word' id='word_1_807' title='bbox 672 5418 763 5475; x_wconf 86' lang='lat' dir='ltr'><strong>vel</strong></span> <span class='ocrx_word' id='word_1_808' title='bbox 792 5417 934 5471; x_wconf 84' lang='lat' dir='ltr'><strong>alius</strong></span> <span class='ocrx_word' id='word_1_809' title='bbox 962 5414 1189 5484; x_wconf 74' lang='lat' dir='ltr'><strong>quilibet</strong></span> <span class='ocrx_word' id='word_1_810' title='bbox 1218 5413 1423 5467; x_wconf 58' lang='lat' dir='ltr'><strong>doctor;</strong></span> <span class='ocrx_word' id='word_1_811' title='bbox 1456 5411 1734 5476; x_wconf 79' lang='lat' dir='ltr'><strong>Quom0d0</strong></span> <span class='ocrx_word' id='word_1_812' title='bbox 1763 5426 1858 5464; x_wconf 79' lang='grc'><strong>511-</strong></span> <span class='ocrx_word' id='word_1_813' title='bbox 1963 5418 2198 5481; x_wconf 87' lang='lat' dir='ltr'><strong>vabitur,</strong></span> <span class='ocrx_word' id='word_1_814' title='bbox 2226 5421 2427 5484; x_wconf 86' lang='lat' dir='ltr'><strong>quanto</strong></span> <span class='ocrx_word' id='word_1_815' title='bbox 2464 5411 2637 5481; x_wconf 88' lang='lat' dir='ltr'><strong>magis</strong></span> <span class='ocrx_word' id='word_1_816' title='bbox 2687 5407 2892 5485; x_wconf 75' lang='lat' dir='ltr'><strong>violens</strong></span> <span class='ocrx_word' id='word_1_817' title='bbox 2926 5409 3169 5479; x_wconf 82' lang='lat' dir='ltr'><strong>peribit?</strong></span> <span class='ocrx_word' id='word_1_818' title='bbox 3201 5408 3376 5464; x_wconf 81' lang='lat' dir='ltr'><strong>Violat</strong></span> <span class='ocrx_word' id='word_1_819' title='bbox 3401 5427 3530 5469; x_wconf 88' lang='lat' dir='ltr'><strong>vero</strong></span> 
     </span>
    </p>
   </div>
   <div class='ocr_carea' id='block_1_100' title="bbox 230 5499 3525 5585">
    <p class='ocr_par' dir='ltr' id='par_1_100' title="bbox 230 5499 3525 5585">
     <span class='ocr_line' id='line_1_100' title="bbox 230 5499 3525 5585; baseline -0.004 -12"><span class='ocrx_word' id='word_1_820' title='bbox 230 5510 645 5585; x_wconf 54' lang='lat' dir='ltr'><strong>perndiﬂcat?</strong></span> <span class='ocrx_word' id='word_1_821' title='bbox 674 5515 735 5563; x_wconf 92' lang='lat' dir='ltr'><strong>ut</strong></span> <span class='ocrx_word' id='word_1_822' title='bbox 770 5506 1057 5577; x_wconf 76' lang='lat' dir='ltr'><strong>diligenter</strong></span> <span class='ocrx_word' id='word_1_823' title='bbox 1081 5503 1290 5568; x_wconf 83' lang='lat' dir='ltr'><strong>doceat,</strong></span> <span class='ocrx_word' id='word_1_824' title='bbox 1320 5508 1375 5555; x_wconf 82' lang='lat' dir='ltr'><strong>et</strong></span> <span class='ocrx_word' id='word_1_825' title='bbox 1409 5500 1819 5555; x_wconf 68' lang='lat' dir='ltr'><strong>rationabiliter.</strong></span> <span class='ocrx_word' id='word_1_826' title='bbox 1964 5521 2158 5575; x_wconf 90' lang='lat' dir='ltr'><strong>corpus</strong></span> <span class='ocrx_word' id='word_1_827' title='bbox 2190 5519 2346 5560; x_wconf 88' lang='lat' dir='ltr'><strong>suum</strong></span> <span class='ocrx_word' id='word_1_828' title='bbox 2392 5500 2690 5571; x_wconf 89' lang='lat' dir='ltr'><strong>peccando,</strong></span> <span class='ocrx_word' id='word_1_829' title='bbox 2724 5500 2835 5555; x_wconf 83' lang='lat' dir='ltr'><strong>sive</strong></span> <span class='ocrx_word' id='word_1_830' title='bbox 2856 5499 3156 5555; x_wconf 86' lang='lat' dir='ltr'><strong>Ecclesiam</strong></span> <span class='ocrx_word' id='word_1_831' title='bbox 3200 5513 3301 5569; x_wconf 89' lang='lat' dir='ltr'><strong>per</strong></span> <span class='ocrx_word' id='word_1_832' title='bbox 3327 5503 3525 5560; x_wconf 87' lang='lat' dir='ltr'><strong>malam</strong></span> 
     </span>
    </p>
   </div>
   <div class='ocr_carea' id='block_1_101' title="bbox 1963 5589 3527 5660">
    <p class='ocr_par' dir='ltr' id='par_1_101' title="bbox 1963 5589 3527 5660">
     <span class='ocr_line' id='line_1_101' title="bbox 1963 5589 3527 5660; baseline -0.001 -9"><span class='ocrx_word' id='word_1_833' title='bbox 1963 5596 2261 5651; x_wconf 84' lang='lat' dir='ltr'><strong>doctrinam</strong></span> <span class='ocrx_word' id='word_1_834' title='bbox 2310 5592 2631 5658; x_wconf 89' lang='lat' dir='ltr'><strong>seducendo,</strong></span> <span class='ocrx_word' id='word_1_835' title='bbox 2687 5592 2800 5646; x_wconf 88' lang='lat' dir='ltr'><strong>sive</strong></span> <span class='ocrx_word' id='word_1_836' title='bbox 2861 5589 3166 5659; x_wconf 80' lang='lat' dir='ltr'><strong>exemplum</strong></span> <span class='ocrx_word' id='word_1_837' title='bbox 3211 5606 3527 5660; x_wconf 83' lang='lat' dir='ltr'><strong>perversum</strong></span> 
     </span>
    </p>
   </div>
   <div class='ocr_carea' id='block_1_102' title="bbox 1962 5680 3528 5754">
    <p class='ocr_par' dir='ltr' id='par_1_102' title="bbox 1962 5680 3528 5754">
     <span class='ocr_line' id='line_1_102' title="bbox 1962 5680 3528 5754; baseline -0.002 -12"><span class='ocrx_word' id='word_1_838' title='bbox 1962 5684 2311 5742; x_wconf 87' lang='lat' dir='ltr'><strong>ostendendo.</strong></span> <span class='ocrx_word' id='word_1_839' title='bbox 2380 5683 2767 5754; x_wconf 81' lang='lat' dir='ltr'><strong>Reprehendam</strong></span> <span class='ocrx_word' id='word_1_840' title='bbox 2813 5681 3089 5751; x_wconf 80' lang='lat' dir='ltr'><strong>sapientes.</strong></span> <span class='ocrx_word' id='word_1_841' title='bbox 3139 5680 3221 5737; x_wconf 70' lang='lat' dir='ltr'><strong>Ad</strong></span> <span class='ocrx_word' id='word_1_842' title='bbox 3271 5682 3528 5748; x_wconf 73' lang='lat' dir='ltr'><strong>eﬂ&#39;ugien-</strong></span> 
     </span>
    </p>
   </div>
   <div class='ocr_carea' id='block_1_103' title="bbox 314 5592 1856 5661">
    <p class='ocr_par' dir='ltr' id='par_1_103' title="bbox 314 5592 1856 5661">
     <span class='ocr_line' id='line_1_103' title="bbox 314 5592 1856 5661; baseline -0.012 -1"><span class='ocrx_word' id='word_1_843' title='bbox 314 5602 790 5661; x_wconf 66' lang='lat' dir='ltr'><strong>Fundamentum</strong></span> <span class='ocrx_word' id='word_1_844' title='bbox 838 5595 978 5650; x_wconf 85' lang='lat' dir='ltr'><strong>enim</strong></span> <span class='ocrx_word' id='word_1_845' title='bbox 1027 5592 1173 5647; x_wconf 83' lang='lat' dir='ltr'><strong>aliud</strong></span> <span class='ocrx_word' id='word_1_846' title='bbox 1223 5606 1372 5646; x_wconf 85' lang='lat' dir='ltr'><strong>nemo</strong></span> <span class='ocrx_word' id='word_1_847' title='bbox 1423 5597 1587 5659; x_wconf 85' lang='lat' dir='ltr'><strong>potest</strong></span> <span class='ocrx_word' id='word_1_848' title='bbox 1645 5605 1856 5659; x_wconf 83' lang='lat' dir='ltr'><strong>ponere.</strong></span> 
     </span>
    </p>
   </div>
   <div class='ocr_carea' id='block_1_104' title="bbox 222 5677 1858 5758">
    <p class='ocr_par' dir='ltr' id='par_1_104' title="bbox 222 5677 1858 5758">
     <span class='ocr_line' id='line_1_104' title="bbox 222 5677 1858 5758; baseline -0.009 -8"><span class='ocrx_word' id='word_1_849' title='bbox 222 5698 375 5758; x_wconf 61' lang='lat' dir='ltr'><strong>Ean</strong></span> <span class='ocrx_word' id='word_1_850' title='bbox 412 5700 512 5748; x_wconf 78' lang='lat' dir='ltr'><strong>est</strong></span> <span class='ocrx_word' id='word_1_851' title='bbox 538 5691 682 5746; x_wconf 81' lang='lat' dir='ltr'><strong>alius</strong></span> <span class='ocrx_word' id='word_1_852' title='bbox 733 5686 1008 5751; x_wconf 84' lang='lat' dir='ltr'><strong>Christus,</strong></span> <span class='ocrx_word' id='word_1_853' title='bbox 1043 5697 1202 5753; x_wconf 90' lang='lat' dir='ltr'><strong>quem</strong></span> <span class='ocrx_word' id='word_1_854' title='bbox 1253 5680 1424 5751; x_wconf 88' lang='lat' dir='ltr'><strong>possit</strong></span> <span class='ocrx_word' id='word_1_855' title='bbox 1474 5677 1626 5733; x_wconf 83' lang='lat' dir='ltr'><strong>vobis</strong></span> <span class='ocrx_word' id='word_1_856' title='bbox 1664 5679 1858 5750; x_wconf 87' lang='lat' dir='ltr'><strong>aliquis</strong></span> 
     </span>
    </p>
   </div>
  </div>
