3974 6202
394 376 491 432 155

1765 347 2034 405 SEDULII
2071 344 2267 401 SCO'I'I

3518 331 3622 385 156

390 491 511 543 dam
548 498 765 542 manum
788 480 883 537 Dei
912 477 1059 532 nulla
1084 471 1465 539 suﬂ'ragabitur
1490 466 1703 521 illorum
1731 461 1951 516 astutia.
1983 464 2035 522 Α
2059 454 2330 527 apostolos
2367 451 2707 514 novissimos,
2755 465 2854 503 nos
2882 447 3122 501 omnium
3147 444 3367 498 ultimos
3392 444 3462 499 ad
3488 444 3627 500 Gem

393 576 521 633 Sive
573 576 677 629 hoc
720 570 819 625 sub
868 566 1086 622 Christo
1135 560 1405 630 impletur,
1445 554 1661 626 quando
1709 552 1957 606 vincebat

393 665 615 720 Set-ibas
638 668 692 715 et
716 655 1021 717 Phariseos,
1080 656 1256 705 astute
1286 652 1555 701 tentantes
1592 656 1713 696 eum
1739 641 1792 693 in
1815 652 1959 708 quae-

394 753 933 911 suginelrltZZShglorietur.
962 834 1035 890 Ut
1059 842 1143 887 est
1178 829 1309 885 illud
1333 847 1347 882 :
1404 825 1718 879 Maledictus
1743 820 1832 884 qui
1860 818 1959 871 ha-

396 935 473 988 bet
505 948 647 1001 spem
670 910 728 983 in
761 927 968 981 homine
1006 922 1141 995 (Jer.
1168 918 1327 990 xvn),
1368 918 1421 970 in
1446 917 1667 970 doctore
1692 910 1878 970 Paulo,
1906 915 1961 962 et

394 997 602 1095 Apollo,
658 1030 713 1075 et
747 1013 1212 1088 pseudoapostolo.
1272 1007 1402 1064 Sine
1448 1007 1575 1059 vita.
1610 1003 1746 1056 Dum
1773 997 1962 1095 perfl—

397 1115 506 1169 lam
535 1112 749 1169 servitis
777 1109 909 1172 Deo,
938 1116 998 1160 ut
1026 1100 1343 1159 mereamini
1380 1098 1545 1151 vitam
1572 1094 1829 1147 luturam.
1859 1087 1962 1143 Seu

399 1221 560 1260 mors.
615 1202 745 1270 Quae
795 1207 950 1270 porta
1012 1203 1093 1250 est
1113 1208 1212 1262 per
1266 1204 1429 1259 quam
1488 1187 1596 1240 itur
1624 1183 1691 1237 ad
1717 1194 1963 1251 regnum.

400 1295 541 1364 Ergo
567 1269 747 1347 omnia
782 1295 964 1344 creata
990 1293 1113 1340 sunt
1148 1289 1368 1351 propter
1412 1284 1648 1338 sanctos,
1691 1269 1817 1342 quia
1844 1286 1968 1325 cum

400 1383 537 1439 nihil
561 1383 815 1444 habeant,
847 1385 1039 1431 cuncta
1064 1373 1362 1444 possident.

1005 1502 1230 1560 CAPUT
1282 1500 1371 1555 tv.
1451 1486 1457 1491 ’

478 1629 544 1684 Ut
581 1627 844 1682 ministros
885 1618 1101 1674 Christi.
1154 1614 1281 1669 Non
1317 1607 1832 1675 ut-l‘undamentum.
1877 1600 1976 1655 Hic

403 1724 537 1793 jam.
574 1719 630 1773 Id
657 1723 758 1779 est,
789 1715 842 1767 in
875 1700 1618 1775 ministerioprmdicationis,
1647 1697 1732 1752 vel
1758 1696 1812 1750 in
1838 1708 1975 1763 prte-

2059 557 2142 604 tes
2168 557 2423 615 tanquam
2447 545 2515 598 ad
2554 549 2785 597 mortem
2828 539 3046 593 direxit.
3080 535 3412 591 Novissimos
3438 544 3624 590 autem

2059 639 2191 693 dicit
2242 646 2507 704 tempore,
2539 648 2645 687 non
2692 630 2911 684 merito.
2969 625 3075 682 Sed
3115 626 3335 696 quidam
3362 640 3428 680 ex
3475 625 3634 679 vobis

2058 734 2255 799 putant
2283 740 2381 780 nos
2403 738 2523 778 esse
2548 720 2871 775 novissimos
2899 715 3189 787 apostolos,
3219 729 3324 769 nec
3350 713 3634 782 dignitatis

2060 818 2257 873 merito
2289 815 2481 884 primis
2520 809 2776 881 apostolis
2818 805 3231 876 comparandos,
3277 804 3366 873 qui
3394 817 3633 872 praesen-

2063 916 2171 962 tem
2197 907 2249 961 in
2267 902 2444 959 carne
2468 901 2754 955 Dominum
2795 895 3040 951 comitati
3082 902 3229 948 sunt.
3256 893 3423 948 Primi
3450 901 3636 947 autem

2063 993 2289 1065 apostoli
2342 990 2618 1062 prophetae
2665 985 3056 1055 intelliguntur,
3107 982 3200 1051 qui
3235 981 3387 1036 missi
3436 991 3565 1037 sunt
3602 997 3637 1035 a

2066 1085 2194 1139 Deo.
2234 1079 2524 1136 Novissimi
2571 1091 2702 1131 vero
2730 1074 3037 1130 duodecim
3066 1072 3317 1141 apostoli,
3358 1080 3453 1127 aut
3474 1071 3638 1140 primi

2066 1173 2351 1228 duodecim
2390 1168 2639 1239 apostoli,
2679 1166 2771 1235 qui
2797 1173 2919 1219 ante
2947 1166 3256 1234 passionem
3290 1177 3444 1218 suam
3473 1177 3506 1215 a
3531 1163 3639 1216 Do-

2067 1264 2215 1319 mino
2244 1261 2402 1316 electi
2436 1266 2581 1312 sunt.
2637 1254 2925 1310 Novissimi
2971 1263 3153 1309 autem
3178 1253 3399 1317 Paulus,
3427 1262 3483 1307 et
3510 1252 3643 1306 Bar-

2070 1356 2262 1418 nabas,
2289 1361 2346 1406 et
2372 1350 2586 1420 Apollo,
2615 1347 2705 1417 qui
2735 1354 2923 1415 postea
2950 1354 3077 1401 sunt
3103 1346 3281 1400 electi.
3337 1345 3429 1401 Vel
3459 1346 3641 1400 novis-

2072 1446 2259 1507 simos,
2284 1456 2392 1494 non
2416 1440 2482 1492 ad
2510 1438 2775 1500 ordinem,
2806 1435 2899 1490 sed
2927 1436 2996 1490 ad
3025 1435 3483 1507 ministrationem
3510 1450 3641 1504 per—

2075 1535 2229 1596 tinet,
2259 1530 2416 1601 quasi
2443 1527 2665 1583 dixisset
2714 1526 3035 1580 novissimos
3062 1540 3183 1580 esse
3205 1503 3454 1589 miseros,
3483 1503 3537 1579 et
3561 1525 3644 1577 nl-

2078 1623 2237 1677 timos
2274 1619 2537 1682 omnium,
2572 1619 2713 1670 sicut
2741 1615 2922 1668 statim
2943 1613 3235 1684 subjungit.
3271 1613 3643 1684 Spectaculum

2078 1715 2204 1784 {acti
2257 1729 2457 1767 sumus.
2518 1710 2718 1765 Omnes
2770 1715 3018 1777 spectant
3060 1716 3271 1762 nostras
3301 1706 3540 1776 injurias.
3570 1708 3644 1762 Et

411 1784 547 1871 senti
597 1806 810 1864 saeculo.
850 1801 1136 1867 Quaeritur.
1200 1796 1241 1848 A
1288 1793 1444 1848 nobis
1495 1784 1970 1859 dispensatoribus.

2089 1803 2275 1876 angelis
2303 1811 2351 1856 et
2387 1800 2700 1855 hominibus.
2729 1798 2893 1853 Bonis
2919 1797 3171 1852 videlicet
3215 1806 3270 1852 et
3296 1798 3470 1852 malis.
3524 1797 3645 1852 Nos

413 1902 482 1956 Ut
535 1896 703 1969 ﬁdelis
756 1894 872 1964 quis
901 1889 1215 1944 inveniatur.
1249 1884 1363 1941 Hoc
1385 1889 1469 1936 est
1498 1887 1559 1934 ut
1604 1876 1975 1945 unusquisque

410 1993 751 2060 dispensator
786 1980 958 2036 ﬁdelis
993 1978 1123 2042 ﬁat;
1154 1992 1220 2030 ac
1270 1975 1317 2029 si
1344 1973 1585 2027 diceret:
1620 1969 1732 2023 Iloe
1769 1973 1977 2020 tantum

412 2059 722 2152 quaerimus,
749 2083 808 2129 ut
835 2071 1020 2127 ﬁdeles
1064 2068 1424 2129 inveniamur,
1452 2072 1507 2117 et
1556 2078 1661 2117 non
1687 2059 1979 2129 quaerimus

413 2146 617 2227 laudari
646 2184 676 2220 a
702 2164 855 2219 vobis
880 2180 893 2215 :
933 2161 1074 2215 unde
1104 2156 1332 2224 subjecit
1358 2174 1372 2207 :
1410 2153 1544 2207 Mihi
1569 2161 1742 2205 autem
1767 2164 1861 2219 pro
1882 2146 1981 2200 mi-

414 2267 553 2319 nimo
576 2270 672 2325 est,
710 2268 763 2312 ut
801 2274 833 2310 a
859 2254 997 2313 uobis
1026 2252 1258 2322 judicer.
1299 2247 1484 2302 Laude
1538 2245 1750 2314 dignus.
1782 2239 1885 2293 Aut
1915 2237 1979 2292 ab

412 2358 642 2409 Immone
674 2351 776 2404 die.
833 2346 938 2401 Sed
977 2343 1184 2398 Domini
1240 2342 1347 2404 die,
1380 2339 1432 2392 id
1483 2344 1587 2401 est,
1618 2334 1705 2388 die
1751 2330 1976 2401 jndicii;

414 2461 522 2501 non
551 2445 616 2497 ab
651 2443 885 2496 humano
940 2437 1048 2501 die,
1076 2435 1131 2488 in
1188 2429 1442 2502 praesenti
1484 2412 1704 2483 sazculo‘
1724 2421 1978 2491 judicari,

414 2537 521 2592 hoc
545 2541 648 2597 est,
676 2529 880 2585 laudari
907 2534 1118 2596 appeto.
1171 2522 1276 2578 Sed
1304 2537 1466 2591 neque
1490 2520 1742 2587 meipsum
1764 2514 1976 2585 judico.

416 2625 530 2680 Hoc
551 2633 650 2685 est,
677 2637 776 2691 ego
818 2620 907 2688 qui
957 2614 1341 2671 conscientiam
1382 2625 1557 2665 meam
1612 2608 1815 2677 optime
1836 2603 1981 2666 novi,

419 2732 595 2785 neque
619 2715 738 2769 aliis
760 2708 1293 2767 meexcellentiorem
1307 2720 1429 2760 esse
1448 2702 1651 2771 judico.
1682 2697 1829 2753 Nihil
1848 2696 1985 2751 enim

415 2809 543 2861 mihi
569 2805 802 2861 conscius
824 2818 958 2856 sum.
991 2799 1143 2854 Unde
1170 2809 1331 2867 super
1378 2806 1568 2849 omnes
1619 2790 1844 2844 debeam
1871 2786 1986 2855 glo—

418 2899 569 2953 riari.
605 2897 662 2952 Si
692 2897 794 2950 hoc
822 2892 1016 2947 Paulus
1059 2890 1210 2954 dicit,
1260 2886 1390 2957 quid
1416 2901 1447 2938 a
1477 2884 1632 2938 nobis
1662 2880 1767 2936 dici
1796 2880 1988 2934 debeat

344 3014 352 3041 ς
420 2987 759 3057 cogitandum
784 2991 885 3038 est.
929 2981 1034 3037 Sed
1080 2995 1185 3034 non
1236 2977 1291 3031 in
1332 2977 1429 3029 hoc
1475 2971 1802 3043 justiﬁcatus
1848 2985 1984 3024 sum.

420 3081 477 3135 In
499 3093 605 3148 quo
632 3091 718 3131 me
743 3073 957 3144 quidam
985 3071 1206 3126 laudant
1234 3087 1248 3122 :
1289 3067 1415 3136 quia
1451 3065 1527 3118 ita
1556 3062 1785 3132 quisque
1813 3060 1990 3114 aliena

2074 1897 2221 1951 stulti
2252 1905 2459 1965 propter
2488 1892 2772 1946 Christum.
2815 1890 2929 1944 Hoc
2963 1899 3066 1957 est,
3100 1890 3154 1943 in
3181 1892 3460 1945 tormentis
3481 1892 3647 1959 positi

2074 2002 2174 2056 pro
2193 1984 2430 2039 Christo.
2459 1981 2667 2036 lroniee
2694 1996 2813 2050 quae
2833 1981 3047 2035 videtur
3068 1981 3413 2046 conﬁrmare,
3448 1991 3644 2051 negat;

2075 2087 2130 2130 et
2166 2088 2286 2144 qua:
2308 2072 2521 2126 videtur
2556 2083 2774 2140 negare,
2824 2070 3129 2124 conﬁrmat.
3182 2069 3286 2125 Vos
3316 2081 3486 2125 autem
3515 2087 3649 2140 pru-

2077 2167 2254 2220 dentes
2283 2167 2341 2219 in’
2361 2163 2588 2218 Christo.
2621 2163 2690 2219 Ut
2716 2163 2936 2232 putatis.
2990 2160 3103 2216 Nos
3133 2162 3350 2231 inﬁrmi.
3384 2163 3647 2217 Dumno—

2077 2260 2255 2314 lumus
2283 2258 2506 2312 reddere
2536 2255 2738 2309 malum
2764 2268 2861 2325 pro
2900 2254 3061 2308 malo.
3106 2253 3204 2307 Vos
3226 2254 3440 2308 nobiles.
3480 2255 3649 2309 Vobis

2079 2349 2413 2405 nobilitatem
2460 2357 2732 2403 terrenam
2773 2345 3078 2401 vindicatis.
3113 2343 3282 2416 Usque
3314 2345 3368 2398 in
3395 2346 3531 2400 hanc
3552 2346 3650 2399 ho-

2085 2458 2220 2495 ram.
2274 2440 2321 2493 Α
2370 2454 2476 2509 quo
2526 2447 2770 2508 tempore
2827 2438 3087 2507 capimus
3132 2436 3427 2506 praedicam
3474 2451 3650 2505 usque.

2082 2544 2245 2622 nunc.
2296 2528 2429 2582 Item
2462 2544 2474 2580 :
2507 2527 2614 2581 Vos
2641 2536 2824 2580 autem
2856 2527 3149 2596 prudentes
3172 2524 3229 2579 in
3279 2524 3517 2589 Christo,
3545 2525 3653 2580 hoc

2084 2613 2189 2683 est,
2218 2633 2314 2673 vos
2362 2618 2436 2672 ita
2474 2617 2633 2670 vultis
2665 2614 2961 2670 Christiani
3007 2629 3148 2681 esse,
3200 2621 3263 2668 ut
3306 2613 3652 2682 prudentiam

2085 2710 2267 2765 saeculi
2299 2710 2550 2765 teneatis.

2157 2818 2477 2897 Peripsema.
2508 2817 3063 2889 Abjecti,.bumillimi.
3088 2816 3417 2887 Peripsema,
3437 2829 3649 2879 rasura,

2087 2919 2183 2965 aut
2229 2911 2483 2965 limatura
2537 2910 2907 2980 cujuscunque
2936 2908 3033 2963 rei.
3070 2906 3192 2962 Non
3234 2914 3291 2959 ut
3333 2904 3655 2974 confundam

2089 3019 2177 3061 vos
2200 3003 2311 3057 hmo
2357 3002 2545 3056 scribo.
2577 3002 2655 3056 Ac
2684 3001 2730 3055 si
2763 3001 3007 3055 diceret:
3046 2998 3165 3055 Non
3209 3012 3309 3068 pro
3334 2996 3658 3067 gloriatione

2089 3107 2314 3161 operum
2363 3106 2609 3145 meorum
2656 3091 2918 3145 bonorum
2964 3090 3079 3144 haec
3108 3089 3229 3143 dico
3253 3104 3268 3155 ;
3297 3088 3391 3143 sed
3419 3088 3534 3141 haec
3556 3101 3659 3157 po-

424 3170 583 3223 laude
629 3182 733 3220 non
782 3162 1131 3233 justiﬁcatur,
1159 3168 1220 3213 ut
1259 3173 1360 3212 nec
1388 3154 1691 3211 maculatur
1718 3150 1983 3251 Iinl‘amia.
2014 3148 2058 3209 C
2091 3148 2198 3237 u‘us
2224 3196 2607 3248 commemoro,
2635 3198 2704 3236 ne
2727 3196 2823 3235 vos
2852 3179 3154 3251 gloriemini
3203 3148 3660 3234 in'mundana’sa_

423 3257 723 3325 Unicuique
747 3254 887 3325 apud
923 3252 1089 3306 Deum
1119 3249 1261 3320 quod
1305 3254 1409 3311 est,
1437 3259 1547 3298 non
1590 3241 1735 3312 quod
1765 3240 1984 3304 dicitur,

423 3349 734 3418 imputatur.
775 3340 995 3398 Occulta
1044 3338 1394 3394 tenebrarum.
1440 3334 1497 3389 Id
1527 3342 1629 3395 est,
1679 3344 1844 3401 opera
1870 3343 1990 3398 quae

424 3439 479 3493 in
504 3434 739 3491 tenebris
766 3439 1014 3502 aguntur.
1051 3426 1270 3497 Propter
1318 3441 1426 3478 vos.
1479 3421 1709 3490 Propter
1742 3427 1989 3474 vestram

428 3526 733 3581 utilitatem.
762 3519 914 3575 Nihil
936 3519 1075 3572 enim
1101 3515 1228 3570 mihi
1277 3514 1515 3568 conscius
1544 3527 1680 3565 sum.
1711 3508 1770 3564 Id
1793 3516 1898 3573 est,
1936 3508 1993 3561 in

426 3620 608 3690 aliquo
635 3612 899 3672 criminali
927 3617 1169 3681 peccato,
1195 3615 1480 3678 postquam
1507 3620 1605 3674 per
1624 3603 1853 3674 gratiam
1875 3599 1993 3655 Sal-

425 3709 630 3766 vatoris
654 3706 909 3761 liberatus
931 3717 1071 3765 sum,
1100 3707 1157 3755 et
1191 3700 1260 3753 ab
1288 3697 1435 3753 omni
1462 3702 1683 3766 peccato
1710 3699 1989 3764 purgatus.

428 3799 530 3855 Sed
548 3814 652 3851 non
675 3797 730 3851 in
754 3795 851 3849 hoc
875 3790 1200 3863 justiﬁcatus
1231 3805 1370 3842 sum.
1407 3787 1558 3841 Licet
1583 3800 1689 3840 non
1728 3783 1828 3839 sim
1859 3782 1994 3837 mihi

427 3887 677 3943 conscius
702 3885 755 3938 in
778 3883 957 3952 aliquo
1008 3878 1228 3951 capitali
1256 3877 1504 3941 crimine,
1553 3889 1659 3929 non
1705 3881 1886 3928 tamen
1923 3871 1994 3925 ob

427 3973 847 4047 hoc.perfectam
867 3971 1134 4041 justitiam
1169 3968 1302 4021 mihi
1330 3968 1568 4030 vindico,
1611 3972 1831 4034 propter
1856 3962 1994 4016 levia

429 4077 486 4122 et
505 4065 724 4120 minima
775 4066 1017 4130 peccata,
1069 4056 1269 4124 quibus
1298 4056 1476 4110 nullus
1527 4062 1747 4109 sanctus
1780 4054 1835 4107 in
1858 4066 1995 4122 prte-

433 4155 600 4211 sentis
623 4153 748 4207 vitae
775 4145 1046 4203 curriculo
1079 4158 1266 4201 carere
1290 4152 1485 4212 potest.

510 4262 595 4317 Ne
639 4274 799 4330 supra
842 4271 998 4328 quam
1028 4255 1276 4325 scriptum
1305 4261 1401 4306 est.
1443 4251 1516 4307 Ut
1549 4252 1717 4320 supra'
1759 4252 1990 4322 scripsi:

436 4353 539 4423 Qui
568 4350 842 4424 gloriatur,
870 4348 925 4402 in
956 4345 1178 4400 Domino
1212 4341 1480 4414 glorietur.
1544 4341 1645 4395 Et:
1681 4339 1848 4395 Nemo
1885 4341 1996 4411 glo-

434 4445 598 4498 rietur
615 4442 669 4495 in
694 4439 918 4494 nomine.
948 4435 1059 4490 Et:
1101 4432 1278 4487 Nolite
1324 4432 1567 4501 judicare
1613 4440 1734 4485 ante
1772 4440 1989 4501 tempus.

438 4533 568 4600 Quis
601 4531 737 4585 enim
759 4539 807 4582 te
833 4526 1081 4580 discernit
1104 4524 1128 4577 ?
1151 4523 1285 4577 Aliis
1306 4523 1509 4578 scilicet
1537 4522 1814 4577 meliorem
1835 4537 1953 4578 esse
1977 4540 1992 4588 ;

440 4630 530 4678 aut
559 4619 679 4690 quis
708 4626 760 4671 te
782 4614 1041 4672 discernit
1067 4629 1098 4666 a
1128 4627 1306 4667 massa
1331 4612 1673 4683 perditionis,
1693 4611 1797 4666 nisi
1821 4612 1999 4666 Deus?

436 4728 541 4767 non
566 4707 759 4765 merita
788 4694 901 4772 tua,
921 4718 1096 4773 neque
1121 4701 1364 4757 scientia.
1393 4701 1460 4755 Et
1488 4709 1744 4770 tanquam
1772 4716 1998 4772 respon—

435 4801 581 4858 denti
608 4816 624 4853 :
674 4797 836 4852 Fides
865 4810 988 4851 mea
1011 4807 1097 4847 me
1145 4792 1421 4857 discernit,
1472 4793 1669 4847 merita
1699 4808 1839 4858 mea,
1867 4806 1994 4861 pro-

434 4893 669 4964 positum
706 4901 924 4944 meum:
980 4883 1165 4939 statim
1197 4882 1436 4937 occurrit
1483 4882 1816 4951 Apostolus:
1857 4880 1998 4946 Quid

430 4997 611 5043 autem
641 4983 799 5038 habes
825 4978 964 5053 quod
989 4994 1092 5033 non
1119 4975 1358 5046 accepisti
1383 4975 1408 5028 i‘
1455 4973 1592 5040 Quid
1629 4975 1794 5029 habes
1822 4989 1889 5027 ex
1922 4982 2000 5027 te-

430 5076 557 5145 ipso
589 5075 692 5129 nisi
735 5080 1015 5144 peccatum
1035 5064 1212 5122 ‘i’Jam
1259 5066 1481 5119 saturati
1537 5064 1677 5117 estis.
1725 5063 1996 5118 Doctrina.

440 5164 655 5221 Divites.
703 5163 759 5217 ln
785 5161 1069 5232 sapientia.
1103 5156 1231 5213 Sine
1261 5155 1406 5209 nobis
1436 5154 1681 5227 regnetis.
1723 5151 1838 5207 Non
1860 5153 2001 5208 indi-

441 5260 630 5323 gentes
654 5259 838 5304 nostra
868 5249 1130 5312 doctrina,
1148 5244 1530 5314 exemploque.
1558 5241 1669 5296 Nos
1698 5240 1864 5295 stulti.
1894 5241 2006 5296 Iro-

441 5343 564 5399 nice
592 5340 829 5412 loquitur
859 5353 874 5391 :
903 5347 997 5392 aut
1036 5336 1366 5405 increpantis
1411 5331 1606 5388 at'fectu
1641 5331 2001 5401 pronuntian-

407 5435 569 5493 ‘.dum
596 5441 684 5488 est

516 5518 732 5577 Utinam
761 5514 1074 5588 κρηπῖδιὶεὶ
1097 5513 1154 5568 Id
1166 5520 1280 5577 est,
1296 5513 1499 5567 utinam
1526 5527 1635 5566 non
1656 5507 2007 5565 essetis'i'alsa

443 5607 762 5681 gloriatione
808 5604 1059 5675 decepti!
1112 5601 1338 5656 forsitan
1393 5600 1553 5655 simul
1602 5612 2001 5671 regnassemus.

415 5716 420 5723 '
447 5698 587 5760 Puto
612 5697 770 5759 enim,
792 5695 930 5764 quod
961 5694 1099 5748 Deus
1125 5706 1238 5746 nos.
1273 5687 1391 5744 Non
1433 5698 1494 5743 ut
1523 5689 1737 5759 vos‘qui
1768 5688 2007 5759 regnatis

2085 3272 2308 3343 pientia.
2338 3270 2599 3326 Poterant
2633 3270 2889 3326 confundi
2923 3271 2990 3325 de
3016 3284 3114 3325 sua
3137 3268 3328 3339 gloria,
3359 3268 3402 3322 si
3426 3282 3519 3321 eos
3546 3281 3659 3320 non

2089 3362 2354 3417 relevaret
2376 3376 2527 3417 :.non
2555 3361 2701 3415 enim
2739 3360 2990 3415 ruborem
3021 3359 3235 3413 illorum
3259 3358 3532 3428 cupiebat,
3559 3356 3663 3409 sed

2089 3454 2477 3525 perfectionem
2507 3471 2520 3505 :
2550 3452 2741 3506 Decem
2784 3450 2971 3505 millia.
3004 3450 3213 3505 Finitus
3263 3463 3522 3503 numerus
3552 3461 3657 3515 pro

2091 3544 2319 3601 inﬁnito.
2358 3541 2796 3612 Pazdagogorum.
2855 3541 3169 3607 Doctorum,
3221 3540 3572 3594 uutrientium
3604 3547 3666 3595 et.

2092 3633 2508 3692 custodientium
2532 3647 2629 3687 vos
2660 3631 2714 3685 in
2738 3631 2841 3686 fide
2867 3629 3088 3686 Christi.

2164 3745 2275 3815 Ego
2299 3760 2388 3798 vos
2420 3743 2593 3814 genui.
2623 3742 2681 3795 In
2715 3756 2911 3796 novam
2938 3741 3102 3795 vitam
3131 3739 3438 3795 reformari.
3469 3738 3671 3793 Imita-

2095 3843 2233 3889 tores
2266 3833 2368 3888 mei
2393 3842 2572 3888 estote.
2601 3831 2736 3898 Quia
2781 3831 3045 3886 bonorum
3076 3829 3307 3884 ﬁliorum
3356 3838 3441 3884 est
3488 3830 3672 3884 bonos

2094 3927 2298 3982 imitari
2324 3934 2597 3997 parentes.
2636 3923 2740 3990 Qui
2761 3940 2845 3977 vos
2880 3920 3309 3992 commonefaciat
3352 3921 3462 3975 vias
3492 3936 3666 3974 meas.

2093 4017 2162 4072 Et
2182 4016 2318 4072 meis
2332 4016 2561 4096 litteris,
2592 4024 2647 4069 et
2666 4030 2765 4070 suo
2788 4012 3033 4083 exemplo
3054 4013 3303 4069 docebit:
3341 4012 3482 4066 aliud
3511 4014 3674 4068 enim

2095 4105 2212 4160 sine
2240 4103 2344 4158 alio
2378 4102 2677 4173 perfectum
2698 4118 2818 4157 esse
2843 4118 2949 4157 non
2980 4111 3175 4170 potest.
3233 4099 3499 4170 Tanquam
3544 4116 3662 4154 non

2094 4204 2339 4249 venturus
2360 4210 2522 4246 essent
2554 4193 2623 4246 ad
2646 4209 2751 4246 vos.
2786 4191 2923 4245 Hinc
2956 4190 3144 4261 incipit
3188 4204 3403 4245 causam
3425 4187 3675 4243 fornica-

2095 4294 2260 4348 tionis
2289 4304 2537 4359 arguere.
2569 4288 2754 4357 Inﬂati
2795 4296 2917 4341 sunt
2937 4286 3170 4357 quidam.
3210 4285 3268 4340 In
3294 4285 3528 4339 humana
3554 4285 3675 4338 sci-

2096 4381 2224 4438 licet
2273 4379 2580 4449 sapientia:
2619 4377 2748 4446 quia
2784 4376 2930 4431 omni
2979 4380 3221 4445 peccato,
3270 4382 3326 4430 et
3374 4375 3490 4428 viro
3515 4378 3673 4429 acci-

2020 4483 2074 4542 D
2098 4472 2267 4542 pienti
2320 4484 2543 4525 uxorem
2569 4469 2741 4539 patris
2767 4468 2848 4523 sui
2879 4482 2976 4522 vos
3008 4465 3342 4522 consentitis.
3381 4465 3449 4519 Et
3493 4465 3549 4519 in
3582 4481 3677 4520 sa-

2101 4561 2302 4633 pientia
2340 4561 2575 4615 humana
2610 4573 2706 4612 vos
2735 4557 3080 4622 contenditis,
3108 4557 3265 4626 quasi
3304 4571 3412 4611 non
3438 4564 3699 4625 peccatn‘

2099 4660 2299 4705 essent.
2347 4649 2626 4703 Virtutem.
2678 4646 2910 4716 Operum
2966 4653 3022 4701 et
3057 4645 3201 4701 ﬁdei.
3251 4644 3375 4700 Non
3417 4646 3554 4700 enim
3608 4646 3676 4716 in

2099 4754 2355 4794 sermone.
2396 4737 2539 4793 Nihil
2559 4737 2704 4791 enim
2747 4736 2966 4805 prodest
2989 4735 3234 4790 doctrina
3280 4735 3397 4789 sine
3439 4732 3676 4802 justitiae

2101 4831 2374 4901 operibus,
2399 4829 2449 4882 ei
2484 4828 2577 4898 qui
2623 4842 2732 4882 non
2765 4824 2895 4879 facit
2947 4825 3092 4894 quod
3132 4822 3436 4880 faciendum
3482 4822 3671 4879 docet.

2103 4918 2334 4988 Regnum
2360 4917 2481 4971 Dei.
2516 4916 2576 4971 Id
2623 4922 2727 4980 est,
2756 4913 3041 4984 acquisitio
3068 4914 3220 4985 regni
3247 4913 3361 4968 Dei.
3391 4912 3529 4978 Quid
3552 4912 3679 4965 vul-

2100 5010 2185 5063 tis.
2217 5007 2486 5075 Benignus
2512 5005 2770 5075 magister
2814 5012 2915 5067 est,
2953 5003 3043 5074 qui
3072 5002 3458 5073 discipulorum
3483 5015 3680 5056 corre—

2100 5100 2341 5171 ptionem
2369 5099 2424 5152 in
2462 5112 2648 5152 eorum
2673 5097 2853 5166 posuit
2874 5096 3168 5152 voluntate.

2174 5189 2241 5243 In
2276 5190 2419 5258 virga
2438 5189 2658 5242 ueniam.
2690 5188 2750 5243 Id
2773 5195 2873 5250 est,
2906 5186 3141 5240 vindicta
3171 5201 3186 5238 :
3217 5182 3362 5254 quali
3385 5184 3541 5253 virga
3565 5180 3682 5236 Pe—

2106 5288 2223 5335 trus
2246 5279 2316 5334 ad
2334 5276 2601 5331 Ananiam
2620 5286 2673 5332 et
2688 5276 2995 5348 Saphiram,
3024 5282 3079 5330 et
3103 5274 3219 5346 ipse
3234 5273 3442 5333 .Paulus
3465 5271 3534 5326 ad
3560 5270 3682 5325 Ma-
3758 5295 3777 5299 ι

2106 5385 2234 5442 gum
2258 5383 2387 5425 usus
2413 5374 2515 5424 est.

2714 5477 2939 5535 CAPUT
2966 5480 3029 5535 Υ.

2178 5591 2248 5646 Et
2276 5609 2363 5646 vos
2392 5593 2562 5663 inﬂati
2592 5593 2735 5647 estis.
2772 5592 2910 5659 Quia
2964 5608 3103 5648 vana
3130 5592 3351 5649 scientia
3379 5587 3683 5655 inﬂamini,

2108 5693 2164 5740 et
2191 5697 2377 5740 curam
2433 5682 2499 5739 de
2545 5683 2631 5739 his
2674 5684 2767 5755 qui
2790 5691 3018 5754 pereunt
3063 5699 3170 5739 non
3227 5681 3455 5745 habetis,
3481 5688 3544 5735 ut
3576 5691 3689 5738 aut
