1987 3101
113 175 167 203 157

664 165 827 197 COLLECT.
849 169 881 196 IN
901 166 1007 196 EPIST.
1029 169 1039 195 l
1058 169 1102 195 AD
1122 168 1198 196 COR.

1694 173 1742 201 151

114 232 296 267 corrigantur,
316 234 365 256 aut
391 230 425 256 ab
450 228 569 255 Ecclesia
597 232 766 263 separentur.
793 227 828 254 Et
851 235 903 255 non
917 227 942 256 A
955 229 1061 252 ctorum
1076 225 1215 253 hominum
1234 226 1268 252 ad
1279 225 1474 260 acquirendum
1496 227 1595 255 multos
1610 229 1645 256 ad
1659 229 1742 258 vitam

116 278 199 313 magis
211 275 328 302 tuxistis.
354 274 423 307 Quia
449 273 513 300 boni
531 277 655 307 pastores
677 280 784 307 semper
798 280 846 307 pro
858 281 906 307 po-

117 323 173 359 puli
185 320 304 357 peccatis
320 319 397 347 ﬂent.
416 319 536 345 Prtesens
551 322 641 345 autem
661 318 766 352 spiritu.
783 317 906 345 Praesen-

116 373 171 396 tem
182 367 248 394 dicit
262 365 374 400 spiritu,
395 371 429 391 ne
441 371 474 391 ex
490 363 547 391 solo
570 363 663 390 auditu
678 364 818 391 absentem
831 364 906 390 dumb

116 420 183 440 nare
199 414 343 447 putaretur
358 418 365 436 :
380 408 529 437 secundum
554 408 620 435 illud
635 408 724 435 Elisaai
743 409 857 436 dicentis
871 409 906 436 ad

115 458 192 486 (ἓιαί
207 467 214 483 :
236 456 332 483 Nonne
343 455 452 490 spiritus
463 461 535 480 meus
553 458 638 480 tecum
653 458 708 481 erat
720 454 746 480 in
758 455 822 481 via?
839 453 906 481 Cum

117 504 213 529 uirtute
224 501 332 528 Domini
353 499 445 526 nostri.
460 498 513 532 Qui
525 506 576 533 pro
588 506 632 526 me
645 503 705 526 erat
719 507 849 533 praesens,
865 499 906 525 lit-

118 554 236 576 terarum
249 553 373 573 mearum
386 545 559 577 auctoritate,
570 552 619 579 per
630 552 712 579 quam
721 545 826 572 Domini
839 553 906 579 quo-

118 602 169 628 que
181 593 268 619 virtus
290 592 420 618 assistere
440 590 585 624 jttdicetur.
615 590 728 617 Tradere
753 590 905 625 hujusmodi

120 639 247 665 hominem
258 636 378 664 Satunw.
390 635 419 662 Id
432 640 484 667 cst,
497 636 591 663 tortori
604 636 712 669 diaboli,
729 641 757 662 ut
770 640 906 664 tormento

119 685 208 711 carnis
227 683 337 718 spiritus
362 682 533 709 salvaretur:
560 684 700 717 oportebat
724 683 795 709 enim
813 687 843 710 ut
857 691 906 718 per

119 731 255 757 diabolum
282 733 433 759 sanaretur,
465 728 510 762 qui
530 735 578 762 per
606 729 744 755 Diabolum
771 729 903 762 peccavit.

119 776 181 803 Non
197 775 265 801 bona
289 774 373 809 gloria
392 779 485 800 vestra.
510 773 639 804 Diceudo,
656 774 712 808 Ego
729 782 786 800 sum
812 773 904 806 Pauli,

116 823 169 847 etc.
184 819 244 846 Non
258 819 339 850 bona,
355 819 418 845 dum
439 826 493 845 nou
508 819 643 853 corrigitis
669 819 842 846 adulterium.
858 819 907 846 To-

118 871 169 892 tam
184 873 314 892 massam.
338 864 479 892 Ecclesiae.
509 863 668 900 Corrumpit.
689 864 717 892 ln
731 864 836 897 Graeco,
853 865 906 892 fer-

954 277 1004 304 per
1019 270 1156 297 ccelestem
1172 270 1331 297 doctrinam.
1359 270 1411 303 Qui
1426 273 1630 307 contemptibiles
1644 280 1705 303 sunt
1715 276 1742 302 in

953 315 1086 342 Ecclesia.
1102 315 1160 343 Hoc
1172 320 1224 348 est,
1244 316 1289 350 qui
1304 316 1410 343 minimi
1426 321 1489 344 sunt
1504 318 1531 344 in
1549 318 1682 353 Ecclesia,
1697 326 1744 348 aut

953 365 1031 388 certe
1048 361 1093 395 qui
1108 360 1223 395 injurias
1246 369 1310 389 suas
1325 366 1522 396 contemnunt;
1540 371 1573 392 ac
1584 364 1607 392 si
1623 365 1743 394 diceret:

955 406 1006 439 Qui
1021 406 1140 433 minores
1155 411 1218 433 sunt
1237 407 1265 433 in
1276 407 1408 440 ecclesiis,
1437 413 1464 435 et
1478 409 1559 437 nullis
1584 418 1743 446 magnorum

955 454 1088 481 donorum
1106 454 1218 489 pollent,
1233 454 1283 489 ipsi
1301 454 1335 481 de
1348 456 1464 483 terrenis
1478 458 1596 492 negotiis
1608 458 1741 491 judicent,

954 503 1087 534 quatenus
1110 507 1158 533 per
1173 507 1243 533 quos
1259 504 1396 534 nequeunt
1409 501 1522 535 majora,
1553 503 1659 531 minora
1672 506 1743 533 bona

955 544 1142 579 suppleantur,
1157 552 1225 579 quos
1242 546 1459 580 contemptibiles
1468 547 1600 580 nominat,
1613 552 1640 575 et
1655 553 1744 577 tanien

955 590 1092 625 sapientes
1106 594 1194 622 vocat,
1210 597 1271 617 cum
1284 590 1350 617 dicit
1364 599 1371 617 :
1391 591 1421 618 Si
1437 600 1489 618 non
1499 598 1537 619 est
1552 593 1621 620 inter
1639 602 1682 621 vos
1695 603 1741 621 stt--

955 635 1027 670 piens
1047 635 1193 670 quisquam.
1213 635 1271 668 Qua
1298 643 1332 663 ex
1360 644 1390 663 re
1403 637 1468 671 quid
1495 638 1568 665 aliud
1592 639 1740 674 colligitur,

952 681 1009 709 nisi
1028 685 1057 708 ut
1071 681 1100 708 bi
1113 689 1212 709 causas
1237 686 1362 710 terrenas
1376 684 1542 715 examinem,
1562 685 1608 718 qui
1624 686 1745 713 exterio-

956 735 1016 755 rum
1031 735 1122 755 rerum
1135 728 1295 762 sapientiam
1309 728 1466 762 accipiunt?
1495 729 1544 761 Qui
1560 734 1648 757 autem
1662 731 1744 765 spiri-

957 771 1074 799 tualibus
1085 772 1185 799 addicti
1196 776 1271 804 sunt,
1301 773 1419 800 terrenis
1434 780 1487 800 non
1504 774 1603 801 debent
1626 776 1746 810 negotiis

957 818 1098 853 implicari.
1113 817 1152 846 Ae
1166 819 1188 845 si
1201 819 1321 853 apertius
1340 819 1443 846 diceret
1457 829 1464 845 :
1478 820 1528 853 Qui
1543 825 1688 855 penetrare
1702 823 1742 849 iu-

958 864 1022 890 tima
1051 863 1191 898 sapientiae
1219 868 1367 898 nequeunt,
1383 864 1478 891 saltem
1497 866 1651 893 necessaria
1675 866 1742 895 foris

117 914 218 939 mentat
245 909 355 946 [:uuot].
385 908 463 936 Vetus
480 909 647 944 fermentum.
673 909 901 937 Fornicationem.
917 903 942 932 Β
955 913 1111 944 operentur.
1141 908 1206 936 Item
1225 909 1452 944 contemptibiles,
1469 910 1514 944 qui
1546 911 1665 939 minores
1677 918 1741 941 sunt

119 956 150 984 Ut
163 958 223 984 sitis
235 965 301 983 nova
315 956 473 991 conspertio.
488 955 523 983 Ut
537 956 563 982 in
577 956 662 990 gratia
673 956 744 983 sacri
758 956 904 990 baptisma-

116 1004 150 1030 tis
176 1003 404 1038 conspergamini,
430 1002 500 1030 sicut
523 1003 710 1038 conspergitur
723 1002 809 1029 farina
822 1010 901 1037 aqua.

117 1049 218 1083 Azgmi.
247 1048 311 1074 Sine
335 1047 467 1075 fermento
485 1048 598 1083 peccati.
628 1048 731 1075 Etenim
746 1048 843 1083 pascha
858 1056 904 1075 no-

116 1100 206 1120 strum.
234 1093 298 1120 Ideo
308 1093 411 1120 debetis
429 1093 515 1128 azymi
529 1099 605 1125 esse,
621 1093 684 1127 quia
698 1092 783 1120 Judaei
797 1093 904 1127 quando

116 1147 212 1174 agnum
229 1138 415 1170 immolabant,
442 1145 537 1173 azyma
552 1138 737 1170 comedebant,
757 1138 796 1165 sic
811 1141 838 1164 et
855 1145 904 1165 nos

115 1184 253 1211 debemus.
289 1183 343 1211 Sed
368 1184 395 1209 in
410 1183 509 1217 azymis
529 1183 696 1210 sinceritatis.
724 1182 905 1210 Similitudine

116 1230 305 1258 Hebneorum:
318 1230 382 1264 quia
396 1230 445 1264 ipsi
453 1234 593 1264 postquam
607 1230 797 1257 immolabatur
807 1237 902 1264 agnus,

115 1282 140 1304 et
156 1282 215 1312 post
227 1277 300 1303 diem
318 1276 428 1303 Pascha:
440 1283 533 1311 azyma
548 1276 725 1303 eomedebant
739 1283 787 1311 per
801 1280 905 1309 septem

116 1323 169 1349 dies
183 1332 189 1348 :
203 1323 243 1349 sic
257 1330 307 1348 nos
326 1329 389 1348 vero
403 1329 471 1355 agno
485 1319 631 1353 immolato,
655 1325 709 1347 tota
730 1321 785 1347 vita
802 1325 903 1351 nostra,

116 1376 173 1402 qua:
182 1372 287 1402 septem
302 1367 396 1393 diebus
410 1367 558 1401 peragitur,
574 1366 677 1400 azymis
695 1366 826 1393 bonorum
842 1373 906 1401 ope-

116 1420 172 1438 rum
185 1420 343 1439 vescamur.
376 1411 409 1438 Et
419 1412 542 1438 veritatis.
567 1411 595 1438 ω
614 1416 664 1443 cst,
690 1409 906 1446 mquitatisjudi-

114 1458 159 1485 di.
184 1459 213 1484 Si
238 1459 312 1484 enim
328 1458 432 1496 lactuca
447 1462 506 1485 erat
520 1465 581 1484 cum
600 1457 662 1484 ﬁliis
684 1457 767 1484 Israel
780 1465 830 1492 pro
847 1457 904 1485 fer--

115 1508 214 1535 mento,
242 1511 277 1530 ne
304 1504 392 1530 cibum
409 1503 539 1530 insulsum
554 1503 727 1530 comederent
744 1511 793 1538 pro
808 1503 904 1531 celeri-

115 1553 168 1576 tate
189 1548 366 1579 ambulandi,
387 1547 426 1576 sic
451 1549 562 1583 :cquitas
575 1549 668 1584 judicii
696 1552 724 1576 et
739 1549 903 1577 sinceritatis

113 1602 170 1621 mm
184 1594 362 1621 Christianis.
383 1594 483 1629 Scripsi
498 1595 576 1632 vobis.
591 1594 644 1622 Pro
657 1596 757 1624 scribo.
783 1595 830 1622 Vel
844 1595 903 1623 ideo

113 1641 280 1674 praeteritum
297 1641 372 1672 dicit,
399 1641 462 1675 quia
479 1648 539 1668 cum
559 1641 688 1676 legerent,
716 1646 821 1677 tempus
836 1642 904 1669 scri—

112 1685 188 1713 bendi
207 1687 379 1721 pmteritum
390 1691 470 1717 esset.
487 1687 549 1714 Νοη
563 1688 650 1723 utique
658 1687 808 1721 fornicariis
823 1688 903 1722 hujus

111 1732 211 1758 modi.
248 1731 326 1764 Quod
338 1732 397 1759 luce
417 1732 515 1759 clarius
533 1736 584 1759 est.
614 1732 655 1760 Ab
668 1733 721 1760 illis
748 1733 820 1760 enim
839 1734 903 1761 olim

112 1777 228 1811 separati
255 1778 333 1809 estis,
350 1781 377 1804 et
393 1778 493 1805 idcirco
514 1778 595 1806 nolite
608 1778 704 1805 iteruzn
726 1779 779 1806 illis
792 1780 904 1806 commi-

109 1824 188 1850 sce-ri.
217 1823 250 1851 Si
262 1824 322 1858 quis
336 1824 420 1858 frater
433 1825 592 1852 nominatur.
617 1826 646 1852 id
660 1830 712 1859 est,
726 1826 783 1853 solo
794 1827 903 1853 nomine

110 1870 265 1904 appellatur
281 1878 343 1896 cum
357 1869 503 1898 fornicator
517 1871 667 1907 dctegatur,
682 1876 729 1899 aut
741 1872 793 1904 fur,
805 1872 839 1899 ab
852 1873 904 1899 hoc

108 1915 230 1948 ﬁepanri
255 1914 392 1949 jubemur.
422 1914 474 1947 Qui
493 1915 556 1950 foris
574 1921 645 1943 sunt.
674 1916 798 1944 lnlideles
826 1920 903 1944 extra

110 1958 269 1987 Ecdesiam.
303 1959 355 1992 Qui
379 1961 450 1987 intus
471 1965 540 1988 sunt.
570 1961 626 1990 Hoc
646 1966 699 1994 est,
714 1962 805 1989 fideles
832 1962 903 1989 intra

109 2003 270 2032 Ecdesiarn.
299 2004 353 2032 Eos
363 2010 449 2033 autem
463 2007 507 2041 qui
522 2006 586 2041 foris
600 2012 661 2034 sunt
679 2007 750 2034 Deus
758 2007 900 2041 iudicabit.

107 2048 184 2077 Foris
194 2050 352 2078 Ecclesiam
372 2056 435 2078 sunt
449 2051 580 2083 haeretici,
597 2052 692 2084 Judmi,
706 2051 837 2080 Gentiles.

419 2095 532 2124 CAPUT
551 2096 594 2124 Vl.

142 2140 226 2177 Audet
239 2139 341 2174 aliquis
355 2145 478 2172 vestrum,
505 2142 635 2176 negotium
655 2132 751 2169 habent
777 2143 902 2170 adversus

106 2186 233 2217 eamus,
245 2185 370 2219 judicari
384 2186 454 2220 apud
474 2187 586 2221 iniquos.
604 2187 756 2215 Notandum
769 2188 840 2220 quod
854 2188 903 2215 ali-

105 2231 214 2264 qnndo
234 2230 383 2265 Apostolus
399 2231 424 2258 in
442 2232 529 2258 media
544 2240 624 2260 causa
639 2241 721 2267 quam
737 2235 803 2268 agit,
820 2241 901 2268 quos-

105 2275 167 2302 dam
185 2276 296 2302 inserat
312 2282 418 2308 sensus,
434 2281 460 2303 et
477 2277 509 2303 de
522 2276 605 2304 latere
617 2277 722 2312 jactct:
738 2278 838 2312 quibus
852 2286 899 2305 ex-

103 2320 217 2353 ﬁ‘scitis,
247 2327 360 2347 rursum
379 2322 535 2349 revertitur.
555 2322 640 2350 Audet
662 2331 723 2357 ergo
747 2323 841 2356 aliquis
858 2332 901 2350 ve.

102 2370 202 2398 atrum,
229 2370 301 2397 αα,
318 2371 413 2393 contra
440 2367 543 2395 scilicet
556 2371 722 2402 prmceptum
739 2369 845 2396 Domini
860 2369 900 2396 di-

101 2413 213 2438 centis:
230 2411 263 2438 Si
279 2412 344 2446 quis
360 2412 415 2439 vult
440 2417 526 2441 tecum
543 2414 707 2441 contendere
731 2414 843 2449 judicio,
857 2419 899 2442 tu-

100 2458 195 2484 nicam
209 2462 290 2484 tuam
305 2457 413 2485 dimitte
426 2458 463 2490 ei,
478 2463 505 2485 et
524 2459 647 2493 pallium.

132 2504 182 2529 Δι
197 2502 310 2529 nescitis
326 2503 452 2537 quoniam
466 2505 551 2531 sancti
574 2505 606 2531 de
620 2505 669 2531 hoc
682 2506 780 2532 mundo
790 2506 900 2540 judica-

95 2548 177 2575 kat.
206 2547 289 2574 Sicut
318 2547 447 2576 Dominus
473 2550 602 2584 apostolis
631 2551 765 2585 promisit,
782 2551 899 2579 dicens:

93 2593 242 2621 Sdeh'lis
269 2598 293 2620 α
309 2602 354 2621 vos
376 2602 455 2630 super
473 2596 547 2623 sedes
577 2596 724 2629 duodecim,
749 2597 902 2632 judicantes

91 2639 249 2667 duodecim
275 2639 361 2667 tribus
384 2640 471 2668 Israel
499 2642 607 2678 (Matth.
621 2642 692 2678 xix),
708 2644 903 2671 omnibusnec

88 2686 287 2719 promittens,
313 2687 359 2721 qui
377 2688 512 2722 apostolos
533 2688 632 2716 iuerint
659 2690 767 2717 imitati.
795 2689 824 2717 Si
839 2695 903 2725 ergo

88 2731 189 2758 mi
205 2731 247 2758 de
275 2730 441 2760 hocmundo
465 2732 634 2767 iudicabunt,
652 2741 700 2761 cur
724 2736 758 2761 de
781 2735 901 2763 minimis

86 2776 205 2804 vestris
226 2776 351 2810 negotiis
378 2785 430 2805 non
449 2777 593 2812 iudicant?
623 2778 657 2806 In
680 2779 751 2806 vobis
768 2779 903 2814 judicabi-

85 2827 141 2849 tu.
182 2822 217 2849 Id
236 2825 293 2853 est,
313 2828 362 2855 per
375 2830 432 2849 vos.
454 2822 566 2857 Angelos
589 2824 779 2857 judicalzimus.
796 2823 835 2850 Illi
854 2831 902 2850 an—

82 2869 134 2903 geli
152 2866 376 2903 iudicabuntur
404 2868 430 2895 in
447 2868 562 2901 judicio,
576 2870 602 2896 in
623 2867 824 2905 comparatione
840 2876 902 2897 san-

317 2914 454 2945 Parnon.
479 2914 560 2945 CllI.

956 955 982 982 in
995 955 1126 986 doctrina,
1138 962 1207 990 quos
1219 955 1288 982 dona
1301 955 1452 989 spiritualia
1466 963 1519 983 non
1531 962 1674 985 exornant.
1689 958 1739 986 Vel

953 1001 1179 1036 contemptibiles,
1188 1001 1215 1028 id
1223 1005 1274 1033 est,
1285 1001 1371 1028 sancti
1379 1002 1424 1035 qui
1435 1009 1450 1029 a
1457 1002 1534 1029 vobis
1541 1003 1737 1037 despiciuntur.

990 1046 1030 1072 Ad
1049 1046 1230 1073 verecundiam
1249 1052 1359 1074 vestram
1381 1047 1450 1074 dico.
1482 1047 1550 1076 Nam
1576 1050 1738 1078 erubescere

955 1092 1057 1119 debetis
1068 1099 1100 1119 eo
1115 1092 1186 1126 quod
1200 1100 1278 1119 nemo
1292 1093 1327 1119 sit
1340 1093 1412 1120 inter
1426 1101 1474 1120 vos
1489 1098 1543 1121 tam
1556 1095 1676 1128 sapiens,
1691 1096 1738 1130 qui

955 1137 1061 1164 noverit
1074 1145 1170 1164 causas
1181 1137 1251 1165 inter
1266 1137 1365 1165 fratres
1377 1138 1540 1166 discernere.
1557 1139 1591 1166 Et
1605 1140 1653 1167 hoc
1667 1141 1737 1175 apud

954 1182 1082 1216 inﬁdeles.
1099 1183 1201 1216 Duplex
1217 1188 1358 1217 peccatum
1371 1188 1424 1217 est,
1440 1189 1467 1210 ct
1481 1185 1551 1219 quod
1560 1185 1663 1220 judicio
1677 1194 1740 1214 con-

955 1227 1075 1259 tenditis,
1093 1232 1121 1254 et
1133 1228 1195 1262 quia
1208 1228 1278 1262 apud
1291 1228 1412 1256 inﬁdeles
1425 1230 1458 1256 ad
1467 1230 1557 1264 jurgia
1574 1232 1739 1265 provocatis.

954 1272 1016 1300 Jam
1029 1273 1133 1304 quidem
1152 1274 1258 1300 omnino
1280 1274 1405 1301 delictum
1420 1280 1457 1302 est
1470 1276 1496 1302 in
1512 1277 1593 1303 vobis.
1616 1276 1676 1305 [deo
1689 1278 1741 1305 hoc

955 1318 1033 1345 iterat
1048 1327 1055 1345 :
1071 1326 1133 1345 nam
1152 1319 1239 1353 potuit
1262 1324 1368 1354 putare,
1381 1320 1513 1354 judicium
1529 1321 1629 1349 habere
1644 1323 1740 1350 adver—

954 1371 1001 1391 sus
1015 1364 1130 1391 alterum
1148 1372 1200 1391 non
1223 1372 1283 1391 esse
1298 1370 1450 1399 peccatum,
1480 1366 1527 1393 sed
1554 1369 1739 1396 tantummodo

954 1415 1094 1444 peccatum
1108 1417 1168 1437 esse
1185 1414 1261 1437 extra
1292 1410 1441 1438 Ecclesium
1458 1411 1527 1439 velle
1538 1411 1667 1446 iudicari,
1687 1414 1740 1442 nisi

955 1455 1115 1491 adjungeret
1128 1465 1133 1482 :
1149 1455 1212 1483 Iam
1225 1457 1328 1492 quidem
1343 1458 1450 1485 omnino
1474 1458 1597 1486 delictum
1622 1465 1659 1487 est
1674 1460 1741 1487 inter

954 1507 1008 1532 vos,
1023 1501 1086 1535 quia
1104 1500 1209 1534 judicia
1222 1500 1321 1528 habetis
1337 1502 1478 1529 vobiscum.
1495 1503 1528 1530 Et
1548 1511 1582 1531 ne
1595 1504 1739 1539 quisquam

954 1544 1005 1572 hoc
1019 1545 1054 1571 ita
1075 1550 1227 1579 excusaret,
1247 1550 1274 1573 et
1294 1546 1396 1574 diceret
1406 1546 1510 1581 justum
1532 1556 1562 1576 se
1575 1549 1675 1578 habere
1690 1559 1739 1578 ne-

954 1592 1066 1628 gotium,
1082 1598 1111 1620 et
1129 1593 1299 1628 iniquitatem
1314 1601 1344 1621 se
1358 1594 1414 1628 pati
1437 1602 1517 1629 quam
1532 1596 1613 1623 vellet
1627 1604 1642 1623 a
1656 1605 1686 1625 se
1694 1597 1739 1633 ju-

954 1637 1043 1664 dicum
1067 1639 1202 1666 sententia
1229 1640 1361 1673 amoveri,
1378 1641 1508 1669 continuo
1526 1642 1624 1670 talibus
1638 1644 1741 1679 cogita-

954 1681 1073 1710 tionibus
1086 1683 1129 1710 vel
1148 1686 1369 1713 excusationibds
1383 1688 1511 1720 occurrit,
1530 1691 1557 1715 et
1573 1689 1630 1715 ait:
1650 1688 1740 1721 Quare

953 1735 1005 1754 non
1018 1728 1102 1763 magis
1118 1728 1243 1763 injuriam
1260 1732 1395 1766 accepistis
1408 1733 1420 1759 .9
1433 1732 1468 1760 Ut
1484 1733 1643 1768 impleretur
1655 1734 1737 1761 illud:

953 1771 982 1799 Si
1004 1773 1061 1807 quis
1088 1773 1141 1800 vult
1165 1775 1320 1803 contendere
1338 1777 1441 1811 judicio
1463 1782 1558 1810 tecum,
1579 1783 1603 1805 et
1623 1780 1739 1806 tunicam

953 1822 1026 1844 tuam
1050 1818 1149 1851 tollere,
1166 1820 1267 1847 dimitte
1293 1822 1317 1851 ei
1340 1827 1362 1848 et
1386 1821 1496 1856 pallium
1509 1822 1616 1858 (Matt/3.
1630 1823 1668 1858 v).
1685 1823 1740 1851 Sed

953 1868 1043 1891 tamen
1065 1865 1128 1892 talia
1145 1867 1252 1901 negotia
1279 1875 1328 1902 per
1341 1867 1464 1895 inﬁrmos
1476 1868 1593 1902 iudicari
1605 1870 1632 1896 in
1647 1870 1741 1898 Eccle-

953 1909 994 1936 sia
1007 1910 1154 1936 secundum
1165 1911 1359 1945 indulgentiam
1372 1914 1506 1940 concessit
1524 1913 1654 1942 fratribus
1668 1915 1740 1944 inter

953 1953 1054 1980 fratres
1079 1953 1286 1988 judicantibus:
1308 1961 1385 1984 extra
1411 1957 1560 1985 Ecclesiam
1578 1967 1641 1987 vero
1664 1960 1739 1994 judi-

952 1998 1010 2025 cari
1026 1999 1186 2026 terribiliter
1204 2004 1287 2028 vetat.
1304 2001 1357 2029 Sed
1372 2010 1416 2029 vos
1440 2002 1582 2037 fraudatis.
1601 2004 1668 2032 Cum
1683 2005 1740 2033 illa-

954 2048 1008 2071 tam
1034 2044 1158 2078 injuriam
1183 2047 1332 2074 secundum
1360 2052 1526 2083 praeceptum
1554 2050 1693 2086 Evangelii
1712 2057 1740 2080 et

955 2089 1059 2116 Domini
1085 2090 1239 2125 exemplum
1265 2092 1402 2127 patienter
1431 2094 1566 2122 sustinere
1593 2096 1740 2130 deberetis,

953 2140 1001 2161 vos
1013 2142 1028 2161 e
1043 2136 1182 2163 contrario
1209 2144 1263 2163 non
1279 2137 1365 2164 solum
1380 2145 1433 2165 non
1446 2138 1574 2170 sull‘ertis,
1592 2141 1638 2168 sed
1657 2142 1740 2169 etiam

953 2188 1007 2208 non
1026 2180 1188 2209 facientibus
1203 2183 1338 2218 irrogatis.
1361 2184 1394 2211 Et
1411 2185 1459 2211 hoc
1484 2185 1623 2218 fratribus.
1641 2186 1669 2213 Id
1686 2192 1739 2218 est,

953 2227 1040 2260 vobis,
1062 2228 1159 2261 quibus
1184 2236 1235 2256 nec
1261 2230 1370 2264 quidem
1385 2230 1471 2257 vicem
1487 2231 1597 2258 reddere
1624 2232 1740 2259 inimicis

954 2280 1113 2300 concessum
1128 2278 1180 2301 est.
1195 2274 1237 2300 An
1259 2275 1365 2301 nescitis
1390 2276 1452 2310 quia
1466 2275 1549 2310 iniqui
1570 2280 1677 2311 regnum
1690 2276 1742 2304 Det

954 2326 1006 2345 non
1018 2319 1208 2353 possidebunt?
1221 2320 1257 2346 Ac
1270 2321 1293 2347 si
1306 2321 1407 2348 diceret
1421 2330 1428 2348 :
1443 2322 1511 2348 Dum
1527 2322 1612 2358 iniqui
1627 2330 1740 2358 regnum

955 2364 1002 2391 Dei
1027 2372 1080 2392 non
1107 2365 1294 2399 possidebunt,
1321 2366 1404 2394 nolite
1427 2373 1476 2394 vos
1502 2367 1552 2402 ipsi
1582 2368 1664 2403 iniqui
1682 2368 1739 2395 ﬁeri

954 2404 1115 2443 fraudando,
1129 2415 1156 2438 et
1173 2410 1298 2445 iniuriam
1314 2411 1447 2440 faciendo.
1470 2412 1559 2439 Nolite
1574 2420 1671 2438 errare.
1683 2412 1742 2439 Hoc

954 2460 1005 2489 est,
1025 2455 1126 2488 seduci,
1147 2457 1334 2485 existimantes
1363 2458 1396 2485 de
1414 2457 1515 2488 multis,
1536 2461 1563 2484 et
1577 2464 1630 2484 non
1657 2457 1738 2484 etiam

954 2501 1055 2529 denuo
1082 2506 1196 2536 peccato
1214 2503 1373 2537 puniendos.
1393 2502 1447 2529 Aut
1473 2502 1556 2529 nolite
1570 2509 1663 2529 errare
1676 2509 1739 2530 vos-

954 2549 1084 2583 netipsos
1094 2553 1121 2576 et
1135 2549 1203 2577 alios
1224 2550 1331 2584 iniquos
1348 2554 1474 2585 putantes
1489 2554 1601 2584 regnum
1617 2549 1664 2577 Dei
1681 2557 1738 2586 pos-

954 2594 1051 2622 sidere.
1065 2594 1100 2622 Et
1114 2596 1161 2622 hoc
1175 2596 1318 2631 aliquando
1330 2596 1427 2631 fuistis.
1446 2595 1498 2623 Sed
1511 2603 1583 2623 nunc
1596 2604 1649 2624 non
1660 2597 1737 2624 estis.

955 2639 1042 2668 Nolite
1059 2648 1125 2676 ergo
1143 2642 1238 2669 timere
1258 2642 1291 2669 de
1316 2642 1472 2677 prmteritis,
1499 2646 1603 2670 tantum
1619 2650 1654 2670 ne
1678 2647 1739 2677 post

954 2684 1118 2720 baptismum
1133 2687 1307 2714 criminosum
1330 2687 1430 2722 aliquid
1445 2689 1630 2716 committatis.
1647 2684 1739 2716 Molles

954 2735 1028 2763 sunt,
1047 2738 1109 2759 cum
1135 2732 1233 2767 quibus
1258 2732 1337 2761 virile
1356 2732 1497 2769 perﬁcitur
1511 2734 1609 2767 scelus,
1624 2739 1652 2762 et
1669 2741 1737 2769 quo-

955 2784 1015 2804 rum
1029 2777 1117 2805 virilia
1132 2777 1159 2805 in
1178 2779 1293 2813 pueritia
1314 2780 1514 2812 castrabuntur,
1530 2784 1561 2808 ut
1575 2774 1682 2816 semper
1696 2788 1739 2808 cs-

954 2827 1015 2850 scut
1028 2823 1172 2857 imberbes,
1188 2828 1215 2852 et
1237 2826 1388 2857 muliebria,
1409 2827 1461 2854 hoc
1486 2830 1538 2859 est,
1557 2826 1648 2854 mollia
1674 2833 1737 2854 cor-

953 2876 1019 2904 pora
1035 2868 1174 2897 baberent.
1204 2869 1237 2897 Hi
1251 2878 1316 2906 ergo
1345 2872 1414 2906 apud
1430 2871 1544 2906 gentiles
1560 2872 1586 2898 in
1606 2872 1735 2898 honorem

1508 2918 1527 2948 5
