3974 6202
564 320 672 384 139

567 536 799 606 septimo
829 533 894 587 de
923 529 1158 586 Civitate
1190 527 1286 582 Dei
1321 527 1556 582 ostendit
1582 526 1770 583 dicens
1794 545 1806 580 :
1836 526 1932 582 His
1953 536 2133 582 autem

568 631 881 695 amputatur
902 619 1153 684 virilitas,
1206 626 1268 673 ut
1305 633 1409 673 nec
1455 624 1844 675 convertantur
1877 618 1933 672 in
1984 616 2137 671 femi-

568 730 718 779 nam,
746 728 848 769 nec
870 713 973 767 viri
1000 712 1395 782 relinquantur.
1433 711 1503 766 Et
1527 711 1721 766 iterum
1750 711 1817 766 de
1846 710 2094 766 mollibus
2119 728 2132 763 :

567 807 757 873 Eidem
783 803 945 859 Matri
992 818 1201 873 magnae
1237 810 1426 858 contra
1463 817 1677 858 omnem
1730 803 1972 858 virorum
2023 817 2139 857 mn-

566 901 869 966 lierumque
900 895 1281 949 verecundiam
1312 894 1615 948 consecrati
1662 900 1812 959 sunt,
1842 893 1935 963 qui
1963 906 2136 962 usque

570 989 626 1041 in
682 993 983 1041 extremum
1038 981 1400 1055 [hesternum]
1438 981 1580 1036 diem
1626 981 1856 1036 madidis
1905 980 2135 1049 capillis,

569 1083 625 1129 et
650 1072 789 1128 facie
844 1071 1108 1135 dealbata,
1160 1069 1448 1126 fluentibus
1485 1071 1767 1136 membris,
1813 1071 2031 1125 incessu
2058 1069 2138 1124 fe-

573 1166 752 1219 mineo
775 1177 875 1232 per
896 1161 1103 1233 plateas
1124 1161 1382 1230 vicosque
1408 1159 1770 1231 Carthaginis,
1798 1162 1960 1216 etiam
1987 1177 2017 1215 a
2042 1175 2138 1230 po-

570 1255 731 1325 pulis,
756 1255 900 1309 unde
927 1254 1157 1325 turpiter
1179 1252 1443 1318 viverent,
1465 1253 1770 1322 exigebant.
1794 1251 1941 1305 Nihil
1971 1251 2136 1307 Varro

571 1352 751 1406 dicere
776 1350 971 1416 voluit,
1004 1364 1103 1403 nec
1155 1348 1363 1418 uspiam
1414 1347 1610 1418 legisse
1657 1363 1746 1402 me
1771 1348 2134 1402 commemini.

570 1440 780 1497 Defecit
805 1438 1197 1508 interpretatio,
1224 1437 1441 1492 erubuit
1467 1437 1628 1501 ratio,
1656 1438 1916 1491 conticuit
1941 1439 2133 1493 oratio.

572 1531 678 1586 Sed
708 1529 870 1584 abluti
913 1529 1057 1582 estis.
1091 1528 1310 1582 Scilicet
1353 1541 1450 1596 per
1486 1526 1837 1597 baptismum.
1883 1525 1986 1581 Sed
2011 1544 2136 1582 san-

568 1620 782 1690 ctiﬁcati
811 1620 954 1673 estis.
990 1617 1097 1673 Per
1161 1616 1426 1689 Spiritum
1478 1624 1727 1672 sanetum
1780 1633 1845 1673 ac
1892 1616 2135 1673 verbum.

573 1709 679 1764 Sed
712 1708 995 1779 justiﬁcati
1047 1709 1191 1762 estis.
1234 1707 1293 1761 In
1332 1707 1488 1761 bonis
1524 1708 1795 1777 operibus.
1824 1707 1894 1762 In
1929 1711 2137 1764 nomine

1927 328 2197 385 SEDULll
2232 327 2425 386 SCOTI

570 443 759 498 Matris
784 439 1008 498 deorum
1029 436 1406 495 castrahantur
1434 450 1448 489 :
1482 442 1541 490 ut
1559 435 1891 505 Augustinus
1915 438 1969 491 in
1995 438 2132 523 libro
2157 444 2211 502 Α
2232 439 2479 495 ebriosus
2520 447 2576 494 et
2618 439 2835 510 gulosus
2869 440 3070 517 fuerit?
3108 441 3357 512 Nunquid
3395 457 3443 495 ε.
3474 481 3488 497 .

3675 337 3761 395 lli)

3520 465 3761 502 .....ιιι

2236 543 2433 597 corpus
2458 544 2613 582 suum
2640 545 2746 585 non
2783 533 3010 600 peccat?
3039 532 3346 589 Fornicatio
3372 543 3457 590 est
3483 534 3621 592 foras
3640 539 3768 593 exire

2236 634 2269 673 a
2297 620 2536 691 legitimo
2583 621 2850 691 coniugio.
2906 622 3079 679 Omne
3108 635 3289 680 autem
3313 634 3593 694 peccatum
3616 636 3768 697 potesr

2236 710 2306 763 ab
2334 724 2442 763 uno
2482 711 2769 777 committi,
2807 712 2898 781 qui
2928 713 3227 767 membrum
3279 713 3385 768 dici
3437 724 3627 783 potest,
3675 732 3767 771 non

2238 807 2418 855 tamen
2461 814 2678 870 corpus.
2731 801 2788 855 In
2817 801 3173 857 fornicatione
3221 811 3399 871 autem
3424 806 3532 860 duo
3553 814 3769 875 pereunt,

2235 890 2401 943 etiam
2450 898 2622 944 totum
2663 905 2877 960 corpus.
2932 891 3147 946 Grande
3195 907 3324 963 ergo
3371 893 3568 947 malum
3599 903 3689 958 est,
3724 895 3770 948 in
3810 908 3811 911 ‘

2236 993 2343 1048 quo
2387 978 2507 1037 dua:
2557 981 2750 1036 animae
2788 992 3013 1052 pereunt
3040 983 3123 1039 vel
3161 985 3483 1040 moriuntur.
3518 985 3632 1040 Vult
3662 1001 3775 1056 ergo

2236 1085 2465 1140 gravare
2494 1070 2868 1126 fornicationis
2891 1087 3135 1139 causam,
3168 1088 3288 1142 qua:
3317 1073 3424 1128 illis
3457 1088 3554 1141 per
3576 1088 3773 1131 consuc-

2236 1162 2475 1216 tudinem
2509 1162 2779 1231 levissima
2809 1164 3111 1218 videbatur.
3160 1165 3268 1219 Aut
3315 1166 3373 1218 in
3418 1181 3601 1235 corpus
3641 1182 3773 1219 suum

2236 1261 2455 1321 peccat:
2484 1253 2609 1320 quia
2671 1253 2774 1308 hoc
2805 1254 2995 1308 vitium
3049 1255 3222 1325 magis
3256 1255 3581 1310 voluntatem
3618 1257 3774 1310 carnis
3840 1304 3845 1309 .

2238 1350 2484 1412 praestat,
2510 1358 2674 1411 quam
2703 1351 2897 1399 cmtera
2926 1345 3079 1399 vitia.
3102 1345 3247 1416 Lege
3269 1345 3641 1415 Augustinum.
3665 1346 3777 1401 Cor-

2238 1447 2338 1501 pus
2361 1446 2491 1487 vero
2517 1434 2772 1503 templum
2819 1434 2916 1490 Dei
2948 1444 3071 1491 est:
3102 1437 3269 1491 Deum
3298 1451 3428 1507 ergo
3454 1437 3609 1492 decet
3641 1438 3776 1491 habi-

2241 1527 2356 1574 tare
2383 1522 2438 1575 in
2489 1523 2649 1577 domo
2698 1536 2816 1589 sua,
2850 1539 2957 1577 non
3006 1533 3308 1594 peccatum,
3361 1541 3463 1582 nec
3509 1527 3775 1593 diabolum.

2241 1614 2398 1682 Quod
2432 1613 2479 1667 si
2506 1613 2561 1666 in
2588 1613 2741 1668 vobis
2776 1612 3010 1683 Spiritus
3036 1624 3257 1669 sanctus
3282 1624 3390 1680 est,
3434 1617 3624 1670 scitote
3654 1617 3780 1686 quod

2242 1718 2350 1758 non
2380 1704 2447 1757 ad
2470 1703 2883 1759 fornicationem
2909 1702 3052 1758 facta
3078 1712 3204 1759 sunt
3223 1706 3465 1759 membra
3488 1715 3674 1771 vestra,
3696 1707 3779 1761 sed

569 1799 804 1854 Domini.
860 1796 919 1852 Id
974 1804 1078 1862 est,
1120 1797 1176 1850 in
1228 1796 1567 1851 confessione
1624 1799 1858 1853 nominis
1899 1799 2134 1855 Domini.
2163 1786 2213 1846 B
2239 1792 2307 1847 ad
2332 1792 2545 1846 laudem
2580 1792 2696 1858 Dei,
2730 1792 2817 1847 vel
2848 1793 2917 1847 ad
2963 1794 3306 1848 serviendum
3353 1795 3483 1850 Deo.
3523 1796 3641 1850 Non
3672 1799 3784 1852 estis

569 1887 762 1942 Omnia
809 1887 938 1941 mihi
993 1886 1169 1952 licent,
1199 1886 1292 1941 sed
1342 1904 1447 1943 non
1469 1889 1647 1942 omnia
1672 1890 1973 1958 expediunt.
2008 1892 2138 1959 Quae

569 1981 636 2034 de
665 1978 1023 2035 fornicatione
1044 1986 1259 2046 tractat,
1290 1980 1406 2035 vult
1432 1981 1717 2037 materiam
1738 1980 2135 2049 fornicationis,

566 2069 621 2125 id
642 2077 744 2135 est,
777 2066 913 2142 gulte
938 2071 1409 2140 intemperantiam
1449 2073 1756 2138 ostendere,
1788 2073 1949 2127 simul
1978 2082 2138 2144 atque

569 2161 869 2216 destruere.
897 2160 1049 2216 Licet
1092 2176 1222 2231 ergo
1273 2161 1429 2216 nobis
1475 2162 1803 2217 manducare
1827 2171 1884 2218 et
1909 2163 2132 2229 bibere;

566 2250 667 2306 scd
715 2251 763 2307 si
816 2249 1201 2319 subjecerimus
1244 2267 1343 2308 nos
1388 2254 1910 2320 comessationibus,
1961 2254 2136 2324 ipsum

568 2342 778 2399 licitum
799 2343 1060 2413 perducet
1087 2359 1186 2399 nos
1209 2344 1276 2399 ad
1302 2344 1577 2409 illicitum,
1605 2346 1709 2400 hoc
1734 2353 1837 2411 est,
1869 2346 1937 2400 ad
1967 2346 2138 2401 forni-

571 2436 843 2491 cationem
869 2454 881 2488 :
919 2436 993 2490 ita
1010 2443 1066 2492 et
1090 2437 1158 2491 de
1183 2437 1434 2492 omnibus
1459 2436 1863 2507 intelligendum
1889 2447 1973 2492 est
1998 2452 2138 2507 qua:-

567 2540 783 2597 cunque
809 2535 1030 2595 peccata
1056 2543 1163 2581 non
1192 2535 1337 2593 sunt,
1359 2528 1672 2583 occasiones
1697 2537 1924 2597 possunt
1952 2536 2134 2583 tamen

567 2618 697 2672 dare
724 2617 1062 2673 delictorum.
1094 2617 1200 2673 Sed
1246 2635 1340 2689 ego
1379 2616 1473 2672 su’b
1513 2619 1709 2674 nullius
1747 2620 1957 2689 redigar
1992 2630 2136 2690 pote-

564 2716 717 2762 state.
745 2707 802 2761 ld
836 2715 944 2775 est,
971 2707 1079 2763 cibi
1110 2715 1164 2763 et
1190 2709 1269 2763 rei
1300 2709 1459 2764 licitae
1477 2711 1692 2781 redigar
1714 2718 1999 2780 potestate,
2030 2713 2134 2768 hoc

565 2808 667 2864 cst,
721 2815 829 2855 non
874 2801 979 2856 mei
1014 2801 1376 2856 dominabitur
1405 2820 1418 2855 :
1451 2818 1559 2855 non
1603 2804 1745 2857 enim
1780 2804 1859 2858 sic
1887 2820 2134 2859 succum-

564 2891 691 2947 bam
723 2899 783 2945 ut
808 2893 1059 2947 serviam.
1098 2892 1299 2948 Paulus
1325 2893 1412 2948 cui
1439 2902 1631 2948 cuncta
1662 2894 1843 2959 licent,
1886 2897 1988 2950 sub
2016 2896 2134 2949 nul-

567 2980 673 3037 lius
700 2990 968 3053 potestatc
1015 2998 1074 3037 se
1110 2984 1325 3053 redigit,
1376 2983 1499 3053 quia
1530 2984 1878 3053 semetipsum
1902 3000 1931 3038 a
1971 2985 2132 3040 licitis

566 3073 965 3144 restringenda,
994 3088 1059 3129 ea
1086 3089 1205 3142 qua:
1258 3072 1522 3129 delectata
1573 3084 1901 3145 premerent,
1937 3076 2129 3145 despe-

2241 1885 2417 1938 vestri.
2455 1884 2556 1951 Qui
2587 1899 2692 1938 non
2721 1893 2801 1940 est
2830 1900 2983 1950 suus,
3028 1901 3137 1940 non
3165 1886 3326 1941 debet
3354 1889 3456 1943 sibi
3484 1889 3677 1954 vivere,
3699 1890 3785 1945 sed

2240 1973 2318 2028 illi
2342 1972 2494 2042 cujus
2543 1974 2804 2046 sanguine
2859 1983 3071 2045 emptus
3119 1985 3219 2030 est.
3268 1976 3443 2047 Empti
3476 1981 3609 2032 enim
3654 1982 3785 2033 estis.
3872 2022 3875 2023 ν

2239 2063 2356 2119 Νοη
2387 2079 2541 2130 auro,
2579 2079 2685 2119 non
2714 2071 2958 2135 argento,
2981 2066 3075 2120 sed
3109 2066 3370 2134 sanguine
3405 2066 3621 2121 Christi.
3658 2068 3784 2123 San-

2239 2158 2358 2227 guis
2375 2172 2641 2228 aegrorum
2666 2157 2786 2212 aliis
2808 2167 2966 2213 nocet
2988 2175 3004 2225 ;
3033 2160 3249 2228 sanguis
3270 2175 3397 2215 vero
3417 2159 3616 2215 Christi
3641 2176 3779 2217 mun-

2239 2246 2368 2301 dum
2425 2247 2671 2304 redemit.
2724 2246 3026 2316 Glori/icate
3070 2248 3257 2303 Deum.
3290 2250 3403 2305 Hoc
3430 2259 3532 2317 est,
3574 2253 3708 2322 agite
3735 2264 3789 2307 ut

2236 2334 2568 2408 glorificetur
2608 2336 2753 2391 Deus
2778 2352 2879 2405 per
2912 2353 3075 2407 opera
3103 2349 3299 2394 vestra.
3330 2340 3399 2394 Et
3420 2352 3640 2413 portate.
3676 2343 3793 2414 Spi—

2237 2428 2403 2483 ritum
2432 2430 2642 2485 scilicet
2674 2440 2920 2486 sanctum
2972 2432 3127 2501 cujus
3171 2436 3417 2506 superius
3443 2439 3680 2495 membra
3705 2456 3797 2498 ve—

2237 2530 2351 2577 stra
2388 2523 2644 2593 templum
2673 2538 2796 2580 esse
2823 2526 3003 2580 testati
3029 2541 3233 2583 sumus.

2829 2617 3055 2673 CAPUT
3091 2620 3198 2675 VII.

2305 2703 2383 2758 De
2402 2706 2588 2776 quibus
2615 2714 2788 2760 autem
2815 2708 3093 2778 scripsistis
3127 2711 3273 2764 mihi.
3302 2711 3418 2767 Huc
3443 2728 3610 2783 usque
3629 2715 3794 2785 gratis

2235 2796 2438 2862 docuit,
2470 2813 2614 2852 nunc
2638 2799 2705 2852 ad
2728 2799 3057 2869 interrogata
3088 2803 3396 2870 respondet.
3440 2802 3592 2858 Nunc
3618 2814 3793 2859 autem

2234 2887 2427 2957 incipit
2467 2889 2534 2943 de
2562 2888 2822 2960 coniugiis
2844 2900 3111 2957 tractare;
3138 2902 3263 2947 ante
3285 2894 3427 2948 enim
3472 2899 3797 2967 expugnavit

2236 2978 2441 3046 illicita,
2474 2994 2635 3048 quam
2684 2981 2751 3035 de
2787 2981 2948 3036 licitis
2974 2981 3305 3051 loqueretur.
3352 2983 3615 3039 Corinthii
3640 3002 3797 3041 nam-

2236 3083 2344 3140 que
2371 3069 2439 3124 ad
2468 3070 2689 3124 Paulum
2718 3072 2999 3140 epistolam
3024 3073 3305 3139 miserunt,
3336 3084 3397 3130 ut
3419 3075 3537 3129 illos
3558 3076 3797 3143 doceret,

564 3171 654 3218 eta
680 3162 1028 3217 transcendit.
1089 3162 1230 3217 Esca
1288 3164 1473 3217 ventri.
1506 3162 1563 3217 ld
1606 3173 1708 3230 est,
1763 3165 2016 3219 convenit
2043 3165 2128 3220 vel
2156 3152 2200 3215 C
2230 3159 2275 3213 si
2304 3168 2427 3230 post
2447 3170 2722 3230 acceptam
2753 3162 2912 3217 fidem
2938 3162 3142 3217 licitum
3184 3174 3327 3220 esset
3368 3181 3565 3222 uxores
3616 3168 3801 3223 dimit-

563 3261 745 3307 creata
777 3259 878 3327 est.
938 3250 1044 3307 Sed
1093 3251 1341 3307 Domino.
1375 3251 1489 3308 Hoc
1517 3262 1620 3319 est,
1677 3253 1749 3308 ad
1785 3256 2128 3311 serviendum

562 3341 814 3407 Domino,
845 3341 929 3398 vel
953 3350 1013 3396 ut
1039 3342 1111 3397 sit
1145 3342 1401 3413 templum
1449 3344 1697 3399 Domino.
1754 3344 1825 3398 Et
1870 3346 2127 3401 Dominus

560 3436 786 3506 corpori.
823 3434 989 3503 Quasi
1018 3437 1234 3506 proprio
1264 3437 1479 3506 templo.
1527 3437 1668 3493 Deus
1709 3449 1881 3493 autem
1907 3442 2131 3494 suscita-

558 3525 631 3578 vit
665 3524 950 3581 Dominum
978 3524 1181 3580 Iesum.
1213 3525 1346 3593 Quia
1367 3535 1529 3597 caput
1557 3536 1802 3582 nostrum
1824 3529 2125 3594 suscitavit,

561 3622 618 3669 et
653 3630 752 3670 nos
813 3606 1028 3686 quoque
1063 3620 1304 3672 membra
1351 3618 1489 3687 ejus,
1538 3619 1585 3672 si
1637 3634 1736 3688 per
1786 3621 2127 3675 sanctitatem

559 3702 842 3771 fuerimus,
882 3707 1182 3761 suscitabit.
1211 3706 1354 3778 Ergo
1384 3707 1640 3763 debemus
1671 3709 1911 3764 membra
1941 3717 2127 3765 nostra

558 3794 921 3860 sanctificare,
955 3803 1016 3849 ut
1064 3796 1119 3850 in
1146 3808 1211 3850 eo
1240 3811 1461 3853 manere
1509 3812 1835 3853 mereamur.
1894 3798 2127 3870 Corpora

560 3890 731 3935 vestra
776 3883 1009 3936 membra
1062 3882 1259 3939 Christi
1312 3896 1453 3941 sunt.
1492 3887 1627 3953 Quia
1667 3889 1845 3944 omnis
1884 3889 2123 3945 Ecclesia

556 3985 753 4040 corpus
800 3979 886 4026 est
914 3969 1155 4035 Christi;
1198 3974 1396 4041 singuli
1440 3986 1621 4029 autem
1652 3979 1892 4032 membra
1922 3993 1938 4031 :
1966 3988 2125 4048 caput

557 4069 741 4115 autem
794 4058 1043 4113 Christus
1086 4067 1189 4113 est.
1234 4060 1441 4117 Tollens
1483 4081 1604 4134 ergo
1629 4066 1858 4120 membra
1906 4067 2120 4136 Christi,

554 4148 752 4217 faciam
808 4147 1041 4201 membra
1076 4151 1402 4205 meretricis?
1451 4151 1789 4208 Abscindens
1828 4172 1916 4210 me
1947 4174 1977 4212 a
2002 4174 2123 4213 cor-

553 4250 688 4305 pore
711 4235 930 4300 Christi,
972 4235 1167 4292 faciam
1196 4241 1435 4295 membra
1475 4243 1818 4298 meretricis?
1846 4243 1962 4300 Non
1987 4247 2122 4302 dixit

553 4326 924 4394 fornicatoris,
953 4336 1013 4382 ut
1071 4329 1383 4385 ostenderet
1409 4347 1534 4385 eum
1581 4334 1819 4403 ejusdem
1867 4351 1985 4392 esse
2014 4340 2120 4394 cri-

551 4417 716 4474 minis
769 4425 825 4473 et
876 4418 1128 4483 nominis,
1187 4418 1340 4487 cujus
1391 4420 1480 4476 illa
1518 4431 1639 4487 est;
1682 4425 1823 4492 apud
1872 4426 2118 4483 homines

2233 3257 2367 3316 tere,
2398 3259 2490 3306 aut
2509 3252 2776 3320 quomodo
2796 3268 2993 3309 uxores
3032 3255 3179 3310 licite
3205 3256 3549 3312 haberentur.
3590 3257 3799 3314 Bonum

2229 3348 2304 3392 est
2333 3340 2530 3394 homini
2554 3343 2822 3397 mulierem
2850 3360 2955 3398 non
2974 3354 3201 3415 tangere.
3221 3347 3427 3402 Bonum
3468 3348 3645 3404 fuerat
3668 3350 3805 3405 illud

2227 3430 2370 3498 quod
2408 3432 2561 3485 vobis
2592 3432 2646 3486 in
2675 3433 2971 3501 primordio
2996 3437 3307 3505 praedicavi,
3336 3439 3438 3492 hoc
3477 3448 3578 3504 est,
3604 3454 3807 3495 secun-

2228 3520 2355 3574 dum
2384 3522 2617 3593 conjugii
2644 3540 2799 3578 usum
2820 3540 2924 3579 non
2949 3535 3169 3596 tangere
3196 3528 3508 3594 mulierem;
3547 3532 3641 3584 sed
3664 3546 3809 3600 quo-

2227 3610 2371 3665 niam
2396 3612 2595 3667 multos
2630 3614 2966 3669 continentes
2990 3616 3116 3670 huic
3137 3617 3397 3673 doctrina:
3430 3620 3549 3674 loco
3573 3622 3807 3691 scripsi-

2225 3704 2325 3759 stis
2349 3703 2633 3775 refragari,
2681 3709 3009 3761 concedatur
3036 3709 3333 3762 remedium
3364 3725 3432 3764 ne
3479 3710 3812 3767 fornicaudo

2225 3797 2546 3851 moriantur.
2577 3797 2720 3869 Ergo
2761 3797 3001 3867 Apostoli
3049 3799 3153 3852 hoc
3191 3800 3438 3869 exemplo
3493 3801 3550 3855 in
3607 3803 3814 3871 primis

2223 3895 2504 3966 virginitas
2524 3903 2581 3951 et
2600 3895 2928 3950 continentia
2948 3895 3287 3964 praedicanda
3305 3904 3408 3950 est.
3438 3895 3543 3951 Sed
3562 3895 3815 3964 objicere

2224 3995 2492 4042 amatores
2531 3987 2758 4041 luxuriae
2800 3985 3018 4041 solent:
3056 3987 3273 4054 thuid
3320 4002 3448 4057 ergo
3491 3988 3669 4055 prima
3706 3988 3815 4042 Dei

2220 4075 2524 4131 benedictio
2559 4077 2783 4130 Crescite
2809 4085 2858 4130 et
2899 4076 3337 4146 multiplicamini,
3378 4077 3688 4130 concessit?
3733 4078 3817 4132 L‘t

2222 4174 2366 4220 terra
2392 4167 2600 4221 scilicet
2621 4166 2936 4236 repleretur.
2963 4166 3097 4233 Quia
3114 4168 3227 4237 jam
3244 4166 3460 4236 impleta
3484 4175 3590 4232 est,
3635 4169 3819 4223 debe—

2218 4272 2341 4313 mus
2387 4258 2456 4312 ab
2483 4258 2875 4313 incontinentia
2923 4272 3024 4313 nos
3080 4267 3399 4328 temperare.
3448 4258 3631 4313 Suam.
3676 4258 3818 4317 Non

2217 4348 2467 4403 alienam.
2496 4346 2744 4402 Uxorem.
2798 4347 2914 4403 Non
2947 4364 3163 4404 uxores.
3203 4349 3464 4403 Similiter
3509 4357 3698 4403 autem
3750 4362 3821 4405 et

2219 4453 2359 4493 uxor
2385 4439 2580 4492 virum.
2623 4439 2679 4493 ln
2710 4439 2813 4493 hoc
2852 4440 3113 4508 optimum
3155 4440 3557 4510 legitimumque
3611 4440 3837 4508 conju-

545 4510 697 4567 enim
723 4510 900 4564 minus
914 4507 1238 4564 videtur‘viri
1260 4525 1420 4579 quam
1442 4512 2008 4570 mulierisadmissum.
2035 4519 2117 4572 An
2141 4495 2195 4555 Ῑ)
2221 4529 2366 4599 3mm
2388 4530 2616 4595 videtur,
2642 4531 2854 4600 quando
2883 4495 2936 4585 ίιί
2969 4533 3128 4586 ambo
3154 4495 3449 4587 selumum
3470 4495 3823 4600 λροειοιιξιη

549 4600 757 4654 nesciis
779 4599 1025 4669 quoniam
1053 4600 1141 4671 qui
1170 4599 1401 4655 adltteret
1434 4604 1713 4669 meretrici,
1741 4620 1905 4659 unum
1924 4620 2117 4677 corpus

549 4690 817 4762 eﬁicitur.’
845 4689 1102 4762 Corporis
1130 4691 1336 4747 unitate
1381 4708 1480 4763 per
1504 4694 1920 4751 immunditiam.
1946 4697 2118 4753 Erunt

546 4781 705 4848 enim,
733 4780 928 4850 inquit,
954 4779 1060 4844 duo
1104 4782 1160 4835 in
1184 4798 1342 4838 carne
1365 4801 1493 4840 una.
1520 4786 1644 4842 Hac
1670 4794 1755 4842 est
1792 4788 1963 4857 prima
1989 4802 2117 4857 pro-

545 4873 731 4945 phetia
752 4872 947 4930 Adam.
975 4872 1253 4940 Quomodo
1283 4882 1459 4931 autem
1498 4892 1619 4933 cum
1644 4893 1814 4933 uxore
1838 4879 2006 4946 licita,
2034 4881 2115 4936 sic

544 4972 601 5018 et
627 4978 751 5020 cum
780 4964 1065 5021 meretrice
1085 4979 1191 5019 una
1214 4979 1340 5021 caro
1363 4964 1607 5034 efﬁcitur,
1629 4978 1852 5040 propter
1875 4985 2113 5027 amorem

544 5053 812 5109 illicitum.
841 5054 911 5110 In
951 5070 1111 5112 carne
1132 5072 1257 5111 una.
1288 5056 1517 5127 Propter
1547 5057 1879 5129 coniugalem
1908 5075 2113 5117 conne-

545 5143 787 5210 xionem,
815 5153 908 5202 aut
947 5146 1003 5202 in
1033 5146 1341 5218 generando
1369 5153 1423 5202 et
1447 5147 1800 5216 concipiendo
1828 5146 1960 5204 tilio.
1992 5147 2109 5202 Fu-

541 5233 647 5305 gite
677 5232 1094 5303 fornicationem.
1156 5237 1215 5294 Id
1242 5248 1344 5310 est,
1380 5248 1578 5306 mente,
1627 5248 1683 5296 et
1739 5239 1878 5307 loco,
1924 5250 1984 5297 ut
2025 5242 2110 5296 fa-

534 5325 621 5397 git
663 5321 883 5396 Ioseph.
960 5324 1124 5383 Omne
1193 5340 1461 5401 peceatum
1532 5332 1873 5404 quodcunque
1932 5334 2109 5403 fecerit

542 5417 716 5473 item.
772 5414 926 5474 Nune
970 5418 1207 5474 ostendit
1254 5431 1515 5491 quantum
1565 5433 1772 5480 reatum
1822 5425 2110 5481 fornicatio

543 5506 728 5574 habet,
782 5524 903 5579 qua
930 5508 1036 5566 illis
1086 5522 1185 5580 per
1212 5516 1655 5571 consuetudinem
1707 5516 1840 5571 levis
1889 5518 2109 5573 videba-

544 5604 653 5649 tur.
725 5595 865 5663 Quid
913 5600 960 5654 si
1013 5600 1175 5656 homo
1229 5601 1466 5670 seipsum
1517 5608 1830 5664 occiderit?
1886 5608 2025 5676 Quid
2061 5612 2106 5667 si

612 5698 637 5725 ι
671 5684 892 5741 Videtur
916 5688 1002 5745 hic
1024 5689 1225 5759 aliquid
1246 5691 1455 5751 deesse.

2220 4621 2277 4675 in
2300 4637 2398 4676 sua
2420 4623 2698 4677 voluntate
2726 4622 2879 4676 fiunt.
2906 4621 3099 4676 Mulier
3121 4624 3206 4677 sui
3227 4625 3462 4693 corporis
3483 4632 3822 4693 potestatem

2219 4728 2323 4766 non
2339 4712 2512 4767 habet.
2560 4712 2780 4768 Scilicet
2812 4713 2881 4767 ad
2908 4713 3295 4767 continentiam
3339 4713 3534 4778 carnis,
3569 4713 3684 4767 nisi
3740 4729 3825 4769 ex

2218 4815 2486 4855 consensu
2538 4803 2662 4856 viri.
2709 4801 2888 4856 Nolite
2941 4802 3213 4870 fraudare.
3241 4803 3285 4855 A
3316 4802 3496 4857 debito
3527 4801 3820 4873 coniugii.

2216 4891 2300 4944 Ad
2342 4899 2564 4965 tempus.
2608 4892 2723 4947 Hoc
2745 4900 2847 4958 est,
2872 4892 3196 4962 specialibus
3219 4892 3550 4961 alternisque
3577 4892 3825 4960 diebus,

2217 4989 2313 5035 aut
2342 4982 2791 5052 quadragesimali
2818 4990 3082 5052 tempore,
3117 4982 3203 5036 vel
3243 4983 3310 5038 ad
3348 4991 3561 5052 tempus
3588 4983 3830 5039 oratio-

2217 5070 2324 5137 nis,
2374 5071 2489 5126 sive
2532 5086 2631 5141 per
2658 5072 2775 5127 dies
2793 5072 3201 5143 puriﬁcationis.
3237 5071 3491 5125 Netenter
3513 5087 3604 5126 vos
3636 5070 3833 5127 Sata-

2215 5178 2331 5216 nas.
2356 5162 2436 5217 Ne
2460 5178 2570 5218 uno
2588 5178 2649 5219 se
2674 5164 3026 5222 subtrahente
3048 5165 3184 5219 alter
3215 5163 3534 5233 fornicatur,
3552 5174 3612 5220 et
3640 5165 3840 5224 Sata-

2214 5265 2315 5306 nas
2340 5253 2579 5308 tentandi
2605 5253 2781 5309 locum
2819 5256 3076 5311 inveniat.
3590 5294 3598 5300 -

2287 5341 2590 5399 Secundum
2629 5346 3044 5417 intelligentiam.
3094 5346 3324 5402 Infirmis
3362 5348 3469 5402 hoc
3509 5346 3839 5419 indaget),

2214 5449 2324 5491 non
2353 5435 2607 5504 perfectis
2653 5438 2942 5507 prmcipio,
2991 5438 3084 5508 qui
3113 5452 3302 5493 omnes
3331 5437 3580 5493 homines
3631 5438 3846 5496 velim

2214 5541 2302 5582 me
2323 5527 2545 5583 imitari.
2577 5528 2723 5584 Sicut
2757 5531 3026 5593 meipsum.
3060 5529 3118 5585 id
3149 5539 3253 5596 est,
3281 5530 3522 5595 viduum,
3554 5541 3668 5597 seu
3730 5547 3848 5588 ca-

2213 5627 2376 5685 stum,
2400 5618 2791 5691 virginemque,
2824 5621 2967 5690 quod
2994 5621 3166 5694 magis
3190 5621 3447 5678 creditur.
3484 5618 3659 5676 Atius
3686 5626 3852 5694 gui—
