3974 6202
220 345 295 400 ιιι
1292 340 1318 393 ί
1334 339 1612 398 οιιιεετ.
1654 343 1721 398 1N
1760 345 1781 398 Ι

1881 344 1977 400 5T.
2016 345 2039 402 l
2074 346 2167 402 AD
2204 344 2359 403 COR.

3344 348 3446 407 “2

211 460 312 511 dem
329 453 429 509 sic.
456 452 515 508 In
542 468 609 509 ca
636 452 815 508 titate.
856 448 1001 508 Alius
1038 470 1156 509 vero
1184 454 1285 511 sic.
1311 456 1369 509 la
1411 454 1772 509 matrimonio.
1804 459 1853 516 A
1878 457 2054 512 instar
2073 459 2503 514 circumcisiOnis
2526 468 2610 515 est
2654 475 2762 515 non
2796 460 2997 518 habere
3042 474 3292 529 uxorem,
3318 464 3446 521 dum

215 541 392 596 Helius
433 548 510 595 est
565 542 708 597 enim
750 539 962 594 nubere.
993 540 1136 597 Ante
1161 549 1365 599 votum.
1405 542 1547 599 Dicit
1599 550 1781 597 autem

215 632 405 699 melius
440 643 563 685 esse
594 628 825 693 nubere,
865 630 920 683 in
955 631 1361 700 comparatione
1385 631 1670 687 deterioris
1716 644 1782 685 ac

213 722 400 792 pejoris
426 720 525 785 rei,
555 719 661 773 nisi
684 718 843 787 culpa
865 719 1071 774 scilicet
1089 720 1157 773 ad
1185 719 1496 792 coniugium
1539 719 1794 785 veniant,-

211 813 249 866 si
268 820 447 865 tamen
469 808 714 863 nondum
751 809 978 863 meliora
1001 808 1354 874 devoverant,
1385 824 1550 879 quam
1577 810 1664 864 uri
1694 810 1780 865 vel

212 903 391 956 ardore
430 899 707 955 elfrenatae
755 899 1015 964 libidinis,
1076 900 1159 954 vel
1219 898 1468 955 infernali
1506 901 1630 970 igne
1658 908 1781 970 post

212 990 630 1046 fornicationem.
659 987 762 1042 His
781 999 957 1042 autem
981 988 1122 1054 dico,
1147 990 1236 1059 qui
1258 991 1615 1043 matrimonio.
1648 989 1781 1043 Pro-

214 1080 308 1148 prie
337 1079 585 1150 loquitur
607 1077 676 1132 ad
704 1077 1045 1147 coniunctos,
1094 1092 1162 1132 ne
1199 1079 1535 1134 dimitterent
1559 1095 1777 1145 uxores,

213 1173 414 1226 etalias
463 1172 746 1236 ducerent,
792 1179 887 1224 aut
937 1170 1212 1239 pulchras,
1267 1180 1360 1224 aut
1397 1171 1610 1235 divites,
1641 1172 1779 1226 sicut

215 1264 362 1319 Ιιιιιεί
395 1263 688 1318 faciebant.
722 1260 848 1315 Non
879 1277 995 1332 ego,
1034 1262 1125 1315 sed
1151 1261 1424 1316 Dominus.
1455 1260 1554 1328 Qui
1599 1262 1774 1316 dixit:

216 1354 298 1420 Qui
315 1354 583 1408 dimiserit
608 1368 828 1407 uxorem
853 1352 966 1406 sine
992 1368 1173 1418 causa,
1204 1352 1333 1420 facit
1370 1368 1489 1407 eam
1530 1351 1783 1408 matari

215 1444 384 1517 (locis.
416 1441 551 1512 xvi).
580 1439 798 1495 Manere
828 1441 1121 1509 innuptam.
1153 1440 1210 1494 ld
1229 1449 1330 1504 est,
1355 1450 1418 1495 ut
1461 1457 1569 1497 non
1609 1441 1778 1496 nubat

215 1535 289 1589 alii
306 1535 450 1587 viro.
480 1531 586 1585 Ant
607 1531 719 1584 viro
750 1528 1097 1584 reconciliari.
1128 1529 1263 1595 Quia
1288 1531 1479 1586 melius
1503 1539 1606 1597 est,
1633 1532 1680 1586 si
1709 1531 1779 1586 ad

214 1626 370 1680 virum
404 1637 569 1678 suum
607 1628 937 1684 revertatur,
984 1635 1146 1688 quam
1189 1628 1249 1674 ut
1292 1621 1383 1675 alii
1429 1622 1547 1676 viro
1588 1622 1774 1677 nubat.

218 1717 335 1771 Nam
362 1717 595 1771 ceteris.
628 1714 732 1782 Qui
774 1714 1025 1769 videlicet
1054 1728 1227 1783 neque
1272 1716 1433 1771 ambo
1483 1715 1776 1772 Christiani

1880 547 2074 602 mulier
2117 550 2273 618 quasi
2301 551 2601 604 membrum
2657 552 2900 621 corporis
2926 560 3012 608 est
3054 554 3179 619 viri,
3226 562 3283 611 et
3338 570 3446 610 una

1880 643 2007 689 sunt
2025 650 2174 690 caro.
2212 636 2285 691 At
2322 652 2454 693 vero
2486 652 2711 696 uxorem
2754 640 2954 696 habere
2979 642 3154 697 instar
3201 645 3450 714 praepuﬁi

1879 733 1965 779 est
1998 742 2012 778 :
2045 726 2169 795 quia
2202 727 2343 781 sicut
2378 728 2654 797 plenitudo
2677 732 2921 801 corporis
2946 740 3031 787 est
3075 733 3130 787 in
3167 737 3445 805 praeputio.

1879 814 1955 868 ita
1982 815 2038 869 in
2062 813 2327 886 coniugali
2349 820 2641 874 consortio.
2693 818 2820 873 Non
2847 820 3078 876 adducat
3112 824 3448 893 prwputinm.

1877 903 1933 957 ld
1956 912 2057 968 est,
2095 919 2338 970 uxorem,
2371 915 2433 961 ut
2458 907 2710 964 diximus.
2744 909 2917 965 Aliter
2957 929 2973 966 :
3020 911 3138 967 Non
3187 921 3341 983 putet
3387 931 3448 969 se

1878 994 2145 1064 superﬂue
2173 998 2582 1065 circumcisum,
2626 1015 2695 1055 ne
2739 1000 2805 1056 de
2830 1003 2933 1057 hoc
2976 1004 3241 1073 pmniteat
3286 1023 3300 1059 :
3347 1002 3451 1061 fuit

1877 1088 2021 1142 enim
2070 1090 2433 1144 necessarium
2489 1105 2587 1145 suo
2633 1098 2894 1160 tempore.
2923 1092 3050 1148 Sive
3081 1095 3186 1149 hoc
3237 1096 3440 1151 modo:

1878 1176 1993 1232 Non
2020 1179 2251 1235 adducat
2272 1182 2616 1250 praeputium,
2647 1191 2708 1237 ut
2734 1184 2857 1254 quis
2890 1184 3008 1240 sine
3031 1184 3169 1257 legis
3204 1201 3446 1242 ceremo-

1876 1269 1985 1323 niis
2035 1270 2203 1338 vivat,
2236 1273 2362 1342 quia
2390 1280 2504 1327 tum
2536 1274 2858 1344 quibusdam
2899 1277 3125 1346 apostoli
3163 1279 3448 1348 permitte-

1875 1360 2007 1416 bant
2052 1376 2217 1432 opera
2253 1363 2448 1431 legalia
2472 1366 2755 1432 custodiri,
2792 1382 2860 1421 ne
2910 1367 3090 1424 subito
3122 1384 3153 1423 a
3191 1369 3309 1440 lege
3354 1384 3444 1424 re-

1876 1451 2034 1505 traeti
2057 1451 2369 1507 scandalum
2390 1461 2723 1522 paterentur.
2745 1454 2867 1511 Non
2887 1457 3311 1513 circumcidatur.
3331 1459 3448 1515 Hoc

1877 1545 1979 1603 est,
2013 1553 2121 1593 non
2164 1539 2402 1594 dimittat
2448 1556 2691 1598 uxorem.
2737 1540 3075 1600 Circumcisio
3101 1547 3230 1602 nihil
3256 1557 3352 1603 est.
3391 1549 3449 1605 ld

1877 1637 1980 1694 est,
2015 1630 2319 1701 virginitas,
2350 1632 2436 1687 vel
2457 1634 2703 1698 castitas,
2729 1633 2846 1690 sine
2883 1635 3039 1690 bonis
3065 1636 3338 1706 operibus.
3377 1637 3449 1691 Et

1877 1720 2189 1787 prasputium
2218 1721 2349 1773 nihil
2401 1731 2496 1775 est.
2550 1721 2872 1793 Coniugium
2925 1724 3127 1795 absque
3173 1726 3445 1796 operibus.

215 1817 333 1861 sunt.
357 1805 740 1876 Quapropter?
762 1803 984 1859 Scilicet
1024 1811 1087 1859 ut
1124 1805 1427 1859 dimittatur
1452 1805 1647 1873 coniux
1689 1807 1773 1861 in-
1802 1789 1848 1847 Β
1878 1804 2071 1862 Servus
2095 1818 2306 1863 uocatus
2331 1824 2404 1864 es.
2435 1809 2493 1865 ld
2522 1819 2624 1877 est,
2665 1789 3016 1884 coniugatus.
3037 1789 3138 1868 —De
3188 1789 3445 1871 libertate.

217 1898 383 1961 ﬁdelis,
410 1905 471 1951 ut
497 1899 558 1951 in
582 1895 1038 1964 consequentibus
1078 1894 1363 1964 Apostolus
1391 1896 1541 1959 dicit,
1584 1911 1775 1966 quam-

217 1987 280 2041 vis
299 1985 499 2041 melius
522 1985 596 2039 sit
642 1999 750 2038 non
775 1983 1066 2038 dimittere.
1100 1983 1354 2038 Attamen
1382 2001 1486 2040 non
1523 1985 1651 2040 licet
1691 2000 1774 2041 se-

216 2079 431 2133 cundum
483 2085 821 2146 praeceptum
864 2074 1076 2130 Domini
1108 2083 1171 2129 ut
1205 2075 1512 2131 dimittatur
1554 2076 1773 2146 coniux,

218 2169 298 2223 nisi
343 2183 512 2223 causa
559 2166 955 2221 fornicationis.
995 2164 1304 2221 Fornicatio
1332 2175 1416 2221 est
1457 2166 1621 2220 etiam
1659 2166 1774 2234 ipsa

215 2258 502 2313 inﬁdelitas.
534 2258 774 2311 Dicimus
792 2265 972 2310 autem
1001 2256 1245 2325 permisit
1272 2271 1435 2312 causa
1463 2255 1778 2312 fornicatio-

216 2350 527 2404 nisuxorem
562 2347 800 2411 dimitti;
840 2346 933 2402 sed
962 2346 1085 2415 quia
1114 2345 1376 2416 permisit,
1426 2362 1535 2403 non
1592 2348 1774 2417 jussit,

213 2441 337 2495 dedit
365 2440 554 2494 locum
575 2437 841 2508 Apostolo
876 2437 1150 2501 monendi,
1172 2445 1233 2491 ut
1272 2438 1365 2506 qui
1401 2438 1631 2494 voluerit
1671 2455 1778 2494 non

214 2534 430 2588 dimittat
456 2546 692 2587 uxorem
744 2529 1039 2594 inﬁdelem,
1068 2530 1193 2599 quia
1232 2530 1313 2583 sic
1350 2529 1581 2585 fortasse
1605 2532 1779 2601 possit

214 2623 521 2679 ﬁdelisﬁeri.
550 2621 765 2692 Alioqui
791 2618 890 2690 ﬁlii
918 2620 1070 2673 vestri
1094 2619 1350 2673 immundi
1377 2630 1564 2675 essent.
1612 2621 1689 2676 Ac
1731 2623 1778 2677 si

208 2715 448 2780 dixisset;
490 2713 541 2768 si
566 2711 938 2783 permitterem
977 2709 1153 2763 virum
1182 2708 1451 2764 inﬁdelem
1479 2724 1603 2764 cum
1651 2708 1779 2763 ﬁliis

208 2808 308 2861 suis
338 2805 629 2862 discedere
658 2818 690 2856 a
717 2800 944 2856 muliere
966 2798 1129 2865 ﬁdeli,
1183 2799 1278 2853 lilii
1328 2799 1498 2870 ipsius
1526 2799 1629 2854 viri
1669 2799 1776 2856 im-

212 2899 375 2953 mndi
401 2903 608 2952 essent.
636 2894 770 2949 ltem
792 2893 838 2948 si
865 2890 1024 2946 ambo
1056 2890 1300 2947 inﬁdeles
1319 2892 1513 2947 essetis
1533 2906 1780 2947 necessa-

211 2987 282 3041 rio
300 2988 393 3042 ﬁlii
418 3002 519 3042 vos
539 2986 905 3048 imitarentur,
938 2997 1080 3037 nunc
1102 2989 1282 3036 autem
1307 2980 1535 3037 forsitan
1566 2980 1780 3036 ﬁdelem

214 3080 571 3136 imitabantur.
610 3076 769 3133 Nunc
817 3085 993 3130 autem
1030 3075 1201 3130 sancti
1227 3084 1368 3130 sunt.
1410 3074 1548 3142 Quia
1593 3073 1781 3131 ﬁdeles

1874 1897 1931 1951 Id
1959 1906 2062 1963 est,
2087 1899 2155 1953 de
2178 1900 2529 1954 continentia.
2557 1901 2662 1956 Sed
2697 1911 2748 1956 et
2772 1903 2822 1956 si
2841 1912 2986 1973 potes
3012 1902 3141 1958 liber
3165 1904 3301 1973 ﬁeri.
3335 1905 3450 1962 Hoc

1876 1992 1980 2050 est,
2008 1986 2053 2041 si
2099 1994 2258 2056 potes
2288 1986 2491 2043 habere
2518 1988 2730 2045 dissidii
2759 1995 3125 2057 occasionem,
3163 2000 3220 2048 et
3276 1996 3451 2065 repel-

1876 2071 1989 2126 lere
2008 2087 2124 2127 eam
2141 2075 2237 2129 abs
2254 2082 2327 2140 te,
2343 2077 2516 2146 magis
2530 2084 2682 2133 utere
2700 2078 2938 2151 legitimo
2952 2078 3217 2152 coniugio.
3242 2080 3447 2140 Servus

1875 2161 2213 2235 coniugatus,
2245 2164 2470 2221 libertus
2493 2175 2579 2222 est
2607 2168 2852 2235 Domini;
2891 2170 3147 2240 quoniam
3169 2172 3315 2227 enim
3349 2173 3449 2229 l‘uit

1876 2250 1933 2304 in
1954 2253 2220 2325 coniugio,
2248 2254 2302 2309 in
2323 2257 2641 2325 paganismo
2661 2265 2791 2313 tunc
2819 2273 3011 2315 servus
3039 2258 3162 2326 fuit,
3192 2262 3318 2332 quia
3341 2278 3448 2317 non

1874 2341 2115 2413 legitimo
2144 2359 2273 2400 usus
2304 2353 2388 2400 est
2411 2344 2694 2417 coniugio:
2734 2348 2990 2416 quoniam
3024 2363 3155 2404 vero
3185 2350 3251 2405 ad
3285 2349 3447 2405 ﬁdem

1876 2430 2081 2488 Christi
2110 2441 2336 2490 vocatus
2361 2443 2466 2502 est,
2514 2435 2739 2492 libertus
2773 2436 2988 2493 Domini
3011 2446 3116 2505 est,
3155 2437 3285 2494 dum
3319 2438 3449 2511 legi-

1878 2524 2014 2581 timo
2064 2524 2310 2595 coniugio
2366 2527 2535 2583 utitur
2576 2542 2594 2582 :
2632 2542 2761 2583 nam
2810 2527 3037 2584 libertus
3086 2529 3336 2585 estliber
3381 2530 3448 2586 de

1877 2631 2038 2673 servo
2064 2617 2257 2673 factus.
2280 2616 2535 2674 Similiter
2563 2627 2610 2673 et
2628 2619 2861 2691 quilibet.
2892 2620 2949 2675 ld
2971 2628 3075 2686 est,
3111 2635 3143 2674 a
3195 2620 3446 2692 coniugio

1876 2724 2066 2766 servus
2091 2719 2174 2766 est
2206 2708 2433 2775 Christi,
2463 2710 2589 2779 quia
2634 2711 2871 2781 virgines
2898 2719 2954 2765 et
2988 2709 3294 2779 coniugales
3333 2727 3450 2767 ser-

1878 2800 2034 2855 viunt
2061 2799 2293 2855 Christo.
2328 2799 2508 2854 Nolite
2531 2799 2649 2869 [ieri
2668 2799 2936 2855 hominum
2961 2801 3114 2855 servi.
3157 2801 3296 2855 Dum
3346 2802 3451 2857 sci~

1878 2893 2008 2947 licet
2066 2891 2269 2947 Christi
2320 2891 2578 2963 sanguine
2625 2891 2790 2961 empti
2841 2891 2992 2946 estis.
3040 2889 3119 2944 De
3164 2891 3450 2962 uirginibus

1880 2995 2055 3040 autem
2103 2994 2417 3056 praceptum
2471 3000 2575 3039 non
2621 2982 2805 3037 habeo.
2852 2981 3082 3054 Scriptis
3139 2984 3448 3053 respondet.

1881 3076 2008 3147 quia
2048 3075 2127 3131 illi
2155 3074 2406 3131 dicebant
2435 3092 2446 3122 τ
2499 3073 2601 3130 Ubi
2626 3082 2891 3144 praecepta
2922 3080 3006 3129 est
3038 3073 3355 3144 virginitas?
3394 3084 3459 3131 ut

210 3169 766 3239 perpmdieationem
787 3180 1009 3221 suorum
1048 3173 1355 3236 parentum.
1382 3166 1512 3220 ltcm
1548 3165 1645 3220 ﬁlii
1686 3180 1777 3220 ve-
1803 3157 1847 3221 C
1881 3166 2209 3239 superﬂuum
2247 3166 2661 3232 demonstraret,
2709 3167 2852 3235 quod
2879 3166 2979 3221 sub
3026 3175 3293 3237 praecepto
3342 3183 3451 3224 non

210 3260 293 3313 ιιι-ἱ
316 3258 587 3315 immundi
609 3265 813 3323 essent,
842 3257 889 3311 si
918 3255 1184 3311 inﬁdelem
1226 3264 1507 3325 parentem
1552 3254 1777 3312 comita-

210 3360 379 3406 lmtur
394 3350 516 3418 iam
572 3365 680 3404 non
721 3349 1005 3419 baptizati,
1037 3356 1147 3414 aut,
1198 3349 1246 3402 si
1275 3348 1533 3417 baptizati
1577 3356 1775 3415 essent,

204 3456 267 3496 ex
300 3442 723 3498 Christianitate
769 3441 822 3494 in
859 3439 1230 3510 paganismum
1260 3441 1560 3495 transirent
1584 3439 1778 3496 inﬁde-

209 3529 300 3586 lem
328 3541 614 3602 parentem
644 3530 924 3585 sectanda.
955 3527 1072 3585 Non
1101 3544 1231 3600 ergo
1263 3530 1331 3584 ab
1357 3530 1589 3585 invicem
1609 3530 1780 3586 disce-

206 3622 341 3676 dant.
368 3621 497 3677 Non
515 3629 597 3675 est
620 3622 760 3675 enim
779 3621 1011 3674 servituti
1035 3619 1255 3697 deditus
1289 3619 1472 3689 frater.
1500 3619 1619 3677 Hoc
1670 3627 1778 3686 est,

208 3714 484 3769 utserviat
516 3719 580 3767 et
603 3720 793 3781 pereat
822 3718 1044 3782 propter
1081 3711 1310 3765 alterum
1338 3703 1641 3777 inﬁdelem;
1672 3727 1781 3767 non

205 3806 337 3858 alim
364 3807 445 3859 ita
466 3803 672 3873 ligatus
712 3809 800 3858 est
824 3803 880 3856 in
906 3799 1208 3869 huiusmodi
1224 3796 1620 3871 -causa,-'quasi
1655 3817 1781 3857 vere

208 3891 506 3950 ﬁsavire
551 3906 779 3947 necesse
815 3892 906 3956 sit,
940 3900 995 3946 et
1021 3899 1240 3961 propter
1268 3882 1498 3963 alterum
1533 3892 1777 3947 interire.

204 3982 268 4037 In
288 4001 417 4055 pace
438 3985 583 4039 enim
607 3984 801 4039 vocarit
832 3999 938 4037 eos.
974 3983 1242 4039 Caeterum
1262 3999 1371 4039 non
1398 3984 1464 4039 ad
1499 3982 1782 4038 dissidium

204 4089 380 4133 sum
410 4075 632 4141 vocati;
679 4075 822 4130 ultro
869 4089 1000 4146 ergo
1037 4074 1316 4131 discedere
1343 4090 1453 4130 non
1503 4076 1779 4133 debemus.

200 4166 275 4219 Ad
304 4167 361 4222 id
384 4173 586 4221 autem
609 4165 748 4220 redit
766 4164 909 4234 quod
928 4164 1199 4235 praedixit,
1223 4180 1292 4219 ne
1312 4164 1622 4219 discedendi
1643 4179 1781 4232 prce-

200 4265 417 4322 pretlr
471 4254 716 4310 occasio.
758 4250 878 4307 Nisi
919 4253 1197 4324 unicuique
1222 4253 1357 4307 sicut
1407 4251 1664 4306 Dominus
1702 4252 1784 4305 di-

203 4346 331 4400 risit.
356 4344 483 4401 Nisi
522 4345 635 4399 hoc
662 4358 825 4398 unum
854 4343 980 4407 scis,
1004 4342 1150 4413 quod
1175 4341 1468 4411 unicuique
1518 4349 1603 4397 est
1645 4341 1786 4397 sicut

1876 3267 1978 3314 est.
2000 3258 2081 3312 lta
2100 3256 2462 3327 virginitatem
2486 3256 2837 3327 przetulimus,
2854 3268 2915 3311 ιιι
2940 3263 3121 3313 tamen
3143 3257 3451 3328 nuptiarum

1876 3349 2122 3406 ordinem
2144 3361 2425 3402 servemus
2476 3366 2489 3401 :
2529 3348 2655 3417 quia
2685 3348 2731 3403 si
2778 3347 3037 3404 Dominus
3086 3349 3452 3420 virginitatem

1878 3440 2217 3511 imperaret,
2264 3441 2624 3495 condemnare
2676 3441 2951 3497 videretur
2996 3439 3307 3510 coniugium
3334 3482 3349 3506 ,
3400 3452 3458 3497 et

1879 3532 2231 3586 seminarium
2256 3532 2536 3587 hominum
2556 3531 2851 3594 excideret,
2874 3532 3017 3586 unde
3037 3531 3316 3600 virginitas
3337 3544 3461 3599 pro-

1881 3627 2062 3675 creata
2087 3628 2189 3675 est.
2214 3620 2394 3687 Quare
2433 3626 2760 3690 prteceptum
2787 3619 2999 3674 Domini
3050 3621 3114 3675 de
3156 3619 3457 3689 virginibus

1881 3727 1989 3766 non
2032 3711 2242 3778 habuit,
2284 3713 2410 3780 quia
2463 3710 2687 3779 maioris
2731 3711 2999 3766 mercedis
3027 3718 3110 3766 est
3161 3711 3305 3779 quod
3347 3724 3457 3764 non

1880 3801 2107 3869 cogitur,
2159 3800 2256 3854 sed
2290 3799 2535 3853 oﬁertur.
2568 3798 2831 3852 Existimo
2872 3800 3031 3852 enim.
3084 3797 3183 3854 llic
3224 3799 3460 3857 existimo

1881 3907 1989 3946 non
2009 3905 2108 3961 pro
2130 3888 2291 3945 dubio
2310 3889 2559 3959 ponitur;
2580 3889 2673 3945 sed
2692 3904 2792 3960 pro
2817 3896 2991 3945 certo.
3017 3887 3244 3961 Propter
3259 3892 3462 3947 instan-

1882 3990 1985 4035 tem
2042 3980 2414 4035 necessitatem.
2464 3978 2524 4033 Id
2570 3988 2683 4046 est,
2746 3980 2986 4036 dolorem
3020 3981 3355 4052 parturiendi
3407 3992 3465 4039 et

1883 4070 2161 4127 servitutis
2186 4070 2242 4123 iu
2262 4069 2630 4124 matrimonio.
2671 4066 2933 4134 Quoniam
2958 4070 3151 4125 bonum
3178 4081 3257 4126 est
3293 4071 3456 4127 homi-

1884 4165 1960 4218 ni.
1988 4163 2196 4233 Dupkx
2224 4161 2427 4216 bonum
2453 4169 2558 4227 est,
2586 4169 2641 4216 et
2661 4161 3114 4217 sollicitudinibus
3140 4163 3327 4219 mundi
3370 4178 3464 4220 ca-

1884 4269 2027 4318 rere,
2056 4261 2111 4308 et
2138 4251 2468 4322 virginitatis
2501 4251 2781 4321 praemium
2812 4258 3147 4320 exspectare.
3173 4252 3301 4308 Noli
3321 4271 3466 4325 quie-

1876 4360 1998 4397 -rere
2015 4342 2346 4397 solutionem.
2371 4340 2484 4396 Nisi
2506 4341 2646 4395 forte
2666 4355 2735 4395 ex
2757 4354 3026 4396 consensu
3047 4342 3210 4397 illius.
3245 4342 3464 4398 Solutus

202 4433 464 4491 Dauniam
485 4435 567 4489 illi
605 4433 809 4488 divisit.
842 4431 993 4488 Sicut
1028 4433 1225 4488 vocavit
1273 4430 1437 4485 Deus.
1491 4430 1619 4486 Sive
1659 4448 1785 4487 cum
1812 4495 1853 4505 _
1886 4454 1939 4491 es
1965 4437 2031 4491 ab
2058 4452 2241 4491 uxore.
2269 4435 2372 4489 Per
2395 4435 2809 4501 continentiam,
2840 4434 2927 4489 vel
2959 4442 3135 4489 morte
3165 4434 3355 4505 ipsius.
3391 4434 3466 4489 Et

204 4526 337 4583 ﬁdeli
382 4525 646 4596 coniuge,
695 4525 810 4580 sive
853 4524 1019 4580 etiam
1075 4538 1196 4578 cum
1238 4520 1465 4587 inﬁdeli,
1514 4523 1626 4578 sive
1670 4495 1862 4579 sineD

200 4633 385 4685 uere,
407 4620 531 4672 sive
553 4618 614 4671 in
641 4615 922 4687 praeputio,
961 4614 1076 4670 sive
1120 4614 1175 4670 in
1203 4612 1623 4679 circoncisione,
1673 4615 1785 4668 sive

202 4720 412 4773 servus,
434 4710 554 4763 sive
580 4707 739 4763 liber.
766 4706 856 4761 Ita
879 4705 1125 4762 ambulet.
1153 4705 1268 4763 Hoc
1289 4714 1390 4773 est,
1416 4713 1783 4762 conversetur.

198 4799 557 4855 Circumcisus
584 4799 777 4871 aliquis
799 4807 1011 4854 vocatus
1033 4808 1128 4853 est.
1150 4799 1320 4855 Infert
1358 4799 1540 4854 subito
1559 4797 1788 4867 parabo-

196 4888 305 4943 ha
329 4890 672 4955 circumcisi,
718 4889 938 4953 ethnici,
983 4890 1150 4955 servi,
1177 4896 1233 4945 et
1259 4888 1438 4950 liberi.
1461 4897 1517 4944 et
1542 4889 1645 4943 sub
1671 4902 1785 4944 me-

190 4982 432 5050 taphora
458 4994 654 5034 eorum
704 4978 773 5035 de
798 4978 985 5048 nuptis
1024 4980 1264 5049 disputat
1304 4987 1361 5034 et
1416 4978 1674 5049 innuptis.
1712 4978 1792 5034 Ac

192 5073 447 5137 primum
478 5070 611 5140 quia
645 5070 937 5126 nonnullos
972 5071 1114 5125 hanc
1149 5071 1561 5142 intelligentiam
1605 5084 1791 5141 repre-

187 5161 478 5217 he-suros
504 5162 763 5227 arbitror,
816 5161 1159 5232 interrogare
1206 5162 1359 5227 libet,
1413 5178 1533 5232 quae
1563 5162 1634 5216 sit
1663 5177 1793 5217 con~

184 5255 511 5324 quicmia,
541 5263 605 5308 ut
642 5254 712 5309 de
738 5254 953 5309 maritis
978 5261 1036 5309 et
1071 5255 1331 5309 uxoribus
1379 5255 1663 5324 disputans
1707 5270 1792 5309 re-

176 5356 363 5415 pente
388 5345 658 5401 transiret
682 5345 750 5400 ad
772 5344 1234 5415 comparationem
1258 5342 1448 5408 Judaei,
1475 5352 1532 5399 et
1568 5343 1791 5408 ethnici,

180 5438 337 5493 servi
363 5448 425 5492 et
462 5436 642 5502 liberi,
685 5444 742 5493 et
796 5452 1018 5492 rursum
1065 5437 1169 5490 hac
1214 5434 1579 5505 disputatione
1622 5435 1792 5500 ﬁnita,

174 5519 412 5586 reis-et
440 5527 513 5581 ad
537 5529 781 5600 virgines
816 5530 1011 5584 dicens
1035 5527 1117 5581 De
1153 5526 1434 5597 virginibus
1462 5535 1636 5581 autem
1663 5541 1795 5596 pra~

174 5608 409 5690 ιηιὸι
440 5619 659 5675 Domini
679 5638 781 5676 non
803 5620 993 5674 habeo.
1041 5618 1185 5690 Ergo
1238 5618 1576 5673 circumcisus
1606 5616 1795 5687 aliquis

1891 4527 1936 4580 si
1975 4526 2233 4596 acceperis
2254 4540 2486 4588 uxorem,
2514 4539 2616 4578 non
2641 4524 2886 4595 peccasti.
2909 4524 2970 4579 ld
2994 4532 3099 4591 est,
3122 4531 3248 4583 ante
3278 4533 3465 4580 votum

1892 4617 2240 4688 virginitatis.
2277 4614 2348 4669 Et
2394 4616 2441 4669 si
2478 4616 2710 4686 nupserit
2752 4616 2918 4687 virgo,
2967 4631 3073 4671 non
3110 4616 3361 4687 peccabit.
3407 4615 3467 4670 Id

1890 4715 1996 4773 est,
2028 4714 2318 4777 antequam
2336 4707 2544 4761 voverit
2565 4707 2954 4778 virginitatem,
2985 4709 3113 4779 quia
3138 4710 3336 4780 nuptize
3366 4723 3466 4777 per

1892 4812 1952 4853 se
1976 4806 2256 4868 peccatum
2285 4813 2389 4851 non
2411 4797 2633 4861 habent,
2654 4798 2749 4853 sed
2772 4813 2871 4869 per
2902 4800 3317 4855 sollicitudinem
3364 4814 3465 4854 sm-

1893 4891 1999 4945 culi
2026 4905 2169 4961 smpe
2197 4899 2478 4959 peccatum
2509 4889 2813 4945 incurrunt.
2844 4891 3017 4946 Aliter
3043 4891 3161 4945 illos
3183 4890 3313 4944 dicit
3351 4905 3458 4945 non

1889 4995 2118 5050 peccare
2140 4980 2184 5034 si
2210 4979 2435 5043 nubant,
2462 4980 2591 5049 quia
2620 4980 2854 5035 nondum
2878 4986 3140 5034 voverunt
3166 4978 3276 5033 Deo
3298 4979 3468 5034 casti—

1891 5078 2081 5135 tatem,
2131 5077 2384 5124 caeterum
2415 5068 2506 5136 qui
2538 5067 2625 5123 vel
2680 5068 2733 5121 in
2768 5066 2928 5122 corde
2956 5081 3054 5122 suo
3104 5067 3371 5136 promisit,
3415 5067 3463 5122 si

1890 5159 2037 5214 aliud
2063 5157 2271 5225 fecerit,
2302 5157 2453 5211 habet
2481 5156 2887 5219 damnationem,
2904 5156 3029 5226 quia
3050 5157 3275 5227 primani
3297 5156 3457 5226 [idem

1890 5250 2100 5304 irritam
2123 5248 2278 5319 fecit;
2304 5247 2447 5318 quod
2468 5246 2611 5301 enim
2634 5254 2752 5299 erat
2776 5245 3005 5311 licitum,
3030 5262 3126 5316 per
3149 5254 3332 5302 votum
3359 5247 3464 5301 sibi

1893 5341 2026 5397 fecit
2051 5340 2316 5403 illicitum,
2344 5338 2483 5391 sicut
2509 5335 2742 5388 Ananiae
2775 5342 2831 5391 et
2874 5332 3168 5408 :Sappbira.
3222 5334 3467 5399 Tribula»

1895 5434 2087 5487 tionem
2127 5431 2301 5484 carnis
2334 5428 2504 5481 habet.
2533 5425 2812 5482 Malcdicto
2833 5427 2959 5482 Eva:
2998 5427 3468 5497 subiacentes-per

1896 5518 2309 5575 sollicitudinem
2362 5512 2573 5577 saeculi,
2635 5513 3035 5569 tribulationem
3084 5525 3138 5568 et
3185 5515 3466 5581 tristitiam

1894 5612 2182 5684 patientes.
2200 5604 2536 5677 Hujusmodi.
2567 5603 2626 5658 ld
2650 5613 2751 5669 est,
2778 5605 3011 5675 virgines
3036 5605 3318 5661 nubentes.
3334 5606 3466 5675 ,Εςιο

172 5721 425 5767 καις
478 5720 578 5776 est,
612 5711 664 5766 id
707 5719 816 5779 est,
868 5718 1056 5765 castus
1095 5708 1209 5764 sine
1246 5707 1493 5774 muliere,
1542 5705 1794 5773 quoniam
1897 5710 2073 5755 autem
2104 5697 2243 5752 vobis
2264 5712 2440 5767 parco.
2490 5695 2604 5751 Hoc
2635 5694 2835 5750 suadeo
2865 5694 3039 5763 vobis,
3100 5696 3241 5762 quod
3285 5696 3465 5791 minus
