  <div class='ocr_page' id='page_1' title='image "/cluster/home/n/w/nwhite01/storage/ocr_20150623/103/hvd.32044054759691/077.png"; bbox 0 0 3974 6202; ppageno 0'>
   <div class='ocr_carea' id='block_1_1' title="bbox 555 426 2129 507">
    <p class='ocr_par' dir='ltr' id='par_1_1' title="bbox 555 426 2129 507">
     <span class='ocr_line' id='line_1_1' title="bbox 555 426 2129 507; baseline -0.008 -13"><span class='ocrx_word' id='word_1_1' title='bbox 555 437 781 503; x_wconf 77' lang='lat' dir='ltr'><strong>laboris,</strong></span> <span class='ocrx_word' id='word_1_2' title='bbox 808 444 862 491; x_wconf 83' lang='lat' dir='ltr'><strong>et</strong></span> <span class='ocrx_word' id='word_1_3' title='bbox 876 436 1022 507; x_wconf 85' lang='lat' dir='ltr'><strong>quod</strong></span> <span class='ocrx_word' id='word_1_4' title='bbox 1043 434 1163 506; x_wconf 85' lang='lat' dir='ltr'><strong>plus</strong></span> <span class='ocrx_word' id='word_1_5' title='bbox 1184 432 1393 505; x_wconf 62' lang='lat' dir='ltr'><strong>praemii</strong></span> <span class='ocrx_word' id='word_1_6' title='bbox 1413 432 1605 488; x_wconf 83' lang='lat' dir='ltr'><strong>habet.</strong></span> <span class='ocrx_word' id='word_1_7' title='bbox 1632 426 1819 500; x_wconf 74' lang='lat' dir='ltr'><strong>Itaque</strong></span> <span class='ocrx_word' id='word_1_8' title='bbox 1841 429 1978 495; x_wconf 87' lang='lat' dir='ltr'><strong>dico,</strong></span> <span class='ocrx_word' id='word_1_9' title='bbox 2017 428 2129 496; x_wconf 82' lang='lat' dir='ltr'><strong>fra-</strong></span> 
     </span>
    </p>
   </div>
   <div class='ocr_carea' id='block_1_2' title="bbox 556 516 2126 587">
    <p class='ocr_par' dir='ltr' id='par_1_2' title="bbox 556 516 2126 587">
     <span class='ocr_line' id='line_1_2' title="bbox 556 516 2126 587; baseline -0.008 -3"><span class='ocrx_word' id='word_1_10' title='bbox 556 539 681 587; x_wconf 84' lang='lat' dir='ltr'><strong>tres.</strong></span> <span class='ocrx_word' id='word_1_11' title='bbox 708 526 807 583; x_wconf 82' lang='lat' dir='ltr'><strong>Hic</strong></span> <span class='ocrx_word' id='word_1_12' title='bbox 831 540 1019 582; x_wconf 85' lang='lat' dir='ltr'><strong>omnes</strong></span> <span class='ocrx_word' id='word_1_13' title='bbox 1048 523 1116 579; x_wconf 88' lang='lat' dir='ltr'><strong>ad</strong></span> <span class='ocrx_word' id='word_1_14' title='bbox 1155 523 1539 580; x_wconf 77' lang='lat' dir='ltr'><strong>continentiam</strong></span> <span class='ocrx_word' id='word_1_15' title='bbox 1584 522 1852 579; x_wconf 86' lang='lat' dir='ltr'><strong>hortatur.</strong></span> <span class='ocrx_word' id='word_1_16' title='bbox 1910 516 2126 573; x_wconf 82' lang='lat' dir='ltr'><strong>Fratres</strong></span> 
     </span>
    </p>
   </div>
   <div class='ocr_carea' id='block_1_3' title="bbox 556 609 2127 680">
    <p class='ocr_par' dir='ltr' id='par_1_3' title="bbox 556 609 2127 680">
     <span class='ocr_line' id='line_1_3' title="bbox 556 609 2127 680; baseline -0.009 -6"><span class='ocrx_word' id='word_1_17' title='bbox 556 626 740 674; x_wconf 78' lang='lat' dir='ltr'><strong>autem</strong></span> <span class='ocrx_word' id='word_1_18' title='bbox 775 614 925 679; x_wconf 80' lang='lat' dir='ltr'><strong>dicit,</strong></span> <span class='ocrx_word' id='word_1_19' title='bbox 953 622 1011 667; x_wconf 88' lang='grc' dir='ltr'><strong>ιιι</strong></span> <span class='ocrx_word' id='word_1_20' title='bbox 1041 612 1295 668; x_wconf 84' lang='lat' dir='ltr'><strong>libentius</strong></span> <span class='ocrx_word' id='word_1_21' title='bbox 1319 612 1560 667; x_wconf 76' lang='lat' dir='ltr'><strong>audiant.</strong></span> <span class='ocrx_word' id='word_1_22' title='bbox 1588 609 1809 680; x_wconf 84' lang='lat' dir='ltr'><strong>Tempus</strong></span> <span class='ocrx_word' id='word_1_23' title='bbox 1842 609 2127 662; x_wconf 71' lang='lat' dir='ltr'><strong>breviatum</strong></span> 
     </span>
    </p>
   </div>
   <div class='ocr_carea' id='block_1_4' title="bbox 556 699 2127 771">
    <p class='ocr_par' dir='ltr' id='par_1_4' title="bbox 556 699 2127 771">
     <span class='ocr_line' id='line_1_4' title="bbox 556 699 2127 771; baseline -0.004 -11"><span class='ocrx_word' id='word_1_24' title='bbox 556 716 652 761; x_wconf 89' lang='lat' dir='ltr'><strong>est.</strong></span> <span class='ocrx_word' id='word_1_25' title='bbox 693 705 951 759; x_wconf 80' lang='lat' dir='ltr'><strong>Dicamus</strong></span> <span class='ocrx_word' id='word_1_26' title='bbox 981 702 1167 769; x_wconf 89' lang='lat' dir='ltr'><strong>breve,</strong></span> <span class='ocrx_word' id='word_1_27' title='bbox 1219 702 1432 759; x_wconf 86' lang='lat' dir='ltr'><strong>etiamsi</strong></span> <span class='ocrx_word' id='word_1_28' title='bbox 1489 700 1775 771; x_wconf 70' lang='lat' dir='ltr'><strong>nongentis</strong></span> <span class='ocrx_word' id='word_1_29' title='bbox 1822 699 2127 753; x_wconf 83' lang='lat' dir='ltr'><strong>viveremus</strong></span> 
     </span>
    </p>
   </div>
   <div class='ocr_carea' id='block_1_5' title="bbox 557 788 2127 863">
    <p class='ocr_par' dir='ltr' id='par_1_5' title="bbox 557 788 2127 863">
     <span class='ocr_line' id='line_1_5' title="bbox 557 788 2127 863; baseline -0.005 -13"><span class='ocrx_word' id='word_1_30' title='bbox 557 795 735 859; x_wconf 86' lang='lat' dir='ltr'><strong>annis,</strong></span> <span class='ocrx_word' id='word_1_31' title='bbox 759 801 822 848; x_wconf 90' lang='lat' dir='ltr'><strong>ut</strong></span> <span class='ocrx_word' id='word_1_32' title='bbox 846 794 1049 863; x_wconf 87' lang='lat' dir='ltr'><strong>antiqui</strong></span> <span class='ocrx_word' id='word_1_33' title='bbox 1079 794 1357 859; x_wconf 88' lang='lat' dir='ltr'><strong>homines;</strong></span> <span class='ocrx_word' id='word_1_34' title='bbox 1399 800 1579 846; x_wconf 90' lang='lat' dir='ltr'><strong>tamen</strong></span> <span class='ocrx_word' id='word_1_35' title='bbox 1631 791 1793 845; x_wconf 86' lang='lat' dir='ltr'><strong>breve</strong></span> <span class='ocrx_word' id='word_1_36' title='bbox 1833 788 2127 859; x_wconf 79' lang='lat' dir='ltr'><strong>putandum</strong></span> 
     </span>
    </p>
   </div>
   <div class='ocr_carea' id='block_1_6' title="bbox 556 878 2129 955">
    <p class='ocr_par' dir='ltr' id='par_1_6' title="bbox 556 878 2129 955">
     <span class='ocr_line' id='line_1_6' title="bbox 556 878 2129 955; baseline -0.006 -15"><span class='ocrx_word' id='word_1_37' title='bbox 556 894 701 941; x_wconf 82' lang='lat' dir='ltr'><strong>esset</strong></span> <span class='ocrx_word' id='word_1_38' title='bbox 718 883 861 955; x_wconf 78' lang='lat' dir='ltr'><strong>quod</strong></span> <span class='ocrx_word' id='word_1_39' title='bbox 881 884 1106 941; x_wconf 81' lang='lat' dir='ltr'><strong>haberet</strong></span> <span class='ocrx_word' id='word_1_40' title='bbox 1126 884 1411 953; x_wconf 84' lang='lat' dir='ltr'><strong>aliquando</strong></span> <span class='ocrx_word' id='word_1_41' title='bbox 1439 882 1636 947; x_wconf 90' lang='lat' dir='ltr'><strong>ﬁnem;</strong></span> <span class='ocrx_word' id='word_1_42' title='bbox 1662 895 1807 935; x_wconf 90' lang='lat' dir='ltr'><strong>nunc</strong></span> <span class='ocrx_word' id='word_1_43' title='bbox 1832 894 1961 933; x_wconf 89' lang='lat' dir='ltr'><strong>vero</strong></span> <span class='ocrx_word' id='word_1_44' title='bbox 1985 878 2129 947; x_wconf 88' lang='lat' dir='ltr'><strong>quod</strong></span> 
     </span>
    </p>
   </div>
   <div class='ocr_carea' id='block_1_7' title="bbox 553 971 2128 1045">
    <p class='ocr_par' dir='ltr' id='par_1_7' title="bbox 553 971 2128 1045">
     <span class='ocr_line' id='line_1_7' title="bbox 553 971 2128 1045; baseline -0.005 -12"><span class='ocrx_word' id='word_1_45' title='bbox 553 976 736 1032; x_wconf 82' lang='lat' dir='ltr'><strong>brevis</strong></span> <span class='ocrx_word' id='word_1_46' title='bbox 759 976 831 1030; x_wconf 90' lang='lat' dir='ltr'><strong>sit</strong></span> <span class='ocrx_word' id='word_1_47' title='bbox 852 991 960 1030; x_wconf 90' lang='lat' dir='ltr'><strong>non</strong></span> <span class='ocrx_word' id='word_1_48' title='bbox 988 984 1099 1031; x_wconf 88' lang='lat' dir='ltr'><strong>tam</strong></span> <span class='ocrx_word' id='word_1_49' title='bbox 1141 976 1326 1031; x_wconf 65' lang='lat' dir='ltr'><strong>laetitia</strong></span> <span class='ocrx_word' id='word_1_50' title='bbox 1373 990 1536 1045; x_wconf 87' lang='lat' dir='ltr'><strong>quam</strong></span> <span class='ocrx_word' id='word_1_51' title='bbox 1582 972 1861 1028; x_wconf 82' lang='lat' dir='ltr'><strong>tribulatio</strong></span> <span class='ocrx_word' id='word_1_52' title='bbox 1906 971 2128 1040; x_wconf 87' lang='lat' dir='ltr'><strong>nuptia-</strong></span> 
     </span>
    </p>
   </div>
   <div class='ocr_carea' id='block_1_8' title="bbox 557 1064 2125 1138">
    <p class='ocr_par' dir='ltr' id='par_1_8' title="bbox 557 1064 2125 1138">
     <span class='ocr_line' id='line_1_8' title="bbox 557 1064 2125 1138; baseline -0.003 -15"><span class='ocrx_word' id='word_1_53' title='bbox 557 1084 698 1132; x_wconf 85' lang='lat' dir='ltr'><strong>rum,</strong></span> <span class='ocrx_word' id='word_1_54' title='bbox 728 1068 856 1138; x_wconf 88' lang='lat' dir='ltr'><strong>quid</strong></span> <span class='ocrx_word' id='word_1_55' title='bbox 906 1067 1198 1137; x_wconf 81' lang='lat' dir='ltr'><strong>accipimus</strong></span> <span class='ocrx_word' id='word_1_56' title='bbox 1248 1082 1445 1122; x_wconf 76' lang='lat' dir='ltr'><strong>uxores</strong></span> <span class='ocrx_word' id='word_1_57' title='bbox 1484 1081 1620 1136; x_wconf 85' lang='lat' dir='ltr'><strong>quas</strong></span> <span class='ocrx_word' id='word_1_58' title='bbox 1658 1064 1901 1136; x_wconf 90' lang='lat' dir='ltr'><strong>cogimur</strong></span> <span class='ocrx_word' id='word_1_59' title='bbox 1962 1064 2125 1119; x_wconf 85' lang='lat' dir='ltr'><strong>amit-</strong></span> 
     </span>
    </p>
   </div>
   <div class='ocr_carea' id='block_1_9' title="bbox 554 1155 2127 1227">
    <p class='ocr_par' dir='ltr' id='par_1_9' title="bbox 554 1155 2127 1227">
     <span class='ocr_line' id='line_1_9' title="bbox 554 1155 2127 1227; baseline -0.006 -8"><span class='ocrx_word' id='word_1_60' title='bbox 554 1163 702 1219; x_wconf 84' lang='lat' dir='ltr'><strong>tere?</strong></span> <span class='ocrx_word' id='word_1_61' title='bbox 739 1160 905 1227; x_wconf 87' lang='lat' dir='ltr'><strong>Quasi</strong></span> <span class='ocrx_word' id='word_1_62' title='bbox 925 1177 1031 1216; x_wconf 83' lang='lat' dir='ltr'><strong>non</strong></span> <span class='ocrx_word' id='word_1_63' title='bbox 1055 1161 1317 1217; x_wconf 80' lang='lat' dir='ltr'><strong>habentes.</strong></span> <span class='ocrx_word' id='word_1_64' title='bbox 1363 1157 1457 1214; x_wconf 83' lang='lat' dir='ltr'><strong>Ille</strong></span> <span class='ocrx_word' id='word_1_65' title='bbox 1496 1173 1720 1214; x_wconf 81' lang='lat' dir='ltr'><strong>uxorem</strong></span> <span class='ocrx_word' id='word_1_66' title='bbox 1761 1157 1983 1220; x_wconf 82' lang='lat' dir='ltr'><strong>habens,</strong></span> <span class='ocrx_word' id='word_1_67' title='bbox 2031 1155 2127 1211; x_wconf 90' lang='lat' dir='ltr'><strong>sed</strong></span> 
     </span>
    </p>
   </div>
   <div class='ocr_carea' id='block_1_10' title="bbox 554 1244 2125 1321">
    <p class='ocr_par' dir='ltr' id='par_1_10' title="bbox 554 1244 2125 1321">
     <span class='ocr_line' id='line_1_10' title="bbox 554 1244 2125 1321; baseline -0.005 -15"><span class='ocrx_word' id='word_1_68' title='bbox 554 1251 708 1321; x_wconf 87' lang='lat' dir='ltr'><strong>quasi</strong></span> <span class='ocrx_word' id='word_1_69' title='bbox 743 1265 851 1307; x_wconf 92' lang='lat' dir='ltr'><strong>non</strong></span> <span class='ocrx_word' id='word_1_70' title='bbox 887 1250 1071 1315; x_wconf 84' lang='lat' dir='ltr'><strong>habet,</strong></span> <span class='ocrx_word' id='word_1_71' title='bbox 1103 1249 1301 1319; x_wconf 86' lang='lat' dir='ltr'><strong>quisic</strong></span> <span class='ocrx_word' id='word_1_72' title='bbox 1322 1248 1504 1304; x_wconf 81' lang='lat' dir='ltr'><strong>studet</strong></span> <span class='ocrx_word' id='word_1_73' title='bbox 1529 1247 1743 1315; x_wconf 84' lang='lat' dir='ltr'><strong>placere</strong></span> <span class='ocrx_word' id='word_1_74' title='bbox 1797 1244 2031 1316; x_wconf 74' lang='lat' dir='ltr'><strong>coniugi,</strong></span> <span class='ocrx_word' id='word_1_75' title='bbox 2066 1251 2125 1299; x_wconf 87' lang='lat' dir='ltr'><strong>ut</strong></span> 
     </span>
    </p>
   </div>
   <div class='ocr_carea' id='block_1_11' title="bbox 555 1334 2125 1409">
    <p class='ocr_par' dir='ltr' id='par_1_11' title="bbox 555 1334 2125 1409">
     <span class='ocr_line' id='line_1_11' title="bbox 555 1334 2125 1409; baseline -0.003 -15"><span class='ocrx_word' id='word_1_76' title='bbox 555 1349 734 1395; x_wconf 86' lang='lat' dir='ltr'><strong>tamen</strong></span> <span class='ocrx_word' id='word_1_77' title='bbox 758 1354 864 1395; x_wconf 88' lang='lat' dir='ltr'><strong>non</strong></span> <span class='ocrx_word' id='word_1_78' title='bbox 891 1340 1173 1409; x_wconf 87' lang='lat' dir='ltr'><strong>displiceat</strong></span> <span class='ocrx_word' id='word_1_79' title='bbox 1192 1337 1447 1392; x_wconf 81' lang='lat' dir='ltr'><strong>creatori.</strong></span> <span class='ocrx_word' id='word_1_80' title='bbox 1478 1334 1598 1389; x_wconf 83' lang='lat' dir='ltr'><strong>Flet</strong></span> <span class='ocrx_word' id='word_1_81' title='bbox 1636 1351 1860 1406; x_wconf 80' lang='lat' dir='ltr'><strong>quoque,</strong></span> <span class='ocrx_word' id='word_1_82' title='bbox 1887 1336 1976 1388; x_wconf 87' lang='lat' dir='ltr'><strong>sed</strong></span> <span class='ocrx_word' id='word_1_83' title='bbox 2009 1344 2125 1389; x_wconf 85' lang='lat' dir='ltr'><strong>tau-</strong></span> 
     </span>
    </p>
   </div>
   <div class='ocr_carea' id='block_1_12' title="bbox 548 1423 2126 1499">
    <p class='ocr_par' dir='ltr' id='par_1_12' title="bbox 548 1423 2126 1499">
     <span class='ocr_line' id='line_1_12' title="bbox 548 1423 2126 1499; baseline -0.004 -15"><span class='ocrx_word' id='word_1_84' title='bbox 548 1445 707 1499; x_wconf 82' lang='lat' dir='ltr'><strong>quam</strong></span> <span class='ocrx_word' id='word_1_85' title='bbox 755 1429 801 1483; x_wconf 88' lang='lat' dir='ltr'><strong>si</strong></span> <span class='ocrx_word' id='word_1_86' title='bbox 845 1444 947 1483; x_wconf 79' lang='lat' dir='ltr'><strong>non</strong></span> <span class='ocrx_word' id='word_1_87' title='bbox 1001 1429 1148 1498; x_wconf 75' lang='lat' dir='ltr'><strong>ﬂeat.</strong></span> <span class='ocrx_word' id='word_1_88' title='bbox 1200 1426 1305 1493; x_wconf 89' lang='lat' dir='ltr'><strong>Qui</strong></span> <span class='ocrx_word' id='word_1_89' title='bbox 1360 1426 1441 1481; x_wconf 88' lang='lat' dir='ltr'><strong>sic</strong></span> <span class='ocrx_word' id='word_1_90' title='bbox 1487 1423 1871 1495; x_wconf 84' lang='lat' dir='ltr'><strong>temporalibus</strong></span> <span class='ocrx_word' id='word_1_91' title='bbox 1914 1423 2126 1478; x_wconf 84' lang='lat' dir='ltr'><strong>damnis</strong></span> 
     </span>
    </p>
   </div>
   <div class='ocr_carea' id='block_1_13' title="bbox 555 1512 2128 1589">
    <p class='ocr_par' dir='ltr' id='par_1_13' title="bbox 555 1512 2128 1589">
     <span class='ocr_line' id='line_1_13' title="bbox 555 1512 2128 1589; baseline -0.004 -17"><span class='ocrx_word' id='word_1_92' title='bbox 555 1519 827 1589; x_wconf 85' lang='lat' dir='ltr'><strong>amigitur,</strong></span> <span class='ocrx_word' id='word_1_93' title='bbox 858 1528 917 1572; x_wconf 92' lang='lat' dir='ltr'><strong>ut</strong></span> <span class='ocrx_word' id='word_1_94' title='bbox 950 1526 1128 1572; x_wconf 88' lang='lat' dir='ltr'><strong>tamen</strong></span> <span class='ocrx_word' id='word_1_95' title='bbox 1159 1517 1226 1571; x_wconf 90' lang='lat' dir='ltr'><strong>de</strong></span> <span class='ocrx_word' id='word_1_96' title='bbox 1269 1515 1489 1572; x_wconf 61' lang='lat' dir='ltr'><strong>aeternis</strong></span> <span class='ocrx_word' id='word_1_97' title='bbox 1539 1515 1705 1570; x_wconf 88' lang='lat' dir='ltr'><strong>lucris</strong></span> <span class='ocrx_word' id='word_1_98' title='bbox 1755 1528 1969 1582; x_wconf 87' lang='lat' dir='ltr'><strong>semper</strong></span> <span class='ocrx_word' id='word_1_99' title='bbox 2010 1512 2128 1568; x_wconf 88' lang='lat' dir='ltr'><strong>ani-</strong></span> 
     </span>
    </p>
   </div>
   <div class='ocr_carea' id='block_1_14' title="bbox 550 1602 2126 1677">
    <p class='ocr_par' dir='ltr' id='par_1_14' title="bbox 550 1602 2126 1677">
     <span class='ocr_line' id='line_1_14' title="bbox 550 1602 2126 1677; baseline -0.004 -14"><span class='ocrx_word' id='word_1_100' title='bbox 550 1625 698 1663; x_wconf 84' lang='lat' dir='ltr'><strong>mum</strong></span> <span class='ocrx_word' id='word_1_101' title='bbox 724 1606 1053 1663; x_wconf 85' lang='lat' dir='ltr'><strong>consoletur.</strong></span> <span class='ocrx_word' id='word_1_102' title='bbox 1078 1602 1280 1660; x_wconf 79' lang='lat' dir='ltr'><strong>Gaudet</strong></span> <span class='ocrx_word' id='word_1_103' title='bbox 1298 1621 1503 1677; x_wconf 87' lang='lat' dir='ltr'><strong>quoque</strong></span> <span class='ocrx_word' id='word_1_104' title='bbox 1531 1613 1778 1674; x_wconf 83' lang='lat' dir='ltr'><strong>tauquam</strong></span> <span class='ocrx_word' id='word_1_105' title='bbox 1799 1604 1844 1656; x_wconf 85' lang='lat' dir='ltr'><strong>si</strong></span> <span class='ocrx_word' id='word_1_106' title='bbox 1867 1619 1971 1657; x_wconf 82' lang='lat' dir='ltr'><strong>non</strong></span> <span class='ocrx_word' id='word_1_107' title='bbox 1998 1618 2126 1672; x_wconf 85' lang='lat' dir='ltr'><strong>gau-</strong></span> 
     </span>
    </p>
   </div>
   <div class='ocr_carea' id='block_1_15' title="bbox 549 1695 2123 1768">
    <p class='ocr_par' dir='ltr' id='par_1_15' title="bbox 549 1695 2123 1768">
     <span class='ocr_line' id='line_1_15' title="bbox 549 1695 2123 1768; baseline -0.004 -14"><span class='ocrx_word' id='word_1_108' title='bbox 549 1700 689 1754; x_wconf 79' lang='lat' dir='ltr'><strong>deat.</strong></span> <span class='ocrx_word' id='word_1_109' title='bbox 711 1699 812 1767; x_wconf 86' lang='lat' dir='ltr'><strong>Qui</strong></span> <span class='ocrx_word' id='word_1_110' title='bbox 839 1700 919 1755; x_wconf 87' lang='lat' dir='ltr'><strong>sic</strong></span> <span class='ocrx_word' id='word_1_111' title='bbox 943 1698 1333 1768; x_wconf 83' lang='lat' dir='ltr'><strong>temporalibus</strong></span> <span class='ocrx_word' id='word_1_112' title='bbox 1354 1696 1512 1752; x_wconf 89' lang='lat' dir='ltr'><strong>bonis</strong></span> <span class='ocrx_word' id='word_1_113' title='bbox 1532 1695 1827 1760; x_wconf 85' lang='lat' dir='ltr'><strong>bilarescit,</strong></span> <span class='ocrx_word' id='word_1_114' title='bbox 1860 1702 1921 1748; x_wconf 91' lang='lat' dir='ltr'><strong>ut</strong></span> <span class='ocrx_word' id='word_1_115' title='bbox 1945 1702 2123 1749; x_wconf 87' lang='lat' dir='ltr'><strong>tamen</strong></span> 
     </span>
    </p>
   </div>
   <div class='ocr_carea' id='block_1_16' title="bbox 549 1785 2124 1857">
    <p class='ocr_par' dir='ltr' id='par_1_16' title="bbox 549 1785 2124 1857">
     <span class='ocr_line' id='line_1_16' title="bbox 549 1785 2124 1857; baseline -0.004 -11"><span class='ocrx_word' id='word_1_116' title='bbox 549 1803 762 1857; x_wconf 88' lang='lat' dir='ltr'><strong>semper</strong></span> <span class='ocrx_word' id='word_1_117' title='bbox 784 1795 1041 1857; x_wconf 86' lang='lat' dir='ltr'><strong>perpetua</strong></span> <span class='ocrx_word' id='word_1_118' title='bbox 1065 1794 1332 1842; x_wconf 82' lang='lat' dir='ltr'><strong>tormenta</strong></span> <span class='ocrx_word' id='word_1_119' title='bbox 1352 1785 1679 1850; x_wconf 85' lang='lat' dir='ltr'><strong>consideret,</strong></span> <span class='ocrx_word' id='word_1_120' title='bbox 1701 1785 1830 1839; x_wconf 90' lang='lat' dir='ltr'><strong>etin</strong></span> <span class='ocrx_word' id='word_1_121' title='bbox 1859 1786 1961 1839; x_wconf 90' lang='lat' dir='ltr'><strong>hoc</strong></span> <span class='ocrx_word' id='word_1_122' title='bbox 1980 1785 2124 1854; x_wconf 90' lang='lat' dir='ltr'><strong>quod</strong></span> 
     </span>
    </p>
   </div>
   <div class='ocr_carea' id='block_1_17' title="bbox 553 1875 2127 1948">
    <p class='ocr_par' dir='ltr' id='par_1_17' title="bbox 553 1875 2127 1948">
     <span class='ocr_line' id='line_1_17' title="bbox 553 1875 2127 1948; baseline -0.003 -15"><span class='ocrx_word' id='word_1_123' title='bbox 553 1888 792 1935; x_wconf 85' lang='lat' dir='ltr'><strong>mentem</strong></span> <span class='ocrx_word' id='word_1_124' title='bbox 846 1877 1043 1948; x_wconf 87' lang='lat' dir='ltr'><strong>gaudio</strong></span> <span class='ocrx_word' id='word_1_125' title='bbox 1081 1876 1346 1941; x_wconf 78' lang='lat' dir='ltr'><strong>sublevet,</strong></span> <span class='ocrx_word' id='word_1_126' title='bbox 1400 1875 1542 1930; x_wconf 89' lang='lat' dir='ltr'><strong>hanc</strong></span> <span class='ocrx_word' id='word_1_127' title='bbox 1586 1876 1843 1931; x_wconf 89' lang='lat' dir='ltr'><strong>continuo</strong></span> <span class='ocrx_word' id='word_1_128' title='bbox 1891 1875 2127 1945; x_wconf 89' lang='lat' dir='ltr'><strong>pondere</strong></span> 
     </span>
    </p>
   </div>
   <div class='ocr_carea' id='block_1_18' title="bbox 547 1965 2125 2041">
    <p class='ocr_par' dir='ltr' id='par_1_18' title="bbox 547 1965 2125 2041">
     <span class='ocr_line' id='line_1_18' title="bbox 547 1965 2125 2041; baseline -0.003 -18"><span class='ocrx_word' id='word_1_129' title='bbox 547 1970 759 2041; x_wconf 81' lang='lat' dir='ltr'><strong>providi</strong></span> <span class='ocrx_word' id='word_1_130' title='bbox 789 1969 999 2024; x_wconf 86' lang='lat' dir='ltr'><strong>timoris</strong></span> <span class='ocrx_word' id='word_1_131' title='bbox 1018 1974 1251 2037; x_wconf 85' lang='lat' dir='ltr'><strong>premat.</strong></span> <span class='ocrx_word' id='word_1_132' title='bbox 1282 1965 1426 2019; x_wconf 86' lang='lat' dir='ltr'><strong>Emit</strong></span> <span class='ocrx_word' id='word_1_133' title='bbox 1445 1982 1647 2037; x_wconf 89' lang='lat' dir='ltr'><strong>quoque</strong></span> <span class='ocrx_word' id='word_1_134' title='bbox 1673 1966 1823 2037; x_wconf 87' lang='lat' dir='ltr'><strong>quasi</strong></span> <span class='ocrx_word' id='word_1_135' title='bbox 1861 1981 1966 2019; x_wconf 83' lang='lat' dir='ltr'><strong>non</strong></span> <span class='ocrx_word' id='word_1_136' title='bbox 2000 1981 2125 2035; x_wconf 84' lang='lat' dir='ltr'><strong>pos-</strong></span> 
     </span>
    </p>
   </div>
   <div class='ocr_carea' id='block_1_19' title="bbox 542 2058 2123 2126">
    <p class='ocr_par' dir='ltr' id='par_1_19' title="bbox 542 2058 2123 2126">
     <span class='ocr_line' id='line_1_19' title="bbox 542 2058 2123 2126; baseline -0.004 -12"><span class='ocrx_word' id='word_1_137' title='bbox 542 2060 740 2115; x_wconf 84' lang='lat' dir='ltr'><strong>sidens.</strong></span> <span class='ocrx_word' id='word_1_138' title='bbox 805 2058 905 2126; x_wconf 92' lang='lat' dir='ltr'><strong>Qui</strong></span> <span class='ocrx_word' id='word_1_139' title='bbox 928 2066 985 2113; x_wconf 91' lang='lat' dir='ltr'><strong>et</strong></span> <span class='ocrx_word' id='word_1_140' title='bbox 1013 2058 1080 2113; x_wconf 87' lang='lat' dir='ltr'><strong>ad</strong></span> <span class='ocrx_word' id='word_1_141' title='bbox 1105 2072 1262 2113; x_wconf 87' lang='lat' dir='ltr'><strong>usum</strong></span> <span class='ocrx_word' id='word_1_142' title='bbox 1290 2064 1506 2111; x_wconf 88' lang='lat' dir='ltr'><strong>terrena</strong></span> <span class='ocrx_word' id='word_1_143' title='bbox 1534 2062 1825 2126; x_wconf 76' lang='lat' dir='ltr'><strong>przeparat,</strong></span> <span class='ocrx_word' id='word_1_144' title='bbox 1853 2063 1910 2109; x_wconf 91' lang='lat' dir='ltr'><strong>et</strong></span> <span class='ocrx_word' id='word_1_145' title='bbox 1943 2063 2123 2109; x_wconf 87' lang='lat' dir='ltr'><strong>tamen</strong></span> 
     </span>
    </p>
   </div>
   <div class='ocr_carea' id='block_1_20' title="bbox 547 2144 2124 2219">
    <p class='ocr_par' dir='ltr' id='par_1_20' title="bbox 547 2144 2124 2219">
     <span class='ocr_line' id='line_1_20' title="bbox 547 2144 2124 2219; baseline -0.003 -15"><span class='ocrx_word' id='word_1_146' title='bbox 547 2157 707 2204; x_wconf 87' lang='lat' dir='ltr'><strong>canta</strong></span> <span class='ocrx_word' id='word_1_147' title='bbox 732 2148 1059 2219; x_wconf 81' lang='lat' dir='ltr'><strong>cogitatione</strong></span> <span class='ocrx_word' id='word_1_148' title='bbox 1077 2147 1357 2217; x_wconf 51' lang='lat' dir='ltr'><strong>praevidet,</strong></span> <span class='ocrx_word' id='word_1_149' title='bbox 1377 2145 1523 2216; x_wconf 88' lang='lat' dir='ltr'><strong>quod</strong></span> <span class='ocrx_word' id='word_1_150' title='bbox 1556 2146 1671 2200; x_wconf 59' lang='lat' dir='ltr'><strong>haec</strong></span> <span class='ocrx_word' id='word_1_151' title='bbox 1708 2144 1872 2200; x_wconf 85' lang='lat' dir='ltr'><strong>citius</strong></span> <span class='ocrx_word' id='word_1_152' title='bbox 1890 2144 2124 2200; x_wconf 86' lang='lat' dir='ltr'><strong>derelin-</strong></span> 
     </span>
    </p>
   </div>
   <div class='ocr_carea' id='block_1_21' title="bbox 547 2236 2122 2310">
    <p class='ocr_par' dir='ltr' id='par_1_21' title="bbox 547 2236 2122 2310">
     <span class='ocr_line' id='line_1_21' title="bbox 547 2236 2122 2310; baseline -0.002 -16"><span class='ocrx_word' id='word_1_153' title='bbox 547 2247 699 2310; x_wconf 86' lang='lat' dir='ltr'><strong>quat.</strong></span> <span class='ocrx_word' id='word_1_154' title='bbox 723 2238 924 2294; x_wconf 72' lang='grc' dir='ltr'><strong>Μιληάο</strong></span> <span class='ocrx_word' id='word_1_155' title='bbox 950 2255 1152 2310; x_wconf 77' lang='lat' dir='ltr'><strong>quoque</strong></span> <span class='ocrx_word' id='word_1_156' title='bbox 1177 2237 1364 2300; x_wconf 81' lang='lat' dir='ltr'><strong>utitur,</strong></span> <span class='ocrx_word' id='word_1_157' title='bbox 1387 2236 1477 2292; x_wconf 82' lang='lat' dir='ltr'><strong>sed</strong></span> <span class='ocrx_word' id='word_1_158' title='bbox 1496 2238 1648 2307; x_wconf 86' lang='lat' dir='ltr'><strong>quasi</strong></span> <span class='ocrx_word' id='word_1_159' title='bbox 1674 2253 1777 2290; x_wconf 84' lang='lat' dir='ltr'><strong>non</strong></span> <span class='ocrx_word' id='word_1_160' title='bbox 1796 2241 1996 2290; x_wconf 75' lang='lat' dir='ltr'><strong>utatur.</strong></span> <span class='ocrx_word' id='word_1_161' title='bbox 2020 2236 2122 2305; x_wconf 87' lang='lat' dir='ltr'><strong>Qui</strong></span> 
     </span>
    </p>
   </div>
   <div class='ocr_carea' id='block_1_22' title="bbox 542 2325 2123 2386">
    <p class='ocr_par' dir='ltr' id='par_1_22' title="bbox 542 2325 2123 2386">
     <span class='ocr_line' id='line_1_22' title="bbox 542 2325 2123 2386; baseline -0.003 -1"><span class='ocrx_word' id='word_1_162' title='bbox 542 2337 604 2385; x_wconf 83' lang='lat' dir='ltr'><strong>et</strong></span> <span class='ocrx_word' id='word_1_163' title='bbox 627 2328 934 2386; x_wconf 85' lang='lat' dir='ltr'><strong>necessaria</strong></span> <span class='ocrx_word' id='word_1_164' title='bbox 967 2335 1159 2383; x_wconf 87' lang='lat' dir='ltr'><strong>cuncta</strong></span> <span class='ocrx_word' id='word_1_165' title='bbox 1188 2327 1428 2383; x_wconf 81' lang='lat' dir='ltr'><strong>exterius</strong></span> <span class='ocrx_word' id='word_1_166' title='bbox 1466 2325 1531 2379; x_wconf 90' lang='lat' dir='ltr'><strong>ad</strong></span> <span class='ocrx_word' id='word_1_167' title='bbox 1566 2326 1690 2380; x_wconf 76' lang='lat' dir='ltr'><strong>vita:</strong></span> <span class='ocrx_word' id='word_1_168' title='bbox 1730 2341 1840 2381; x_wconf 65' lang='lat' dir='ltr'><strong>suae</strong></span> <span class='ocrx_word' id='word_1_169' title='bbox 1880 2326 2123 2381; x_wconf 85' lang='lat' dir='ltr'><strong>ministe-</strong></span> 
     </span>
    </p>
   </div>
   <div class='ocr_carea' id='block_1_23' title="bbox 547 2415 2122 2490">
    <p class='ocr_par' dir='ltr' id='par_1_23' title="bbox 547 2415 2122 2490">
     <span class='ocr_line' id='line_1_23' title="bbox 547 2415 2122 2490; baseline -0.004 -14"><span class='ocrx_word' id='word_1_170' title='bbox 547 2421 688 2476; x_wconf 90' lang='lat' dir='ltr'><strong>rium</strong></span> <span class='ocrx_word' id='word_1_171' title='bbox 743 2419 958 2490; x_wconf 88' lang='lat' dir='ltr'><strong>redigit,</strong></span> <span class='ocrx_word' id='word_1_172' title='bbox 996 2424 1051 2472; x_wconf 90' lang='lat' dir='ltr'><strong>et</strong></span> <span class='ocrx_word' id='word_1_173' title='bbox 1080 2426 1261 2472; x_wconf 86' lang='lat' dir='ltr'><strong>tamen</strong></span> <span class='ocrx_word' id='word_1_174' title='bbox 1300 2417 1415 2471; x_wconf 68' lang='lat' dir='ltr'><strong>haec</strong></span> <span class='ocrx_word' id='word_1_175' title='bbox 1462 2431 1571 2470; x_wconf 91' lang='lat' dir='ltr'><strong>non</strong></span> <span class='ocrx_word' id='word_1_176' title='bbox 1628 2415 1758 2469; x_wconf 86' lang='lat' dir='ltr'><strong>sinit</strong></span> <span class='ocrx_word' id='word_1_177' title='bbox 1790 2430 1902 2469; x_wconf 70' lang='lat' dir='ltr'><strong>sure</strong></span> <span class='ocrx_word' id='word_1_178' title='bbox 1955 2415 2122 2470; x_wconf 91' lang='lat' dir='ltr'><strong>menti</strong></span> 
     </span>
    </p>
   </div>
   <div class='ocr_carea' id='block_1_24' title="bbox 546 2506 2121 2578">
    <p class='ocr_par' dir='ltr' id='par_1_24' title="bbox 546 2506 2121 2578">
     <span class='ocr_line' id='line_1_24' title="bbox 546 2506 2121 2578; baseline -0.003 -12"><span class='ocrx_word' id='word_1_179' title='bbox 546 2509 835 2574; x_wconf 82' lang='lat' dir='ltr'><strong>dominari,</strong></span> <span class='ocrx_word' id='word_1_180' title='bbox 866 2508 960 2564; x_wconf 87' lang='lat' dir='ltr'><strong>sed</strong></span> <span class='ocrx_word' id='word_1_181' title='bbox 981 2516 1040 2562; x_wconf 92' lang='grc' dir='ltr'><strong>ιιι</strong></span> <span class='ocrx_word' id='word_1_182' title='bbox 1067 2508 1308 2578; x_wconf 86' lang='lat' dir='ltr'><strong>subjecta</strong></span> <span class='ocrx_word' id='word_1_183' title='bbox 1332 2506 1467 2562; x_wconf 86' lang='lat' dir='ltr'><strong>foris</strong></span> <span class='ocrx_word' id='word_1_184' title='bbox 1488 2508 1746 2572; x_wconf 75' lang='lat' dir='ltr'><strong>serviant,</strong></span> <span class='ocrx_word' id='word_1_185' title='bbox 1769 2515 1825 2561; x_wconf 85' lang='lat' dir='ltr'><strong>et</strong></span> <span class='ocrx_word' id='word_1_186' title='bbox 1845 2522 2121 2578; x_wconf 81' lang='lat' dir='ltr'><strong>nunquam</strong></span> 
     </span>
    </p>
   </div>
   <div class='ocr_carea' id='block_1_25' title="bbox 544 2598 2120 2668">
    <p class='ocr_par' dir='ltr' id='par_1_25' title="bbox 544 2598 2120 2668">
     <span class='ocr_line' id='line_1_25' title="bbox 544 2598 2120 2668; baseline -0.004 -9"><span class='ocrx_word' id='word_1_187' title='bbox 544 2602 900 2659; x_wconf 89' lang='lat' dir='ltr'><strong>intentionem</strong></span> <span class='ocrx_word' id='word_1_188' title='bbox 921 2601 1088 2657; x_wconf 89' lang='lat' dir='ltr'><strong>animi</strong></span> <span class='ocrx_word' id='word_1_189' title='bbox 1139 2601 1204 2654; x_wconf 88' lang='lat' dir='ltr'><strong>ad</strong></span> <span class='ocrx_word' id='word_1_190' title='bbox 1239 2600 1345 2654; x_wconf 88' lang='lat' dir='ltr'><strong>alia</strong></span> <span class='ocrx_word' id='word_1_191' title='bbox 1369 2600 1639 2655; x_wconf 82' lang='lat' dir='ltr'><strong>tendentis</strong></span> <span class='ocrx_word' id='word_1_192' title='bbox 1692 2598 1958 2668; x_wconf 77' lang='lat' dir='ltr'><strong>frangant.</strong></span> <span class='ocrx_word' id='word_1_193' title='bbox 2004 2598 2120 2652; x_wconf 84' lang='lat' dir='ltr'><strong>Ali-</strong></span> 
     </span>
    </p>
   </div>
   <div class='ocr_carea' id='block_1_26' title="bbox 544 2690 2119 2763">
    <p class='ocr_par' dir='ltr' id='par_1_26' title="bbox 544 2690 2119 2763">
     <span class='ocr_line' id='line_1_26' title="bbox 544 2690 2119 2763; baseline -0.003 -15"><span class='ocrx_word' id='word_1_194' title='bbox 544 2706 667 2749; x_wconf 88' lang='lat' dir='ltr'><strong>ter:</strong></span> <span class='ocrx_word' id='word_1_195' title='bbox 699 2694 836 2749; x_wconf 86' lang='lat' dir='ltr'><strong>Sunt</strong></span> <span class='ocrx_word' id='word_1_196' title='bbox 881 2692 972 2763; x_wconf 88' lang='lat' dir='ltr'><strong>qui</strong></span> <span class='ocrx_word' id='word_1_197' title='bbox 1027 2692 1305 2762; x_wconf 88' lang='lat' dir='ltr'><strong>patiuntur</strong></span> <span class='ocrx_word' id='word_1_198' title='bbox 1353 2691 1565 2747; x_wconf 83' lang='lat' dir='ltr'><strong>labores</strong></span> <span class='ocrx_word' id='word_1_199' title='bbox 1614 2698 1670 2745; x_wconf 90' lang='lat' dir='ltr'><strong>et</strong></span> <span class='ocrx_word' id='word_1_200' title='bbox 1716 2706 2024 2759; x_wconf 89' lang='lat' dir='ltr'><strong>prcssuram</strong></span> <span class='ocrx_word' id='word_1_201' title='bbox 2063 2690 2119 2743; x_wconf 86' lang='lat' dir='ltr'><strong>in</strong></span> 
     </span>
    </p>
   </div>
   <div class='ocr_carea' id='block_1_27' title="bbox 542 2778 2116 2855">
    <p class='ocr_par' dir='ltr' id='par_1_27' title="bbox 542 2778 2116 2855">
     <span class='ocr_line' id='line_1_27' title="bbox 542 2778 2116 2855; baseline -0.005 -15"><span class='ocrx_word' id='word_1_202' title='bbox 542 2785 790 2855; x_wconf 67' lang='lat' dir='ltr'><strong>pra-senti</strong></span> <span class='ocrx_word' id='word_1_203' title='bbox 821 2784 978 2854; x_wconf 88' lang='lat' dir='ltr'><strong>quasi</strong></span> <span class='ocrx_word' id='word_1_204' title='bbox 1018 2800 1125 2838; x_wconf 92' lang='lat' dir='ltr'><strong>non</strong></span> <span class='ocrx_word' id='word_1_205' title='bbox 1150 2791 1502 2853; x_wconf 85' lang='lat' dir='ltr'><strong>paterentur:</strong></span> <span class='ocrx_word' id='word_1_206' title='bbox 1532 2782 1658 2850; x_wconf 83' lang='lat' dir='ltr'><strong>quia</strong></span> <span class='ocrx_word' id='word_1_207' title='bbox 1702 2781 1805 2834; x_wconf 87' lang='lat' dir='ltr'><strong>ista</strong></span> <span class='ocrx_word' id='word_1_208' title='bbox 1856 2781 1910 2833; x_wconf 90' lang='lat' dir='ltr'><strong>in</strong></span> <span class='ocrx_word' id='word_1_209' title='bbox 1965 2778 2116 2834; x_wconf 81' lang='lat' dir='ltr'><strong>brevi</strong></span> 
     </span>
    </p>
   </div>
   <div class='ocr_carea' id='block_1_28' title="bbox 542 2868 2115 2943">
    <p class='ocr_par' dir='ltr' id='par_1_28' title="bbox 542 2868 2115 2943">
     <span class='ocr_line' id='line_1_28' title="bbox 542 2868 2115 2943; baseline -0.004 -14"><span class='ocrx_word' id='word_1_210' title='bbox 542 2875 719 2942; x_wconf 86' lang='lat' dir='ltr'><strong>spatio</strong></span> <span class='ocrx_word' id='word_1_211' title='bbox 774 2874 1180 2943; x_wconf 87' lang='lat' dir='ltr'><strong>pertransibunt</strong></span> <span class='ocrx_word' id='word_1_212' title='bbox 1207 2884 1261 2927; x_wconf 89' lang='lat' dir='ltr'><strong>et</strong></span> <span class='ocrx_word' id='word_1_213' title='bbox 1289 2872 1561 2925; x_wconf 82' lang='lat' dir='ltr'><strong>ﬁnientur.</strong></span> <span class='ocrx_word' id='word_1_214' title='bbox 1606 2869 1696 2923; x_wconf 88' lang='lat' dir='ltr'><strong>Sic</strong></span> <span class='ocrx_word' id='word_1_215' title='bbox 1742 2878 1800 2923; x_wconf 87' lang='lat' dir='ltr'><strong>et</strong></span> <span class='ocrx_word' id='word_1_216' title='bbox 1837 2868 2115 2937; x_wconf 86' lang='lat' dir='ltr'><strong>sequentia</strong></span> 
     </span>
    </p>
   </div>
   <div class='ocr_carea' id='block_1_29' title="bbox 542 2957 2111 3032">
    <p class='ocr_par' dir='ltr' id='par_1_29' title="bbox 542 2957 2111 3032">
     <span class='ocr_line' id='line_1_29' title="bbox 542 2957 2111 3032; baseline -0.004 -14"><span class='ocrx_word' id='word_1_217' title='bbox 542 2963 734 3032; x_wconf 79' lang='lat' dir='ltr'><strong>exponi</strong></span> <span class='ocrx_word' id='word_1_218' title='bbox 763 2971 1007 3032; x_wconf 91' lang='lat' dir='ltr'><strong>possunt.</strong></span> <span class='ocrx_word' id='word_1_219' title='bbox 1058 2961 1301 3016; x_wconf 69' lang='lat' dir='ltr'><strong>Prwterit</strong></span> <span class='ocrx_word' id='word_1_220' title='bbox 1330 2962 1467 3015; x_wconf 88' lang='lat' dir='ltr'><strong>enim</strong></span> <span class='ocrx_word' id='word_1_221' title='bbox 1510 2960 1681 3029; x_wconf 83' lang='lat' dir='ltr'><strong>ﬁgura</strong></span> <span class='ocrx_word' id='word_1_222' title='bbox 1723 2959 1880 3027; x_wconf 82' lang='lat' dir='ltr'><strong>hujus</strong></span> <span class='ocrx_word' id='word_1_223' title='bbox 1910 2957 2111 3012; x_wconf 84' lang='lat' dir='ltr'><strong>mundi.</strong></span> 
     </span>
    </p>
   </div>
   <div class='ocr_carea' id='block_1_30' title="bbox 545 3047 2112 3120">
    <p class='ocr_par' dir='ltr' id='par_1_30' title="bbox 545 3047 2112 3120">
     <span class='ocr_line' id='line_1_30' title="bbox 545 3047 2112 3120; baseline -0.003 -13"><span class='ocrx_word' id='word_1_224' title='bbox 545 3050 661 3107; x_wconf 80' lang='lat' dir='ltr'><strong>Hoc</strong></span> <span class='ocrx_word' id='word_1_225' title='bbox 714 3052 966 3106; x_wconf 76' lang='lat' dir='ltr'><strong>ateculum</strong></span> <span class='ocrx_word' id='word_1_226' title='bbox 1019 3051 1175 3120; x_wconf 89' lang='lat' dir='ltr'><strong>quasi</strong></span> <span class='ocrx_word' id='word_1_227' title='bbox 1206 3052 1397 3106; x_wconf 89' lang='lat' dir='ltr'><strong>umbra</strong></span> <span class='ocrx_word' id='word_1_228' title='bbox 1421 3050 1734 3119; x_wconf 87' lang='lat' dir='ltr'><strong>pertransit.</strong></span> <span class='ocrx_word' id='word_1_229' title='bbox 1767 3047 1940 3103; x_wconf 84' lang='lat' dir='ltr'><strong>Nolite</strong></span> <span class='ocrx_word' id='word_1_230' title='bbox 1983 3063 2112 3116; x_wconf 78' lang='lat' dir='ltr'><strong>ergo</strong></span> 
     </span>
    </p>
   </div>
   <div class='ocr_carea' id='block_1_31' title="bbox 544 3138 2112 3207">
    <p class='ocr_par' dir='ltr' id='par_1_31' title="bbox 544 3138 2112 3207">
     <span class='ocr_line' id='line_1_31' title="bbox 544 3138 2112 3207; baseline -0.001 -12"><span class='ocrx_word' id='word_1_231' title='bbox 544 3138 611 3195; x_wconf 87' lang='lat' dir='ltr'><strong>de</strong></span> <span class='ocrx_word' id='word_1_232' title='bbox 632 3154 697 3193; x_wconf 91' lang='lat' dir='ltr'><strong>eo</strong></span> <span class='ocrx_word' id='word_1_233' title='bbox 720 3139 944 3193; x_wconf 88' lang='lat' dir='ltr'><strong>multum</strong></span> <span class='ocrx_word' id='word_1_234' title='bbox 967 3155 1088 3201; x_wconf 83' lang='lat' dir='ltr'><strong>esse</strong></span> <span class='ocrx_word' id='word_1_235' title='bbox 1108 3138 1348 3203; x_wconf 87' lang='lat' dir='ltr'><strong>solliciti,</strong></span> <span class='ocrx_word' id='word_1_236' title='bbox 1371 3154 1437 3193; x_wconf 93' lang='lat' dir='ltr'><strong>ne</strong></span> <span class='ocrx_word' id='word_1_237' title='bbox 1459 3139 1851 3207; x_wconf 67' lang='lat' dir='ltr'><strong>possessionem</strong></span> <span class='ocrx_word' id='word_1_238' title='bbox 1875 3138 2112 3206; x_wconf 87' lang='lat' dir='ltr'><strong>perdatis</strong></span> 
     </span>
    </p>
   </div>
   <div class='ocr_carea' id='block_1_32' title="bbox 543 3229 2114 3300">
    <p class='ocr_par' dir='ltr' id='par_1_32' title="bbox 543 3229 2114 3300">
     <span class='ocr_line' id='line_1_32' title="bbox 543 3229 2114 3300; baseline -0.003 -14"><span class='ocrx_word' id='word_1_239' title='bbox 543 3237 827 3296; x_wconf 62' lang='lat' dir='ltr'><strong>eternam,</strong></span> <span class='ocrx_word' id='word_1_240' title='bbox 857 3240 911 3285; x_wconf 93' lang='lat' dir='ltr'><strong>et</strong></span> <span class='ocrx_word' id='word_1_241' title='bbox 939 3230 1164 3300; x_wconf 83' lang='lat' dir='ltr'><strong>ﬁguram</strong></span> <span class='ocrx_word' id='word_1_242' title='bbox 1201 3237 1504 3299; x_wconf 68' lang='lat' dir='ltr'><strong>quaerentes</strong></span> <span class='ocrx_word' id='word_1_243' title='bbox 1550 3229 1817 3297; x_wconf 84' lang='lat' dir='ltr'><strong>incipiatis</strong></span> <span class='ocrx_word' id='word_1_244' title='bbox 1865 3229 2114 3282; x_wconf 75' lang='lat' dir='ltr'><strong>amittere</strong></span> 
     </span>
    </p>
   </div>
   <div class='ocr_carea' id='block_1_33' title="bbox 539 3317 2112 3388">
    <p class='ocr_par' dir='ltr' id='par_1_33' title="bbox 539 3317 2112 3388">
     <span class='ocr_line' id='line_1_33' title="bbox 539 3317 2112 3388; baseline -0.001 -14"><span class='ocrx_word' id='word_1_245' title='bbox 539 3319 851 3376; x_wconf 81' lang='lat' dir='ltr'><strong>veritatem.</strong></span> <span class='ocrx_word' id='word_1_246' title='bbox 900 3320 1000 3375; x_wconf 89' lang='lat' dir='ltr'><strong>Hic</strong></span> <span class='ocrx_word' id='word_1_247' title='bbox 1051 3320 1196 3375; x_wconf 89' lang='lat' dir='ltr'><strong>enim</strong></span> <span class='ocrx_word' id='word_1_248' title='bbox 1247 3321 1478 3374; x_wconf 88' lang='lat' dir='ltr'><strong>mundus</strong></span> <span class='ocrx_word' id='word_1_249' title='bbox 1506 3320 1682 3388; x_wconf 82' lang='lat' dir='ltr'><strong>imago</strong></span> <span class='ocrx_word' id='word_1_250' title='bbox 1707 3318 1871 3374; x_wconf 82' lang='lat' dir='ltr'><strong>futuri</strong></span> <span class='ocrx_word' id='word_1_251' title='bbox 1911 3327 2015 3373; x_wconf 88' lang='lat' dir='ltr'><strong>est.</strong></span> <span class='ocrx_word' id='word_1_252' title='bbox 2054 3317 2112 3373; x_wconf 88' lang='lat' dir='ltr'><strong>Si</strong></span> 
     </span>
    </p>
   </div>
   <div class='ocr_carea' id='block_1_34' title="bbox 539 3410 2114 3483">
    <p class='ocr_par' dir='ltr' id='par_1_34' title="bbox 539 3410 2114 3483">
     <span class='ocr_line' id='line_1_34' title="bbox 539 3410 2114 3483; baseline -0.001 -18"><span class='ocrx_word' id='word_1_253' title='bbox 539 3422 671 3480; x_wconf 85' lang='lat' dir='ltr'><strong>ergo</strong></span> <span class='ocrx_word' id='word_1_254' title='bbox 694 3410 816 3466; x_wconf 87' lang='lat' dir='ltr'><strong>talis</strong></span> <span class='ocrx_word' id='word_1_255' title='bbox 854 3419 938 3467; x_wconf 90' lang='lat' dir='ltr'><strong>est</strong></span> <span class='ocrx_word' id='word_1_256' title='bbox 971 3412 1167 3483; x_wconf 85' lang='lat' dir='ltr'><strong>imago,</strong></span> <span class='ocrx_word' id='word_1_257' title='bbox 1194 3412 1310 3481; x_wconf 88' lang='lat' dir='ltr'><strong>ipsa</strong></span> <span class='ocrx_word' id='word_1_258' title='bbox 1354 3411 1554 3466; x_wconf 86' lang='lat' dir='ltr'><strong>veritas</strong></span> <span class='ocrx_word' id='word_1_259' title='bbox 1582 3412 1757 3480; x_wconf 86' lang='lat' dir='ltr'><strong>qualis</strong></span> <span class='ocrx_word' id='word_1_260' title='bbox 1793 3411 1910 3465; x_wconf 88' lang='lat' dir='ltr'><strong>est?</strong></span> <span class='ocrx_word' id='word_1_261' title='bbox 1961 3410 2114 3466; x_wconf 89' lang='lat' dir='ltr'><strong>Unde</strong></span> 
     </span>
    </p>
   </div>
   <div class='ocr_carea' id='block_1_35' title="bbox 536 3499 2113 3572">
    <p class='ocr_par' dir='ltr' id='par_1_35' title="bbox 536 3499 2113 3572">
     <span class='ocr_line' id='line_1_35' title="bbox 536 3499 2113 3572; baseline -0.001 -17"><span class='ocrx_word' id='word_1_262' title='bbox 536 3500 586 3555; x_wconf 88' lang='lat' dir='ltr'><strong>si</strong></span> <span class='ocrx_word' id='word_1_263' title='bbox 611 3500 714 3556; x_wconf 84' lang='lat' dir='ltr'><strong>lroc</strong></span> <span class='ocrx_word' id='word_1_264' title='bbox 745 3508 854 3555; x_wconf 87' lang='lat' dir='ltr'><strong>tam</strong></span> <span class='ocrx_word' id='word_1_265' title='bbox 880 3501 1122 3571; x_wconf 89' lang='lat' dir='ltr'><strong>impense</strong></span> <span class='ocrx_word' id='word_1_266' title='bbox 1149 3500 1388 3572; x_wconf 78' lang='lat' dir='ltr'><strong>diligitis,</strong></span> <span class='ocrx_word' id='word_1_267' title='bbox 1415 3508 1617 3571; x_wconf 87' lang='lat' dir='ltr'><strong>quanto</strong></span> <span class='ocrx_word' id='word_1_268' title='bbox 1646 3500 1818 3571; x_wconf 82' lang='lat' dir='ltr'><strong>magis</strong></span> <span class='ocrx_word' id='word_1_269' title='bbox 1863 3499 1991 3554; x_wconf 91' lang='lat' dir='ltr'><strong>illud</strong></span> <span class='ocrx_word' id='word_1_270' title='bbox 2019 3500 2113 3554; x_wconf 90' lang='lat' dir='ltr'><strong>im-</strong></span> 
     </span>
    </p>
   </div>
   <div class='ocr_carea' id='block_1_36' title="bbox 539 3588 2115 3657">
    <p class='ocr_par' dir='ltr' id='par_1_36' title="bbox 539 3588 2115 3657">
     <span class='ocr_line' id='line_1_36' title="bbox 539 3588 2115 3657; baseline 0 -13"><span class='ocrx_word' id='word_1_271' title='bbox 539 3588 763 3657; x_wconf 88' lang='lat' dir='ltr'><strong>pensius</strong></span> <span class='ocrx_word' id='word_1_272' title='bbox 789 3600 973 3644; x_wconf 87' lang='lat' dir='ltr'><strong>amare</strong></span> <span class='ocrx_word' id='word_1_273' title='bbox 998 3589 1233 3655; x_wconf 87' lang='lat' dir='ltr'><strong>debetis;</strong></span> <span class='ocrx_word' id='word_1_274' title='bbox 1270 3606 1393 3644; x_wconf 89' lang='lat' dir='ltr'><strong>nam</strong></span> <span class='ocrx_word' id='word_1_275' title='bbox 1436 3589 1731 3645; x_wconf 87' lang='lat' dir='ltr'><strong>secundum</strong></span> <span class='ocrx_word' id='word_1_276' title='bbox 1758 3590 1863 3643; x_wconf 87' lang='lat' dir='ltr'><strong>hoc</strong></span> <span class='ocrx_word' id='word_1_277' title='bbox 1891 3602 1991 3643; x_wconf 92' lang='lat' dir='ltr'><strong>nos</strong></span> <span class='ocrx_word' id='word_1_278' title='bbox 2034 3589 2115 3644; x_wconf 88' lang='lat' dir='ltr'><strong>di-</strong></span> 
     </span>
    </p>
   </div>
   <div class='ocr_carea' id='block_1_37' title="bbox 541 3678 2113 3750">
    <p class='ocr_par' dir='ltr' id='par_1_37' title="bbox 541 3678 2113 3750">
     <span class='ocr_line' id='line_1_37' title="bbox 541 3678 2113 3750; baseline 0.001 -17"><span class='ocrx_word' id='word_1_279' title='bbox 541 3679 803 3735; x_wconf 86' lang='lat' dir='ltr'><strong>missuros</strong></span> <span class='ocrx_word' id='word_1_280' title='bbox 831 3678 1144 3750; x_wconf 88' lang='lat' dir='ltr'><strong>quotidiana</strong></span> <span class='ocrx_word' id='word_1_281' title='bbox 1167 3680 1512 3736; x_wconf 89' lang='lat' dir='ltr'><strong>morientium</strong></span> <span class='ocrx_word' id='word_1_282' title='bbox 1544 3679 1790 3750; x_wconf 76' lang='lat' dir='ltr'><strong>exetnpla</strong></span> <span class='ocrx_word' id='word_1_283' title='bbox 1811 3681 2113 3735; x_wconf 84' lang='lat' dir='ltr'><strong>testantur?</strong></span> 
     </span>
    </p>
   </div>
   <div class='ocr_carea' id='block_1_38' title="bbox 535 3768 2112 3842">
    <p class='ocr_par' dir='ltr' id='par_1_38' title="bbox 535 3768 2112 3842">
     <span class='ocr_line' id='line_1_38' title="bbox 535 3768 2112 3842; baseline 0.002 -18"><span class='ocrx_word' id='word_1_284' title='bbox 535 3768 618 3825; x_wconf 75' lang='lat' dir='ltr'><strong>An</strong></span> <span class='ocrx_word' id='word_1_285' title='bbox 657 3769 800 3826; x_wconf 88' lang='lat' dir='ltr'><strong>forte</strong></span> <span class='ocrx_word' id='word_1_286' title='bbox 824 3786 924 3827; x_wconf 91' lang='lat' dir='ltr'><strong>nos</strong></span> <span class='ocrx_word' id='word_1_287' title='bbox 945 3772 1089 3828; x_wconf 85' lang='lat' dir='ltr'><strong>solos</strong></span> <span class='ocrx_word' id='word_1_288' title='bbox 1113 3786 1235 3829; x_wconf 89' lang='lat' dir='ltr'><strong>esse</strong></span> <span class='ocrx_word' id='word_1_289' title='bbox 1265 3772 1551 3830; x_wconf 87' lang='lat' dir='ltr'><strong>credamus</strong></span> <span class='ocrx_word' id='word_1_290' title='bbox 1575 3772 1925 3836; x_wconf 72' lang='lat' dir='ltr'><strong>immortales,</strong></span> <span class='ocrx_word' id='word_1_291' title='bbox 1958 3773 2112 3842; x_wconf 85' lang='lat' dir='ltr'><strong>quasi</strong></span> 
     </span>
    </p>
   </div>
   <div class='ocr_carea' id='block_1_39' title="bbox 542 3860 2113 3936">
    <p class='ocr_par' dir='ltr' id='par_1_39' title="bbox 542 3860 2113 3936">
     <span class='ocr_line' id='line_1_39' title="bbox 542 3860 2113 3936; baseline 0.003 -23"><span class='ocrx_word' id='word_1_292' title='bbox 542 3873 649 3913; x_wconf 89' lang='lat' dir='ltr'><strong>non</strong></span> <span class='ocrx_word' id='word_1_293' title='bbox 679 3860 847 3916; x_wconf 90' lang='lat' dir='ltr'><strong>simus</strong></span> <span class='ocrx_word' id='word_1_294' title='bbox 874 3876 942 3917; x_wconf 79' lang='lat' dir='ltr'><strong>ex</strong></span> <span class='ocrx_word' id='word_1_295' title='bbox 988 3863 1294 3920; x_wconf 87' lang='lat' dir='ltr'><strong>hominibus</strong></span> <span class='ocrx_word' id='word_1_296' title='bbox 1336 3865 1598 3936; x_wconf 76' lang='lat' dir='ltr'><strong>generati.</strong></span> <span class='ocrx_word' id='word_1_297' title='bbox 1660 3865 1815 3931; x_wconf 89' lang='lat' dir='ltr'><strong>ltem,</strong></span> <span class='ocrx_word' id='word_1_298' title='bbox 1870 3862 2113 3919; x_wconf 74' lang='lat' dir='ltr'><strong>Prwterit</strong></span> 
     </span>
    </p>
   </div>
   <div class='ocr_carea' id='block_1_40' title="bbox 535 3950 2114 4026">
    <p class='ocr_par' dir='ltr' id='par_1_40' title="bbox 535 3950 2114 4026">
     <span class='ocr_line' id='line_1_40' title="bbox 535 3950 2114 4026; baseline 0.006 -22"><span class='ocrx_word' id='word_1_299' title='bbox 535 3950 676 4005; x_wconf 76' lang='lat' dir='ltr'><strong>enim</strong></span> <span class='ocrx_word' id='word_1_300' title='bbox 719 3952 894 4022; x_wconf 73' lang='lat' dir='ltr'><strong>ﬁgura</strong></span> <span class='ocrx_word' id='word_1_301' title='bbox 930 3953 1091 4023; x_wconf 85' lang='lat' dir='ltr'><strong>hujus</strong></span> <span class='ocrx_word' id='word_1_302' title='bbox 1120 3955 1319 4008; x_wconf 77' lang='lat' dir='ltr'><strong>mundi.</strong></span> <span class='ocrx_word' id='word_1_303' title='bbox 1377 3955 1435 4009; x_wconf 90' lang='lat' dir='ltr'><strong>Si</strong></span> <span class='ocrx_word' id='word_1_304' title='bbox 1469 3956 1702 4011; x_wconf 90' lang='lat' dir='ltr'><strong>mundus</strong></span> <span class='ocrx_word' id='word_1_305' title='bbox 1741 3958 1953 4022; x_wconf 84' lang='lat' dir='ltr'><strong>transit,</strong></span> <span class='ocrx_word' id='word_1_306' title='bbox 2005 3971 2114 4026; x_wconf 87' lang='lat' dir='ltr'><strong>quo</strong></span> 
     </span>
    </p>
   </div>
   <div class='ocr_carea' id='block_1_41' title="bbox 537 4039 2114 4116">
    <p class='ocr_par' dir='ltr' id='par_1_41' title="bbox 537 4039 2114 4116">
     <span class='ocr_line' id='line_1_41' title="bbox 537 4039 2114 4116; baseline 0.006 -23"><span class='ocrx_word' id='word_1_307' title='bbox 537 4039 795 4095; x_wconf 80' lang='lat' dir='ltr'><strong>universa</strong></span> <span class='ocrx_word' id='word_1_308' title='bbox 817 4040 1157 4106; x_wconf 85' lang='lat' dir='ltr'><strong>clauduntur,</strong></span> <span class='ocrx_word' id='word_1_309' title='bbox 1187 4042 1295 4096; x_wconf 91' lang='lat' dir='ltr'><strong>imo</strong></span> <span class='ocrx_word' id='word_1_310' title='bbox 1320 4042 1490 4112; x_wconf 77' lang='lat' dir='ltr'><strong>ﬁgura</strong></span> <span class='ocrx_word' id='word_1_311' title='bbox 1521 4054 1576 4099; x_wconf 93' lang='lat' dir='ltr'><strong>et</strong></span> <span class='ocrx_word' id='word_1_312' title='bbox 1596 4048 1935 4102; x_wconf 87' lang='lat' dir='ltr'><strong>conversatio</strong></span> <span class='ocrx_word' id='word_1_313' title='bbox 1955 4047 2114 4116; x_wconf 84' lang='lat' dir='ltr'><strong>hujus</strong></span> 
     </span>
    </p>
   </div>
   <div class='ocr_carea' id='block_1_42' title="bbox 534 4127 2111 4200">
    <p class='ocr_par' dir='ltr' id='par_1_42' title="bbox 534 4127 2111 4200">
     <span class='ocr_line' id='line_1_42' title="bbox 534 4127 2111 4200; baseline 0.008 -19"><span class='ocrx_word' id='word_1_314' title='bbox 534 4128 724 4184; x_wconf 86' lang='lat' dir='ltr'><strong>mundi</strong></span> <span class='ocrx_word' id='word_1_315' title='bbox 753 4127 907 4198; x_wconf 89' lang='lat' dir='ltr'><strong>quasi</strong></span> <span class='ocrx_word' id='word_1_316' title='bbox 931 4128 1103 4185; x_wconf 89' lang='lat' dir='ltr'><strong>nubes</strong></span> <span class='ocrx_word' id='word_1_317' title='bbox 1131 4131 1394 4200; x_wconf 67' lang='lat' dir='ltr'><strong>praeterit,</strong></span> <span class='ocrx_word' id='word_1_318' title='bbox 1431 4140 1487 4189; x_wconf 88' lang='lat' dir='ltr'><strong>et</strong></span> <span class='ocrx_word' id='word_1_319' title='bbox 1508 4133 1651 4188; x_wconf 91' lang='lat' dir='ltr'><strong>inter</strong></span> <span class='ocrx_word' id='word_1_320' title='bbox 1679 4142 1877 4191; x_wconf 70' lang='lat' dir='ltr'><strong>caetera</strong></span> <span class='ocrx_word' id='word_1_321' title='bbox 1927 4138 2111 4194; x_wconf 82' lang='lat' dir='ltr'><strong>mundi</strong></span> 
     </span>
    </p>
   </div>
   <div class='ocr_carea' id='block_1_43' title="bbox 530 4224 2113 4298">
    <p class='ocr_par' dir='ltr' id='par_1_43' title="bbox 530 4224 2113 4298">
     <span class='ocr_line' id='line_1_43' title="bbox 530 4224 2113 4298; baseline 0.006 -19"><span class='ocrx_word' id='word_1_322' title='bbox 530 4236 720 4293; x_wconf 85' lang='lat' dir='ltr'><strong>opera,</strong></span> <span class='ocrx_word' id='word_1_323' title='bbox 747 4232 803 4281; x_wconf 79' lang='lat' dir='ltr'><strong>et</strong></span> <span class='ocrx_word' id='word_1_324' title='bbox 828 4224 1031 4295; x_wconf 68' lang='lat' dir='ltr'><strong>nuptire</strong></span> <span class='ocrx_word' id='word_1_325' title='bbox 1057 4227 1424 4298; x_wconf 69' lang='lat' dir='ltr'><strong>praeteribunt.</strong></span> <span class='ocrx_word' id='word_1_326' title='bbox 1451 4227 1509 4283; x_wconf 87' lang='lat' dir='ltr'><strong>Si</strong></span> <span class='ocrx_word' id='word_1_327' title='bbox 1533 4229 1679 4285; x_wconf 91' lang='lat' dir='ltr'><strong>enim</strong></span> <span class='ocrx_word' id='word_1_328' title='bbox 1706 4246 1852 4287; x_wconf 90' lang='lat' dir='ltr'><strong>mors</strong></span> <span class='ocrx_word' id='word_1_329' title='bbox 1885 4231 2008 4288; x_wconf 88' lang='lat' dir='ltr'><strong>ﬁnis</strong></span> <span class='ocrx_word' id='word_1_330' title='bbox 2028 4241 2113 4289; x_wconf 85' lang='lat' dir='ltr'><strong>est</strong></span> 
     </span>
    </p>
   </div>
   <div class='ocr_carea' id='block_1_44' title="bbox 534 4316 2108 4384">
    <p class='ocr_par' dir='ltr' id='par_1_44' title="bbox 534 4316 2108 4384">
     <span class='ocr_line' id='line_1_44' title="bbox 534 4316 2108 4384; baseline 0.008 -16"><span class='ocrx_word' id='word_1_331' title='bbox 534 4316 871 4384; x_wconf 80' lang='lat' dir='ltr'><strong>nuptiarum,</strong></span> <span class='ocrx_word' id='word_1_332' title='bbox 893 4330 995 4375; x_wconf 88' lang='lat' dir='ltr'><strong>cur</strong></span> <span class='ocrx_word' id='word_1_333' title='bbox 1019 4318 1395 4373; x_wconf 84' lang='lat' dir='ltr'><strong>necessitatem</strong></span> <span class='ocrx_word' id='word_1_334' title='bbox 1422 4318 1475 4373; x_wconf 90' lang='lat' dir='ltr'><strong>in</strong></span> <span class='ocrx_word' id='word_1_335' title='bbox 1498 4319 1786 4378; x_wconf 87' lang='lat' dir='ltr'><strong>utilitatem</strong></span> <span class='ocrx_word' id='word_1_336' title='bbox 1813 4339 1919 4379; x_wconf 89' lang='lat' dir='ltr'><strong>non</strong></span> <span class='ocrx_word' id='word_1_337' title='bbox 1939 4326 2108 4381; x_wconf 85' lang='lat' dir='ltr'><strong>verti-</strong></span> 
     </span>
    </p>
   </div>
   <div class='ocr_carea' id='block_1_45' title="bbox 526 4406 2106 4481">
    <p class='ocr_par' dir='ltr' id='par_1_45' title="bbox 526 4406 2106 4481">
     <span class='ocr_line' id='line_1_45' title="bbox 526 4406 2106 4481; baseline 0.006 -20"><span class='ocrx_word' id='word_1_338' title='bbox 526 4406 903 4461; x_wconf 72' lang='lat' dir='ltr'><strong>musYDivisa</strong></span> <span class='ocrx_word' id='word_1_339' title='bbox 929 4415 1013 4462; x_wconf 89' lang='lat' dir='ltr'><strong>est</strong></span> <span class='ocrx_word' id='word_1_340' title='bbox 1039 4407 1233 4463; x_wconf 88' lang='lat' dir='ltr'><strong>mulier</strong></span> <span class='ocrx_word' id='word_1_341' title='bbox 1277 4416 1334 4464; x_wconf 89' lang='lat' dir='ltr'><strong>et</strong></span> <span class='ocrx_word' id='word_1_342' title='bbox 1375 4410 1544 4481; x_wconf 86' lang='lat' dir='ltr'><strong>virgo,</strong></span> <span class='ocrx_word' id='word_1_343' title='bbox 1571 4411 1625 4466; x_wconf 91' lang='lat' dir='ltr'><strong>id</strong></span> <span class='ocrx_word' id='word_1_344' title='bbox 1669 4420 1771 4478; x_wconf 89' lang='lat' dir='ltr'><strong>est,</strong></span> <span class='ocrx_word' id='word_1_345' title='bbox 1817 4415 2106 4471; x_wconf 80' lang='lat' dir='ltr'><strong>dissimiles</strong></span> 
     </span>
    </p>
   </div>
   <div class='ocr_carea' id='block_1_46' title="bbox 1922 314 2432 379">
    <p class='ocr_par' dir='ltr' id='par_1_46' title="bbox 1922 314 2432 379">
     <span class='ocr_line' id='line_1_46' title="bbox 1922 314 2432 379; baseline -0.012 -1"><span class='ocrx_word' id='word_1_346' title='bbox 1922 320 2196 379; x_wconf 79' lang='lat' dir='ltr'><strong>SEDULII</strong></span> <span class='ocrx_word' id='word_1_347' title='bbox 2237 314 2432 378; x_wconf 79' lang='lat' dir='ltr'><strong>SCOTI</strong></span> 
     </span>
    </p>
   </div>
   <div class='ocr_carea' id='block_1_47' title="bbox 3670 324 3759 383">
    <p class='ocr_par' dir='ltr' id='par_1_47' title="bbox 3670 324 3759 383">
     <span class='ocr_line' id='line_1_47' title="bbox 3670 324 3759 383; baseline -0.011 0"><span class='ocrx_word' id='word_1_348' title='bbox 3670 324 3759 383; x_wconf 71' lang='lat' dir='ltr'><strong>lu</strong></span> 
     </span>
    </p>
   </div>
   <div class='ocr_carea' id='block_1_48' title="bbox 2154 427 3761 504">
    <p class='ocr_par' dir='ltr' id='par_1_48' title="bbox 2154 427 3761 504">
     <span class='ocr_line' id='line_1_48' title="bbox 2154 427 3761 504; baseline 0.008 -20"><span class='ocrx_word' id='word_1_349' title='bbox 2154 433 2205 492; x_wconf 77' lang='grc' dir='ltr'><strong>Α</strong></span> <span class='ocrx_word' id='word_1_350' title='bbox 2232 427 2360 485; x_wconf 67' lang='grc' dir='ltr'><strong>ϐω</strong></span> <span class='ocrx_word' id='word_1_351' title='bbox 2380 427 2681 485; x_wconf 76' lang='lat' dir='ltr'><strong>uoluntatis.</strong></span> <span class='ocrx_word' id='word_1_352' title='bbox 2720 429 2790 488; x_wconf 80' lang='lat' dir='ltr'><strong>Ut</strong></span> <span class='ocrx_word' id='word_1_353' title='bbox 2818 431 2983 489; x_wconf 77' lang='lat' dir='ltr'><strong>iaclat</strong></span> <span class='ocrx_word' id='word_1_354' title='bbox 3004 434 3149 504; x_wconf 89' lang='lat' dir='ltr'><strong>quod</strong></span> <span class='ocrx_word' id='word_1_355' title='bbox 3173 435 3402 492; x_wconf 81' lang='lat' dir='ltr'><strong>voluerit</strong></span> <span class='ocrx_word' id='word_1_356' title='bbox 3431 440 3503 493; x_wconf 79' lang='lat' dir='ltr'><strong>de</strong></span> <span class='ocrx_word' id='word_1_357' title='bbox 3538 437 3634 494; x_wconf 73' lang='lat' dir='ltr'><strong>nlla</strong></span> <span class='ocrx_word' id='word_1_358' title='bbox 3658 457 3761 498; x_wconf 79' lang='lat' dir='ltr'><strong>sua.</strong></span> 
     </span>
    </p>
   </div>
   <div class='ocr_carea' id='block_1_49' title="bbox 2225 512 3766 602">
    <p class='ocr_par' dir='ltr' id='par_1_49' title="bbox 2225 512 3766 602">
     <span class='ocr_line' id='line_1_49' title="bbox 2225 512 3766 602; baseline 0.01 -30"><span class='ocrx_word' id='word_1_359' title='bbox 2225 517 2515 575; x_wconf 74' lang='lat' dir='ltr'><strong>Indicam.</strong></span> <span class='ocrx_word' id='word_1_360' title='bbox 2571 512 2835 578; x_wconf 64' lang='lat' dir='ltr'><strong>Praefatus</strong></span> <span class='ocrx_word' id='word_1_361' title='bbox 2885 532 3058 593; x_wconf 82' lang='lat' dir='ltr'><strong>pater.</strong></span> <span class='ocrx_word' id='word_1_362' title='bbox 3114 525 3286 581; x_wconf 80' lang='lat' dir='ltr'><strong>Aliter</strong></span> <span class='ocrx_word' id='word_1_363' title='bbox 3332 536 3395 581; x_wconf 88' lang='lat' dir='ltr'><strong>ut</strong></span> <span class='ocrx_word' id='word_1_364' title='bbox 3442 526 3766 602; x_wconf 80' lang='lat' dir='ltr'><strong>Hieronymus</strong></span> 
     </span>
    </p>
   </div>
   <div class='ocr_carea' id='block_1_50' title="bbox 2226 609 3797 695">
    <p class='ocr_par' dir='ltr' id='par_1_50' title="bbox 2226 609 3797 695">
     <span class='ocr_line' id='line_1_50' title="bbox 2226 609 3797 695; baseline 0.01 -33"><span class='ocrx_word' id='word_1_365' title='bbox 2226 610 2443 678; x_wconf 84' lang='lat' dir='ltr'><strong>exponit</strong></span> <span class='ocrx_word' id='word_1_366' title='bbox 2470 629 2484 665; x_wconf 91' lang='lat'><strong>:</strong></span> <span class='ocrx_word' id='word_1_367' title='bbox 2517 609 2574 666; x_wconf 88' lang='lat' dir='ltr'><strong>Si</strong></span> <span class='ocrx_word' id='word_1_368' title='bbox 2596 613 2739 682; x_wconf 89' lang='lat' dir='ltr'><strong>quis,</strong></span> <span class='ocrx_word' id='word_1_369' title='bbox 2766 614 2869 669; x_wconf 89' lang='lat' dir='ltr'><strong>hoc</strong></span> <span class='ocrx_word' id='word_1_370' title='bbox 2887 623 2989 679; x_wconf 89' lang='lat' dir='ltr'><strong>est,</strong></span> <span class='ocrx_word' id='word_1_371' title='bbox 3013 615 3259 685; x_wconf 87' lang='lat' dir='ltr'><strong>quisquis</strong></span> <span class='ocrx_word' id='word_1_372' title='bbox 3285 618 3475 683; x_wconf 82' lang='lat' dir='ltr'><strong>homo;</strong></span> <span class='ocrx_word' id='word_1_373' title='bbox 3501 635 3649 688; x_wconf 85' lang='lat' dir='ltr'><strong>super</strong></span> <span class='ocrx_word' id='word_1_374' title='bbox 3670 622 3797 695; x_wconf 83' lang='lat' dir='ltr'><strong>vir-_</strong></span> 
     </span>
    </p>
   </div>
   <div class='ocr_carea' id='block_1_51' title="bbox 2226 699 3768 781">
    <p class='ocr_par' dir='ltr' id='par_1_51' title="bbox 2226 699 3768 781">
     <span class='ocr_line' id='line_1_51' title="bbox 2226 699 3768 781; baseline 0.01 -29"><span class='ocrx_word' id='word_1_375' title='bbox 2226 699 2425 769; x_wconf 86' lang='lat' dir='ltr'><strong>ginem,</strong></span> <span class='ocrx_word' id='word_1_376' title='bbox 2450 700 2502 755; x_wconf 88' lang='lat' dir='ltr'><strong>id</strong></span> <span class='ocrx_word' id='word_1_377' title='bbox 2523 709 2626 767; x_wconf 87' lang='lat' dir='ltr'><strong>est,</strong></span> <span class='ocrx_word' id='word_1_378' title='bbox 2645 718 2860 758; x_wconf 88' lang='lat' dir='ltr'><strong>carnem</strong></span> <span class='ocrx_word' id='word_1_379' title='bbox 2881 706 3154 774; x_wconf 86' lang='lat' dir='ltr'><strong>propriam</strong></span> <span class='ocrx_word' id='word_1_380' title='bbox 3182 722 3366 771; x_wconf 87' lang='lat' dir='ltr'><strong>suam;</strong></span> <span class='ocrx_word' id='word_1_381' title='bbox 3399 710 3526 776; x_wconf 88' lang='lat' dir='ltr'><strong>quid</strong></span> <span class='ocrx_word' id='word_1_382' title='bbox 3552 711 3649 765; x_wconf 85' lang='lat' dir='ltr'><strong>vult</strong></span> <span class='ocrx_word' id='word_1_383' title='bbox 3667 713 3768 781; x_wconf 86' lang='lat' dir='ltr'><strong>ipse</strong></span> 
     </span>
    </p>
   </div>
   <div class='ocr_carea' id='block_1_52' title="bbox 2228 788 3771 869">
    <p class='ocr_par' dir='ltr' id='par_1_52' title="bbox 2228 788 3771 869">
     <span class='ocr_line' id='line_1_52' title="bbox 2228 788 3771 869; baseline 0.009 -26"><span class='ocrx_word' id='word_1_384' title='bbox 2228 788 2410 853; x_wconf 82' lang='lat' dir='ltr'><strong>homo,</strong></span> <span class='ocrx_word' id='word_1_385' title='bbox 2434 792 2608 857; x_wconf 89' lang='lat' dir='ltr'><strong>idest,</strong></span> <span class='ocrx_word' id='word_1_386' title='bbox 2644 794 3005 865; x_wconf 82' lang='lat' dir='ltr'><strong>virginitatem</strong></span> <span class='ocrx_word' id='word_1_387' title='bbox 3037 811 3105 850; x_wconf 85' lang='lat' dir='ltr'><strong>an</strong></span> <span class='ocrx_word' id='word_1_388' title='bbox 3131 797 3467 867; x_wconf 86' lang='lat' dir='ltr'><strong>conjugium;</strong></span> <span class='ocrx_word' id='word_1_389' title='bbox 3500 802 3619 869; x_wconf 85' lang='lat' dir='ltr'><strong>quia</strong></span> <span class='ocrx_word' id='word_1_390' title='bbox 3653 802 3771 857; x_wconf 82' lang='lat' dir='ltr'><strong>libe-</strong></span> 
     </span>
    </p>
   </div>
   <div class='ocr_carea' id='block_1_53' title="bbox 2226 881 3767 956">
    <p class='ocr_par' dir='ltr' id='par_1_53' title="bbox 2226 881 3767 956">
     <span class='ocr_line' id='line_1_53' title="bbox 2226 881 3767 956; baseline 0.008 -23"><span class='ocrx_word' id='word_1_391' title='bbox 2226 896 2345 934; x_wconf 79' lang='lat' dir='ltr'><strong>rum</strong></span> <span class='ocrx_word' id='word_1_392' title='bbox 2373 881 2652 936; x_wconf 86' lang='lat' dir='ltr'><strong>arbitrium</strong></span> <span class='ocrx_word' id='word_1_393' title='bbox 2678 884 2860 949; x_wconf 86' lang='lat' dir='ltr'><strong>habet,</strong></span> <span class='ocrx_word' id='word_1_394' title='bbox 2884 900 2989 940; x_wconf 91' lang='lat' dir='ltr'><strong>non</strong></span> <span class='ocrx_word' id='word_1_395' title='bbox 3014 894 3219 956; x_wconf 88' lang='lat' dir='ltr'><strong>peccat,</strong></span> <span class='ocrx_word' id='word_1_396' title='bbox 3249 887 3372 956; x_wconf 87' lang='lat' dir='ltr'><strong>quia</strong></span> <span class='ocrx_word' id='word_1_397' title='bbox 3396 890 3767 945; x_wconf 81' lang='lat' dir='ltr'><strong>matrimonium</strong></span> 
     </span>
    </p>
   </div>
   <div class='ocr_carea' id='block_1_54' title="bbox 2225 980 3768 1051">
    <p class='ocr_par' dir='ltr' id='par_1_54' title="bbox 2225 980 3768 1051">
     <span class='ocr_line' id='line_1_54' title="bbox 2225 980 3768 1051; baseline 0.005 -21"><span class='ocrx_word' id='word_1_398' title='bbox 2225 986 2440 1031; x_wconf 90' lang='lat' dir='ltr'><strong>nonest</strong></span> <span class='ocrx_word' id='word_1_399' title='bbox 2480 989 2780 1047; x_wconf 88' lang='lat' dir='ltr'><strong>peccatum.</strong></span> <span class='ocrx_word' id='word_1_400' title='bbox 2836 980 3053 1035; x_wconf 87' lang='lat' dir='ltr'><strong>Statuit.</strong></span> <span class='ocrx_word' id='word_1_401' title='bbox 3102 981 3158 1036; x_wconf 87' lang='lat' dir='ltr'><strong>ld</strong></span> <span class='ocrx_word' id='word_1_402' title='bbox 3213 989 3314 1046; x_wconf 86' lang='lat' dir='ltr'><strong>est,</strong></span> <span class='ocrx_word' id='word_1_403' title='bbox 3362 996 3664 1051; x_wconf 83' lang='lat' dir='ltr'><strong>permanere</strong></span> <span class='ocrx_word' id='word_1_404' title='bbox 3716 983 3768 1037; x_wconf 91' lang='lat' dir='ltr'><strong>in</strong></span> 
     </span>
    </p>
   </div>
   <div class='ocr_carea' id='block_1_55' title="bbox 2223 1058 3774 1141">
    <p class='ocr_par' dir='ltr' id='par_1_55' title="bbox 2223 1058 3774 1141">
     <span class='ocr_line' id='line_1_55' title="bbox 2223 1058 3774 1141; baseline 0.002 -23"><span class='ocrx_word' id='word_1_405' title='bbox 2223 1058 2550 1135; x_wconf 75' lang='lat' dir='ltr'><strong>virginitate.</strong></span> <span class='ocrx_word' id='word_1_406' title='bbox 2584 1065 2701 1122; x_wconf 85' lang='lat' dir='ltr'><strong>Non</strong></span> <span class='ocrx_word' id='word_1_407' title='bbox 2725 1068 2930 1123; x_wconf 88' lang='lat' dir='ltr'><strong>habens</strong></span> <span class='ocrx_word' id='word_1_408' title='bbox 2971 1070 3370 1136; x_wconf 81' lang='lat' dir='ltr'><strong>necessitatem,</strong></span> <span class='ocrx_word' id='word_1_409' title='bbox 3401 1072 3524 1141; x_wconf 84' lang='lat' dir='ltr'><strong>quia</strong></span> <span class='ocrx_word' id='word_1_410' title='bbox 3558 1087 3651 1126; x_wconf 90' lang='lat' dir='ltr'><strong>non</strong></span> <span class='ocrx_word' id='word_1_411' title='bbox 3688 1088 3774 1127; x_wconf 74' lang='lat' dir='ltr'><strong>cn.</strong></span> 
     </span>
    </p>
   </div>
   <div class='ocr_carea' id='block_1_56' title="bbox 2225 1154 3769 1227">
    <p class='ocr_par' dir='ltr' id='par_1_56' title="bbox 2225 1154 3769 1227">
     <span class='ocr_line' id='line_1_56' title="bbox 2225 1154 3769 1227; baseline 0.005 -19"><span class='ocrx_word' id='word_1_412' title='bbox 2225 1154 2371 1224; x_wconf 81' lang='lat' dir='ltr'><strong>gitur</strong></span> <span class='ocrx_word' id='word_1_413' title='bbox 2392 1170 2425 1209; x_wconf 89' lang='lat' dir='ltr'><strong>a</strong></span> <span class='ocrx_word' id='word_1_414' title='bbox 2458 1158 2664 1210; x_wconf 83' lang='lat' dir='ltr'><strong>carnali</strong></span> <span class='ocrx_word' id='word_1_415' title='bbox 2700 1157 2987 1227; x_wconf 87' lang='lat' dir='ltr'><strong>voluptate.</strong></span> <span class='ocrx_word' id='word_1_416' title='bbox 3016 1159 3346 1215; x_wconf 87' lang='lat' dir='ltr'><strong>Potestatem</strong></span> <span class='ocrx_word' id='word_1_417' title='bbox 3374 1161 3561 1225; x_wconf 63' lang='lat' dir='ltr'><strong>habet;</strong></span> <span class='ocrx_word' id='word_1_418' title='bbox 3596 1162 3640 1214; x_wconf 93' lang='lat' dir='ltr'><strong>id</strong></span> <span class='ocrx_word' id='word_1_419' title='bbox 3674 1171 3769 1227; x_wconf 88' lang='lat' dir='ltr'><strong>est,</strong></span> 
     </span>
    </p>
   </div>
   <div class='ocr_carea' id='block_1_57' title="bbox 2222 1242 3774 1323">
    <p class='ocr_par' dir='ltr' id='par_1_57' title="bbox 2222 1242 3774 1323">
     <span class='ocr_line' id='line_1_57' title="bbox 2222 1242 3774 1323; baseline 0.006 -24"><span class='ocrx_word' id='word_1_420' title='bbox 2222 1242 2402 1301; x_wconf 68' lang='lat' dir='ltr'><strong>facere</strong></span> <span class='ocrx_word' id='word_1_421' title='bbox 2426 1248 2569 1316; x_wconf 85' lang='lat' dir='ltr'><strong>quod</strong></span> <span class='ocrx_word' id='word_1_422' title='bbox 2601 1248 2734 1303; x_wconf 87' lang='lat' dir='ltr'><strong>vult.</strong></span> <span class='ocrx_word' id='word_1_423' title='bbox 2768 1248 2961 1303; x_wconf 75' lang='lat' dir='ltr'><strong>Mulier</strong></span> <span class='ocrx_word' id='word_1_424' title='bbox 2988 1252 3156 1305; x_wconf 78' lang='lat' dir='ltr'><strong>uincta</strong></span> <span class='ocrx_word' id='word_1_425' title='bbox 3177 1262 3253 1306; x_wconf 89' lang='lat' dir='ltr'><strong>est</strong></span> <span class='ocrx_word' id='word_1_426' title='bbox 3280 1252 3401 1323; x_wconf 84' lang='lat' dir='ltr'><strong>legi.</strong></span> <span class='ocrx_word' id='word_1_427' title='bbox 3430 1252 3579 1307; x_wconf 88' lang='lat' dir='ltr'><strong>Nunc</strong></span> <span class='ocrx_word' id='word_1_428' title='bbox 3603 1253 3774 1322; x_wconf 84' lang='lat' dir='ltr'><strong>incipit</strong></span> 
     </span>
    </p>
   </div>
   <div class='ocr_carea' id='block_1_58' title="bbox 2174 1324 3773 1412">
    <p class='ocr_par' dir='ltr' id='par_1_58' title="bbox 2174 1324 3773 1412">
     <span class='ocr_line' id='line_1_58' title="bbox 2174 1324 3773 1412; baseline 0.007 -24"><span class='ocrx_word' id='word_1_429' title='bbox 2174 1324 2177 1331; x_wconf 65' lang='grc'><em>’</em></span> <span class='ocrx_word' id='word_1_430' title='bbox 2224 1335 2292 1389; x_wconf 89' lang='lat' dir='ltr'><strong>de</strong></span> <span class='ocrx_word' id='word_1_431' title='bbox 2327 1336 2554 1407; x_wconf 84' lang='lat' dir='ltr'><strong>digamis</strong></span> <span class='ocrx_word' id='word_1_432' title='bbox 2586 1346 2643 1391; x_wconf 89' lang='lat' dir='ltr'><strong>et</strong></span> <span class='ocrx_word' id='word_1_433' title='bbox 2666 1338 2856 1393; x_wconf 88' lang='lat' dir='ltr'><strong>viduis.</strong></span> <span class='ocrx_word' id='word_1_434' title='bbox 2887 1339 3129 1394; x_wconf 86' lang='lat' dir='ltr'><strong>Liberata</strong></span> <span class='ocrx_word' id='word_1_435' title='bbox 3149 1352 3244 1395; x_wconf 88' lang='lat' dir='ltr'><strong>est.</strong></span> <span class='ocrx_word' id='word_1_436' title='bbox 3287 1344 3332 1397; x_wconf 81' lang='grc' dir='ltr'><strong>Α</strong></span> <span class='ocrx_word' id='word_1_437' title='bbox 3361 1343 3575 1398; x_wconf 88' lang='lat' dir='ltr'><strong>vinculo</strong></span> <span class='ocrx_word' id='word_1_438' title='bbox 3608 1345 3773 1412; x_wconf 88' lang='lat' dir='ltr'><strong>conju-</strong></span> 
     </span>
    </p>
   </div>
   <div class='ocr_carea' id='block_1_59' title="bbox 2226 1423 3767 1501">
    <p class='ocr_par' dir='ltr' id='par_1_59' title="bbox 2226 1423 3767 1501">
     <span class='ocr_line' id='line_1_59' title="bbox 2226 1423 3767 1501; baseline 0.007 -24"><span class='ocrx_word' id='word_1_439' title='bbox 2226 1423 2333 1491; x_wconf 80' lang='lat' dir='ltr'><strong>gali</strong></span> <span class='ocrx_word' id='word_1_440' title='bbox 2362 1424 2531 1480; x_wconf 85' lang='lat' dir='ltr'><strong>libera</strong></span> <span class='ocrx_word' id='word_1_441' title='bbox 2562 1425 2706 1482; x_wconf 86' lang='lat' dir='ltr'><strong>facta</strong></span> <span class='ocrx_word' id='word_1_442' title='bbox 2738 1429 3029 1483; x_wconf 89' lang='lat' dir='ltr'><strong>secundum</strong></span> <span class='ocrx_word' id='word_1_443' title='bbox 3057 1429 3227 1501; x_wconf 84' lang='lat' dir='ltr'><strong>legem</strong></span> <span class='ocrx_word' id='word_1_444' title='bbox 3249 1441 3371 1500; x_wconf 86' lang='lat' dir='ltr'><strong>post</strong></span> <span class='ocrx_word' id='word_1_445' title='bbox 3392 1441 3614 1487; x_wconf 89' lang='lat' dir='ltr'><strong>mortem</strong></span> <span class='ocrx_word' id='word_1_446' title='bbox 3657 1435 3767 1500; x_wconf 87' lang='lat' dir='ltr'><strong>viri,</strong></span> 
     </span>
    </p>
   </div>
   <div class='ocr_carea' id='block_1_60' title="bbox 2225 1512 3769 1583">
    <p class='ocr_par' dir='ltr' id='par_1_60' title="bbox 2225 1512 3769 1583">
     <span class='ocr_line' id='line_1_60' title="bbox 2225 1512 3769 1583; baseline 0.008 -18"><span class='ocrx_word' id='word_1_447' title='bbox 2225 1512 2270 1566; x_wconf 88' lang='lat' dir='ltr'><strong>si</strong></span> <span class='ocrx_word' id='word_1_448' title='bbox 2296 1527 2397 1567; x_wconf 91' lang='lat' dir='ltr'><strong>nec</strong></span> <span class='ocrx_word' id='word_1_449' title='bbox 2418 1523 2546 1568; x_wconf 89' lang='lat' dir='ltr'><strong>tunc</strong></span> <span class='ocrx_word' id='word_1_450' title='bbox 2574 1516 2809 1583; x_wconf 89' lang='lat' dir='ltr'><strong>potuerit</strong></span> <span class='ocrx_word' id='word_1_451' title='bbox 2836 1531 2895 1571; x_wconf 90' lang='lat' dir='ltr'><strong>se</strong></span> <span class='ocrx_word' id='word_1_452' title='bbox 2926 1519 3224 1574; x_wconf 83' lang='lat' dir='ltr'><strong>continere.</strong></span> <span class='ocrx_word' id='word_1_453' title='bbox 3255 1519 3355 1574; x_wconf 84' lang='lat' dir='ltr'><strong>Cui</strong></span> <span class='ocrx_word' id='word_1_454' title='bbox 3373 1520 3589 1576; x_wconf 78' lang='lat' dir='ltr'><strong>coluerit</strong></span> <span class='ocrx_word' id='word_1_455' title='bbox 3607 1523 3769 1577; x_wconf 84' lang='lat' dir='ltr'><strong>nubat.</strong></span> 
     </span>
    </p>
   </div>
   <div class='ocr_carea' id='block_1_61' title="bbox 2227 1601 3775 1673">
    <p class='ocr_par' dir='ltr' id='par_1_61' title="bbox 2227 1601 3775 1673">
     <span class='ocr_line' id='line_1_61' title="bbox 2227 1601 3775 1673; baseline 0.006 -17"><span class='ocrx_word' id='word_1_456' title='bbox 2227 1601 2619 1660; x_wconf 85' lang='lat' dir='ltr'><strong>Tantummodo</strong></span> <span class='ocrx_word' id='word_1_457' title='bbox 2645 1604 2976 1670; x_wconf 88' lang='lat' dir='ltr'><strong>Christiano,</strong></span> <span class='ocrx_word' id='word_1_458' title='bbox 3007 1623 3113 1663; x_wconf 91' lang='lat' dir='ltr'><strong>non</strong></span> <span class='ocrx_word' id='word_1_459' title='bbox 3138 1606 3354 1673; x_wconf 85' lang='lat' dir='ltr'><strong>Gentili,</strong></span> <span class='ocrx_word' id='word_1_460' title='bbox 3386 1619 3587 1665; x_wconf 83' lang='lat' dir='ltr'><strong>tantum</strong></span> <span class='ocrx_word' id='word_1_461' title='bbox 3614 1613 3661 1666; x_wconf 88' lang='lat' dir='ltr'><strong>in</strong></span> <span class='ocrx_word' id='word_1_462' title='bbox 3682 1612 3775 1667; x_wconf 71' lang='lat' dir='ltr'><strong>De.</strong></span> 
     </span>
    </p>
   </div>
   <div class='ocr_carea' id='block_1_62' title="bbox 2226 1693 3773 1771">
    <p class='ocr_par' dir='ltr' id='par_1_62' title="bbox 2226 1693 3773 1771">
     <span class='ocr_line' id='line_1_62' title="bbox 2226 1693 3773 1771; baseline 0.007 -26"><span class='ocrx_word' id='word_1_463' title='bbox 2226 1693 2373 1746; x_wconf 88' lang='lat' dir='ltr'><strong>mino</strong></span> <span class='ocrx_word' id='word_1_464' title='bbox 2410 1702 2632 1762; x_wconf 90' lang='lat' dir='ltr'><strong>propter</strong></span> <span class='ocrx_word' id='word_1_465' title='bbox 2668 1696 3078 1751; x_wconf 88' lang='lat' dir='ltr'><strong>continentiam.</strong></span> <span class='ocrx_word' id='word_1_466' title='bbox 3119 1694 3257 1752; x_wconf 76' lang='lat' dir='ltr'><strong>Puto</strong></span> <span class='ocrx_word' id='word_1_467' title='bbox 3283 1701 3418 1753; x_wconf 81' lang='lat' dir='ltr'><strong>enim</strong></span> <span class='ocrx_word' id='word_1_468' title='bbox 3442 1701 3577 1771; x_wconf 85' lang='lat' dir='ltr'><strong>quod</strong></span> <span class='ocrx_word' id='word_1_469' title='bbox 3618 1714 3661 1755; x_wconf 86' lang='lat' dir='ltr'><strong>et</strong></span> <span class='ocrx_word' id='word_1_470' title='bbox 3686 1719 3773 1771; x_wconf 88' lang='lat' dir='ltr'><strong>ego</strong></span> 
     </span>
    </p>
   </div>
   <div class='ocr_carea' id='block_1_63' title="bbox 2151 1770 3772 1859">
    <p class='ocr_par' dir='ltr' id='par_1_63' title="bbox 2151 1770 3772 1859">
     <span class='ocr_line' id='line_1_63' title="bbox 2151 1770 3772 1859; baseline 0.009 -27"><span class='ocrx_word' id='word_1_471' title='bbox 2151 1770 2198 1829; x_wconf 87' lang='grc' dir='ltr'>Β</span> <span class='ocrx_word' id='word_1_472' title='bbox 2224 1783 2462 1852; x_wconf 82' lang='lat' dir='ltr'><strong>spiritum</strong></span> <span class='ocrx_word' id='word_1_473' title='bbox 2481 1782 2577 1837; x_wconf 84' lang='lat' dir='ltr'><strong>Dei</strong></span> <span class='ocrx_word' id='word_1_474' title='bbox 2602 1784 2839 1839; x_wconf 82' lang='lat' dir='ltr'><strong>habeam.</strong></span> <span class='ocrx_word' id='word_1_475' title='bbox 2871 1785 2996 1842; x_wconf 88' lang='lat' dir='ltr'><strong>Ideo</strong></span> <span class='ocrx_word' id='word_1_476' title='bbox 3039 1787 3119 1843; x_wconf 88' lang='lat' dir='ltr'><strong>sic</strong></span> <span class='ocrx_word' id='word_1_477' title='bbox 3140 1788 3393 1858; x_wconf 87' lang='lat' dir='ltr'><strong>loquitur,</strong></span> <span class='ocrx_word' id='word_1_478' title='bbox 3423 1791 3574 1859; x_wconf 87' lang='lat' dir='ltr'><strong>quasi</strong></span> <span class='ocrx_word' id='word_1_479' title='bbox 3602 1792 3772 1858; x_wconf 87' lang='lat' dir='ltr'><strong>dubie,</strong></span> 
     </span>
    </p>
   </div>
   <div class='ocr_carea' id='block_1_64' title="bbox 2226 1871 3777 1947">
    <p class='ocr_par' dir='ltr' id='par_1_64' title="bbox 2226 1871 3777 1947">
     <span class='ocr_line' id='line_1_64' title="bbox 2226 1871 3777 1947; baseline 0.007 -23"><span class='ocrx_word' id='word_1_480' title='bbox 2226 1885 2293 1925; x_wconf 90' lang='lat' dir='ltr'><strong>ne</strong></span> <span class='ocrx_word' id='word_1_481' title='bbox 2320 1871 2590 1940; x_wconf 75' lang='lat' dir='ltr'><strong>iactanter</strong></span> <span class='ocrx_word' id='word_1_482' title='bbox 2625 1874 2692 1928; x_wconf 90' lang='lat' dir='ltr'><strong>de</strong></span> <span class='ocrx_word' id='word_1_483' title='bbox 2719 1888 2779 1929; x_wconf 89' lang='lat' dir='ltr'><strong>se</strong></span> <span class='ocrx_word' id='word_1_484' title='bbox 2825 1874 2971 1944; x_wconf 88' lang='lat' dir='ltr'><strong>loqui</strong></span> <span class='ocrx_word' id='word_1_485' title='bbox 3004 1875 3268 1931; x_wconf 85' lang='lat' dir='ltr'><strong>videatur.</strong></span> <span class='ocrx_word' id='word_1_486' title='bbox 3296 1876 3548 1947; x_wconf 85' lang='lat' dir='ltr'><strong>Spiritum</strong></span> <span class='ocrx_word' id='word_1_487' title='bbox 3573 1879 3660 1934; x_wconf 87' lang='lat' dir='ltr'><strong>Dei</strong></span> <span class='ocrx_word' id='word_1_488' title='bbox 3683 1881 3777 1935; x_wconf 87' lang='lat' dir='ltr'><strong>ha-</strong></span> 
     </span>
    </p>
   </div>
   <div class='ocr_carea' id='block_1_65' title="bbox 2224 1959 3777 2038">
    <p class='ocr_par' dir='ltr' id='par_1_65' title="bbox 2224 1959 3777 2038">
     <span class='ocr_line' id='line_1_65' title="bbox 2224 1959 3777 2038; baseline 0.009 -25"><span class='ocrx_word' id='word_1_489' title='bbox 2224 1959 2336 2014; x_wconf 83' lang='lat' dir='ltr'><strong>beo.</strong></span> <span class='ocrx_word' id='word_1_490' title='bbox 2362 1960 2477 2016; x_wconf 83' lang='lat' dir='ltr'><strong>Hoc</strong></span> <span class='ocrx_word' id='word_1_491' title='bbox 2514 1971 2620 2029; x_wconf 91' lang='lat' dir='ltr'><strong>est,</strong></span> <span class='ocrx_word' id='word_1_492' title='bbox 2650 1964 2819 2019; x_wconf 88' lang='lat' dir='ltr'><strong>nolite</strong></span> <span class='ocrx_word' id='word_1_493' title='bbox 2860 1974 3230 2034; x_wconf 87' lang='lat' dir='ltr'><strong>contemnere,</strong></span> <span class='ocrx_word' id='word_1_494' title='bbox 3271 1970 3394 2038; x_wconf 90' lang='lat' dir='ltr'><strong>quia</strong></span> <span class='ocrx_word' id='word_1_495' title='bbox 3431 1986 3535 2025; x_wconf 90' lang='lat' dir='ltr'><strong>non</strong></span> <span class='ocrx_word' id='word_1_496' title='bbox 3581 1986 3642 2027; x_wconf 70' lang='lat' dir='ltr'><strong>ex</strong></span> <span class='ocrx_word' id='word_1_497' title='bbox 3690 1988 3777 2027; x_wconf 90' lang='lat' dir='ltr'><strong>me</strong></span> 
     </span>
    </p>
   </div>
   <div class='ocr_carea' id='block_1_66' title="bbox 2222 2050 3777 2135">
    <p class='ocr_par' dir='ltr' id='par_1_66' title="bbox 2222 2050 3777 2135">
     <span class='ocr_line' id='line_1_66' title="bbox 2222 2050 3777 2135; baseline 0.01 -30"><span class='ocrx_word' id='word_1_498' title='bbox 2222 2050 2323 2106; x_wconf 83' lang='lat' dir='ltr'><strong>hoc</strong></span> <span class='ocrx_word' id='word_1_499' title='bbox 2357 2052 2535 2123; x_wconf 85' lang='lat' dir='ltr'><strong>ipsum</strong></span> <span class='ocrx_word' id='word_1_500' title='bbox 2559 2062 2646 2109; x_wconf 89' lang='lat' dir='ltr'><strong>est</strong></span> <span class='ocrx_word' id='word_1_501' title='bbox 2676 2056 2818 2124; x_wconf 89' lang='lat' dir='ltr'><strong>quod</strong></span> <span class='ocrx_word' id='word_1_502' title='bbox 2842 2056 2985 2124; x_wconf 89' lang='lat' dir='ltr'><strong>dico,</strong></span> <span class='ocrx_word' id='word_1_503' title='bbox 3034 2059 3127 2113; x_wconf 87' lang='lat' dir='ltr'><strong>sed</strong></span> <span class='ocrx_word' id='word_1_504' title='bbox 3159 2060 3392 2129; x_wconf 84' lang='lat' dir='ltr'><strong>spiritus</strong></span> <span class='ocrx_word' id='word_1_505' title='bbox 3422 2062 3517 2117; x_wconf 88' lang='lat' dir='ltr'><strong>Dei</strong></span> <span class='ocrx_word' id='word_1_506' title='bbox 3541 2070 3639 2130; x_wconf 87' lang='lat' dir='ltr'><strong>est,</strong></span> <span class='ocrx_word' id='word_1_507' title='bbox 3684 2068 3777 2135; x_wconf 84' lang='lat' dir='ltr'><strong>qui</strong></span> 
     </span>
    </p>
   </div>
   <div class='ocr_carea' id='block_1_67' title="bbox 2220 2138 3549 2221">
    <p class='ocr_par' dir='ltr' id='par_1_67' title="bbox 2220 2138 3549 2221">
     <span class='ocr_line' id='line_1_67' title="bbox 2220 2138 3549 2221; baseline 0.011 -28"><span class='ocrx_word' id='word_1_508' title='bbox 2220 2138 2460 2209; x_wconf 81' lang='lat' dir='ltr'><strong>loquitur</strong></span> <span class='ocrx_word' id='word_1_509' title='bbox 2484 2142 2539 2196; x_wconf 90' lang='lat' dir='ltr'><strong>in</strong></span> <span class='ocrx_word' id='word_1_510' title='bbox 2568 2158 2676 2209; x_wconf 90' lang='lat' dir='ltr'><strong>me,</strong></span> <span class='ocrx_word' id='word_1_511' title='bbox 2705 2159 2865 2215; x_wconf 90' lang='lat' dir='ltr'><strong>quem</strong></span> <span class='ocrx_word' id='word_1_512' title='bbox 2893 2148 3165 2202; x_wconf 87' lang='lat' dir='ltr'><strong>contemni</strong></span> <span class='ocrx_word' id='word_1_513' title='bbox 3196 2163 3301 2204; x_wconf 85' lang='lat' dir='ltr'><strong>non</strong></span> <span class='ocrx_word' id='word_1_514' title='bbox 3329 2151 3549 2221; x_wconf 79' lang='lat' dir='ltr'><strong>expedit</strong></span> 
     </span>
    </p>
   </div>
   <div class='ocr_carea' id='block_1_68' title="bbox 2682 2228 3197 2291">
    <p class='ocr_par' dir='ltr' id='par_1_68' title="bbox 2682 2228 3197 2291">
     <span class='ocr_line' id='line_1_68' title="bbox 2682 2228 3197 2291; baseline 0.006 -3"><span class='ocrx_word' id='word_1_515' title='bbox 2682 2228 2687 2233; x_wconf 75' lang='grc'><em>’</em></span> <span class='ocrx_word' id='word_1_516' title='bbox 2813 2232 3039 2290; x_wconf 81' lang='lat' dir='ltr'><strong>CAPUT</strong></span> <span class='ocrx_word' id='word_1_517' title='bbox 3070 2235 3197 2291; x_wconf 80' lang='lat' dir='ltr'><strong>Vill.</strong></span> 
     </span>
    </p>
   </div>
   <div class='ocr_carea' id='block_1_69' title="bbox 2290 2317 3775 2397">
    <p class='ocr_par' dir='ltr' id='par_1_69' title="bbox 2290 2317 3775 2397">
     <span class='ocr_line' id='line_1_69' title="bbox 2290 2317 3775 2397; baseline 0.011 -26"><span class='ocrx_word' id='word_1_518' title='bbox 2290 2317 2368 2372; x_wconf 83' lang='lat' dir='ltr'><strong>De</strong></span> <span class='ocrx_word' id='word_1_519' title='bbox 2413 2318 2494 2374; x_wconf 84' lang='lat' dir='ltr'><strong>his</strong></span> <span class='ocrx_word' id='word_1_520' title='bbox 2538 2330 2714 2375; x_wconf 85' lang='lat' dir='ltr'><strong>autem</strong></span> <span class='ocrx_word' id='word_1_521' title='bbox 2743 2339 2860 2393; x_wconf 75' lang='lat' dir='ltr'><strong>qua:</strong></span> <span class='ocrx_word' id='word_1_522' title='bbox 2894 2323 3050 2378; x_wconf 86' lang='lat' dir='ltr'><strong>idolis</strong></span> <span class='ocrx_word' id='word_1_523' title='bbox 3087 2325 3443 2381; x_wconf 82' lang='lat' dir='ltr'><strong>immolantur.</strong></span> <span class='ocrx_word' id='word_1_524' title='bbox 3496 2328 3775 2397; x_wconf 77' lang='lat' dir='ltr'><strong>Subaudis,</strong></span> 
     </span>
    </p>
   </div>
   <div class='ocr_carea' id='block_1_70' title="bbox 2221 2408 3778 2482">
    <p class='ocr_par' dir='ltr' id='par_1_70' title="bbox 2221 2408 3778 2482">
     <span class='ocr_line' id='line_1_70' title="bbox 2221 2408 3778 2482; baseline 0.008 -18"><span class='ocrx_word' id='word_1_525' title='bbox 2221 2408 2362 2474; x_wconf 87' lang='lat' dir='ltr'><strong>dico,</strong></span> <span class='ocrx_word' id='word_1_526' title='bbox 2393 2410 2464 2464; x_wconf 87' lang='lat' dir='ltr'><strong>de</strong></span> <span class='ocrx_word' id='word_1_527' title='bbox 2486 2410 2681 2479; x_wconf 83' lang='lat' dir='ltr'><strong>quibus</strong></span> <span class='ocrx_word' id='word_1_528' title='bbox 2716 2413 3010 2482; x_wconf 88' lang='lat' dir='ltr'><strong>scripsistis</strong></span> <span class='ocrx_word' id='word_1_529' title='bbox 3057 2416 3209 2469; x_wconf 91' lang='lat' dir='ltr'><strong>mihi.</strong></span> <span class='ocrx_word' id='word_1_530' title='bbox 3247 2416 3345 2473; x_wconf 86' lang='lat' dir='ltr'><strong>Hic</strong></span> <span class='ocrx_word' id='word_1_531' title='bbox 3379 2425 3558 2474; x_wconf 88' lang='lat' dir='ltr'><strong>autem</strong></span> <span class='ocrx_word' id='word_1_532' title='bbox 3586 2419 3778 2477; x_wconf 84' lang='lat' dir='ltr'><strong>Paulus</strong></span> 
     </span>
    </p>
   </div>
   <div class='ocr_carea' id='block_1_71' title="bbox 2219 2498 3779 2579">
    <p class='ocr_par' dir='ltr' id='par_1_71' title="bbox 2219 2498 3779 2579">
     <span class='ocr_line' id='line_1_71' title="bbox 2219 2498 3779 2579; baseline 0.01 -26"><span class='ocrx_word' id='word_1_533' title='bbox 2219 2500 2436 2569; x_wconf 89' lang='lat' dir='ltr'><strong>scriptis</strong></span> <span class='ocrx_word' id='word_1_534' title='bbox 2462 2498 2865 2558; x_wconf 77' lang='lat' dir='ltr'><strong>Corinthiorum</strong></span> <span class='ocrx_word' id='word_1_535' title='bbox 2902 2507 3211 2574; x_wconf 87' lang='lat' dir='ltr'><strong>respondet,</strong></span> <span class='ocrx_word' id='word_1_536' title='bbox 3242 2508 3368 2576; x_wconf 88' lang='lat' dir='ltr'><strong>quia</strong></span> <span class='ocrx_word' id='word_1_537' title='bbox 3398 2509 3473 2563; x_wconf 87' lang='lat' dir='ltr'><strong>illi</strong></span> <span class='ocrx_word' id='word_1_538' title='bbox 3499 2511 3779 2579; x_wconf 70' lang='lat' dir='ltr'><strong>epistolam</strong></span> 
     </span>
    </p>
   </div>
   <div class='ocr_carea' id='block_1_72' title="bbox 2218 2589 3781 2665">
    <p class='ocr_par' dir='ltr' id='par_1_72' title="bbox 2218 2589 3781 2665">
     <span class='ocr_line' id='line_1_72' title="bbox 2218 2589 3781 2665; baseline 0.008 -22"><span class='ocrx_word' id='word_1_539' title='bbox 2218 2589 2553 2657; x_wconf 88' lang='lat' dir='ltr'><strong>scripserunt</strong></span> <span class='ocrx_word' id='word_1_540' title='bbox 2578 2594 2645 2644; x_wconf 87' lang='lat' dir='ltr'><strong>ad</strong></span> <span class='ocrx_word' id='word_1_541' title='bbox 2674 2606 2817 2657; x_wconf 87' lang='lat' dir='ltr'><strong>eum,</strong></span> <span class='ocrx_word' id='word_1_542' title='bbox 2866 2602 2927 2648; x_wconf 89' lang='lat' dir='ltr'><strong>ut</strong></span> <span class='ocrx_word' id='word_1_543' title='bbox 2969 2596 3134 2651; x_wconf 87' lang='lat' dir='ltr'><strong>sciret</strong></span> <span class='ocrx_word' id='word_1_544' title='bbox 3177 2597 3305 2665; x_wconf 89' lang='lat' dir='ltr'><strong>quid</strong></span> <span class='ocrx_word' id='word_1_545' title='bbox 3353 2598 3604 2654; x_wconf 85' lang='lat' dir='ltr'><strong>facerent.</strong></span> <span class='ocrx_word' id='word_1_546' title='bbox 3644 2600 3781 2656; x_wconf 80' lang='lat' dir='ltr'><strong>Nam</strong></span> 
     </span>
    </p>
   </div>
   <div class='ocr_carea' id='block_1_73' title="bbox 2200 2677 3781 2759">
    <p class='ocr_par' dir='ltr' id='par_1_73' title="bbox 2200 2677 3781 2759">
     <span class='ocr_line' id='line_1_73' title="bbox 2200 2677 3781 2759; baseline 0.009 -26"><span class='ocrx_word' id='word_1_547' title='bbox 2200 2677 2309 2743; x_wconf 79' lang='lat' dir='ltr'><strong>alii</strong></span> <span class='ocrx_word' id='word_1_548' title='bbox 2333 2694 2520 2733; x_wconf 82' lang='lat' dir='ltr'><strong>eorum</strong></span> <span class='ocrx_word' id='word_1_549' title='bbox 2544 2681 2602 2735; x_wconf 85' lang='lat' dir='ltr'><strong>in</strong></span> <span class='ocrx_word' id='word_1_550' title='bbox 2654 2683 2863 2751; x_wconf 88' lang='lat' dir='ltr'><strong>templis</strong></span> <span class='ocrx_word' id='word_1_551' title='bbox 2904 2684 3165 2739; x_wconf 87' lang='lat' dir='ltr'><strong>idolorum</strong></span> <span class='ocrx_word' id='word_1_552' title='bbox 3207 2687 3502 2759; x_wconf 84' lang='lat' dir='ltr'><strong>idolothyta</strong></span> <span class='ocrx_word' id='word_1_553' title='bbox 3555 2692 3781 2747; x_wconf 86' lang='lat' dir='ltr'><strong>mandu-</strong></span> 
     </span>
    </p>
   </div>
   <div class='ocr_carea' id='block_1_74' title="bbox 2218 2773 3780 2852">
    <p class='ocr_par' dir='ltr' id='par_1_74' title="bbox 2218 2773 3780 2852">
     <span class='ocr_line' id='line_1_74' title="bbox 2218 2773 3780 2852; baseline 0.008 -26"><span class='ocrx_word' id='word_1_554' title='bbox 2218 2773 2437 2838; x_wconf 87' lang='lat' dir='ltr'><strong>cabant,</strong></span> <span class='ocrx_word' id='word_1_555' title='bbox 2467 2782 2526 2827; x_wconf 90' lang='lat' dir='ltr'><strong>ut</strong></span> <span class='ocrx_word' id='word_1_556' title='bbox 2579 2783 2987 2830; x_wconf 87' lang='lat' dir='ltr'><strong>contemnerent</strong></span> <span class='ocrx_word' id='word_1_557' title='bbox 3013 2777 3241 2845; x_wconf 92' lang='lat' dir='ltr'><strong>idolum;</strong></span> <span class='ocrx_word' id='word_1_558' title='bbox 3270 2781 3489 2849; x_wconf 88' lang='lat' dir='ltr'><strong>quidam</strong></span> <span class='ocrx_word' id='word_1_559' title='bbox 3515 2798 3639 2838; x_wconf 89' lang='lat' dir='ltr'><strong>vero</strong></span> <span class='ocrx_word' id='word_1_560' title='bbox 3684 2786 3780 2852; x_wconf 87' lang='lat' dir='ltr'><strong>qui</strong></span> 
     </span>
    </p>
   </div>
   <div class='ocr_carea' id='block_1_75' title="bbox 2216 2863 3783 2936">
    <p class='ocr_par' dir='ltr' id='par_1_75' title="bbox 2216 2863 3783 2936">
     <span class='ocr_line' id='line_1_75' title="bbox 2216 2863 3783 2936; baseline 0.01 -20"><span class='ocrx_word' id='word_1_561' title='bbox 2216 2873 2374 2918; x_wconf 86' lang='lat' dir='ltr'><strong>erant</strong></span> <span class='ocrx_word' id='word_1_562' title='bbox 2416 2863 2615 2918; x_wconf 84' lang='lat' dir='ltr'><strong>inﬁrmi</strong></span> <span class='ocrx_word' id='word_1_563' title='bbox 2663 2866 2717 2920; x_wconf 91' lang='lat' dir='ltr'><strong>in</strong></span> <span class='ocrx_word' id='word_1_564' title='bbox 2745 2867 2847 2921; x_wconf 90' lang='lat' dir='ltr'><strong>ﬁde</strong></span> <span class='ocrx_word' id='word_1_565' title='bbox 2879 2877 2934 2922; x_wconf 88' lang='lat' dir='ltr'><strong>et</strong></span> <span class='ocrx_word' id='word_1_566' title='bbox 2975 2871 3326 2936; x_wconf 87' lang='lat' dir='ltr'><strong>conscientia,</strong></span> <span class='ocrx_word' id='word_1_567' title='bbox 3367 2888 3472 2927; x_wconf 90' lang='lat' dir='ltr'><strong>non</strong></span> <span class='ocrx_word' id='word_1_568' title='bbox 3518 2875 3783 2931; x_wconf 84' lang='lat' dir='ltr'><strong>audebant</strong></span> 
     </span>
    </p>
   </div>
   <div class='ocr_carea' id='block_1_76' title="bbox 2215 2952 3785 3022">
    <p class='ocr_par' dir='ltr' id='par_1_76' title="bbox 2215 2952 3785 3022">
     <span class='ocr_line' id='line_1_76' title="bbox 2215 2952 3785 3022; baseline 0.011 -17"><span class='ocrx_word' id='word_1_569' title='bbox 2215 2952 2563 3019; x_wconf 87' lang='lat' dir='ltr'><strong>manducare,</strong></span> <span class='ocrx_word' id='word_1_570' title='bbox 2589 2963 2641 3009; x_wconf 90' lang='lat' dir='ltr'><strong>et</strong></span> <span class='ocrx_word' id='word_1_571' title='bbox 2682 2957 3141 3014; x_wconf 84' lang='lat' dir='ltr'><strong>contristabantnr</strong></span> <span class='ocrx_word' id='word_1_572' title='bbox 3194 2962 3349 3016; x_wconf 81' lang='lat' dir='ltr'><strong>valde</strong></span> <span class='ocrx_word' id='word_1_573' title='bbox 3378 2963 3510 3018; x_wconf 87' lang='lat' dir='ltr'><strong>alios</strong></span> <span class='ocrx_word' id='word_1_574' title='bbox 3542 2964 3785 3022; x_wconf 77' lang='lat' dir='ltr'><strong>videntes</strong></span> 
     </span>
    </p>
   </div>
   <div class='ocr_carea' id='block_1_77' title="bbox 2216 3046 3785 3117">
    <p class='ocr_par' dir='ltr' id='par_1_77' title="bbox 2216 3046 3785 3117">
     <span class='ocr_line' id='line_1_77' title="bbox 2216 3046 3785 3117; baseline 0.008 -20"><span class='ocrx_word' id='word_1_575' title='bbox 2216 3057 2401 3097; x_wconf 87' lang='lat' dir='ltr'><strong>coram</strong></span> <span class='ocrx_word' id='word_1_576' title='bbox 2444 3058 2504 3099; x_wconf 88' lang='lat' dir='ltr'><strong>se</strong></span> <span class='ocrx_word' id='word_1_577' title='bbox 2542 3046 2887 3111; x_wconf 83' lang='lat' dir='ltr'><strong>manducare,</strong></span> <span class='ocrx_word' id='word_1_578' title='bbox 2928 3049 3020 3117; x_wconf 90' lang='lat' dir='ltr'><strong>qui</strong></span> <span class='ocrx_word' id='word_1_579' title='bbox 3072 3050 3323 3105; x_wconf 75' lang='lat' dir='ltr'><strong>dicebant</strong></span> <span class='ocrx_word' id='word_1_580' title='bbox 3367 3070 3379 3105; x_wconf 90' lang='lat'><strong>:</strong></span> <span class='ocrx_word' id='word_1_581' title='bbox 3420 3052 3554 3117; x_wconf 86' lang='lat' dir='ltr'><strong>Quia</strong></span> <span class='ocrx_word' id='word_1_582' title='bbox 3598 3057 3785 3111; x_wconf 85' lang='lat' dir='ltr'><strong>omnis</strong></span> 
     </span>
    </p>
   </div>
   <div class='ocr_carea' id='block_1_78' title="bbox 2141 3122 3787 3216">
    <p class='ocr_par' dir='ltr' id='par_1_78' title="bbox 2141 3122 3787 3216">
     <span class='ocr_line' id='line_1_78' title="bbox 2141 3122 3787 3216; baseline 0.01 -32"><span class='ocrx_word' id='word_1_583' title='bbox 2141 3122 2184 3183; x_wconf 87' lang='lat' dir='ltr'><strong>C</strong></span> <span class='ocrx_word' id='word_1_584' title='bbox 2217 3141 2460 3187; x_wconf 88' lang='lat' dir='ltr'><strong>creatura</strong></span> <span class='ocrx_word' id='word_1_585' title='bbox 2489 3137 2625 3189; x_wconf 84' lang='lat' dir='ltr'><strong>bona</strong></span> <span class='ocrx_word' id='word_1_586' title='bbox 2654 3136 2742 3200; x_wconf 88' lang='lat' dir='ltr'><strong>sit,</strong></span> <span class='ocrx_word' id='word_1_587' title='bbox 2766 3145 2821 3191; x_wconf 89' lang='lat' dir='ltr'><strong>et</strong></span> <span class='ocrx_word' id='word_1_588' title='bbox 2846 3138 2979 3192; x_wconf 91' lang='lat' dir='ltr'><strong>nihil</strong></span> <span class='ocrx_word' id='word_1_589' title='bbox 3000 3139 3071 3193; x_wconf 91' lang='lat' dir='ltr'><strong>sit</strong></span> <span class='ocrx_word' id='word_1_590' title='bbox 3098 3140 3324 3206; x_wconf 90' lang='lat' dir='ltr'><strong>idolum;</strong></span> <span class='ocrx_word' id='word_1_591' title='bbox 3355 3152 3409 3196; x_wconf 90' lang='lat' dir='ltr'><strong>et</strong></span> <span class='ocrx_word' id='word_1_592' title='bbox 3431 3144 3529 3197; x_wconf 84' lang='lat' dir='ltr'><strong>hac</strong></span> <span class='ocrx_word' id='word_1_593' title='bbox 3550 3145 3787 3216; x_wconf 79' lang='lat' dir='ltr'><strong>imagine</strong></span> 
     </span>
    </p>
   </div>
   <div class='ocr_carea' id='block_1_79' title="bbox 2215 3222 3785 3305">
    <p class='ocr_par' dir='ltr' id='par_1_79' title="bbox 2215 3222 3785 3305">
     <span class='ocr_line' id='line_1_79' title="bbox 2215 3222 3785 3305; baseline 0.01 -30"><span class='ocrx_word' id='word_1_594' title='bbox 2215 3222 2386 3291; x_wconf 84' lang='lat' dir='ltr'><strong>magis</strong></span> <span class='ocrx_word' id='word_1_595' title='bbox 2411 3238 2572 3292; x_wconf 89' lang='lat' dir='ltr'><strong>quam</strong></span> <span class='ocrx_word' id='word_1_596' title='bbox 2599 3226 2808 3281; x_wconf 87' lang='lat' dir='ltr'><strong>ratione</strong></span> <span class='ocrx_word' id='word_1_597' title='bbox 2834 3228 3078 3283; x_wconf 85' lang='lat' dir='ltr'><strong>veritatis</strong></span> <span class='ocrx_word' id='word_1_598' title='bbox 3100 3233 3372 3287; x_wconf 86' lang='lat' dir='ltr'><strong>errabant.</strong></span> <span class='ocrx_word' id='word_1_599' title='bbox 3402 3232 3785 3305; x_wconf 82' lang='lat' dir='ltr'><strong>ldolothytum,</strong></span> 
     </span>
    </p>
   </div>
   <div class='ocr_carea' id='block_1_80' title="bbox 2213 3312 3789 3384">
    <p class='ocr_par' dir='ltr' id='par_1_80' title="bbox 2213 3312 3789 3384">
     <span class='ocr_line' id='line_1_80' title="bbox 2213 3312 3789 3384; baseline 0.01 -18"><span class='ocrx_word' id='word_1_600' title='bbox 2213 3312 2269 3366; x_wconf 92' lang='lat' dir='ltr'><strong>id</strong></span> <span class='ocrx_word' id='word_1_601' title='bbox 2309 3320 2412 3377; x_wconf 89' lang='grc' dir='ltr'>εει,</span> <span class='ocrx_word' id='word_1_602' title='bbox 2455 3313 2657 3368; x_wconf 85' lang='lat' dir='ltr'><strong>idolum</strong></span> <span class='ocrx_word' id='word_1_603' title='bbox 2683 3317 2941 3384; x_wconf 89' lang='lat' dir='ltr'><strong>occisum,</strong></span> <span class='ocrx_word' id='word_1_604' title='bbox 2976 3320 3061 3375; x_wconf 90' lang='lat' dir='ltr'><strong>vel</strong></span> <span class='ocrx_word' id='word_1_605' title='bbox 3110 3322 3461 3378; x_wconf 85' lang='lat' dir='ltr'><strong>immolatum.</strong></span> <span class='ocrx_word' id='word_1_606' title='bbox 3499 3327 3614 3380; x_wconf 66' lang='lat' dir='ltr'><strong>est.</strong></span> <span class='ocrx_word' id='word_1_607' title='bbox 3641 3324 3789 3381; x_wconf 61' lang='lat' dir='ltr'><strong>Grie-</strong></span> 
     </span>
    </p>
   </div>
   <div class='ocr_carea' id='block_1_81' title="bbox 2215 3404 3791 3477">
    <p class='ocr_par' dir='ltr' id='par_1_81' title="bbox 2215 3404 3791 3477">
     <span class='ocr_line' id='line_1_81' title="bbox 2215 3404 3791 3477; baseline 0.009 -19"><span class='ocrx_word' id='word_1_608' title='bbox 2215 3419 2294 3467; x_wconf 89' lang='lat' dir='ltr'><strong>ce,</strong></span> <span class='ocrx_word' id='word_1_609' title='bbox 2334 3404 2539 3461; x_wconf 88' lang='lat' dir='ltr'><strong>occido.</strong></span> <span class='ocrx_word' id='word_1_610' title='bbox 2567 3404 2753 3477; x_wconf 83' lang='lat' dir='ltr'><strong>Itaque</strong></span> <span class='ocrx_word' id='word_1_611' title='bbox 2785 3409 2928 3465; x_wconf 90' lang='lat' dir='ltr'><strong>solas</strong></span> <span class='ocrx_word' id='word_1_612' title='bbox 2964 3427 3154 3466; x_wconf 89' lang='lat' dir='ltr'><strong>carnes</strong></span> <span class='ocrx_word' id='word_1_613' title='bbox 3191 3412 3491 3469; x_wconf 88' lang='lat' dir='ltr'><strong>immolatas</strong></span> <span class='ocrx_word' id='word_1_614' title='bbox 3530 3416 3633 3470; x_wconf 88' lang='lat' dir='ltr'><strong>hoc</strong></span> <span class='ocrx_word' id='word_1_615' title='bbox 3680 3431 3791 3472; x_wconf 89' lang='lat' dir='ltr'><strong>no-</strong></span> 
     </span>
    </p>
   </div>
   <div class='ocr_carea' id='block_1_82' title="bbox 2215 3498 3796 3573">
    <p class='ocr_par' dir='ltr' id='par_1_82' title="bbox 2215 3498 3796 3573">
     <span class='ocr_line' id='line_1_82' title="bbox 2215 3498 3796 3573; baseline 0.009 -22"><span class='ocrx_word' id='word_1_616' title='bbox 2215 3498 2360 3552; x_wconf 86' lang='lat' dir='ltr'><strong>mine</strong></span> <span class='ocrx_word' id='word_1_617' title='bbox 2384 3499 2775 3569; x_wconf 85' lang='lat' dir='ltr'><strong>signiﬁcabant.</strong></span> <span class='ocrx_word' id='word_1_618' title='bbox 2805 3502 3011 3557; x_wconf 82' lang='lat' dir='ltr'><strong>Scimus</strong></span> <span class='ocrx_word' id='word_1_619' title='bbox 3038 3506 3161 3573; x_wconf 86' lang='lat' dir='ltr'><strong>quia</strong></span> <span class='ocrx_word' id='word_1_620' title='bbox 3184 3522 3358 3560; x_wconf 80' lang='lat' dir='ltr'><strong>omnes</strong></span> <span class='ocrx_word' id='word_1_621' title='bbox 3395 3509 3668 3563; x_wconf 78' lang='lat' dir='ltr'><strong>scientiam</strong></span> <span class='ocrx_word' id='word_1_622' title='bbox 3686 3510 3796 3565; x_wconf 79' lang='lat' dir='ltr'><strong>Ita-</strong></span> 
     </span>
    </p>
   </div>
   <div class='ocr_carea' id='block_1_83' title="bbox 2214 3587 3796 3666">
    <p class='ocr_par' dir='ltr' id='par_1_83' title="bbox 2214 3587 3796 3666">
     <span class='ocr_line' id='line_1_83' title="bbox 2214 3587 3796 3666; baseline 0.008 -25"><span class='ocrx_word' id='word_1_623' title='bbox 2214 3587 2409 3643; x_wconf 82' lang='lat' dir='ltr'><strong>bemus.</strong></span> <span class='ocrx_word' id='word_1_624' title='bbox 2440 3589 2555 3647; x_wconf 87' lang='lat' dir='ltr'><strong>lloc</strong></span> <span class='ocrx_word' id='word_1_625' title='bbox 2587 3599 2693 3658; x_wconf 89' lang='lat' dir='ltr'><strong>est,</strong></span> <span class='ocrx_word' id='word_1_626' title='bbox 2723 3608 2829 3648; x_wconf 91' lang='lat' dir='ltr'><strong>non</strong></span> <span class='ocrx_word' id='word_1_627' title='bbox 2859 3594 2979 3661; x_wconf 89' lang='lat' dir='ltr'><strong>plus</strong></span> <span class='ocrx_word' id='word_1_628' title='bbox 2999 3594 3074 3648; x_wconf 89' lang='lat' dir='ltr'><strong>illi</strong></span> <span class='ocrx_word' id='word_1_629' title='bbox 3098 3595 3273 3649; x_wconf 87' lang='lat' dir='ltr'><strong>sciunt</strong></span> <span class='ocrx_word' id='word_1_630' title='bbox 3294 3598 3386 3665; x_wconf 90' lang='lat' dir='ltr'><strong>qui</strong></span> <span class='ocrx_word' id='word_1_631' title='bbox 3417 3597 3588 3652; x_wconf 81' lang='lat' dir='ltr'><strong>inﬂati</strong></span> <span class='ocrx_word' id='word_1_632' title='bbox 3632 3609 3796 3666; x_wconf 88' lang='lat' dir='ltr'><strong>sunt,</strong></span> 
     </span>
    </p>
   </div>
   <div class='ocr_carea' id='block_1_84' title="bbox 2214 3677 3795 3749">
    <p class='ocr_par' dir='ltr' id='par_1_84' title="bbox 2214 3677 3795 3749">
     <span class='ocr_line' id='line_1_84' title="bbox 2214 3677 3795 3749; baseline 0.008 -20"><span class='ocrx_word' id='word_1_633' title='bbox 2214 3692 2375 3745; x_wconf 84' lang='lat' dir='ltr'><strong>quam</strong></span> <span class='ocrx_word' id='word_1_634' title='bbox 2404 3694 2518 3733; x_wconf 90' lang='lat' dir='ltr'><strong>vos.</strong></span> <span class='ocrx_word' id='word_1_635' title='bbox 2552 3677 2776 3735; x_wconf 85' lang='lat' dir='ltr'><strong>Scimus.</strong></span> <span class='ocrx_word' id='word_1_636' title='bbox 2829 3680 2886 3735; x_wconf 78' lang='grc' dir='ltr'><strong>ιιι</strong></span> <span class='ocrx_word' id='word_1_637' title='bbox 2933 3689 3033 3744; x_wconf 88' lang='grc' dir='ltr'>εει,</span> <span class='ocrx_word' id='word_1_638' title='bbox 3065 3683 3206 3749; x_wconf 86' lang='lat' dir='ltr'><strong>quod</strong></span> <span class='ocrx_word' id='word_1_639' title='bbox 3252 3683 3386 3737; x_wconf 83' lang='lat' dir='ltr'><strong>nihil</strong></span> <span class='ocrx_word' id='word_1_640' title='bbox 3430 3686 3503 3740; x_wconf 87' lang='lat' dir='ltr'><strong>sit</strong></span> <span class='ocrx_word' id='word_1_641' title='bbox 3556 3685 3795 3741; x_wconf 84' lang='lat' dir='ltr'><strong>idolum.</strong></span> 
     </span>
    </p>
   </div>
   <div class='ocr_carea' id='block_1_85' title="bbox 2216 3765 3799 3845">
    <p class='ocr_par' dir='ltr' id='par_1_85' title="bbox 2216 3765 3799 3845">
     <span class='ocr_line' id='line_1_85' title="bbox 2216 3765 3799 3845; baseline 0.006 -24"><span class='ocrx_word' id='word_1_642' title='bbox 2216 3765 2452 3823; x_wconf 87' lang='lat' dir='ltr'><strong>Scientia</strong></span> <span class='ocrx_word' id='word_1_643' title='bbox 2485 3780 2660 3825; x_wconf 87' lang='lat' dir='ltr'><strong>autem</strong></span> <span class='ocrx_word' id='word_1_644' title='bbox 2688 3771 2804 3825; x_wconf 89' lang='lat' dir='ltr'><strong>sine</strong></span> <span class='ocrx_word' id='word_1_645' title='bbox 2834 3771 3097 3826; x_wconf 85' lang='lat' dir='ltr'><strong>charitate</strong></span> <span class='ocrx_word' id='word_1_646' title='bbox 3144 3772 3292 3827; x_wconf 87' lang='lat' dir='ltr'><strong>inﬁat</strong></span> <span class='ocrx_word' id='word_1_647' title='bbox 3321 3788 3418 3842; x_wconf 86' lang='lat' dir='ltr'><strong>per</strong></span> <span class='ocrx_word' id='word_1_648' title='bbox 3450 3776 3799 3845; x_wconf 84' lang='lat' dir='ltr'><strong>superbiam.</strong></span> 
     </span>
    </p>
   </div>
   <div class='ocr_carea' id='block_1_86' title="bbox 2213 3855 3800 3934">
    <p class='ocr_par' dir='ltr' id='par_1_86' title="bbox 2213 3855 3800 3934">
     <span class='ocr_line' id='line_1_86' title="bbox 2213 3855 3800 3934; baseline 0.007 -23"><span class='ocrx_word' id='word_1_649' title='bbox 2213 3855 2305 3910; x_wconf 90' lang='lat' dir='ltr'><strong>llla</strong></span> <span class='ocrx_word' id='word_1_650' title='bbox 2343 3860 2567 3915; x_wconf 86' lang='lat' dir='ltr'><strong>scientia</strong></span> <span class='ocrx_word' id='word_1_651' title='bbox 2598 3859 2769 3927; x_wconf 77' lang='lat' dir='ltr'><strong>inﬂat,</strong></span> <span class='ocrx_word' id='word_1_652' title='bbox 2798 3876 2918 3930; x_wconf 72' lang='lat' dir='ltr'><strong>qua:</strong></span> <span class='ocrx_word' id='word_1_653' title='bbox 2955 3877 3022 3916; x_wconf 78' lang='lat' dir='ltr'><strong>ex</strong></span> <span class='ocrx_word' id='word_1_654' title='bbox 3049 3878 3211 3917; x_wconf 89' lang='lat' dir='ltr'><strong>sensu</strong></span> <span class='ocrx_word' id='word_1_655' title='bbox 3237 3865 3456 3934; x_wconf 89' lang='lat' dir='ltr'><strong>proprio</strong></span> <span class='ocrx_word' id='word_1_656' title='bbox 3498 3874 3554 3920; x_wconf 88' lang='lat' dir='ltr'><strong>et</strong></span> <span class='ocrx_word' id='word_1_657' title='bbox 3593 3867 3800 3923; x_wconf 82' lang='lat' dir='ltr'><strong>huma-</strong></span> 
     </span>
    </p>
   </div>
   <div class='ocr_carea' id='block_1_87' title="bbox 2212 3951 3805 4026">
    <p class='ocr_par' dir='ltr' id='par_1_87' title="bbox 2212 3951 3805 4026">
     <span class='ocr_line' id='line_1_87' title="bbox 2212 3951 3805 4026; baseline 0.006 -22"><span class='ocrx_word' id='word_1_658' title='bbox 2212 3965 2284 4005; x_wconf 92' lang='lat' dir='ltr'><strong>no</strong></span> <span class='ocrx_word' id='word_1_659' title='bbox 2317 3951 2616 4016; x_wconf 86' lang='lat' dir='ltr'><strong>descendit,</strong></span> <span class='ocrx_word' id='word_1_660' title='bbox 2640 3960 2695 4006; x_wconf 90' lang='lat' dir='ltr'><strong>et</strong></span> <span class='ocrx_word' id='word_1_661' title='bbox 2720 3967 2839 4021; x_wconf 66' lang='lat' dir='ltr'><strong>qum</strong></span> <span class='ocrx_word' id='word_1_662' title='bbox 2871 3951 3194 4022; x_wconf 71' lang='lat' dir='ltr'><strong>coniecturis</strong></span> <span class='ocrx_word' id='word_1_663' title='bbox 3220 3957 3391 4025; x_wconf 85' lang='lat' dir='ltr'><strong>magis</strong></span> <span class='ocrx_word' id='word_1_664' title='bbox 3424 3957 3595 4012; x_wconf 88' lang='lat' dir='ltr'><strong>utitur</strong></span> <span class='ocrx_word' id='word_1_665' title='bbox 3617 3972 3805 4026; x_wconf 83' lang='lat' dir='ltr'><strong>quam</strong></span> 
     </span>
    </p>
   </div>
   <div class='ocr_carea' id='block_1_88' title="bbox 2212 4041 3811 4117">
    <p class='ocr_par' dir='ltr' id='par_1_88' title="bbox 2212 4041 3811 4117">
     <span class='ocr_line' id='line_1_88' title="bbox 2212 4041 3811 4117; baseline 0.007 -22"><span class='ocrx_word' id='word_1_666' title='bbox 2212 4041 2494 4110; x_wconf 79' lang='lat' dir='ltr'><strong>exemplis.</strong></span> <span class='ocrx_word' id='word_1_667' title='bbox 2548 4041 2792 4099; x_wconf 83' lang='lat' dir='ltr'><strong>Charitas</strong></span> <span class='ocrx_word' id='word_1_668' title='bbox 2818 4058 2937 4098; x_wconf 81' lang='lat' dir='ltr'><strong>uero</strong></span> <span class='ocrx_word' id='word_1_669' title='bbox 2976 4045 3225 4115; x_wconf 67' lang='lat' dir='ltr'><strong>aediﬁcat.</strong></span> <span class='ocrx_word' id='word_1_670' title='bbox 3267 4045 3402 4112; x_wconf 80' lang='lat' dir='ltr'><strong>Quia</strong></span> <span class='ocrx_word' id='word_1_671' title='bbox 3450 4062 3556 4102; x_wconf 89' lang='lat' dir='ltr'><strong>non</strong></span> <span class='ocrx_word' id='word_1_672' title='bbox 3586 4051 3811 4117; x_wconf 71' lang='lat' dir='ltr'><strong>qtuerit</strong></span> 
     </span>
    </p>
   </div>
   <div class='ocr_carea' id='block_1_89' title="bbox 2213 4133 3811 4212">
    <p class='ocr_par' dir='ltr' id='par_1_89' title="bbox 2213 4133 3811 4212">
     <span class='ocr_line' id='line_1_89' title="bbox 2213 4133 3811 4212; baseline 0.008 -28"><span class='ocrx_word' id='word_1_673' title='bbox 2213 4145 2333 4200; x_wconf 66' lang='lat' dir='ltr'><strong>quae</strong></span> <span class='ocrx_word' id='word_1_674' title='bbox 2353 4146 2450 4186; x_wconf 88' lang='lat' dir='ltr'><strong>sua</strong></span> <span class='ocrx_word' id='word_1_675' title='bbox 2482 4139 2626 4196; x_wconf 89' lang='lat' dir='ltr'><strong>sunt,</strong></span> <span class='ocrx_word' id='word_1_676' title='bbox 2656 4133 2753 4189; x_wconf 88' lang='lat' dir='ltr'><strong>sed</strong></span> <span class='ocrx_word' id='word_1_677' title='bbox 2776 4149 2898 4204; x_wconf 60' lang='lat' dir='ltr'><strong>quae</strong></span> <span class='ocrx_word' id='word_1_678' title='bbox 2936 4135 3206 4191; x_wconf 63' lang='lat' dir='ltr'><strong>aediﬁcant</strong></span> <span class='ocrx_word' id='word_1_679' title='bbox 3232 4136 3446 4193; x_wconf 82' lang='lat' dir='ltr'><strong>fratres.</strong></span> <span class='ocrx_word' id='word_1_680' title='bbox 3470 4136 3620 4193; x_wconf 69' lang='lat' dir='ltr'><strong>[llius</strong></span> <span class='ocrx_word' id='word_1_681' title='bbox 3652 4154 3811 4212; x_wconf 78' lang='lat' dir='ltr'><strong>ergo</strong></span> 
     </span>
    </p>
   </div>
   <div class='ocr_carea' id='block_1_90' title="bbox 2212 4220 3815 4298">
    <p class='ocr_par' dir='ltr' id='par_1_90' title="bbox 2212 4220 3815 4298">
     <span class='ocr_line' id='line_1_90' title="bbox 2212 4220 3815 4298; baseline 0.007 -24"><span class='ocrx_word' id='word_1_682' title='bbox 2212 4220 2453 4276; x_wconf 85' lang='lat' dir='ltr'><strong>charitas</strong></span> <span class='ocrx_word' id='word_1_683' title='bbox 2476 4221 2706 4278; x_wconf 64' lang='lat' dir='ltr'><strong>aediﬁcat</strong></span> <span class='ocrx_word' id='word_1_684' title='bbox 2744 4225 2839 4292; x_wconf 82' lang='lat' dir='ltr'><strong>qui</strong></span> <span class='ocrx_word' id='word_1_685' title='bbox 2863 4225 3031 4280; x_wconf 86' lang='lat' dir='ltr'><strong>dicit:</strong></span> <span class='ocrx_word' id='word_1_686' title='bbox 3066 4225 3221 4281; x_wconf 88' lang='lat' dir='ltr'><strong>Licet</strong></span> <span class='ocrx_word' id='word_1_687' title='bbox 3249 4242 3337 4282; x_wconf 87' lang='lat' dir='ltr'><strong>me</strong></span> <span class='ocrx_word' id='word_1_688' title='bbox 3365 4244 3472 4283; x_wconf 78' lang='lat' dir='ltr'><strong>non</strong></span> <span class='ocrx_word' id='word_1_689' title='bbox 3522 4229 3815 4298; x_wconf 71' lang='lat' dir='ltr'><strong>impediat</strong></span> 
     </span>
    </p>
   </div>
   <div class='ocr_carea' id='block_1_91' title="bbox 2210 4310 3815 4387">
    <p class='ocr_par' dir='ltr' id='par_1_91' title="bbox 2210 4310 3815 4387">
     <span class='ocr_line' id='line_1_91' title="bbox 2210 4310 3815 4387; baseline 0.007 -24"><span class='ocrx_word' id='word_1_690' title='bbox 2210 4310 2540 4366; x_wconf 85' lang='lat' dir='ltr'><strong>manducare</strong></span> <span class='ocrx_word' id='word_1_691' title='bbox 2569 4311 2887 4384; x_wconf 81' lang='lat' dir='ltr'><strong>idolothyta,</strong></span> <span class='ocrx_word' id='word_1_692' title='bbox 2943 4322 3121 4369; x_wconf 87' lang='lat' dir='ltr'><strong>tamen</strong></span> <span class='ocrx_word' id='word_1_693' title='bbox 3160 4326 3382 4387; x_wconf 83' lang='lat' dir='ltr'><strong>prepter</strong></span> <span class='ocrx_word' id='word_1_694' title='bbox 3440 4318 3643 4373; x_wconf 89' lang='lat' dir='ltr'><strong>idolum</strong></span> <span class='ocrx_word' id='word_1_695' title='bbox 3666 4356 3690 4385; x_wconf 88' lang='lat'><strong>,</strong></span> <span class='ocrx_word' id='word_1_696' title='bbox 3728 4335 3815 4375; x_wconf 83' lang='lat' dir='ltr'><strong>ne</strong></span> 
     </span>
    </p>
   </div>
   <div class='ocr_carea' id='block_1_92' title="bbox 2212 4399 3819 4480">
    <p class='ocr_par' dir='ltr' id='par_1_92' title="bbox 2212 4399 3819 4480">
     <span class='ocr_line' id='line_1_92' title="bbox 2212 4399 3819 4480; baseline 0.007 -28"><span class='ocrx_word' id='word_1_697' title='bbox 2212 4399 2333 4454; x_wconf 88' lang='lat' dir='ltr'><strong>aliis</strong></span> <span class='ocrx_word' id='word_1_698' title='bbox 2387 4400 2688 4469; x_wconf 80' lang='lat' dir='ltr'><strong>displiceat,</strong></span> <span class='ocrx_word' id='word_1_699' title='bbox 2739 4418 2845 4458; x_wconf 90' lang='lat' dir='ltr'><strong>non</strong></span> <span class='ocrx_word' id='word_1_700' title='bbox 2900 4406 3259 4462; x_wconf 87' lang='lat' dir='ltr'><strong>manducabo.</strong></span> <span class='ocrx_word' id='word_1_701' title='bbox 3318 4406 3475 4473; x_wconf 80' lang='lat' dir='ltr'><strong>Quod</strong></span> <span class='ocrx_word' id='word_1_702' title='bbox 3500 4409 3545 4462; x_wconf 84' lang='lat' dir='ltr'><strong>si</strong></span> <span class='ocrx_word' id='word_1_703' title='bbox 3589 4409 3720 4480; x_wconf 81' lang='lat' dir='ltr'><strong>quis</strong></span> <span class='ocrx_word' id='word_1_704' title='bbox 3743 4427 3819 4464; x_wconf 86' lang='lat' dir='ltr'><strong>se</strong></span> 
     </span>
    </p>
   </div>
   <div class='ocr_carea' id='block_1_93' title="bbox 530 4458 3816 4577">
    <p class='ocr_par' dir='ltr' id='par_1_93' title="bbox 530 4458 3816 4577">
     <span class='ocr_line' id='line_1_93' title="bbox 532 4458 3814 4480; baseline 0 -11"><span class='ocrx_word' id='word_1_705' title='bbox 532 4458 606 4461; x_wconf 43' lang='grc' dir='ltr'><strong>ρ.</strong></span> <span class='ocrx_word' id='word_1_706' title='bbox 634 4458 650 4461; x_wconf 80' lang='grc'><strong>-</strong></span> <span class='ocrx_word' id='word_1_707' title='bbox 681 4458 690 4460; x_wconf 51' lang='grc' dir='ltr'>ρ</span> <span class='ocrx_word' id='word_1_708' title='bbox 727 4458 745 4460; x_wconf 65' lang='lat'>_</span> <span class='ocrx_word' id='word_1_709' title='bbox 772 4458 902 4461; x_wconf 49' lang='grc' dir='ltr'>-ηη</span> <span class='ocrx_word' id='word_1_710' title='bbox 936 4458 1008 4462; x_wconf 56' lang='grc' dir='ltr'><strong><em>η-</em></strong></span> <span class='ocrx_word' id='word_1_711' title='bbox 1040 4458 1225 4463; x_wconf 51' lang='grc' dir='ltr'><strong><em>--φ---</em></strong></span> <span class='ocrx_word' id='word_1_712' title='bbox 1283 4458 1333 4464; x_wconf 57' lang='grc' dir='ltr'><strong>-ν</strong></span> <span class='ocrx_word' id='word_1_713' title='bbox 1495 4458 1544 4477; x_wconf 65' lang='grc' dir='ltr'><strong>ν,</strong></span> <span class='ocrx_word' id='word_1_714' title='bbox 1572 4458 1625 4466; x_wconf 68' lang='grc' dir='ltr'><strong><em>η.</em></strong></span> <span class='ocrx_word' id='word_1_715' title='bbox 1671 4458 1771 4478; x_wconf 58' lang='grc' dir='ltr'>νυ,</span> <span class='ocrx_word' id='word_1_716' title='bbox 1819 4458 2106 4471; x_wconf 63' lang='grc' dir='ltr'><strong>...πη-..νυ</strong></span> <span class='ocrx_word' id='word_1_717' title='bbox 2473 4458 2489 4469; x_wconf 93' lang='grc'><em>.</em></span> <span class='ocrx_word' id='word_1_718' title='bbox 2676 4458 2687 4466; x_wconf 90' lang='grc'><em>.</em></span> <span class='ocrx_word' id='word_1_719' title='bbox 2902 4458 2915 4460; x_wconf 71' lang='lat'><strong>-</strong></span> <span class='ocrx_word' id='word_1_720' title='bbox 3502 4458 3540 4462; x_wconf 83' lang='lat'><strong>--</strong></span> <span class='ocrx_word' id='word_1_721' title='bbox 3592 4458 3715 4480; x_wconf 57' lang='lat'><strong>1----</strong></span> <span class='ocrx_word' id='word_1_722' title='bbox 3744 4458 3814 4464; x_wconf 67' lang='grc'><strong>--</strong></span> 
     </span>
     <span class='ocr_line' id='line_1_94' title="bbox 530 4458 3816 4577; baseline 0.005 -42"><span class='ocrx_word' id='word_1_723' title='bbox 530 4506 676 4554; x_wconf 62' lang='grc' dir='ltr'>διιηι,</span> <span class='ocrx_word' id='word_1_724' title='bbox 725 4496 794 4552; x_wconf 70' lang='grc' dir='ltr'><em>υτ</em></span> <span class='ocrx_word' id='word_1_725' title='bbox 822 4498 890 4552; x_wconf 65' lang='grc' dir='ltr'>,ξε</span> <span class='ocrx_word' id='word_1_726' title='bbox 930 4507 1113 4553; x_wconf 53' lang='lat' dir='ltr'><strong>“nam</strong></span> <span class='ocrx_word' id='word_1_727' title='bbox 1140 4510 1187 4554; x_wconf 69' lang='grc' dir='ltr'><strong>ει</strong></span> <span class='ocrx_word' id='word_1_728' title='bbox 1217 4516 1433 4571; x_wconf 63' lang='lat' dir='ltr'><strong>corpore</strong></span> <span class='ocrx_word' id='word_1_729' title='bbox 1458 4458 1517 4557; x_wconf 54' lang='grc' dir='ltr'><strong>ξε</strong></span> <span class='ocrx_word' id='word_1_730' title='bbox 1545 4504 1753 4573; x_wconf 51' lang='grc' dir='ltr'><strong>κρίνεα,</strong></span> <span class='ocrx_word' id='word_1_731' title='bbox 1794 4504 1932 4573; x_wconf 68' lang='lat' dir='ltr'><strong>Quid</strong></span> <span class='ocrx_word' id='word_1_732' title='bbox 1978 4524 2106 4577; x_wconf 70' lang='lat' dir='ltr'><strong>pm_</strong></span> <span class='ocrx_word' id='word_1_733' title='bbox 2130 4458 2185 4519; x_wconf 68' lang='grc' dir='ltr'><strong>Β</strong></span> <span class='ocrx_word' id='word_1_734' title='bbox 2209 4486 2469 4577; x_wconf 75' lang='lat' dir='ltr'><strong>existimat</strong></span> <span class='ocrx_word' id='word_1_735' title='bbox 2499 4488 2633 4577; x_wconf 87' lang='lat' dir='ltr'><strong>scire</strong></span> <span class='ocrx_word' id='word_1_736' title='bbox 2661 4486 2882 4557; x_wconf 85' lang='lat' dir='ltr'><strong>aliquid,</strong></span> <span class='ocrx_word' id='word_1_737' title='bbox 2914 4491 3145 4544; x_wconf 83' lang='lat' dir='ltr'><strong>nondum</strong></span> <span class='ocrx_word' id='word_1_738' title='bbox 3174 4495 3428 4562; x_wconf 76' lang='lat' dir='ltr'><strong>cognorit.</strong></span> <span class='ocrx_word' id='word_1_739' title='bbox 3463 4494 3577 4549; x_wconf 83' lang='lat' dir='ltr'><strong>Hoc</strong></span> <span class='ocrx_word' id='word_1_740' title='bbox 3605 4502 3722 4560; x_wconf 85' lang='lat' dir='ltr'><strong>est,</strong></span> <span class='ocrx_word' id='word_1_741' title='bbox 3756 4498 3816 4551; x_wconf 86' lang='lat' dir='ltr'><strong>si</strong></span> 
     </span>
    </p>
   </div>
   <div class='ocr_carea' id='block_1_94' title="bbox 533 4587 2108 4666">
    <p class='ocr_par' dir='ltr' id='par_1_94' title="bbox 533 4587 2108 4666">
     <span class='ocr_line' id='line_1_95' title="bbox 533 4587 2108 4666; baseline 0.007 -24"><span class='ocrx_word' id='word_1_742' title='bbox 533 4587 658 4643; x_wconf 87' lang='lat' dir='ltr'><strong>dest</strong></span> <span class='ocrx_word' id='word_1_743' title='bbox 685 4601 903 4642; x_wconf 87' lang='lat' dir='ltr'><strong>carnem</strong></span> <span class='ocrx_word' id='word_1_744' title='bbox 930 4588 1130 4644; x_wconf 86' lang='lat' dir='ltr'><strong>habere</strong></span> <span class='ocrx_word' id='word_1_745' title='bbox 1148 4589 1434 4659; x_wconf 85' lang='lat' dir='ltr'><strong>virginem,</strong></span> <span class='ocrx_word' id='word_1_746' title='bbox 1473 4592 1519 4647; x_wconf 87' lang='lat' dir='ltr'><strong>si</strong></span> <span class='ocrx_word' id='word_1_747' title='bbox 1565 4595 1733 4649; x_wconf 90' lang='lat' dir='ltr'><strong>menti</strong></span> <span class='ocrx_word' id='word_1_748' title='bbox 1762 4596 1884 4665; x_wconf 89' lang='lat' dir='ltr'><strong>quis</strong></span> <span class='ocrx_word' id='word_1_749' title='bbox 1908 4612 2108 4666; x_wconf 88' lang='lat' dir='ltr'><strong>nupse-</strong></span> 
     </span>
    </p>
   </div>
   <div class='ocr_carea' id='block_1_95' title="bbox 534 4675 2104 4755">
    <p class='ocr_par' dir='ltr' id='par_1_95' title="bbox 534 4675 2104 4755">
     <span class='ocr_line' id='line_1_96' title="bbox 534 4675 2104 4755; baseline 0.006 -23"><span class='ocrx_word' id='word_1_750' title='bbox 534 4677 627 4743; x_wconf 87' lang='lat' dir='ltr'><strong>rit,</strong></span> <span class='ocrx_word' id='word_1_751' title='bbox 658 4685 717 4732; x_wconf 85' lang='lat' dir='ltr'><strong>ut</strong></span> <span class='ocrx_word' id='word_1_752' title='bbox 741 4676 816 4733; x_wconf 88' lang='lat' dir='ltr'><strong>sit</strong></span> <span class='ocrx_word' id='word_1_753' title='bbox 843 4675 1098 4747; x_wconf 84' lang='lat' dir='ltr'><strong>frequens</strong></span> <span class='ocrx_word' id='word_1_754' title='bbox 1126 4679 1342 4734; x_wconf 85' lang='lat' dir='ltr'><strong>oratio?</strong></span> <span class='ocrx_word' id='word_1_755' title='bbox 1372 4680 1596 4751; x_wconf 87' lang='lat' dir='ltr'><strong>impedit</strong></span> <span class='ocrx_word' id='word_1_756' title='bbox 1623 4684 1769 4738; x_wconf 85' lang='lat' dir='ltr'><strong>enim</strong></span> <span class='ocrx_word' id='word_1_757' title='bbox 1798 4683 2104 4755; x_wconf 77' lang='lat' dir='ltr'><strong>coniugium</strong></span> 
     </span>
    </p>
   </div>
   <div class='ocr_carea' id='block_1_96' title="bbox 519 4765 2105 4846">
    <p class='ocr_par' dir='ltr' id='par_1_96' title="bbox 519 4765 2105 4846">
     <span class='ocr_line' id='line_1_97' title="bbox 519 4765 2105 4846; baseline 0.007 -27"><span class='ocrx_word' id='word_1_758' title='bbox 519 4765 808 4837; x_wconf 83' lang='lat' dir='ltr'><strong>jugitatem</strong></span> <span class='ocrx_word' id='word_1_759' title='bbox 829 4766 1113 4823; x_wconf 88' lang='lat' dir='ltr'><strong>orationis.</strong></span> <span class='ocrx_word' id='word_1_760' title='bbox 1149 4765 1207 4822; x_wconf 87' lang='lat' dir='ltr'><strong>Si</strong></span> <span class='ocrx_word' id='word_1_761' title='bbox 1234 4770 1369 4840; x_wconf 86' lang='lat' dir='ltr'><strong>quis.</strong></span> <span class='ocrx_word' id='word_1_762' title='bbox 1406 4769 1463 4825; x_wconf 90' lang='lat' dir='ltr'><strong>ld</strong></span> <span class='ocrx_word' id='word_1_763' title='bbox 1488 4780 1605 4837; x_wconf 61' lang='lat' dir='ltr'><strong>‘est,</strong></span> <span class='ocrx_word' id='word_1_764' title='bbox 1652 4780 1827 4841; x_wconf 88' lang='lat' dir='ltr'><strong>pater.</strong></span> <span class='ocrx_word' id='word_1_765' title='bbox 1883 4773 2105 4846; x_wconf 74' lang='grc' dir='ltr'><strong>Ταφεηι</strong></span> 
     </span>
    </p>
   </div>
   <div class='ocr_carea' id='block_1_97' title="bbox 526 4855 2105 4933">
    <p class='ocr_par' dir='ltr' id='par_1_97' title="bbox 526 4855 2105 4933">
     <span class='ocr_line' id='line_1_98' title="bbox 526 4855 2105 4933; baseline 0.006 -24"><span class='ocrx_word' id='word_1_766' title='bbox 526 4872 584 4909; x_wconf 78' lang='lat' dir='ltr'><strong>se</strong></span> <span class='ocrx_word' id='word_1_767' title='bbox 606 4856 769 4911; x_wconf 81' lang='lat' dir='ltr'><strong>videri</strong></span> <span class='ocrx_word' id='word_1_768' title='bbox 797 4856 1080 4913; x_wconf 73' lang='lat' dir='ltr'><strong>existimat.</strong></span> <span class='ocrx_word' id='word_1_769' title='bbox 1116 4855 1311 4927; x_wconf 83' lang='lat' dir='ltr'><strong>Turpis</strong></span> <span class='ocrx_word' id='word_1_770' title='bbox 1336 4855 1623 4926; x_wconf 87' lang='lat' dir='ltr'><strong>videbitur,</strong></span> <span class='ocrx_word' id='word_1_771' title='bbox 1648 4862 1694 4916; x_wconf 93' lang='lat' dir='ltr'><strong>si</strong></span> <span class='ocrx_word' id='word_1_772' title='bbox 1722 4877 1842 4917; x_wconf 91' lang='lat' dir='ltr'><strong>cum</strong></span> <span class='ocrx_word' id='word_1_773' title='bbox 1866 4863 1935 4918; x_wconf 89' lang='lat' dir='ltr'><strong>ad</strong></span> <span class='ocrx_word' id='word_1_774' title='bbox 1982 4878 2105 4933; x_wconf 87' lang='lat' dir='ltr'><strong>per—</strong></span> 
     </span>
    </p>
   </div>
   <div class='ocr_carea' id='block_1_98' title="bbox 527 4943 2103 5021">
    <p class='ocr_par' dir='ltr' id='par_1_98' title="bbox 527 4943 2103 5021">
     <span class='ocr_line' id='line_1_99' title="bbox 527 4943 2103 5021; baseline 0.007 -25"><span class='ocrx_word' id='word_1_775' title='bbox 527 4943 732 5021; x_wconf 74' lang='lat' dir='ltr'><strong>fectum</strong></span> <span class='ocrx_word' id='word_1_776' title='bbox 777 4954 994 5002; x_wconf 64' lang='lat' dir='ltr'><strong>atatem</strong></span> <span class='ocrx_word' id='word_1_777' title='bbox 1018 4948 1349 5017; x_wconf 87' lang='lat' dir='ltr'><strong>pervenerit,</strong></span> <span class='ocrx_word' id='word_1_778' title='bbox 1402 4957 1653 5006; x_wconf 86' lang='lat' dir='ltr'><strong>neutrum</strong></span> <span class='ocrx_word' id='word_1_779' title='bbox 1702 4952 1978 5019; x_wconf 88' lang='lat' dir='ltr'><strong>deliberet,</strong></span> <span class='ocrx_word' id='word_1_780' title='bbox 2017 4954 2103 5009; x_wconf 88' lang='lat' dir='ltr'><strong>vel</strong></span> 
     </span>
    </p>
   </div>
   <div class='ocr_carea' id='block_1_99' title="bbox 525 5034 2103 5106">
    <p class='ocr_par' dir='ltr' id='par_1_99' title="bbox 525 5034 2103 5106">
     <span class='ocr_line' id='line_1_100' title="bbox 525 5034 2103 5106; baseline 0.009 -19"><span class='ocrx_word' id='word_1_781' title='bbox 525 5034 893 5105; x_wconf 78' lang='lat' dir='ltr'><strong>virginitatem</strong></span> <span class='ocrx_word' id='word_1_782' title='bbox 929 5052 1167 5104; x_wconf 88' lang='lat' dir='ltr'><strong>servare,</strong></span> <span class='ocrx_word' id='word_1_783' title='bbox 1197 5037 1281 5093; x_wconf 87' lang='lat' dir='ltr'><strong>vel</strong></span> <span class='ocrx_word' id='word_1_784' title='bbox 1320 5039 1544 5106; x_wconf 88' lang='lat' dir='ltr'><strong>nubere,</strong></span> <span class='ocrx_word' id='word_1_785' title='bbox 1595 5040 1642 5097; x_wconf 89' lang='lat' dir='ltr'><strong>si</strong></span> <span class='ocrx_word' id='word_1_786' title='bbox 1672 5043 1873 5098; x_wconf 85' lang='lat' dir='ltr'><strong>nubere</strong></span> <span class='ocrx_word' id='word_1_787' title='bbox 1900 5044 2103 5101; x_wconf 87' lang='lat' dir='ltr'><strong>volenti</strong></span> 
     </span>
    </p>
   </div>
   <div class='ocr_carea' id='block_1_100' title="bbox 528 5127 2098 5199">
    <p class='ocr_par' dir='ltr' id='par_1_100' title="bbox 528 5127 2098 5199">
     <span class='ocr_line' id='line_1_101' title="bbox 528 5127 2098 5199; baseline 0.008 -22"><span class='ocrx_word' id='word_1_788' title='bbox 528 5137 638 5178; x_wconf 86' lang='lat' dir='ltr'><strong>non</strong></span> <span class='ocrx_word' id='word_1_789' title='bbox 669 5128 965 5194; x_wconf 86' lang='lat' dir='ltr'><strong>permittat,</strong></span> <span class='ocrx_word' id='word_1_790' title='bbox 995 5138 1053 5185; x_wconf 92' lang='lat' dir='ltr'><strong>et</strong></span> <span class='ocrx_word' id='word_1_791' title='bbox 1095 5128 1187 5184; x_wconf 88' lang='lat' dir='ltr'><strong>illa</strong></span> <span class='ocrx_word' id='word_1_792' title='bbox 1241 5128 1406 5185; x_wconf 88' lang='lat' dir='ltr'><strong>fuerit</strong></span> <span class='ocrx_word' id='word_1_793' title='bbox 1433 5127 1715 5186; x_wconf 88' lang='lat' dir='ltr'><strong>fornicata.</strong></span> <span class='ocrx_word' id='word_1_794' title='bbox 1770 5131 1926 5199; x_wconf 81' lang='lat' dir='ltr'><strong>Quod</strong></span> <span class='ocrx_word' id='word_1_795' title='bbox 1970 5135 2098 5190; x_wconf 78' lang='lat' dir='ltr'><strong>vult.</strong></span> 
     </span>
    </p>
   </div>
   <div class='ocr_carea' id='block_1_101' title="bbox 525 5210 2100 5294">
    <p class='ocr_par' dir='ltr' id='par_1_101' title="bbox 525 5210 2100 5294">
     <span class='ocr_line' id='line_1_102' title="bbox 525 5210 2100 5294; baseline 0.006 -21"><span class='ocrx_word' id='word_1_796' title='bbox 525 5210 586 5275; x_wconf 71' lang='lat' dir='ltr'><strong>Id</strong></span> <span class='ocrx_word' id='word_1_797' title='bbox 608 5221 712 5277; x_wconf 87' lang='lat' dir='ltr'><strong>est,</strong></span> <span class='ocrx_word' id='word_1_798' title='bbox 739 5224 893 5286; x_wconf 89' lang='lat' dir='ltr'><strong>pater</strong></span> <span class='ocrx_word' id='word_1_799' title='bbox 920 5219 1009 5285; x_wconf 82' lang='lat' dir='ltr'><strong>vel</strong></span> <span class='ocrx_word' id='word_1_800' title='bbox 1042 5216 1152 5276; x_wconf 78' lang='lat' dir='ltr'><strong>ﬁlia</strong></span> <span class='ocrx_word' id='word_1_801' title='bbox 1173 5219 1353 5287; x_wconf 79' lang='lat' dir='ltr'><strong>faciat,</strong></span> <span class='ocrx_word' id='word_1_802' title='bbox 1380 5219 1436 5274; x_wconf 87' lang='lat' dir='ltr'><strong>id</strong></span> <span class='ocrx_word' id='word_1_803' title='bbox 1461 5228 1545 5277; x_wconf 90' lang='lat' dir='ltr'><strong>est</strong></span> <span class='ocrx_word' id='word_1_804' title='bbox 1571 5229 1726 5290; x_wconf 89' lang='lat' dir='ltr'><strong>pater</strong></span> <span class='ocrx_word' id='word_1_805' title='bbox 1753 5236 1858 5281; x_wconf 88' lang='lat' dir='ltr'><strong>non</strong></span> <span class='ocrx_word' id='word_1_806' title='bbox 1886 5235 2100 5294; x_wconf 81' lang='lat' dir='ltr'><strong>peccat,</strong></span> 
     </span>
    </p>
   </div>
   <div class='ocr_carea' id='block_1_102' title="bbox 525 5301 2096 5375">
    <p class='ocr_par' dir='ltr' id='par_1_102' title="bbox 525 5301 2096 5375">
     <span class='ocr_line' id='line_1_103' title="bbox 525 5301 2096 5375; baseline 0.008 -18"><span class='ocrx_word' id='word_1_807' title='bbox 525 5301 711 5374; x_wconf 62' lang='lat' dir='ltr'><strong>stipa</strong></span> <span class='ocrx_word' id='word_1_808' title='bbox 741 5303 918 5375; x_wconf 82' lang='lat' dir='ltr'><strong>puella</strong></span> <span class='ocrx_word' id='word_1_809' title='bbox 952 5306 1136 5375; x_wconf 58' lang='lat' dir='ltr'><strong>nubat.</strong></span> <span class='ocrx_word' id='word_1_810' title='bbox 1166 5307 1270 5375; x_wconf 79' lang='lat' dir='ltr'><strong>Qui</strong></span> <span class='ocrx_word' id='word_1_811' title='bbox 1297 5318 1471 5365; x_wconf 84' lang='lat' dir='ltr'><strong>autem</strong></span> <span class='ocrx_word' id='word_1_812' title='bbox 1508 5309 1691 5364; x_wconf 87' lang='lat' dir='ltr'><strong>statuit</strong></span> <span class='ocrx_word' id='word_1_813' title='bbox 1722 5310 1779 5366; x_wconf 87' lang='lat' dir='ltr'><strong>in</strong></span> <span class='ocrx_word' id='word_1_814' title='bbox 1803 5311 1959 5367; x_wconf 76' lang='lat' dir='ltr'><strong>corde</strong></span> <span class='ocrx_word' id='word_1_815' title='bbox 1980 5330 2096 5369; x_wconf 86' lang='lat' dir='ltr'><strong>suo.</strong></span> 
     </span>
    </p>
   </div>
   <div class='ocr_carea' id='block_1_103' title="bbox 527 5392 2098 5474">
    <p class='ocr_par' dir='ltr' id='par_1_103' title="bbox 527 5392 2098 5474">
     <span class='ocr_line' id='line_1_104' title="bbox 527 5392 2098 5474; baseline 0.01 -26"><span class='ocrx_word' id='word_1_816' title='bbox 527 5394 704 5463; x_wconf 56' lang='lat' dir='ltr'><strong>illest,</strong></span> <span class='ocrx_word' id='word_1_817' title='bbox 742 5392 789 5453; x_wconf 81' lang='lat' dir='ltr'><strong>si</strong></span> <span class='ocrx_word' id='word_1_818' title='bbox 840 5402 994 5467; x_wconf 84' lang='lat' dir='ltr'><strong>pater</strong></span> <span class='ocrx_word' id='word_1_819' title='bbox 1038 5398 1263 5468; x_wconf 84' lang='lat' dir='ltr'><strong>quisque</strong></span> <span class='ocrx_word' id='word_1_820' title='bbox 1289 5400 1573 5474; x_wconf 85' lang='lat' dir='ltr'><strong>disposuit.</strong></span> <span class='ocrx_word' id='word_1_821' title='bbox 1624 5400 1861 5460; x_wconf 79' lang='lat' dir='ltr'><strong>Firmus.</strong></span> <span class='ocrx_word' id='word_1_822' title='bbox 1906 5403 1965 5461; x_wconf 79' lang='lat' dir='ltr'><strong>id</strong></span> <span class='ocrx_word' id='word_1_823' title='bbox 1992 5415 2098 5471; x_wconf 88' lang='lat' dir='ltr'><strong>est,</strong></span> 
     </span>
    </p>
   </div>
   <div class='ocr_carea' id='block_1_104' title="bbox 527 5482 2101 5566">
    <p class='ocr_par' dir='ltr' id='par_1_104' title="bbox 527 5482 2101 5566">
     <span class='ocr_line' id='line_1_105' title="bbox 527 5482 2101 5566; baseline 0.008 -28"><span class='ocrx_word' id='word_1_824' title='bbox 527 5485 942 5546; x_wconf 11' lang='lat' dir='ltr'><strong>tinincconscntit</strong></span> <span class='ocrx_word' id='word_1_825' title='bbox 977 5486 1027 5544; x_wconf 88' lang='lat' dir='ltr'><strong>ei</strong></span> <span class='ocrx_word' id='word_1_826' title='bbox 1052 5482 1156 5545; x_wconf 80' lang='lat' dir='ltr'><strong>ﬁlia</strong></span> <span class='ocrx_word' id='word_1_827' title='bbox 1186 5502 1302 5545; x_wconf 80' lang='lat' dir='ltr'><strong>sua.</strong></span> <span class='ocrx_word' id='word_1_828' title='bbox 1355 5489 1479 5546; x_wconf 80' lang='lat' dir='ltr'><strong>Non</strong></span> <span class='ocrx_word' id='word_1_829' title='bbox 1513 5491 1726 5548; x_wconf 83' lang='lat' dir='ltr'><strong>habens.</strong></span> <span class='ocrx_word' id='word_1_830' title='bbox 1774 5492 1835 5551; x_wconf 76' lang='lat' dir='ltr'><strong>id</strong></span> <span class='ocrx_word' id='word_1_831' title='bbox 1860 5502 1969 5559; x_wconf 85' lang='lat' dir='ltr'><strong>est,</strong></span> <span class='ocrx_word' id='word_1_832' title='bbox 2005 5511 2101 5566; x_wconf 86' lang='lat' dir='ltr'><strong>pa-</strong></span> 
     </span>
    </p>
   </div>
   <div class='ocr_carea' id='block_1_105' title="bbox 528 5574 2097 5651">
    <p class='ocr_par' dir='ltr' id='par_1_105' title="bbox 528 5574 2097 5651">
     <span class='ocr_line' id='line_1_106' title="bbox 528 5574 2097 5651; baseline 0.008 -22"><span class='ocrx_word' id='word_1_833' title='bbox 528 5584 630 5633; x_wconf 87' lang='lat' dir='ltr'><strong>ter.</strong></span> <span class='ocrx_word' id='word_1_834' title='bbox 676 5574 1063 5634; x_wconf 77' lang='lat' dir='ltr'><strong>Necessitatem.</strong></span> <span class='ocrx_word' id='word_1_835' title='bbox 1101 5577 1236 5647; x_wconf 82' lang='lat' dir='ltr'><strong>Quia</strong></span> <span class='ocrx_word' id='word_1_836' title='bbox 1259 5594 1365 5635; x_wconf 89' lang='lat' dir='ltr'><strong>non</strong></span> <span class='ocrx_word' id='word_1_837' title='bbox 1402 5582 1611 5651; x_wconf 88' lang='lat' dir='ltr'><strong>cogitur</strong></span> <span class='ocrx_word' id='word_1_838' title='bbox 1641 5598 1672 5637; x_wconf 89' lang='lat' dir='ltr'><strong>a</strong></span> <span class='ocrx_word' id='word_1_839' title='bbox 1703 5581 1813 5639; x_wconf 80' lang='lat' dir='ltr'><strong>tilia</strong></span> <span class='ocrx_word' id='word_1_840' title='bbox 1868 5599 1988 5649; x_wconf 72' lang='lat' dir='ltr'><strong>sita,</strong></span> <span class='ocrx_word' id='word_1_841' title='bbox 2038 5596 2097 5642; x_wconf 93' lang='lat' dir='ltr'><strong>ut</strong></span> 
     </span>
    </p>
   </div>
   <div class='ocr_carea' id='block_1_106' title="bbox 527 5664 2094 5745">
    <p class='ocr_par' dir='ltr' id='par_1_106' title="bbox 527 5664 2094 5745">
     <span class='ocr_line' id='line_1_107' title="bbox 527 5664 2094 5745; baseline 0.005 -24"><span class='ocrx_word' id='word_1_842' title='bbox 527 5664 683 5733; x_wconf 64' lang='lat' dir='ltr'><strong>daret</strong></span> <span class='ocrx_word' id='word_1_843' title='bbox 708 5678 828 5722; x_wconf 80' lang='lat' dir='ltr'><strong>eam</strong></span> <span class='ocrx_word' id='word_1_844' title='bbox 854 5667 987 5723; x_wconf 87' lang='lat' dir='ltr'><strong>viro.</strong></span> <span class='ocrx_word' id='word_1_845' title='bbox 1021 5667 1336 5727; x_wconf 77' lang='lat' dir='ltr'><strong>Potestatem</strong></span> <span class='ocrx_word' id='word_1_846' title='bbox 1365 5680 1537 5727; x_wconf 62' lang='lat' dir='ltr'><strong>autem</strong></span> <span class='ocrx_word' id='word_1_847' title='bbox 1563 5672 1734 5728; x_wconf 78' lang='lat' dir='ltr'><strong>habet.</strong></span> <span class='ocrx_word' id='word_1_848' title='bbox 1770 5672 1888 5744; x_wconf 72' lang='lat' dir='ltr'><strong>ipse</strong></span> <span class='ocrx_word' id='word_1_849' title='bbox 1920 5683 2094 5745; x_wconf 69' lang='lat' dir='ltr'><strong>pater.</strong></span> 
     </span>
    </p>
   </div>
   <div class='ocr_carea' id='block_1_107' title="bbox 2209 4576 3813 4652">
    <p class='ocr_par' dir='ltr' id='par_1_107' title="bbox 2209 4576 3813 4652">
     <span class='ocr_line' id='line_1_108' title="bbox 2209 4576 3813 4652; baseline 0.009 -23"><span class='ocrx_word' id='word_1_850' title='bbox 2209 4576 2331 4645; x_wconf 88' lang='lat' dir='ltr'><strong>quis</strong></span> <span class='ocrx_word' id='word_1_851' title='bbox 2359 4577 2461 4632; x_wconf 91' lang='lat' dir='ltr'><strong>sibi</strong></span> <span class='ocrx_word' id='word_1_852' title='bbox 2498 4576 2708 4632; x_wconf 84' lang='lat' dir='ltr'><strong>videtur</strong></span> <span class='ocrx_word' id='word_1_853' title='bbox 2731 4580 2967 4648; x_wconf 88' lang='lat' dir='ltr'><strong>sapiens,</strong></span> <span class='ocrx_word' id='word_1_854' title='bbox 3000 4588 3055 4635; x_wconf 87' lang='lat' dir='ltr'><strong>et</strong></span> <span class='ocrx_word' id='word_1_855' title='bbox 3084 4582 3130 4636; x_wconf 91' lang='lat' dir='ltr'><strong>si</strong></span> <span class='ocrx_word' id='word_1_856' title='bbox 3153 4598 3312 4652; x_wconf 87' lang='lat' dir='ltr'><strong>quem</strong></span> <span class='ocrx_word' id='word_1_857' title='bbox 3342 4584 3495 4639; x_wconf 86' lang='lat' dir='ltr'><strong>inﬂat</strong></span> <span class='ocrx_word' id='word_1_858' title='bbox 3525 4587 3813 4643; x_wconf 84' lang='lat' dir='ltr'><strong>scientia.</strong></span> 
     </span>
    </p>
   </div>
   <div class='ocr_carea' id='block_1_108' title="bbox 2211 4666 3829 4740">
    <p class='ocr_par' dir='ltr' id='par_1_108' title="bbox 2211 4666 3829 4740">
     <span class='ocr_line' id='line_1_109' title="bbox 2211 4666 3829 4740; baseline 0.007 -19"><span class='ocrx_word' id='word_1_859' title='bbox 2211 4666 2660 4733; x_wconf 84' lang='lat' dir='ltr'><strong>Quemadmodum</strong></span> <span class='ocrx_word' id='word_1_860' title='bbox 2691 4680 2924 4740; x_wconf 83' lang='lat' dir='ltr'><strong>oporteat</strong></span> <span class='ocrx_word' id='word_1_861' title='bbox 2954 4688 3071 4731; x_wconf 82' lang='lat' dir='ltr'><strong>eum</strong></span> <span class='ocrx_word' id='word_1_862' title='bbox 3095 4674 3246 4728; x_wconf 83' lang='lat' dir='ltr'><strong>scire.</strong></span> <span class='ocrx_word' id='word_1_863' title='bbox 3286 4674 3343 4730; x_wconf 87' lang='lat' dir='ltr'><strong>Id</strong></span> <span class='ocrx_word' id='word_1_864' title='bbox 3378 4684 3480 4739; x_wconf 91' lang='lat' dir='ltr'><strong>est,</strong></span> <span class='ocrx_word' id='word_1_865' title='bbox 3518 4677 3642 4730; x_wconf 86' lang='lat' dir='ltr'><strong>sine</strong></span> <span class='ocrx_word' id='word_1_866' title='bbox 3688 4676 3829 4738; x_wconf 81' lang='lat' dir='ltr'><strong>ela-</strong></span> 
     </span>
    </p>
   </div>
   <div class='ocr_carea' id='block_1_109' title="bbox 2207 4760 3829 4837">
    <p class='ocr_par' dir='ltr' id='par_1_109' title="bbox 2207 4760 3829 4837">
     <span class='ocr_line' id='line_1_110' title="bbox 2207 4760 3829 4837; baseline 0.005 -23"><span class='ocrx_word' id='word_1_867' title='bbox 2207 4760 2376 4827; x_wconf 90' lang='lat' dir='ltr'><strong>tione,</strong></span> <span class='ocrx_word' id='word_1_868' title='bbox 2402 4776 2527 4816; x_wconf 89' lang='lat' dir='ltr'><strong>cum</strong></span> <span class='ocrx_word' id='word_1_869' title='bbox 2557 4762 2858 4816; x_wconf 84' lang='lat' dir='ltr'><strong>humilitate</strong></span> <span class='ocrx_word' id='word_1_870' title='bbox 2884 4771 2937 4817; x_wconf 87' lang='lat' dir='ltr'><strong>et</strong></span> <span class='ocrx_word' id='word_1_871' title='bbox 2963 4764 3246 4820; x_wconf 86' lang='lat' dir='ltr'><strong>cbaritate.</strong></span> <span class='ocrx_word' id='word_1_872' title='bbox 3268 4766 3329 4822; x_wconf 90' lang='lat' dir='ltr'><strong>Si</strong></span> <span class='ocrx_word' id='word_1_873' title='bbox 3354 4768 3469 4837; x_wconf 87' lang='lat' dir='ltr'><strong>quis</strong></span> <span class='ocrx_word' id='word_1_874' title='bbox 3495 4777 3681 4821; x_wconf 79' lang='lat' dir='ltr'><strong>autem</strong></span> <span class='ocrx_word' id='word_1_875' title='bbox 3726 4769 3829 4822; x_wconf 79' lang='lat' dir='ltr'><strong>di-</strong></span> 
     </span>
    </p>
   </div>
   <div class='ocr_carea' id='block_1_110' title="bbox 2206 4850 3822 4925">
    <p class='ocr_par' dir='ltr' id='par_1_110' title="bbox 2206 4850 3822 4925">
     <span class='ocr_line' id='line_1_111' title="bbox 2206 4850 3822 4925; baseline 0.005 -20"><span class='ocrx_word' id='word_1_876' title='bbox 2206 4850 2321 4922; x_wconf 87' lang='lat' dir='ltr'><strong>ligit</strong></span> <span class='ocrx_word' id='word_1_877' title='bbox 2357 4852 2542 4907; x_wconf 84' lang='lat' dir='ltr'><strong>Deum.</strong></span> <span class='ocrx_word' id='word_1_878' title='bbox 2594 4852 2687 4909; x_wconf 89' lang='lat' dir='ltr'><strong>llle</strong></span> <span class='ocrx_word' id='word_1_879' title='bbox 2727 4852 2899 4923; x_wconf 83' lang='lat' dir='ltr'><strong>diligit</strong></span> <span class='ocrx_word' id='word_1_880' title='bbox 2934 4854 3130 4919; x_wconf 89' lang='lat' dir='ltr'><strong>Deum,</strong></span> <span class='ocrx_word' id='word_1_881' title='bbox 3169 4857 3260 4925; x_wconf 87' lang='lat' dir='ltr'><strong>qui</strong></span> <span class='ocrx_word' id='word_1_882' title='bbox 3296 4856 3524 4912; x_wconf 57' lang='lat' dir='ltr'><strong>aediﬁcat</strong></span> <span class='ocrx_word' id='word_1_883' title='bbox 3560 4856 3822 4913; x_wconf 78' lang='lat' dir='ltr'><strong>fratres.</strong></span> 
     </span>
    </p>
   </div>
   <div class='ocr_carea' id='block_1_111' title="bbox 2209 4944 3835 5021">
    <p class='ocr_par' dir='ltr' id='par_1_111' title="bbox 2209 4944 3835 5021">
     <span class='ocr_line' id='line_1_112' title="bbox 2209 4944 3835 5021; baseline 0.006 -22"><span class='ocrx_word' id='word_1_884' title='bbox 2209 4944 2313 5000; x_wconf 83' lang='lat' dir='ltr'><strong>Hic</strong></span> <span class='ocrx_word' id='word_1_885' title='bbox 2342 4948 2577 5017; x_wconf 77' lang='lat' dir='ltr'><strong>cognitus</strong></span> <span class='ocrx_word' id='word_1_886' title='bbox 2619 4958 2695 5003; x_wconf 83' lang='lat' dir='ltr'><strong>est</strong></span> <span class='ocrx_word' id='word_1_887' title='bbox 2736 4948 2802 5002; x_wconf 85' lang='lat' dir='ltr'><strong>ab</strong></span> <span class='ocrx_word' id='word_1_888' title='bbox 2842 4965 2923 5002; x_wconf 86' lang='lat' dir='ltr'><strong>eo.</strong></span> <span class='ocrx_word' id='word_1_889' title='bbox 2964 4948 3064 5004; x_wconf 77' lang='lat' dir='ltr'><strong>llic</strong></span> <span class='ocrx_word' id='word_1_890' title='bbox 3099 4950 3340 5021; x_wconf 84' lang='lat' dir='ltr'><strong>diligitur</strong></span> <span class='ocrx_word' id='word_1_891' title='bbox 3372 4967 3402 5006; x_wconf 87' lang='lat' dir='ltr'><strong>a</strong></span> <span class='ocrx_word' id='word_1_892' title='bbox 3436 4952 3568 5017; x_wconf 89' lang='lat' dir='ltr'><strong>Deo,</strong></span> <span class='ocrx_word' id='word_1_893' title='bbox 3608 4960 3681 5007; x_wconf 83' lang='lat' dir='ltr'><strong>ut.</strong></span> <span class='ocrx_word' id='word_1_894' title='bbox 3719 4963 3835 5009; x_wconf 68' lang='lat' dir='ltr'><strong>es:</strong></span> 
     </span>
    </p>
   </div>
   <div class='ocr_carea' id='block_1_112' title="bbox 2206 5036 3835 5113">
    <p class='ocr_par' dir='ltr' id='par_1_112' title="bbox 2206 5036 3835 5113">
     <span class='ocr_line' id='line_1_113' title="bbox 2206 5036 3835 5113; baseline 0.003 -22"><span class='ocrx_word' id='word_1_895' title='bbox 2206 5036 2339 5092; x_wconf 87' lang='lat' dir='ltr'><strong>illud</strong></span> <span class='ocrx_word' id='word_1_896' title='bbox 2366 5053 2379 5089; x_wconf 90' lang='lat'><strong>:</strong></span> <span class='ocrx_word' id='word_1_897' title='bbox 2410 5036 2568 5091; x_wconf 82' lang='lat' dir='ltr'><strong>Novit</strong></span> <span class='ocrx_word' id='word_1_898' title='bbox 2597 5037 2853 5092; x_wconf 84' lang='lat' dir='ltr'><strong>Dominus</strong></span> <span class='ocrx_word' id='word_1_899' title='bbox 2880 5041 2968 5109; x_wconf 77' lang='lat' dir='ltr'><strong>qui</strong></span> <span class='ocrx_word' id='word_1_900' title='bbox 2998 5052 3119 5095; x_wconf 72' lang='lat' dir='ltr'><strong>sunt</strong></span> <span class='ocrx_word' id='word_1_901' title='bbox 3151 5040 3264 5108; x_wconf 76' lang='lat' dir='ltr'><strong>ejus</strong></span> <span class='ocrx_word' id='word_1_902' title='bbox 3299 5038 3385 5108; x_wconf 88' lang='lat' dir='ltr'><strong>(II</strong></span> <span class='ocrx_word' id='word_1_903' title='bbox 3415 5040 3546 5096; x_wconf 81' lang='lat' dir='ltr'><strong>Tim.</strong></span> <span class='ocrx_word' id='word_1_904' title='bbox 3579 5040 3676 5113; x_wconf 81' lang='grc' dir='ltr'>ιι).</span> <span class='ocrx_word' id='word_1_905' title='bbox 3729 5042 3835 5097; x_wconf 75' lang='lat' dir='ltr'><strong>De</strong></span> 
     </span>
    </p>
   </div>
   <div class='ocr_carea' id='block_1_113' title="bbox 2206 5129 3841 5200">
    <p class='ocr_par' dir='ltr' id='par_1_113' title="bbox 2206 5129 3841 5200">
     <span class='ocr_line' id='line_1_114' title="bbox 2206 5129 3841 5200; baseline 0.002 -16"><span class='ocrx_word' id='word_1_906' title='bbox 2206 5130 2335 5184; x_wconf 82' lang='lat' dir='ltr'><strong>escis</strong></span> <span class='ocrx_word' id='word_1_907' title='bbox 2362 5138 2535 5182; x_wconf 85' lang='lat' dir='ltr'><strong>autem</strong></span> <span class='ocrx_word' id='word_1_908' title='bbox 2555 5129 2845 5200; x_wconf 75' lang='lat' dir='ltr'><strong>quceidalis</strong></span> <span class='ocrx_word' id='word_1_909' title='bbox 2871 5129 3227 5194; x_wconf 75' lang='lat' dir='ltr'><strong>immolantur,</strong></span> <span class='ocrx_word' id='word_1_910' title='bbox 3259 5131 3473 5185; x_wconf 73' lang='lat' dir='ltr'><strong>scimus.</strong></span> <span class='ocrx_word' id='word_1_911' title='bbox 3511 5130 3681 5186; x_wconf 85' lang='lat' dir='ltr'><strong>Nunc</strong></span> <span class='ocrx_word' id='word_1_912' title='bbox 3725 5147 3841 5187; x_wconf 78' lang='lat' dir='ltr'><strong>re-</strong></span> 
     </span>
    </p>
   </div>
   <div class='ocr_carea' id='block_1_114' title="bbox 2204 5221 3843 5291">
    <p class='ocr_par' dir='ltr' id='par_1_114' title="bbox 2204 5221 3843 5291">
     <span class='ocr_line' id='line_1_115' title="bbox 2204 5221 3843 5291; baseline 0.002 -15"><span class='ocrx_word' id='word_1_913' title='bbox 2204 5221 2340 5291; x_wconf 86' lang='lat' dir='ltr'><strong>petit</strong></span> <span class='ocrx_word' id='word_1_914' title='bbox 2369 5222 2513 5291; x_wconf 89' lang='lat' dir='ltr'><strong>quod</strong></span> <span class='ocrx_word' id='word_1_915' title='bbox 2553 5222 2798 5291; x_wconf 85' lang='lat' dir='ltr'><strong>superius</strong></span> <span class='ocrx_word' id='word_1_916' title='bbox 2837 5223 3079 5285; x_wconf 77' lang='lat' dir='ltr'><strong>dixerat,</strong></span> <span class='ocrx_word' id='word_1_917' title='bbox 3114 5229 3173 5277; x_wconf 86' lang='lat' dir='ltr'><strong>et</strong></span> <span class='ocrx_word' id='word_1_918' title='bbox 3206 5222 3335 5290; x_wconf 88' lang='lat' dir='ltr'><strong>quid</strong></span> <span class='ocrx_word' id='word_1_919' title='bbox 3368 5223 3441 5277; x_wconf 90' lang='lat' dir='ltr'><strong>sit</strong></span> <span class='ocrx_word' id='word_1_920' title='bbox 3481 5223 3843 5280; x_wconf 77' lang='lat' dir='ltr'><strong>evidentius</strong></span> 
     </span>
    </p>
   </div>
   <div class='ocr_carea' id='block_1_115' title="bbox 2205 5309 3841 5382">
    <p class='ocr_par' dir='ltr' id='par_1_115' title="bbox 2205 5309 3841 5382">
     <span class='ocr_line' id='line_1_116' title="bbox 2205 5309 3841 5382; baseline 0.001 -16"><span class='ocrx_word' id='word_1_921' title='bbox 2205 5310 2458 5366; x_wconf 83' lang='lat' dir='ltr'><strong>ostendit.</strong></span> <span class='ocrx_word' id='word_1_922' title='bbox 2497 5309 2634 5376; x_wconf 87' lang='lat' dir='ltr'><strong>Quia</strong></span> <span class='ocrx_word' id='word_1_923' title='bbox 2656 5311 2786 5368; x_wconf 82' lang='lat' dir='ltr'><strong>nihil</strong></span> <span class='ocrx_word' id='word_1_924' title='bbox 2808 5320 2886 5366; x_wconf 83' lang='lat' dir='ltr'><strong>est</strong></span> <span class='ocrx_word' id='word_1_925' title='bbox 2905 5309 3124 5365; x_wconf 79' lang='lat' dir='ltr'><strong>idolum.</strong></span> <span class='ocrx_word' id='word_1_926' title='bbox 3165 5311 3290 5367; x_wconf 82' lang='lat' dir='ltr'><strong>Sive</strong></span> <span class='ocrx_word' id='word_1_927' title='bbox 3313 5312 3369 5367; x_wconf 90' lang='lat' dir='ltr'><strong>in</strong></span> <span class='ocrx_word' id='word_1_928' title='bbox 3397 5313 3556 5379; x_wconf 64' lang='lat' dir='ltr'><strong>coelo,</strong></span> <span class='ocrx_word' id='word_1_929' title='bbox 3591 5312 3649 5368; x_wconf 90' lang='lat' dir='ltr'><strong>id</strong></span> <span class='ocrx_word' id='word_1_930' title='bbox 3691 5324 3841 5382; x_wconf 66' lang='lat' dir='ltr'><strong>est,</strong></span> 
     </span>
    </p>
   </div>
   <div class='ocr_carea' id='block_1_116' title="bbox 2207 5401 3850 5472">
    <p class='ocr_par' dir='ltr' id='par_1_116' title="bbox 2207 5401 3850 5472">
     <span class='ocr_line' id='line_1_117' title="bbox 2207 5401 3850 5472; baseline 0.003 -16"><span class='ocrx_word' id='word_1_931' title='bbox 2207 5402 2412 5472; x_wconf 85' lang='lat' dir='ltr'><strong>angeli;</strong></span> <span class='ocrx_word' id='word_1_932' title='bbox 2442 5410 2534 5457; x_wconf 87' lang='lat' dir='ltr'><strong>aut</strong></span> <span class='ocrx_word' id='word_1_933' title='bbox 2566 5403 2745 5459; x_wconf 89' lang='lat' dir='ltr'><strong>sidera</strong></span> <span class='ocrx_word' id='word_1_934' title='bbox 2772 5402 2913 5463; x_wconf 84' lang='lat' dir='ltr'><strong>coeli,</strong></span> <span class='ocrx_word' id='word_1_935' title='bbox 2944 5411 3002 5457; x_wconf 89' lang='lat' dir='ltr'><strong>ut</strong></span> <span class='ocrx_word' id='word_1_936' title='bbox 3036 5401 3329 5470; x_wconf 89' lang='lat' dir='ltr'><strong>Saturnus;</strong></span> <span class='ocrx_word' id='word_1_937' title='bbox 3366 5404 3479 5460; x_wconf 85' lang='lat' dir='ltr'><strong>sive</strong></span> <span class='ocrx_word' id='word_1_938' title='bbox 3512 5404 3573 5458; x_wconf 88' lang='lat' dir='ltr'><strong>in</strong></span> <span class='ocrx_word' id='word_1_939' title='bbox 3619 5413 3850 5471; x_wconf 73' lang='lat' dir='ltr'><strong>terra,</strong></span> 
     </span>
    </p>
   </div>
   <div class='ocr_carea' id='block_1_117' title="bbox 2204 5491 3851 5551">
    <p class='ocr_par' dir='ltr' id='par_1_117' title="bbox 2204 5491 3851 5551">
     <span class='ocr_line' id='line_1_118' title="bbox 2204 5491 3851 5551; baseline 0.002 -4"><span class='ocrx_word' id='word_1_940' title='bbox 2204 5500 2267 5547; x_wconf 88' lang='grc' dir='ltr'><strong>ιιι</strong></span> <span class='ocrx_word' id='word_1_941' title='bbox 2285 5491 2444 5546; x_wconf 83' lang='lat' dir='ltr'><strong>idola.</strong></span> <span class='ocrx_word' id='word_1_942' title='bbox 2482 5491 2589 5548; x_wconf 84' lang='lat' dir='ltr'><strong>Sed</strong></span> <span class='ocrx_word' id='word_1_943' title='bbox 2616 5509 2720 5547; x_wconf 80' lang='lat' dir='ltr'><strong>non</strong></span> <span class='ocrx_word' id='word_1_944' title='bbox 2738 5492 2791 5546; x_wconf 74' lang='lat' dir='ltr'><strong>in</strong></span> <span class='ocrx_word' id='word_1_945' title='bbox 2809 5491 3046 5546; x_wconf 79' lang='lat' dir='ltr'><strong>omnibus</strong></span> <span class='ocrx_word' id='word_1_946' title='bbox 3066 5503 3141 5547; x_wconf 82' lang='lat' dir='ltr'><strong>est</strong></span> <span class='ocrx_word' id='word_1_947' title='bbox 3162 5493 3395 5549; x_wconf 81' lang='lat' dir='ltr'><strong>scicntia.</strong></span> <span class='ocrx_word' id='word_1_948' title='bbox 3435 5491 3551 5548; x_wconf 85' lang='lat' dir='ltr'><strong>Non</strong></span> <span class='ocrx_word' id='word_1_949' title='bbox 3591 5507 3851 5551; x_wconf 72' lang='lat' dir='ltr'><strong>omnes</strong></span> 
     </span>
    </p>
   </div>
   <div class='ocr_carea' id='block_1_118' title="bbox 2202 5583 3849 5654">
    <p class='ocr_par' dir='ltr' id='par_1_118' title="bbox 2202 5583 3849 5654">
     <span class='ocr_line' id='line_1_119' title="bbox 2202 5583 3849 5654; baseline 0.002 -15"><span class='ocrx_word' id='word_1_950' title='bbox 2202 5583 2380 5639; x_wconf 89' lang='lat' dir='ltr'><strong>sciunt</strong></span> <span class='ocrx_word' id='word_1_951' title='bbox 2408 5583 2564 5654; x_wconf 80' lang='lat' dir='ltr'><strong>’quod</strong></span> <span class='ocrx_word' id='word_1_952' title='bbox 2600 5592 2820 5653; x_wconf 87' lang='lat' dir='ltr'><strong>propter</strong></span> <span class='ocrx_word' id='word_1_953' title='bbox 2858 5593 3227 5654; x_wconf 86' lang='lat' dir='ltr'><strong>contemptum</strong></span> <span class='ocrx_word' id='word_1_954' title='bbox 3267 5584 3391 5641; x_wconf 81' lang='lat' dir='ltr'><strong>idoli</strong></span> <span class='ocrx_word' id='word_1_955' title='bbox 3429 5585 3534 5640; x_wconf 84' lang='lat' dir='ltr'><strong>hoc</strong></span> <span class='ocrx_word' id='word_1_956' title='bbox 3580 5583 3849 5650; x_wconf 76' lang='lat' dir='ltr'><strong>facitis,</strong></span> 
     </span>
    </p>
   </div>
   <div class='ocr_carea' id='block_1_119' title="bbox 2202 5676 3856 5748">
    <p class='ocr_par' dir='ltr' id='par_1_119' title="bbox 2202 5676 3856 5748">
     <span class='ocr_line' id='line_1_120' title="bbox 2202 5676 3856 5748; baseline 0.003 -17"><span class='ocrx_word' id='word_1_957' title='bbox 2202 5676 2296 5733; x_wconf 86' lang='lat' dir='ltr'><strong>sed</strong></span> <span class='ocrx_word' id='word_1_958' title='bbox 2321 5685 2515 5748; x_wconf 81' lang='lat' dir='ltr'><strong>putant</strong></span> <span class='ocrx_word' id='word_1_959' title='bbox 2537 5691 2634 5733; x_wconf 87' lang='lat' dir='ltr'><strong>vos</strong></span> <span class='ocrx_word' id='word_1_960' title='bbox 2656 5686 2875 5748; x_wconf 85' lang='lat' dir='ltr'><strong>propter</strong></span> <span class='ocrx_word' id='word_1_961' title='bbox 2896 5680 3293 5737; x_wconf 85' lang='lat' dir='ltr'><strong>venerationem</strong></span> <span class='ocrx_word' id='word_1_962' title='bbox 3326 5681 3429 5736; x_wconf 84' lang='lat' dir='ltr'><strong>hoc</strong></span> <span class='ocrx_word' id='word_1_963' title='bbox 3465 5679 3697 5736; x_wconf 79' lang='lat' dir='ltr'><strong>facere.</strong></span> <span class='ocrx_word' id='word_1_964' title='bbox 3755 5681 3794 5735; x_wconf 87' lang='grc' dir='ltr'><strong>ι</strong></span> <span class='ocrx_word' id='word_1_965' title='bbox 3806 5700 3856 5737; x_wconf 80' lang='grc' dir='ltr'><strong>ιι</strong></span> 
     </span>
    </p>
   </div>
  </div>
