3974 6202
244 329 363 386 H5

1330 320 1660 379 COLLECT.
1702 318 1771 375 IN
1808 317 2027 375 EPIST.
2062 315 2087 372 l
2123 318 2213 372 AD
2251 315 2402 372 (ΞΟΠ.

3394 318 3501 374 ιιι

244 441 557 496 conscientia
583 454 747 510 usque
776 436 948 492 adhuc
972 435 1121 498 idoli,
1142 434 1293 504 quasi
1317 433 1658 503 idolothytum
1679 447 1824 486 man-
1850 435 1902 495 Α
1927 428 2293 484 tabernaculo.
2342 426 2474 493 Quae
2502 426 2562 480 de
2591 427 2825 481 sacrario
2850 436 2972 483 sunt
2998 428 3178 486 edunt.
3219 428 3353 499 Quia
3383 447 3502 502 qua:

246 539 461 588 ducant.
497 530 691 585 Adhuc
720 529 765 584 si
794 528 1000 582 habent
1022 525 1076 580 in
1097 523 1422 580 conscientia
1446 523 1821 595 idolothytum,

248 622 515 695 quomodo
540 629 835 690 antequam
859 617 1143 673 crederent
1165 615 1582 670 mandueabant.
1620 612 1688 667 Et
1709 628 1827 666 con-

247 715 465 769 scientia
491 711 677 781 ipsius,
704 727 827 766 cum
859 709 926 765 sit
961 708 1194 778 inﬁrma,
1224 707 1608 777 coinquinatur.
1646 704 1824 760 Decli-

251 807 428 864 nando
458 823 474 862 :
509 805 575 859 ad
618 803 978 880 idololatriam
1020 816 1117 870 per
1152 798 1353 854 malum
1387 796 1688 866 exemplum
1730 811 1825 851 ve-

248 907 443 959 strum,
478 902 570 949 aut
598 892 839 964 putando
868 891 1069 960 aliquid
1091 888 1365 957 religionis
1386 902 1506 942 esse
1530 888 1586 941 in
1607 900 1827 941 vescen-

250 991 330 1045 dis
359 987 690 1059 idolothytis.
732 984 871 1038 Esca
896 992 1073 1036 autem
1093 998 1185 1035 nos
1221 996 1323 1033 non
1351 978 1675 1032 commendat
1696 977 1833 1030 Deo.

247 1080 354 1136 Sed
379 1078 622 1133 cbaritas
657 1074 931 1130 aadiﬁcans
968 1070 1189 1125 fratres.
1231 1067 1334 1134 Qui
1374 1067 1525 1121 habet
1557 1066 1827 1120 scientiam

247 1174 302 1225 ιιι
336 1168 498 1223 idolo.
544 1167 661 1221 Hoc
693 1172 799 1228 est,
845 1162 1005 1232 quod
1029 1160 1230 1215 idolum
1268 1158 1402 1213 nihil
1449 1158 1538 1222 sit,
1588 1165 1644 1211 et
1684 1154 1828 1224 quod

247 1260 444 1315 munda
471 1258 543 1313 sit
568 1258 745 1312 omnis
770 1253 998 1309 visibilis
1032 1259 1302 1314 creatura,
1339 1264 1517 1303 nonne
1551 1246 1830 1302 conscien-

245 1351 322 1404 tia
346 1351 466 1419 ejus
484 1348 539 1402 id
564 1346 792 1416 putabit,
822 1344 966 1412 quod
991 1341 1149 1397 idolis
1173 1337 1454 1395 immolare
1481 1337 1552 1393 sit
1581 1336 1785 1391 licitum
1804 1336 1835 1390 ?

245 1438 646 1506 Ediﬁcabitur.
683 1431 1176 1494 Corroborabitur,
1217 1428 1586 1484 suscitabitur.
1641 1426 1708 1480 Et
1740 1443 1831 1496 pe-

245 1529 368 1582 ribit
411 1527 672 1595 inﬁrmus.
717 1525 855 1579 Dum
903 1530 1092 1578 contra
1141 1520 1303 1576 ﬁdem
1354 1527 1411 1574 et
1445 1516 1829 1573 conscientiam

243 1616 554 1674 mandueat.
607 1614 775 1670 Omne
800 1623 978 1667 autem
998 1610 1137 1683 quod
1163 1625 1228 1665 ea:
1255 1609 1361 1678 ﬁde
1401 1624 1502 1663 non
1537 1616 1614 1661 est
1648 1624 1832 1678 pecce-

242 1723 349 1766 tum
373 1719 473 1764 est.
507 1707 576 1762 In
604 1716 696 1761 tua
724 1705 1062 1760 conscientia.
1099 1701 1233 1768 Quia
1258 1700 1488 1755 ﬁrmiter
1507 1699 1687 1754 credis
1715 1698 1831 1753 ido-

1925 521 2224 578 oﬁ'erebant
2251 521 2344 575 ﬁlii
2372 520 2537 576 lsrael
2564 521 2632 576 ad
2663 523 2939 592 templum,
2978 525 3032 579 hi
3073 526 3168 595 qui
3206 525 3260 582 in
3302 529 3502 596 templo

1927 623 2083 668 erant
2104 612 2520 667 manducabant.
2562 611 2629 665 Et
2650 614 2742 683 qui
2768 612 2929 668 altari
2953 614 3265 671 deserviunt.
3317 616 3372 672 id
3397 628 3499 682 est.

1926 703 2237 758 sacerdotes
2262 710 2317 757 et
2344 701 2539 756 levitas.
2582 698 2816 757 Gloriam
2844 720 3033 758 meam.
3085 703 3370 761 Praemium
3395 723 3503 778 quo

1927 792 2187 863 gloriatus
2210 807 2347 856 sum,
2384 807 2489 845 non
2513 793 2797 848 comedere
2819 794 2885 848 de
2912 796 3208 866 evangelio.
3250 798 3499 863 Euacuet,

1930 882 1987 938 Si
2022 882 2323 938 necessaria
2354 882 2641 938 ministret.
2683 880 2740 937 Si
2774 883 2910 938 enim
2938 885 3375 955 euangelizavero,
3399 905 3503 944 non

1927 983 1999 1028 est
2036 973 2162 1026 mihi
2195 972 2382 1044 gloria.
2424 972 2538 1028 lloe
2578 981 2680 1035 est,
2727 973 2773 1027 si
2812 974 3255 1045 evangelizavero
3298 986 3359 1032 ut
3399 979 3504 1034 ista

1928 1065 2060 1121 ﬁant
2084 1068 2138 1121 in
2160 1082 2263 1131 me,
2290 1068 2341 1122 id
2363 1076 2470 1132 est,
2492 1069 2534 1123 si
2557 1076 2839 1138 propterea
2866 1071 3327 1140 evangelizavero,
3352 1080 3413 1128 ut
3438 1071 3507 1127 ad
3560 1046 3567 1051 ⁸

1929 1156 2017 1212 illa
2042 1159 2377 1227 perveniam,
2403 1168 2460 1213 et
2484 1158 2643 1214 ﬁnem
2670 1159 2930 1228 evangelii
2956 1161 3009 1215 in
3033 1161 3178 1227 cibo,
3206 1170 3421 1232 etpotn,
3452 1170 3509 1217 et

1929 1249 2252 1304 vestimento
2275 1250 2545 1306 locavere.
2586 1249 2693 1306 Sed
2719 1265 2889 1321 quare
2912 1268 3016 1308 nou
3046 1262 3132 1309 est
3152 1253 3364 1325 gloria?
3400 1252 3509 1309 Ne-

1930 1342 2147 1397 cessitas
2186 1342 2323 1395 enim
2361 1342 2513 1408 mihi,
2550 1343 2745 1413 inquit,
2774 1344 3043 1399 incumbit.
3080 1344 3139 1400 ld
3165 1353 3265 1409 est,
3300 1352 3360 1401 ut
3388 1345 3510 1402 ideo

1931 1431 2317 1502 evangelicum.
2371 1428 2458 1485 Va:
2488 1433 2624 1486 enim
2652 1433 2798 1497 mihi,
2825 1434 3016 1502 inquit,
3047 1436 3092 1490 si
3115 1452 3219 1491 non
3249 1435 3516 1506 evangeli-

1931 1537 2136 1577 savero.
2175 1520 2282 1576 Sed
2327 1522 2595 1591 quomodo
2641 1522 2802 1578 debet
2846 1524 3260 1593 evangelizare?
3303 1526 3512 1583 scilicet

1931 1619 1993 1667 ut
2018 1613 2071 1667 in
2100 1613 2218 1682 ipso
2246 1611 2545 1682 evangelio,
2574 1621 2630 1667 et
2667 1612 2722 1666 in
2764 1627 2928 1681 regno
2966 1614 3061 1669 Dei
3099 1622 3266 1683 ponat
3300 1630 3510 1672 merce-

1934 1704 2058 1760 dem
2089 1723 2103 1759 :
2134 1705 2209 1759 ita
2236 1704 2379 1759 enim
2409 1711 2587 1773 potest
2612 1718 2716 1758 non
2744 1712 2965 1760 coactus
2995 1705 3383 1776 evangelizare,
3414 1707 3512 1763 sed

242 1803 352 1857 lum
384 1815 492 1856 non
524 1812 663 1853 esse.
710 1794 1073 1850 Percutientes
1097 1791 1466 1846 conscientiam
1487 1787 1832 1858 eoruminﬁr-

1944 1796 2137 1851 volens.
2186 1794 2248 1852 Si
2277 1796 2435 1860 enim,
2468 1796 2666 1864 inquit,
2690 1794 2867 1850 volens
2897 1797 2995 1851 hoc
3032 1797 3192 1867 facio,
3225 1799 3511 1854 mercedem

240 1911 406 1948 nam.
463 1890 715 1947 Nondum
733 1886 980 1985 validam
1017 1886 1071 1939 in
1105 1883 1211 1985 ﬁde
1247 1880 1496 1985 Chsisti.‘
1521 1879 1831 1985 Nominan-

1929 1888 2093 1942 Itabeo
2116 1902 2134 1939 .'
2153 1888 2198 1942 si
2229 1897 2412 1942 autem
2436 1888 2646 1950 invitus,
2683 1888 3004 1958 dispensatio
3035 1888 3163 1943 mihi
3189 1890 3387 1944 credita
3414 1899 3510 1946 est.

240 1985 448 2041 αισι,ρο
473 1999 687 2038 carnem
724 1983 779 2035 ίη
822 1988 1096 2035 mter-num.
1144 1978 1248 2032 Dat
1287 1972 1593 2043 eiemplum
1638 1972 1705 2027 de
1748 1986 1828 2038 se,
1924 1977 1987 2033 Id
2013 1988 2116 2043 εει,
2147 1978 2195 2033 si
2220 1988 2441 2034 coaetus
2479 1979 2659 2048 inepia
2702 1993 2890 2033 earum
2924 1994 3106 2033 rerum
3145 1995 3268 2050 quae
3306 1988 3516 2052 tempo-

240 2079 334 2134 sed
354 2087 545 2130 tamen
568 2074 712 2144 quod
732 2072 940 2127 licitum
960 2076 1081 2125 erat
1097 2081 1204 2123 non
1229 2064 1360 2121 facit
1378 2105 1394 2131 ,
1422 2079 1491 2119 ne
1520 2062 1643 2117 aliis
1665 2060 1835 2117 offen-

241 2169 485 2226 diculum
517 2167 738 2222 faceret.

861 2249 1087 2307 CAPUT
1134 2249 1229 2304 IX.

312 2347 441 2403 Non
467 2364 587 2403 sum
613 2344 784 2399 liber?
826 2342 988 2397 Liber
1007 2355 1126 2394 sum
1145 2338 1327 2393 omnia
1350 2334 1583 2390 visibilia
1610 2332 1834 2387 mandu-

243 2456 405 2505 care,
455 2440 585 2494 dum
634 2434 894 2505 apostolis
928 2431 1125 2486 dicitur
1155 2447 1169 2482 :
1196 2427 1513 2482 Manducale
1548 2440 1663 2496 quae
1692 2423 1833 2493 apud

241 2530 358 2583 illos
396 2535 542 2582 sunt.
592 2524 717 2579 Non
751 2540 866 2578 sum
908 2519 1218 2591 apostolus?
1256 2517 1328 2572 lta
1380 2515 1660 2587 legendum
1703 2522 1829 2568 est:

244 2616 496 2687 Nunquid
526 2631 637 2670 non
679 2630 796 2669 sum
836 2609 1148 2681 apostolus?
1188 2607 1355 2663 Suum
1389 2607 1497 2661 illis
1529 2604 1833 2675 exemplum

247 2708 507 2779 replicat,
562 2705 707 2774 quod
753 2718 878 2759 cum
918 2701 1193 2756 habuisset
1231 2698 1413 2753 omnia
1451 2697 1507 2751 in
1543 2702 1833 2764 potestate,

247 2798 478 2854 nutrierit
507 2794 692 2851 facere
722 2792 864 2863 quod
896 2792 972 2846 illi
998 2791 1222 2853 licebat,
1250 2796 1469 2858 propter
1496 2787 1725 2842 aliorum
1754 2800 1838 2840 sa-

246 2892 434 2947 lutem.
459 2890 609 2961 Opus
630 2902 825 2949 meum,
848 2884 902 2939 id
923 2893 1028 2948 est,
1051 2883 1385 2952 apostolatus
1405 2880 1508 2934 mei
1529 2894 1683 2949 opus.
1714 2877 1834 2931 Etsi

252 2982 367 3036 aliis
388 2999 492 3037 non
519 2996 638 3035 sum
667 2975 954 3049 apostolus.
1003 2973 1061 3028 ιιι
1092 2981 1197 3037 εει,
1227 2971 1444 3036 Judmis,
1471 2972 1535 3025 ad
1564 2985 1705 3039 quos
1728 2984 1835 3023 non

254 3088 367 3127 mm
390 3073 613 3134 missus,
640 3069 753 3124 sive
783 3066 995 3123 caeteris
1026 3064 1275 3136 gentibus
1305 3070 1500 3132 praeter
1525 3076 1639 3115 vos.
1692 3060 1835 3114 Nam

1934 2070 2065 2125 ralis
2096 2071 2219 2124 vita:
2244 2079 2389 2135 sunt,
2426 2069 2732 2125 necessario
2757 2069 2993 2140 praedico
3017 2070 3380 2141 evangelium,
3420 2071 3513 2127 alii

1931 2175 2029 2231 per
2058 2175 2144 2214 me
2172 2160 2374 2214 habent
2398 2159 2705 2213 mercedem
2737 2157 3037 2227 evangelii,
3062 2159 3154 2228 qui
3177 2160 3512 2231 evangelium

1933 2255 2109 2326 ipsum
2141 2270 2228 2311 me
2261 2255 2589 2325 praedicante
2626 2253 2855 2322 diligunt
2884 2270 2897 2306 :
2927 2267 3027 2324 ego
3059 2263 3239 2308 autem
3272 2268 3379 2310 non
3418 2255 3516 2310 ha-

1933 2349 2054 2413 beo,
2086 2348 2177 2418 qui
2214 2362 2319 2402 non
2352 2348 2525 2416 ipsum
2558 2345 2891 2415 evangelium
2917 2346 3104 2416 diligo,
3132 2347 3224 2401 sed
3251 2345 3369 2414 ejus
3396 2362 3518 2417 pre-

1935 2439 2070 2491 tium
2103 2437 2156 2490 in
2182 2435 2288 2490 illis
2312 2436 2644 2504 temporibus
2665 2435 3017 2489 constitutum
3035 2475 3057 2500 ,
3076 2436 3219 2505 quod
3255 2434 3409 2490 nefas
3436 2446 3520 2491 est

1935 2527 2071 2591 ﬁeri,
2107 2534 2168 2581 ut
2194 2542 2299 2580 non
2334 2535 2589 2595 tanquam
2618 2524 2760 2578 ﬁlius
2791 2525 3063 2582 ministret
3087 2526 3318 2595 quisque
3345 2542 3513 2582 evan-

1934 2619 2152 2690 gelium,
2178 2615 2273 2671 sed
2305 2625 2556 2684 tanquam
2582 2630 2793 2678 servus,
2825 2616 2911 2670 cui
2943 2616 3273 2684 dispensatio
3313 2616 3516 2671 credita

1935 2717 2012 2766 est
2034 2751 2048 2774 ,
2079 2717 2139 2763 ut
2170 2717 2427 2777 tauquam
2454 2704 2687 2760 alienum
2715 2714 2935 2776 eroget,
2968 2705 3101 2760 nihil
3137 2705 3262 2760 inde
3290 2706 3403 2775 ipse
3431 2720 3519 2761 ea-

1935 2802 2050 2872 piat
2082 2807 2280 2869 praeter
2314 2797 2541 2861 cibaria,
2573 2811 2692 2865 qua:
2716 2797 2783 2851 de
2808 2796 3220 2866 participatione
3247 2806 3522 2854 sustenta«

1935 2890 2115 2945 culum
2160 2889 2373 2943 miserre
2409 2887 2687 2942 servitutis
2725 2886 2922 2941 dantur
2954 2886 3313 2951 extrinsecus,
3353 2902 3519 2957 quan-

1936 2996 2099 3050 quam
2112 2979 2346 3033 alioloco
2369 2988 2423 3032 ct
2447 2978 2874 3047 dispensatorem
2897 2992 2954 3032 se
2980 2978 3141 3032 dicat.
3172 2977 3356 3034 Potest
3377 2979 3520 3034 enim

1935 3078 1993 3126 et
2018 3085 2208 3125 servus
2232 3069 2285 3123 in
2311 3068 2546 3123 ﬁliorum
2572 3082 2855 3122 numerum
2895 3067 3201 3136 adoptatus,
3230 3082 3349 3123 eam
3381 3082 3519 3134 rem,
3620 3120 3623 3125 .

254 3162 599 3233 signaculum.
644 3158 906 3214 Indicium
935 3154 1268 3225 apostolatus
1297 3160 1398 3217 est,
1433 3152 1576 3222 quod
1610 3167 1707 3206 vos
1742 3164 1839 3221 per

1944 3160 1996 3214 in
2021 3175 2125 3228 qua
2156 3157 2456 3213 colueredis
2485 3164 2689 3211 sortem
2714 3156 2935 3221 meruit,
2959 3156 3190 3211 ﬁdeliter
3213 3157 3523 3227 dispensare

253 3269 334 3307 ιιιε
367 3251 706 3314 credidistis,
749 3248 922 3319 signis
957 3254 1012 3301 et
1047 3243 1337 3299 virtutibus
1372 3242 1666 3312 provocati.
1719 3240 1841 3295 Hea

251 3342 502 3412 defensio.
546 3339 663 3395 Mea
690 3338 935 3393 defensio
960 3337 1101 3406 apud
1137 3334 1259 3390 illos
1285 3334 1377 3404 qui
1415 3334 1630 3388 dicent:
1656 3332 1842 3399 Qualis

251 3431 576 3495 estPaulus,
617 3439 801 3484 utrum
848 3426 1123 3497 apostolus
1160 3432 1263 3484 est.
1312 3438 1381 3477 an
1419 3424 1567 3478 non?
1616 3422 1716 3477 llic
1756 3436 1841 3477 re-

250 3523 607 3594 spondebitur
627 3521 772 3590 quod
798 3518 995 3574 Paulus
1027 3515 1303 3587 apostolus
1323 3514 1394 3570 sit
1415 3512 1837 3568 Corinthiorum.

255 3611 514 3682 idemid
542 3628 649 3666 non
673 3611 942 3665 habemus.
998 3607 1110 3678 Ego
1143 3613 1198 3661 et
1227 3603 1549 3659 Barnabas?
1602 3601 1844 3655 Potesta-

253 3720 372 3763 tem.
430 3707 602 3763 Nobis
629 3720 662 3758 a
689 3705 802 3759 Deo
831 3716 1162 3758 concessam.
1215 3696 1595 3753 Manducandi.
1643 3694 1719 3749 De
1748 3708 1841 3748 ve-

252 3800 401 3864 stris,
432 3807 495 3852 nt
523 3797 719 3868 dignus
740 3802 823 3849 est
843 3793 1122 3864 operarius
1144 3790 1393 3845 mercede
1414 3803 1532 3843 sua.
1571 3786 1839 3840 Mulieres.

254 3892 309 3948 la
353 3891 553 3946 Caeco
593 3901 812 3944 sorores
864 3882 1113 3957 [adcisa],
1160 3897 1266 3937 non
1314 3880 1570 3935 mulieres
1624 3877 1838 3947 legitur.

255 3979 718 4035 Circumducendi.
775 3976 883 4031 Per
938 3974 1245 4044 provincias
1289 3972 1357 4026 ad
1407 3968 1840 4024 ministrandum.

256 4072 409 4125 Sicut
440 4079 491 4124 et
532 4069 710 4123 atteri
754 4064 997 4137 apostoli.
1048 4062 1343 4119 Nonnullos
1385 4059 1702 4120 contemnit,
1748 4056 1845 4113 sed

254 4176 415 4215 mum
444 4160 545 4214 dat
576 4156 904 4225 exemplum.
940 4154 1020 4208 llli
1048 4153 1191 4209 enim
1223 4150 1553 4206 ﬁdelioribus
1583 4148 1844 4219 prcedica-

256 4251 510 4307 bant:et
540 4248 687 4320 apud
727 4246 927 4301 Judeos
963 4246 1182 4315 antiqua
1230 4242 1560 4299 consuetudo
1601 4249 1739 4307 erat,
1786 4247 1847 4295 ut

259 4346 572 4401 messaria
598 4342 914 4398 doctoribus
935 4357 966 4395 a
986 4338 1263 4410 discipulis
1290 4338 1675 4407 praeberentur,
1704 4334 1846 4404 quod

260 4446 448 4506 gentes
470 4434 658 4489 adhuc
685 4432 846 4485 rudes
870 4438 1079 4499 poterat
1100 4428 1488 4484 seandalizare.
1539 4425 1668 4491 Quis
1697 4423 1848 4495 plan-

261 4536 335 4579 tat
376 4538 614 4597 unquam
641 4523 668 4575 ?
699 4521 803 4575 Per
838 4522 1296 4589 comparationem
1342 4517 1513 4571 vineae
1558 4522 1615 4570 et
1652 4514 1848 4585 gregis,

263 4614 521 4685 populum
559 4612 676 4666 vult
712 4610 958 4680 intelligi,
1000 4610 1138 4673 sicut
1176 4609 1436 4678 scriptum
1472 4612 1601 4661 est:
1642 4603 1853 4659 Vineam

266 4705 328 4758 de
362 4704 599 4774 κεσῃριο
620 4700 936 4756 transtulisti
967 4698 1135 4771 (Psal.
1163 4697 1350 4769 LXXIX)
1376 4716 1389 4751 :
1416 4697 1481 4751 Et
1507 4713 1520 4749 :
1550 4696 1693 4749 Dabo
1716 4694 1856 4750 vobis

267 4806 503 4864 patares
541 4792 834 4847 secundum
863 4807 956 4845 cor
992 4806 1162 4844 meum
1190 4788 1323 4861 (Jer.
1357 4785 1461 4855 ιιι).
1518 4785 1640 4840 Non
1668 4784 1860 4855 alliga-

270 4889 344 4942 δίε
364 4905 445 4941 os.
490 4886 611 4942 Hoc
637 4896 754 4950 est,
787 4899 892 4939 non
924 4882 1139 4938 fraudes
1167 4881 1440 4936 doctorem
1470 4879 1591 4934 cibo
1616 4886 1671 4933 et
1693 4877 1864 4933 vesti-

268 4988 477 5033 muto.
530 4975 663 5031 Bovi
690 4974 960 5029 tfituranti
995 4973 1172 5044 (Deut.
1208 4969 1355 5044 xxv).
1402 4970 1457 5024 ld
1499 4976 1608 5035 est,
1646 4968 1856 5024 doctori

269 5070 520 5123 triticum
557 5068 816 5122 virtutum
841 5080 872 5117 a
903 5063 1054 5133 palea
1093 5064 1345 5117 vitiorum
1381 5059 1675 5131 separanti.
1722 5058 1863 5123 Quo-

270 5164 417 5215 tiens
444 5161 502 5214 in
522 5175 629 5228 spe.
668 5159 837 5213 Debet
854 5156 1083 5211 fructum
1106 5154 1303 5209 laboris
1323 5168 1561 5221 sperare.
1596 5149 1697 5216 Qui
1719 5157 1857 5204 arat.

268 5250 325 5307 Id
363 5258 475 5313 est,
516 5250 792 5319 praedicat.
834 5246 896 5303 Si
942 5246 1036 5300 alii
1068 5245 1337 5315 potestatis
1368 5253 1550 5298 uestra!
1586 5242 1863 5312 participes

264 5351 415 5397 aut.
451 5335 914 5408 Pseudoapostoli.
938 5335 1029 5405 qui
1056 5333 1188 5389 nihil
1212 5333 1459 5387 utilitatis
1477 5332 1861 5401 praestiterant.

266 5432 357 5487 Ne
394 5430 545 5503 quod
586 5426 963 5499 oﬂ'endiculum
999 5426 1179 5481 demus
1225 5423 1487 5494 evangelio
1520 5422 1731 5477 Christi.
1787 5419 1865 5475 Ne

261 5540 371 5595 per
420 5537 523 5579 nos
564 5518 1033 5593 pseudoapostolis
1072 5518 1288 5575 occasio
1333 5516 1641 5587 cupiditatis
1682 5514 1862 5580 detur,

262 5631 365 5677 aut
389 5636 463 5677 ne
491 5620 591 5675 alii
614 5620 821 5682 dicant,
851 5616 995 5687 quod
1030 5629 1190 5670 causa
1229 5612 1469 5667 avaritia:
1509 5610 1865 5681 praedicemus

258 5712 621 5780 evangelium
662 5708 889 5767 Christi.
938 5705 1002 5760 In
1036 5705 1288 5760 sacrario.
1334 5704 1391 5757 In
1426 5703 1645 5773 templo,
1683 5699 1769 5755 vel
1806 5699 1860 5753 in

1938 3256 2292 3327 participibus
2313 3254 2445 3309 suis.
2489 3252 2597 3307 Sed
2623 3268 2766 3307 nunc
2789 3252 2882 3307 ubi
2907 3252 3021 3307 ait.:
3046 3251 3377 3323 Dispensatio
3398 3251 3524 3305 milii

1941 3346 2139 3401 credita
2167 3354 2266 3410 est,
2299 3344 2459 3400 talem
2482 3343 2938 3412 dispensationem
2961 3342 3188 3414 intelligi
3218 3342 3406 3406 voluit,
3434 3340 3524 3410 qui

1942 3439 2177 3495 alienum
2208 3439 2517 3507 dispensat,
2549 3436 2692 3491 unde
2718 3436 2833 3506 ipse
2859 3436 2995 3490 nihil
3026 3436 3277 3504 accipiat.
3325 3432 3394 3487 Ut
3425 3449 3527 3486 non

1942 3529 2134 3583 abutar
2163 3537 2417 3599 potestate
2447 3543 2583 3580 mea.
2613 3524 2762 3590 Sive,
2785 3541 2854 3580 ne
2882 3536 3005 3579 utar
3033 3531 3297 3594 potestate
3315 3523 3409 3592 qui
3431 3535 3523 3576 ac-

1942 3620 2060 3690 cepi
2087 3619 2268 3674 vivere
2296 3617 2364 3672 de
2385 3615 2564 3671 fructu
2587 3615 2875 3685 evangelii,
2906 3614 3020 3669 sive
3043 3613 3167 3669 dum
3192 3611 3412 3667 voluero
3437 3623 3530 3664 ac-

1943 3710 2143 3779 cipere,
2172 3708 2332 3761 vilem
2362 3707 2557 3760 faciam
2585 3711 2906 3774 potestatem
2929 3718 3127 3765 meam,
3157 3716 3277 3756 eum
3308 3708 3528 3770 propter

1940 3809 2187 3854 ventrem
2209 3798 2404 3852 docere
2429 3795 2731 3850 existimor.
2784 3791 2929 3846 Nam
2951 3807 3070 3845 cum
3099 3791 3230 3847 liber
3254 3807 3438 3846 essem.
3470 3789 3530 3848 Id

1943 3899 2045 3955 est,
2086 3889 2232 3943 licita
2278 3885 2489 3942 edendo
2526 3892 2747 3955 propter
2785 3883 3108 3938 doctrinam.
3156 3882 3233 3938 Ab
3266 3882 3527 3939 omnibus.

1942 3980 2000 4035 Id
2022 3986 2130 4044 est,
2154 3976 2586 4032 necessitatibus.
2630 3970 2879 4028 Omnium
2901 3989 2982 4027 me
3004 3990 3206 4028 servum
3243 3972 3362 4042 feci.
3405 3972 3528 4029 0m-

1942 4072 2103 4126 nibus
2145 4081 2459 4138 compassus
2506 4080 2646 4120 sum.
2698 4062 2767 4117 Et
2816 4062 2988 4130 {actus
3026 4079 3143 4118 sum
3183 4062 3390 4118 Judwis
3432 4060 3531 4118 Ju-

1944 4161 2109 4215 ὀίεαι.
2145 4155 2591 4214 Circumcidenda
2613 4155 2819 4210 scilicet
2841 4152 3203 4219 Timotheum,
3225 4151 3368 4223 quod
3393 4160 3524 4208 tem-

1944 4268 2075 4325 pore
2101 4250 2288 4322 gratiae
2316 4248 2525 4303 sciebat
2544 4261 2665 4302 esse
2687 4244 3035 4314 superﬂuum.

2021 4341 2292 4412 Tanquam
2324 4339 2418 4394 sub
2456 4337 2565 4407 lege
2602 4351 2787 4391 essem.
2827 4334 2884 4389 ιιι
2919 4340 3022 4399 εει,
3071 4340 3234 4401 caput
3270 4332 3532 4398 radendo,

1950 4444 2006 4490 et
2024 4430 2365 4503 puriﬁcando
2385 4444 2444 4484 se
2466 4429 2519 4483 in
2545 4427 2760 4497 templo.
2801 4425 3071 4496 Tanquam
3091 4425 3202 4479 sine
3222 4422 3332 4495 lege
3345 4439 3529 4478 essem.

1955 4526 2091 4592 Quia
2124 4539 2232 4578 non
2260 4531 2373 4576 tam
2401 4519 2663 4590 legalibus
2685 4516 2946 4572 doctrinis
2985 4530 3145 4584 quam
3182 4511 3534 4569 rationalibus

1956 4614 2288 4688 argumentis
2318 4613 2437 4667 illos
2467 4611 2533 4665 ad
2567 4609 2690 4664 lidei
2727 4606 3099 4663 credulitatem
3138 4604 3493 4674 provocabam
3513 4642 3529 4669 ,

1956 4708 2099 4762 sicut
2123 4705 2254 4759 dicit
2282 4702 2334 4756 in
2362 4700 2588 4755 Actibus
2619 4696 2984 4767 apostolorum
3010 4712 3024 4747 :
3053 4693 3279 4748 Circuivi
3305 4706 3426 4746 aras
3450 4705 3537 4744 ve-

1956 4810 2117 4865 stras,
2139 4806 2187 4853 et
2210 4795 2379 4852 inveni
2401 4809 2550 4848 aram
2572 4793 2626 4846 in
2647 4807 2750 4861 qua
2776 4790 3023 4859 scriptum
3042 4795 3154 4841 erat
3176 4802 3193 4838 :
3216 4783 3404 4853 Ignoto
3424 4779 3534 4843 Deo

1961 4890 2101 4960 (Act.
2125 4886 2283 4959 xvu).
2323 4885 2565 4953 Cumque
2597 4883 2663 4937 de
2695 4896 2880 4937 eorum
2918 4875 3297 4947 superstitione
3333 4887 3537 4927 sermo-

1956 4997 2080 5038 nem
2110 4979 2300 5034 fuisset
2322 4976 2548 5037 orditus,
2583 4983 2837 5041 tanquam
2863 4976 2917 5024 et
2944 4968 3057 5037 ipse
3079 4965 3197 5018 sine
3226 4962 3339 5033 lege
3367 4970 3533 5025 esset,

1958 5071 2061 5126 sub
2086 5067 2369 5123 occasione
2399 5060 2609 5133 profani
2635 5060 2775 5114 illius
2806 5055 2945 5110 tituli
2973 5052 3134 5107 ﬁdem
3165 5050 3366 5107 Christi
3394 5049 3537 5104 intu-

1958 5160 2041 5226 lit,
2084 5160 2305 5213 dicens:
2332 5153 2485 5220 Quod
2514 5152 2813 5221 ignorantes
2847 5162 2934 5200 vos
2974 5143 3165 5208 colitis,
3190 5144 3287 5196 hoc
3314 5156 3406 5212 ego
3437 5156 3536 5194 an-

1964 5250 2146 5303 nuntio
2170 5247 2333 5301 vobis.
2374 5243 2440 5297 Et
2468 5248 2588 5311 post
2615 5250 2806 5308 pauca,
2842 5234 2991 5289 velut
3008 5234 3053 5288 si
3075 5234 3267 5289 divina:
3287 5231 3421 5301 legis
3443 5242 3542 5299 pe-

1965 5339 2113 5393 nitus
2151 5347 2296 5390 esset
2344 5333 2585 5401 ignarus,
2632 5325 2848 5397 gentilis
2891 5332 3064 5396 poeta:
3102 5336 3318 5378 versum
3362 5317 3542 5389 potius

1964 5440 2127 5496 quam
2159 5423 2325 5492 Moysi
2352 5429 2446 5474 aut
2468 5415 2670 5473 Christi
2694 5414 2882 5470 maluit
2910 5412 3153 5484 proferre
3179 5407 3535 5493 sententiam;

1966 5486 2035 5573 lit
2057 5517 2134 5572 sic
2152 5486 2388 5585 quidam,
2431 5509 2711 5579 inquiens,
2747 5517 3031 5562 vestrorum
3059 5511 3330 5575 poetarum
3361 5500 3494 5556 dixit
3524 5486 3539 5551 ἑ

1964 5607 2144 5677 Ipsius
2164 5603 2300 5658 enim
2323 5616 2485 5673 genus
2508 5614 2708 5654 sumus.

2038 5694 2237 5751 Factus
2264 5709 2374 5749 sum
2403 5689 2623 5757 inﬁrmis
2654 5687 2912 5748 inﬁrmas.
2953 5685 3148 5741 Diccns
3174 5683 3240 5739 de
3271 5679 3533 5737 matrimo-
