3974 6202
527 338 665 409 in

1905 336 2170 396 SEDULII
2210 337 2403 395 SCOTI
3640 346 3726 403 us

466 504 475 523 ,
526 457 639 521 nio,
682 452 974 509 revertitur
1010 451 1064 505 in
1103 451 1365 520 idipsum;
1397 458 1451 503 et
1489 452 1566 505 sic
1597 458 1817 520 propter
1850 451 2093 509 inﬁrmos
2121 459 2172 519 Α
2200 453 2382 525 Neque
2399 464 2652 510 tentemus
2673 456 2975 512 Dominum.
3009 460 3256 515 Dicentes
3283 478 3295 514 :
3326 461 3575 531 Nunquid
3592 473 3728 533 potest

524 545 671 599 ulera
695 541 1032 605 manducavi,
1054 555 1175 594 cum
1197 541 1395 610 possim
1417 555 1639 596 securus
1658 541 1913 597 carnibus
1930 544 2092 597 vesci.

526 635 720 687 Omnia
767 631 1003 686 omnibus
1038 630 1210 701 factus
1258 646 1395 684 sum.
1442 630 1523 686 Ac
1563 632 1609 687 si
1651 631 1857 687 diceret
1886 650 1903 685 :
1931 632 2001 688 Ut
2041 633 2097 687 in

526 722 676 776 brevi
717 720 1165 790 comprehendam
1204 719 1349 791 quod
1378 736 1478 790 per
1508 729 1693 791 partes
1722 721 1857 787 dixi,
1904 722 2097 778 Omnia

525 813 760 867 omnibus
808 814 981 883 factus
1027 830 1164 877 sum,
1218 828 1326 868 non
1373 814 1683 869 mentientis
1729 816 1947 880 astutia,
2001 816 2097 870 sed

524 903 903 973 commtientis
932 902 1155 967 affectu;
1180 901 1235 956 id
1261 912 1364 967 est,
1402 918 1508 957 non
1538 904 1716 957 omnia
1750 904 1891 957 mala
1924 905 2096 959 homi—

523 1011 654 1048 num
697 994 961 1049 fallaciter
994 994 1218 1064 agendo,
1258 994 1353 1051 sed
1391 994 1619 1050 aliorum
1653 996 1808 1050 malis
1840 1004 2095 1066 tanquam

525 1086 570 1139 si
606 1100 701 1139 sua
729 1094 931 1148 essent,
958 1083 1367 1139 misericordem
1387 1084 1706 1139 medicinam
1734 1085 2090 1154 procurando,

527 1174 644 1229 hinc
668 1174 791 1229 aliis
815 1173 1019 1228 faciens
1044 1188 1166 1243 quae
1197 1174 1299 1228 sibi
1329 1174 1396 1228 ab
1422 1174 1543 1228 aliis
1568 1173 1683 1227 ﬁeri
1710 1174 1890 1240 vellet,
1918 1175 1964 1228 si
1992 1176 2096 1228 hoc

523 1266 601 1321 illi
637 1281 772 1338 opus
802 1274 965 1320 esset.
1005 1263 1076 1318 Ut
1103 1265 1361 1335 particeps
1402 1264 1535 1334 ejus.
1583 1264 1640 1318 Id
1679 1273 1786 1329 est,
1830 1265 2095 1319 mercedis

520 1358 639 1426 ejus
663 1356 883 1413 eﬂiciar.
926 1356 1155 1411 Nescitis
1189 1355 1328 1425 quod
1360 1354 1415 1407 hi
1443 1354 1534 1423 qui
1563 1354 1621 1406 in
1656 1353 1825 1406 stadio
1855 1364 2090 1407 currunt.

523 1450 769 1506 Stadium
805 1457 892 1505 est
923 1457 1114 1504 octava
1150 1463 1280 1516 pars
1329 1445 1587 1511 milliarii,
1629 1445 1731 1499 125
1768 1461 1958 1516 passus
1996 1448 2095 1500 ha-

518 1540 654 1594 bens
683 1557 696 1593 :
720 1552 913 1608 passus
945 1551 1077 1592 vero
1104 1536 1343 1605 quinque
1371 1533 1532 1588 habet
1556 1533 1740 1603 pedes.
1785 1532 1885 1587 Hic
1915 1542 2094 1588 autem

519 1628 697 1682 stadio
715 1641 930 1683 cursum
948 1625 1173 1697 justitize
1196 1623 1282 1679 vel
1308 1622 1428 1678 fidei
1455 1622 1803 1690 comparavit.
1841 1621 2093 1677 Bravium

517 1726 602 1773 est
624 1718 823 1772 lamina
850 1723 1104 1785 argentea
1125 1716 1192 1771 ad
1210 1714 1405 1784 palma:
1423 1727 1755 1779 mensuram,
1778 1728 1897 1781 qua:
1916 1728 1947 1767 a
1965 1728 2092 1785 rege

2197 542 2340 599 Deus
2359 563 2548 616 parare
2573 564 2804 603 mensam
2838 549 2891 602 in
2918 549 3119 604 deserto
3146 548 3315 623 (Psal.
3354 547 3581 625 Lxxn)?
3611 553 3667 607 Et
3699 573 3728 609 a

2196 635 2517 703 serpentibus
2556 639 2838 707 perierunt.
2891 637 3114 708 Propter
3152 655 3285 708 quos
3324 656 3505 696 aeneus
3539 657 3731 712 serpens

2197 719 2371 777 factus
2399 732 2501 777 est.
2544 724 2725 794 Neque
2745 730 3208 784 murmuraveritis.
3248 731 3305 785 In
3329 732 3731 789 tribulationibus

2195 827 2294 882 pro
2333 812 2567 869 Christo.
2612 816 2689 869 Ab
2736 819 3150 874 exterminatore.
3200 821 3256 875 Id
3299 830 3417 888 est,
3463 824 3529 877 ab
3570 825 3733 893 angelo

2195 904 2528 971 percutiente
2563 919 2657 959 eos
2693 906 2749 960 in
2786 909 3042 962 extremis
3077 912 3272 965 castris
3307 925 3405 979 per
3438 914 3626 983 ignem,
3656 915 3732 968 cui

2194 990 2365 1060 plaga:
2378 997 2650 1049 succurrit
2662 995 2840 1051 Aaron
2861 1014 2985 1053 cum
3006 1001 3277 1056 thuribulo
3297 1002 3525 1059 oﬂ'erens
3538 1020 3626 1074 pro
3643 1007 3730 1061 eis.

2264 1081 2346 1134 Ad
2375 1084 2741 1138 correctionem
2770 1096 3024 1141 nostram.
3071 1088 3125 1143 Si
3156 1090 3298 1144 enim
3324 1092 3556 1161 parvulis
3585 1093 3736 1148 adhuc

2194 1177 2246 1224 et
2260 1171 2482 1226 rudibus
2494 1186 2599 1226 non
2614 1177 2870 1243 pepercit,
2886 1187 3088 1246 quanto
3099 1182 3269 1252 magis
3282 1182 3435 1237 nobis
3452 1224 3464 1245 ,
3484 1184 3571 1253 qui
3587 1184 3736 1254 legem

2192 1261 2535 1330 perfectionis
2572 1267 2879 1336 accepimus
2919 1284 3025 1322 non
3069 1279 3274 1339 parcet,
3312 1273 3359 1327 si
3401 1273 3529 1327 talia
3569 1273 3737 1329 feceri-

2194 1354 2356 1405 mus?
2383 1352 2448 1407 In
2471 1371 2598 1424 quos
2626 1355 2746 1423 ﬁnis
2766 1357 3075 1412 sazculorum
3098 1361 3316 1416 devenit.
3345 1363 3403 1418 Id
3427 1372 3525 1427 est,
3554 1365 3602 1419 in
3621 1382 3739 1436 quos

2194 1448 2306 1495 tota
2327 1444 2584 1511 perfectio
2613 1453 2909 1514 temporum
2938 1450 3103 1515 cadit,
3133 1451 3217 1504 vel
3244 1453 3333 1520 qui
3362 1468 3549 1509 sumus
3577 1454 3622 1508 in
3645 1454 3741 1511 line

2193 1534 2396 1588 saeculi.
2433 1535 2621 1601 Itaque
2637 1538 2728 1607 qui
2743 1555 2797 1592 se
2821 1541 3081 1594 existimat
3095 1551 3251 1597 stare.
3286 1544 3344 1598 Id
3362 1554 3466 1611 est,
3491 1544 3610 1601 forti
3627 1562 3740 1602 con-

2193 1625 2419 1680 scientia
2464 1628 2840 1683 manducando
2892 1630 3190 1704 idolothyta
3214 1675 3229 1699 ,
3277 1650 3420 1690 nunc
3458 1636 3634 1706 incipit
3666 1654 3744 1694 re-

2192 1716 2331 1771 verti
2361 1716 2430 1770 ad
2465 1720 2765 1786 superiora.
2811 1718 2992 1774 Videat
3022 1739 3084 1776 ne
3114 1725 3288 1778 cadat.
3330 1725 3644 1784 Offendendo
3670 1731 3746 1784 in-

516 1810 778 1865 militibus
820 1809 980 1864 datur
1008 1827 1021 1863 :
1048 1818 1105 1862 et
1140 1814 1224 1862 est
1263 1820 1442 1861 sermo
1473 1803 1713 1859 Grzeeus.
1751 1803 1842 1858 Sic
1877 1806 2087 1859 currite.
2119 1812 2167 1872 Β
2196 1804 2431 1860 ﬁrmum.
2475 1806 2712 1862 Tentatio
2738 1826 2825 1864 vos
2854 1827 2959 1865 non
2992 1814 3347 1883 apprehendit,
3380 1819 3481 1873 nisi
3510 1820 3744 1876 humana.

518 1901 621 1955 Per
634 1902 775 1955 viam
800 1900 1176 1956 mandatorum
1200 1899 1255 1953 in
1278 1896 1622 1962 abstinentia,
1648 1896 1964 1966 ueterisque
1981 1897 2093 1952 vir-

520 1991 741 2057 tutibus,
769 1991 909 2046 sicut
931 1991 985 2045 in
1015 1991 1227 2047 theatro
1251 1988 1466 2058 quidem
1497 2002 1684 2043 omnes
1709 1998 1957 2055 currunt,
1995 1989 2091 2045 sed

518 2098 656 2137 unus
701 2083 896 2153 accipit
944 2081 1196 2152 palmam.
1248 2080 1545 2136 Curramus
1585 2080 1856 2135 credendo
1885 2121 1900 2146 ,
1958 2095 2083 2151 spe—

519 2173 709 2239 rando,
734 2171 1112 2238 desiderando,
1153 2187 1352 2241 corpus
1382 2171 1714 2241 castigando.
1758 2170 1825 2226 Ut
1861 2189 2093 2242 compre-

518 2262 782 2317 hendatis.
818 2262 1083 2319 Coronam
1118 2263 1243 2318 vita:
1268 2270 1502 2329 tetemm,
1539 2262 1608 2316 de
1642 2277 1747 2331 qua
1776 2262 1888 2332 ipse
1915 2261 2045 2317 dicit
2074 2280 2087 2315 :

522 2353 765 2426 Reposita
789 2364 865 2409 est
890 2355 1017 2410 mihi
1039 2365 1231 2408 corona
1248 2353 1490 2424 justitiaa.
1536 2351 1658 2407 Non
1680 2355 1831 2424 quasi
1850 2354 1904 2407 in
1926 2352 2093 2407 incer-

518 2454 645 2497 tum.
682 2443 801 2498 Non
825 2445 967 2498 enim
998 2444 1054 2498 in
1090 2444 1354 2498 incertum
1385 2443 1579 2509 currit,
1605 2444 1695 2512 qui
1722 2444 1788 2498 ad
1814 2443 2090 2498 ctelestem

520 2535 945 2607 Hierosolymam
988 2536 1224 2593 festinat.
1280 2537 1547 2592 Incertum
1594 2552 1724 2593 vero
1760 2545 1863 2604 est,
1907 2539 1997 2609 qui
2038 2539 2093 2594 in

518 2629 695 2684 stadio
727 2635 976 2694 currunt,
1010 2636 1193 2683 utrum
1229 2629 1533 2700 percipiant
1562 2629 1814 2697 palmam,
1853 2645 1920 2684 an
1961 2644 2087 2684 non.

519 2719 641 2774 Non
651 2721 934 2789 quasiaera
947 2719 1170 2774 credens.
1191 2719 1415 2786 Hocest,
1435 2735 1539 2774 non
1556 2720 1738 2774 inania
1749 2727 2088 2785 consectans,

515 2810 655 2866 sicut
666 2811 758 2881 qui
771 2812 826 2866 in
838 2826 1009 2881 agone
1024 2812 1319 2876 contendit,
1334 2827 1515 2868 aerem
1528 2812 1773 2867 verberat
1788 2812 1928 2868 telis.

1124 2902 1349 2958 CAPUT
1402 2903 1468 2957 Χ.

588 2992 728 3047 Nolo
770 2994 907 3047 enim
958 3010 1045 3048 vos
1091 2996 1353 3065 ignorare,
1406 2994 1619 3063 fratres.
1665 2995 1764 3050 Hic
1813 3004 2090 3065 comparat

514 3080 650 3135 duas
673 3081 879 3151 plebes,
913 3081 1124 3138 Veteris
1147 3083 1394 3139 videlicet
1417 3092 1472 3139 et
1492 3084 1625 3139 Novi
1652 3085 2006 3151 Testamenti,
2035 3096 2091 3142 et

2189 1896 2248 1951 Id
2280 1905 2387 1964 est,
2427 1913 2549 1968 quae
2588 1914 2687 1969 per
2723 1900 3094 1971 fragilitatem,
3137 1914 3193 1960 et
3234 1907 3571 1965 inscientiam
3593 1912 3666 1979 Iit,
3695 1924 3750 1970 et

2190 2000 2299 2041 non
2319 2001 2386 2041 ex
2410 1988 2636 2043 consilio
2664 1997 2720 2043 et
2743 1994 3147 2060 perseverantia
3172 2014 3187 2051 :
3212 1997 3500 2055 humanum
3520 2012 3596 2057 est
3611 2005 3749 2060 enim

2190 2091 2437 2148 peccare,
2477 2080 2798 2136 diabolicum
2833 2091 2916 2139 est
2942 2100 3308 2155 perseverare.
3341 2092 3548 2148 Aliter:
3576 2093 3751 2150 Tenta-

2191 2170 2263 2225 tio
2300 2187 2387 2225 vos
2426 2188 2530 2226 non
2567 2175 2901 2244 apprehendit
2943 2178 3044 2230 nisi
3078 2179 3328 2238 humana.
3367 2184 3571 2240 Dicitur
3600 2190 3752 2246 nobis

2189 2273 2423 2328 pugnam
2454 2261 2635 2316 carnis
2677 2279 2784 2318 non
2817 2266 3206 2323 sustinentibus
3233 2286 3330 2340 per
3353 2271 3568 2330 beatum
3608 2277 3750 2347 Apo—

2191 2349 2410 2415 stolum,
2452 2366 2575 2405 cum
2615 2353 2702 2407 his
2738 2355 2881 2410 inter
2916 2372 3052 2425 quos
3084 2356 3368 2416 fornicatio
3406 2366 3704 2422 nominatur
3733 2388 3748 2423 :

2193 2435 2433 2494 Tentatio
2455 2456 2544 2494 vos
2572 2457 2675 2496 non
2701 2445 3037 2513 apprehendit
3066 2448 3167 2502 nisi
3192 2449 3419 2505 humana
3442 2467 3460 2504 :
3480 2470 3583 2509 non
3610 2458 3753 2514 enim

2190 2542 2462 2583 meremur
2487 2532 2684 2585 mentis
2709 2533 2902 2588 robore
2923 2539 3226 2605 conquisito
3250 2542 3523 2611 graviores
3554 2561 3757 2617 pugnas

2189 2621 2549 2691 nequitiarum
2589 2623 2890 2680 caelestium
2930 2631 3184 2698 experiri,
3225 2634 3317 2700 qui
3354 2649 3569 2690 carnem
3597 2636 3761 2710 fragi-

2189 2710 2299 2766 lem'
2320 2712 2661 2770 resistentem
2687 2717 2901 2785 spiritui
2929 2727 3115 2775 nostro
3141 2722 3430 2795 subjugare
3450 2743 3554 2782 non
3586 2730 3760 2799 quivi-

2188 2819 2331 2860 mus.
2379 2805 2533 2872 Quod
2569 2806 2811 2876 Apostoli
2851 2812 3216 2868 testimonium
3262 2832 3368 2872 non
3412 2820 3764 2890 intelligentes

2188 2891 2408 2961 quidam
2431 2904 2727 2964 posuerunt
2752 2912 2851 2966 pro
2880 2899 3172 2958 indicativo
3197 2907 3490 2975 Optativum
3521 2910 3759 2978 modum,

2189 2980 2245 3036 id
2283 2992 2388 3047 est,
2436 2986 2652 3039 tentatio
2694 3003 2785 3041 vos
2830 3005 2935 3042 non
2971 2994 3320 3061 apprehendat
3367 3000 3467 3052 nisi
3509 3007 3760 3068 humana,

2190 3072 2332 3140 quod
2368 3073 2436 3127 ab
2469 3073 2585 3143 ipso
2616 3074 2718 3128 dici
2749 3076 3090 3133 manifestum
3123 3090 3221 3145 est,
3251 3099 3359 3139 non
3385 3089 3639 3154 Optantis,
3662 3091 3763 3143 sed

513 3171 761 3241 exemplo
800 3172 1001 3241 prioris
1042 3180 1213 3228 terret
1258 3175 1549 3230 secundum
1603 3177 1875 3245 populum.
1935 3177 2089 3243 Quod
2116 3160 2160 3221 C
2190 3167 2608 3236 pronuntiantis,
2632 3167 2716 3221 vel
2743 3171 3140 3239 exprobrantis,
3177 3174 3390 3231 affectu.
3432 3177 3628 3234 Fidelis
3665 3198 3769 3233 au-

515 3272 690 3332 patres
719 3264 880 3317 nostri
903 3279 1077 3318 omnes
1105 3263 1199 3318 sub
1234 3264 1367 3319 nube
1390 3264 1621 3332 fuerunt.
1653 3266 1778 3321 Ideo
1806 3266 1909 3321 hoc
1938 3266 2089 3331 dicit,

515 3368 586 3407 ne
619 3354 741 3423 quis
764 3354 996 3409 confidat
1026 3356 1080 3410 in
1112 3372 1178 3411 eo
1205 3356 1318 3411 solo
1347 3357 1491 3426 quod
1522 3357 1823 3426 baptizatus
1854 3368 1956 3423 est,
2000 3367 2092 3414 aut

515 3444 571 3499 in
612 3460 734 3499 esea
777 3445 1041 3514 spirituali
1066 3486 1081 3511 ,
1111 3454 1206 3501 aut
1224 3456 1373 3516 potu,
1399 3455 1454 3502 et
1473 3456 1625 3517 putet
1645 3448 1746 3503 sibi
1776 3449 1943 3503 Deum
1968 3465 2092 3520 par-

516 3549 665 3599 cere,
692 3534 737 3588 si
764 3534 1112 3591 criminosum
1148 3536 1347 3606 aliquid
1376 3538 1728 3592 commiserit.
1765 3537 1955 3593 Aliter.
1987 3539 2090 3593 Pa-

515 3625 681 3678 trium
716 3625 978 3694 promittit
1014 3627 1339 3697 exemplum,
1379 3636 1506 3682 tune
1540 3628 1643 3684 ista
1676 3629 1871 3684 merito
1910 3631 2091 3700 profu-

515 3726 658 3782 tura,
685 3718 729 3771 si
757 3726 1025 3788 przecepta
1053 3726 1415 3774 servarentur.
1458 3719 1610 3776 Sicut
1642 3721 1785 3775 enim
1821 3722 1895 3776 de
1920 3720 2089 3792 Egy-

522 3821 617 3881 pto
653 3827 684 3865 a
721 3814 981 3869 servitute
1009 3813 1307 3871 Pharaonis
1340 3814 1505 3871 Israel
1543 3814 1803 3870 liberatus
1841 3824 1945 3879 est,
1992 3815 2092 3870 sub

522 3902 666 3956 nube
689 3909 744 3955 et
771 3903 823 3956 in
858 3903 1037 3974 Moyse
1061 3904 1364 3974 baptizatus
1390 3914 1493 3971 est,
1522 3921 1586 3961 ac
1612 3907 1665 3959 in
1694 3906 1967 3961 desertum
1997 3921 2092 3961 ve-

516 3995 617 4056 nit,
652 3994 729 4048 sic
768 4009 866 4048 nos
894 4011 924 4047 a
962 3994 1204 4048 tenebris
1239 4003 1581 4063 peccatorum
1615 3997 1825 4050 liberati
1861 4013 1891 4050 a
1933 3998 2095 4051 servi-

517 4093 636 4137 tute
662 4082 924 4145 venimus,
957 4088 1121 4150 atque
1145 4083 1245 4135 sub
1275 4084 1435 4147 nube,
1468 4084 1572 4137 hoc
1599 4092 1703 4148 est,
1728 4084 1911 4139 divino
1936 4086 2091 4140 auxi--

515 4172 592 4226 lio
618 4186 821 4226 sumus.
852 4170 920 4224 Et
946 4186 1122 4225 omnes
1148 4172 1205 4225 in
1238 4169 1461 4242 Moyses
1485 4171 1541 4225 ld
1575 4180 1677 4236 est,
1720 4172 1773 4227 in
1804 4174 1998 4229 merito
2039 4184 2093 4230 et

517 4272 786 4335 potestate
817 4263 1003 4334 Moysi,
1031 4263 1257 4333 mystice
1282 4263 1333 4317 in
1362 4262 1596 4319 Christo.

588 4354 853 4424 Baptizati
881 4361 1001 4408 sunt
1030 4353 1084 4405 in
1115 4352 1266 4406 nube.
1307 4352 1571 4422 Baptizati
1613 4361 1739 4408 sunt
1772 4352 2087 4424 figuraliter,

519 4446 645 4514 quia
678 4444 844 4499 nubes
876 4443 1150 4512 proprium
1189 4442 1467 4497 humorem
1507 4443 1788 4512 portabat;
1817 4445 2082 4514 mystice:

516 4539 575 4589 in
597 4535 747 4599 nube,
778 4533 831 4587 id
855 4541 937 4588 est
958 4534 1010 4587 in
1035 4532 1236 4603 Spiritu
1267 4540 1471 4587 sancto.
1509 4533 1577 4587 Et
1599 4533 1653 4588 in
1673 4534 1827 4588 muri.
1869 4534 2089 4606 Mystice

518 4630 575 4683 in
614 4627 898 4696 baptismo.
941 4623 1134 4679 Escam
1166 4624 1509 4693 spiritnulem.
1543 4623 1668 4680 Ideo
1697 4641 1891 4681 manna
1926 4628 2089 4696 spiri-

517 4721 681 4778 tualis
719 4720 873 4775 cibus
912 4717 1144 4780 dieitur,
1180 4717 1305 4787 quia
1345 4717 1696 4786 spiritualitcr
1731 4733 1828 4787 per
1873 4719 2093 4789 angelos

517 4811 889 4868 ministratum
923 4807 1025 4863 fuit
1055 4827 1067 4862 :
1101 4817 1201 4862 ut:
1230 4807 1429 4861 Panem
1456 4808 1758 4877 angelorum
1794 4811 2088 4865 manduca-

516 4903 587 4955 rit
610 4903 802 4967 homo;
828 4898 943 4954 sive
971 4897 1097 4967 quia
1137 4896 1386 4968 figuravit
1416 4897 1734 4964 spiritualia,
1769 4898 1820 4953 id
1856 4911 1938 4955 est
1970 4916 2091 4956 cor—

517 5006 620 5060 pus
663 4989 884 5047 Christi.
940 4987 1202 5043 Similitcr
1246 4993 1301 5040 et
1344 4992 1500 5055 potus
1540 4986 1741 5041 dicitur
1782 4990 2094 5058 Spiritualis.

518 5079 772 5136 Bibebant
810 5088 983 5134 autem
1019 5078 1085 5133 de
1118 5074 1384 5149 spirituali
1427 5087 1765 5147 consequente
1798 5095 1884 5133 eos
1928 5091 2093 5151 petra.

521 5171 657 5238 Quia
685 5170 935 5226 Christus
952 5170 1291 5239 postmodum
1313 5173 1433 5221 erat
1456 5175 1760 5233 secuturus,
1785 5169 1935 5238 cujus
1965 5171 2100 5242 ligu-

520 5277 637 5318 ram
660 5269 787 5316 tunc
811 5268 963 5330 petra
985 5261 1225 5329 gerebat,
1253 5257 1454 5313 idcirco
1476 5258 1631 5322 dixit,
1653 5270 1990 5330 consequente
2012 5279 2099 5316 eos

520 5363 687 5415 petra.
726 5348 831 5405 Alii
868 5355 1080 5417 putant,
1119 5347 1259 5416 quod
1296 5344 1490 5400 ﬂuvius
1529 5354 1741 5401 secutus
1775 5347 1845 5401 sit
1875 5363 1969 5403 cos
2000 5365 2097 5420 per

523 5442 814 5496 desertum.
865 5436 1012 5494 Sicut
1038 5435 1117 5489 illi
1152 5435 1540 5505 concupierunt.
1582 5436 1835 5500 Carnem,
1868 5439 2096 5492 utzAd-

523 5530 623 5581 huc
650 5546 766 5583 esca
802 5545 984 5584 eorum
1022 5536 1132 5582 erat
1167 5526 1222 5579 in
1252 5541 1340 5579 ore
1369 5525 1617 5594 ipsorum.
1657 5527 1725 5581 Et
1759 5537 2092 5583 surrexerunt

524 5621 702 5676 ludere
727 5623 922 5693 (Exod.
950 5622 1145 5691 xxx”).
1182 5621 1237 5676 Id
1260 5631 1356 5684 est,
1391 5619 1615 5674 vitulum
1644 5619 1889 5675 adorare.
1922 5616 1990 5672 Et
2014 5635 2097 5672 cc-

525 5711 761 5768 ciderunt
794 5711 982 5784 (Nam.
1006 5710 1173 5783 xxvi).
1214 5710 1319 5765 Per
1343 5709 1591 5781 angelum
1627 5711 1727 5765 hoc
1763 5708 1962 5764 factum
1990 5717 2091 5764 est.

2113 4494 2166 4553 D

2191 3264 2293 3309 tem
2316 3254 2455 3309 Deus
2479 3265 2573 3310 est.
2615 3256 2715 3323 Qui
2738 3272 2795 3312 se
2823 3258 3091 3328 pollicitus
3117 3273 3197 3318 est
3226 3267 3308 3320 sui
3344 3269 3575 3323 nominis
3600 3284 3769 3327 causa

2190 3346 2246 3400 in
2273 3346 2710 3402 tribulationibus
2738 3348 3046 3405 adfuturum
3072 3393 3086 3417 ,
3115 3362 3174 3407 ut
3196 3354 3270 3408 ibi
3301 3377 3313 3408 :
3343 3355 3526 3411 Multa:
3550 3358 3776 3415 tribula-

2192 3437 2357 3489 tiones
2373 3435 2661 3505 justorum,
2690 3446 2738 3490 et
2769 3438 2833 3491 de
2860 3441 3095 3495 omnibus
3131 3444 3213 3498 his
3251 3445 3487 3500 liberabit
3524 3464 3612 3502 eos
3655 3449 3774 3505 Do-

2190 3530 2364 3583 minus
2387 3528 2556 3601 (Psal.
2583 3529 2797 3602 xxxm).
2838 3531 2942 3586 Sed
2970 3533 3125 3601 faciet
3155 3552 3271 3589 cum
3302 3539 3585 3594 tentatione
3609 3542 3775 3597 etiam

2190 3628 2512 3689 proventum.
2550 3619 2680 3675 Illud
2712 3620 2874 3675 faciet
2896 3624 3196 3692 provenire,
3232 3628 3374 3694 quod
3400 3630 3622 3697 possitis
3642 3646 3769 3688 sus-

2162 3710 2384 3766 .tinere.
2422 3709 2613 3782 Fugite
2657 3712 2721 3765 ab
2764 3712 3024 3767 idolorum
3062 3715 3287 3770 cultura.
3329 3717 3446 3773 Non
3498 3724 3781 3779 vescendo

2192 3801 2524 3873 idolothytis.
2568 3802 2732 3869 Quasi
2753 3804 3090 3873 prudentibus
3111 3806 3313 3876 loquor.
3341 3808 3546 3867 Suadct
3564 3822 3624 3867 ut
3645 3828 3782 3882 pru-

2192 3893 2462 3958 dentibus,
2506 3909 2613 3964 quo
2658 3895 2912 3949 libentius
2947 3896 3214 3950 audiatur.
3258 3897 3448 3955 Nonne
3479 3906 3789 3958 communi-

2192 3984 2331 4036 catio
2355 3993 2429 4037 est
2457 3985 2724 4054 sanguinis
2748 3983 2940 4039 Christi
2964 3986 2989 4038 ?
3039 3985 3191 4040 Sicut
3214 3988 3326 4058 ipse
3350 3991 3425 4044 ait
3448 4009 3460 4043 :
3486 3992 3590 4055 Qui
3619 4008 3792 4048 man-

2189 4072 2347 4126 ducat
2379 4090 2587 4126 carnem
2608 4090 2797 4139 meam,
2823 4084 2870 4127 et
2896 4074 3020 4128 bibit
3044 4078 3344 4146 sanguinem
3375 4096 3565 4147 meum,
3597 4082 3656 4135 in
3694 4100 3793 4139 me

2188 4172 2385 4227 manet,
2425 4172 2472 4216 et
2509 4179 2602 4233 ego
2639 4164 2693 4217 in
2728 4180 2806 4217 eo.
2846 4164 3007 4229 Quasi
3051 4165 3274 4223 dixisset
3319 4186 3331 4221 :
3374 4168 3524 4224 Sicut
3557 4186 3592 4226 e
3630 4188 3798 4228 con-

2191 4251 2359 4306 trario
2394 4252 2531 4306 calix
2568 4253 2831 4307 idolorum
2870 4254 3169 4311 dazmonum
3205 4260 3647 4327 communicatio,
3698 4265 3793 4319 ita

2188 4353 2244 4399 et
2274 4344 2428 4414 panis
2453 4344 2731 4414 idolothyti
2767 4345 3065 4400 dmmonum
3102 4348 3439 4418 participatio
3468 4366 3587 4406 esse
3616 4368 3797 4410 mon—

2189 4441 2410 4487 stratur.
2455 4432 2713 4498 Quoniam
2752 4451 2886 4489 unus
2921 4438 3089 4504 panis.
3137 4435 3289 4491 Sicut
3323 4440 3469 4494 enim
3505 4441 3673 4511 panis
3713 4459 3803 4500 ex

2192 4527 2374 4581 multis
2408 4526 2593 4595 granis
2626 4525 2928 4594 copulatur,
2957 4527 3036 4580 sic
3063 4543 3160 4581 nos
3185 4542 3251 4581 ex
3282 4529 3464 4585 multis
3492 4531 3807 4602 gentibus,

2191 4618 2543 4688 fidelibusque
2580 4619 2633 4671 in
2668 4634 2835 4671 unum
2874 4633 3074 4688 corpus
3110 4618 3313 4675 Christi
3351 4637 3805 4692 congregamur.

2193 4709 2364 4765 Unum
2386 4727 2569 4781 corpus
2599 4710 2747 4763 multi
2776 4727 2975 4765 sumus.
3021 4710 3077 4765 Si
3105 4727 3227 4766 cum
3254 4713 3548 4770 idololatris
3573 4715 3645 4769 de
3673 4732 3816 4774 uno

2190 4818 2330 4872 pane
2357 4803 2713 4867 comedimus,
2743 4818 2908 4856 unum
2952 4818 3074 4858 cum
3117 4803 3222 4859 illis
3258 4821 3453 4877 corpus
3485 4804 3816 4865 efﬁcimur.

2206 4891 2380 4945 Videte
2417 4891 2587 4946 Israel
2628 4892 2912 4946 secundum
2948 4910 3178 4949 carnem.
3224 4896 3283 4951 Id
3329 4886 3461 4963 est,“
3484 4898 3822 4968 hospitalis

2193 4985 2394 5049 Israel,
2445 4984 2680 5039 carnalis
2718 4985 2903 5052 Israel,
2954 4988 3201 5044 carnales
3237 4989 3439 5045 hostias
3473 4989 3823 5056 oderehat;

2194 5074 2489 5145 spiritualis
2515 5075 2815 5144 spiritualia
2836 5079 3101 5133 sacrificia
3131 5079 3283 5134 offert
3312 5080 3552 5139 Christo.
3582 5081 3833 5140 Nonne

2193 5164 2283 5234 qui
2346 5163 2506 5217 edunt
2576 5162 2774 5219 hostias
2826 5166 3100 5236 participes
3151 5177 3271 5222 sunt
3323 5168 3563 5226 altaris?
3625 5170 3835 5231 Sicut.

2193 5255 2269 5310 illi
2298 5257 2517 5310 edentes
2553 5256 2758 5310 hostias
2797 5257 3083 5332 participes
3117 5256 3320 5313 ﬁebant
3348 5260 3516 5316 divini
3550 5262 3831 5333 altaris,

2194 5348 2269 5402 ita
2307 5347 2395 5402 isti
2426 5347 2673 5402 similiter
2702 5348 2982 5425 idolorum.
3025 5347 3166 5414 Quid
3194 5366 3316 5421 ergo
3340 5351 3456 5406 dico
3480 5352 3506 5406 2
3547 5351 3836 5412 Praeve—

2192 5436 2293 5500 nit,
2316 5451 2382 5490 ne
2409 5436 2529 5505 quis
2560 5436 2760 5491 diceret
2784 5454 2797 5490 :
2826 5437 2969 5508 Ergo
2994 5437 3129 5493 dicis
3156 5440 3265 5493 vim
3294 5441 3528 5511 aliquam
3563 5442 3839 5501 habere

2192 5526 2510 5592 idolum,vel
2524 5542 2681 5596 posse
2694 5525 2952 5596 polluere.
2976 5525 3118 5593 Non,
3141 5528 3333 5599 inquit,
3358 5529 3566 5584 idolum
3598 5531 3846 5589 hisen—

2191 5615 2349 5672 sibile
2378 5615 2581 5685 polluit,
2614 5617 2708 5671 sed
2733 5616 3005 5672 daemones
3033 5618 3124 5687 qui
3152 5619 3365 5689 templis
3387 5621 3723 5690 praesident
3746 5627 3846 5679 ad

2193 5709 2440 5765 homines
2472 5707 2863 5764 defraudandos
2890 5716 2944 5761 et
2970 5724 3067 5764 suo
3098 5711 3318 5766 servitio
3354 5712 3846 5782 mancipandos.
