3974 6202
248 323 345 381 ιω

1345 323 1673 381 COLLECT.
1708 324 1777 379 IN
1815 325 2032 384 EPIST.
2070 330 2095 384 Ι
2128 328 2220 386 AD
2258 331 2411 388 COR.

3390 338 3493 394 ιεο

242 447 324 498 An
365 435 653 495 metiatur
711 436 1039 491 Dominum?
1089 435 1339 508 Nunquid
1392 455 1499 494 non
1548 439 1824 494 irritamus
1850 440 2073 501 Anem.
2122 442 2226 495 Aut
2261 418 2572 514 prophetaiis
2611 445 2773 501 velato
2808 450 2992 519 capite.
3042 449 3099 505 Id
3148 460 3271 516 est,
3310 450 3489 508 futura

245 546 363 587 eum
394 528 457 583 ad
492 527 673 582 zelum
713 535 904 582 contra
936 542 1058 593 nos,
1085 536 1141 583 et
1166 528 1234 583 ad
1254 529 1589 584 iracundiam
1626 545 1823 599 provo-

249 637 427 678 camus
447 620 549 674 hoc
571 617 859 673 facientes.
906 618 1163 689 Nunquid
1192 620 1434 689 fortiores
1471 620 1562 674 illo
1599 638 1778 675 sumus
1801 622 1827 674 7

248 713 359 768 lloc
384 721 465 767 est
493 753 509 773 .
533 711 777 780 nunquid
800 724 1084 780 possumus
1124 710 1359 767 furorem
1402 712 1518 782 ejus
1555 713 1826 768 sustinere

243 820 345 873 pro
378 805 477 857 hoc
502 800 643 855 malo
683 801 829 869 quod
863 799 1129 855 facimus?
1162 801 1334 856 Aliter
1358 819 1371 855 :
1395 803 1478 856 An
1516 802 1826 857 aemulamur

245 895 524 947 Dominum
546 892 572 945 .’
607 892 661 945 id
699 900 817 957 est,
856 892 1099 962 nunquid
1136 893 1437 963 exemplum
1476 894 1689 948 Domini
1726 895 1824 948 ba~

248 986 433 1036 bemus
467 981 600 1050 equi
636 990 990 1037 conversatus
1022 983 1077 1036 in
1116 998 1280 1037 carne
1304 1024 1319 1048 ,
1358 985 1602 1053 nunquid
1640 999 1823 1039 come-

246 1079 323 1130 dit
356 1074 694 1145 idolothyta?
732 1073 988 1145 Nunquid
1026 1075 1268 1144 fortiores
1295 1075 1386 1129 illo
1414 1092 1613 1142 sumus,
1643 1075 1748 1131 fide
1769 1084 1830 1131 et

249 1168 491 1230 scientia,
526 1175 586 1219 ut
615 1165 879 1220 faciamus
916 1167 1056 1236 quod
1095 1166 1350 1221 Dominus
1379 1166 1493 1235 ipse
1530 1183 1636 1221 non
1673 1166 1820 1233 fecit,

246 1272 348 1317 nec
391 1257 752 1319 manducavit,
792 1257 947 1326 quasi
986 1256 1350 1327 diligentiores
1385 1260 1494 1313 Deo
1526 1273 1769 1314 essemus
1800 1261 1823 1313 ?

251 1348 439 1403 Omnia
478 1347 603 1402 mihi
638 1346 816 1401 licent.
856 1347 912 1402 ld
941 1356 1041 1412 εει,
1067 1347 1244 1402 omnia
1273 1363 1393 1418 qua:
1418 1348 1536 1419 lege
1564 1364 1670 1404 non
1700 1364 1825 1420 pro-

247 1442 522 1505 hibentur,
549 1441 715 1494 licent
741 1455 755 1493 :
787 1440 911 1509 quia
938 1455 1034 1509 per
1060 1454 1119 1495 se
1146 1456 1253 1496 non
1283 1442 1477 1495 habent
1508 1451 1819 1511 peccatum;

246 1531 339 1585 sed
382 1546 486 1586 non
522 1546 739 1601 semper
775 1532 1102 1600 expediunt,
1141 1532 1264 1600 quia
1303 1535 1641 1589 occasionem
1685 1551 1823 1589 non-

247 1636 482 1690 cuaqum
504 1630 765 1691 generant.
784 1622 1150 1691 delinquendi,
1174 1623 1257 1677 vel
1279 1623 1582 1679 olfendendi
1606 1625 1820 1681 fratres.

244 1711 413 1769 Omne
438 1723 621 1769 autem
647 1712 789 1781 quod
817 1714 1032 1781 expedit
1054 1713 1197 1779 licet,
1220 1729 1328 1769 non
1354 1729 1512 1769 omne
1537 1716 1680 1784 quod
1701 1716 1826 1771 licet

245 1805 483 1874 expedit.
521 1801 686 1857 Omne
720 1805 861 1875 quod
898 1806 953 1858 in
985 1805 1199 1859 macello
1229 1808 1365 1860 venit
1395 1808 1725 1863 manducate.
1765 1808 1821 1864 Si

246 1896 406 1949 vultis
428 1894 760 1950 manducare
791 1910 996 1958 carnes,
1030 1895 1220 1952 saltem
1245 1898 1310 1951 de
1333 1898 1555 1953 macello
1579 1913 1827 1969 compor—

246 1995 383 2049 tate;
415 1994 625 2039 tantum
653 2001 722 2040 ne
744 1987 799 2040 in
828 1986 990 2041 idolio
1014 1988 1331 2053 comedatis,
1367 1998 1423 2044 et
1464 1989 1632 2043 nolite
1668 1990 1827 2045 inter-

242 2092 434 2145 rogare
466 2084 648 2131 utrum
685 2076 977 2132 immolatae
1004 2078 1150 2132 sint:
1176 2093 1243 2133 ne
1284 2088 1671 2150 cognoscentes
1704 2095 1820 2146 vos,

241 2167 425 2221 omnia
468 2167 744 2221 immolata
784 2183 905 2223 esse
954 2169 1335 2238 respondeant,
1377 2179 1432 2225 et
1467 2186 1571 2224 non
1608 2171 1826 2239 possitis

242 2268 465 2328 propter
510 2258 902 2313 conscientiam
940 2257 1285 2314 manducare.
1329 2258 1543 2314 Domini
1575 2267 1649 2313 est
1686 2268 1825 2314 terra

239 2363 287 2405 et
340 2349 615 2419 plenitudo
666 2350 781 2420 ejus
833 2348 1007 2421 (Psal.
1056 2350 1232 2423 χχιιι).
1295 2349 1352 2405 Si
1412 2350 1623 2405 Domini
1678 2357 1823 2415 sunt,

244 2446 440 2500 munda
477 2454 605 2499 sunt
644 2446 828 2499 omnia
864 2446 1183 2516 simpliciter
1216 2447 1521 2511 utentibus;
1564 2452 1620 2501 et
1662 2446 1829 2516 pleni-

245 2540 368 2593 tudo
396 2536 539 2603 ejus,
567 2538 623 2591 id
643 2547 751 2603 cst,
775 2538 957 2593 omnia
984 2554 1101 2607 qua:
1125 2539 1180 2592 in
1210 2545 1353 2593 terra
1386 2547 1530 2594 sunt.
1568 2535 1637 2591 Et
1662 2538 1823 2592 ibitis.

248 2628 357 2682 Non
381 2629 517 2682 dixit
543 2628 621 2683 ite
649 2647 662 2682 :
692 2629 817 2699 quia
848 2637 973 2683 tunc
1002 2629 1161 2684 debet
1188 2628 1525 2685 Christianus
1550 2629 1629 2683 ire
1652 2629 1718 2683 ad
1740 2630 1829 2684 in-

252 2720 479 2784 ﬁdelem,
513 2720 559 2775 si
583 2720 735 2775 novit
758 2734 881 2775 esse
900 2719 1222 2790 profectum,
1258 2720 1309 2775 id
1339 2728 1445 2782 est,
1471 2720 1515 2775 si
1539 2720 1641 2775 scit
1667 2735 1826 2790 posse

252 2824 369 2864 eum
400 2810 624 2864 lucrari.
668 2809 846 2863 Nolite
871 2811 1207 2865 manducare.
1264 2809 1342 2866 Ne
1388 2810 1510 2879 quis
1548 2817 1698 2879 putet
1737 2809 1827 2865 illa

252 2918 344 2955 vos
362 2903 521 2970 quasi
552 2911 739 2957 sancta
765 2903 1066 2958 comedere.
1104 2902 1327 2973 Propter
1349 2920 1486 2957 eum.
1523 2901 1823 2957 lnﬁdelem.

258 2993 374 3048 Non
412 3004 585 3049 tuam.
621 2995 725 3061 Qui
759 2994 915 3049 fortis
953 3010 1030 3049 es.
1070 2993 1176 3050 Sed
1211 2993 1447 3049 alterius.
1485 2994 1713 3061 Infirmi,
1757 3008 1828 3050 ne

254 3086 328 3139 vel
352 3100 446 3140 vos
464 3085 823 3155 blasphemet,
847 3086 931 3140 vel
951 3087 1065 3156 ipse
1084 3086 1240 3141 idolis
1266 3086 1541 3141 immolata
1558 3086 1822 3142 comedat.
1854 3124 1898 3187 Ο

255 3175 442 3247 ftquid
462 3180 605 3231 enim
631 3178 842 3232 libertas
860 3195 973 3231 mea
988 3177 1265 3248 judicalur
1285 3177 1349 3232 ab
1372 3177 1543 3231 aliena
1563 3179 1828 3233 conscien-

251 3268 315 3321 tia
341 3269 368 3321 2’
400 3267 517 3324 Hoc
539 3276 647 3333 est,
672 3269 737 3323 ad
763 3283 923 3338 quem
944 3267 1241 3338 profectum
1270 3277 1391 3323 utar
1417 3268 1664 3323 libertate
1686 3282 1825 3333 mea,

249 3368 305 3412 ut
334 3374 422 3412 me
445 3358 590 3413 alius
624 3356 1022 3428 reprehendat?
1054 3357 1128 3411 Ab
1162 3356 1361 3426 inﬁdeli
1394 3356 1729 3410 conscientia.
1770 3356 1828 3411 ld

245 3459 361 3515 est,
394 3450 775 3519 vituperantis.
818 3447 1115 3502 Judicetur.
1156 3446 1212 3501 ld
1246 3453 1347 3510 εει,
1380 3446 1779 3516 blasphemetur
1809 3460 1824 3498 :

245 3541 301 3594 Si
346 3542 501 3595 enim
542 3540 683 3594 idola
722 3540 1065 3602 detestamur,
1108 3552 1277 3607 quare
1316 3536 1629 3607 idolothytis
1665 3535 1832 3591 vesci-

245 3632 408 3685 mur?
441 3628 505 3684 Si
544 3645 668 3699 ergo
700 3629 885 3699 gratia:
907 3629 1180 3699 participo.
1221 3627 1338 3682 Non
1368 3627 1489 3683 ideo
1517 3628 1615 3682 sub
1658 3628 1829 3697 gratia

249 3737 454 3783 sumus,
497 3729 560 3774 ut
596 3721 862 3775 libertatis
891 3719 1069 3789 specie
1104 3721 1444 3776 occasionem
1479 3720 1664 3775 demus
1705 3716 1830 3773 intl-

248 3811 459 3865 delibus
496 3809 927 3878 blasphemandi.

318 3900 463 3966 Quid
496 3901 673 3954 adhuc
706 3900 1078 3972 blaspltemor?
1110 3902 1169 3957 Id
1204 3911 1307 3966 est,
1345 3902 1607 3956 irritando
1641 3906 1831 3955 contra

251 4003 335 4043 me
356 3990 774 4058 blasphemiam,
808 4006 913 4045 non
942 4006 1029 4045 me
1052 3998 1266 4060 oportet
1288 3989 1671 4060 blasphemiam
1692 4004 1831 4059 pra;—

249 4081 375 4137 bere
400 4083 471 4136 de
514 4081 793 4136 beneficiis
834 4083 949 4137 Dei.
990 4080 1097 4136 Pro
1132 4097 1192 4135 eo
1225 4081 1364 4152 quod
1392 4081 1590 4151 gratias
1616 4095 1734 4149 ago.
1774 4078 1832 4132 ld

249 4182 347 4234 est,
403 4172 680 4226 manduco
729 4172 1027 4243 idolothyta
1080 4187 1202 4227 cum
1258 4172 1554 4241 gratiarum
1600 4169 1829 4223 actione.

253 4259 444 4315 Omnia
476 4262 541 4314 in
569 4246 787 4330 gloriam
819 4260 918 4315 Dei
944 4261 1119 4330 facile.
1158 4260 1271 4315 Hoc
1301 4268 1405 4327 est,
1435 4259 1570 4315 nihil
1597 4259 1832 4324 faciatis,

249 4354 349 4407 nisi
391 4353 447 4406 in
486 4367 600 4420 quo
634 4351 964 4422 glorificetur
990 4353 1150 4407 Deus.
1191 4350 1318 4406 Sine
1341 4352 1625 4420 o/I‘ensione
1652 4360 1833 4406 estote.

252 4441 384 4508 Quia
399 4439 642 4496 etludaei
667 4448 922 4511 tanquam
948 4442 1013 4497 de
1044 4442 1364 4497 idololatriis
1396 4441 1707 4497 scandalum
1738 4458 1837 4513 pa-
1862 4478 1916 4539 Β

251 4535 468 4597 tieutes,
501 4532 727 4589 credere
758 4550 864 4589 non
891 4535 1158 4589 audebant
1183 4552 1195 4586 :
1219 4533 1421 4589 Gentes
1452 4548 1583 4588 vero
1615 4550 1738 4589 cum
1778 4536 1831 4590 in

254 4625 493 4680 colendis
534 4623 693 4680 idolis
728 4625 1113 4688 firmabantur,
1160 4631 1217 4678 et
1258 4622 1553 4679 Christiani
1593 4623 1685 4677 tali
1740 4624 1835 4680 de-

256 4717 604 4770 stmebantur
644 4716 907 4784 exemplo.
1690 4728 1693 4731 ‘

324 4807 474 4862 Sicut
507 4816 559 4861 et
591 4823 686 4878 ego
723 4809 962 4864 omnibus
997 4810 1175 4881 placeo
1202 4826 1295 4881 per
1327 4810 1519 4863 omnia.
1561 4806 1670 4862 Cur
1707 4806 1835 4862 alibi

256 4899 513 4956 ἐξήιιεὶ
562 4900 857 4954 hominibus
897 4901 1200 4967 placerem,
1255 4917 1433 4956 servus
1484 4898 1679 4954 Christi
1733 4915 1837 4952 non

250 5009 418 5047 man
430 4991 496 5063 (G
502 4991 558 5045 al
564 5031 578 5043 .
595 4991 635 5062 ι)
648 4992 673 5043 7
695 4991 879 5046 Placet
902 5005 1030 5063 ergo
1049 4992 1246 5047 Paulus
1257 4999 1429 5047 etnon
1442 4991 1646 5061 placet:
1664 4990 1843 5059 placet

252 5081 562 5136 exhibendo
593 5082 889 5151 pietatem;
931 5090 984 5136 et
1021 5097 1130 5135 non
1166 5082 1382 5151 placet,
1417 5081 1670 5151 quoniam
1708 5079 1841 5134 nulli

248 5170 535 5226 consentit
562 5170 617 5225 in
652 5172 831 5227 malis.
874 5170 1015 5237 Quid
1049 5172 1176 5225 mihi
1213 5171 1339 5226 utile
1368 5179 1464 5226 est.
1509 5169 1568 5225 Id
1603 5179 1687 5226 est
1720 5185 1840 5226 car-

240 5262 471 5319 nalibus
496 5265 818 5321 commodis.

871 5334 1097 5392 CAPUT
1143 5334 1231 5392 XI.

324 5423 635 5480 lmitatores
658 5426 760 5479 mei
788 5434 972 5480 estote.
1012 5424 1140 5480 Sine
1162 5423 1457 5480 olfensione
1481 5429 1674 5487 estote,
1703 5422 1841 5477 sicut

234 5524 303 5569 et
333 5528 446 5585 ego
475 5528 616 5571 sum.
659 5514 846 5569 Laudo
878 5522 1052 5567 autem
1080 5530 1183 5568 vos.
1220 5513 1358 5580 Quid
1383 5520 1468 5568 est
1494 5511 1637 5581 quod
1664 5510 1841 5566 subito

232 5606 468 5669 halat,
506 5620 642 5674 quos
676 5614 807 5662 ante
842 5605 1206 5674 vituperavit?
1238 5605 1384 5661 ldem
1415 5605 1507 5661 ubi
1538 5604 1671 5675 legis
1705 5618 1843 5673 pra:-

232 5707 414 5767 ctpta
454 5714 563 5753 non
607 5700 771 5755 habet
797 5740 812 5765 ,
860 5696 1241 5753 blandimentis
1281 5705 1538 5770 provocat
1575 5697 1642 5753 ad
1679 5698 1843 5752 ratio-

1923 533 2259 601 prtedicans;
2301 535 2421 590 ideo
2457 546 2635 591 autem
2671 553 2777 593 non
2812 538 2989 594 velato
3025 541 3201 611 capite
3234 542 3318 597 vir
3350 557 3491 613 prte-

1925 621 2120 690 cipitur
2139 638 2314 687 orare,
2350 626 2475 693 quia
2501 626 2645 680 nulla
2668 636 2906 697 potestas
2933 630 3174 686 mulieris
3195 632 3355 688 debet
3373 649 3494 689 esse

1924 722 2087 777 super
2112 710 2308 764 virum.
2339 711 2533 767 Mulier
2556 731 2673 768 vero
2698 714 2863 770 velato
2889 719 3075 787 capite.
3118 719 3255 773 Dum
3277 720 3366 775 illa
3392 725 3492 777 sub

1922 810 2191 869 potestate
2220 804 2324 857 viri
2354 812 2455 859 est.
2492 806 2746 877 Deturpat
2779 818 2934 878 caput
2958 827 3131 866 suum.
3170 811 3332 868 Notat
3359 829 3491 869 con-

1926 895 2259 950 suetudinem
2285 895 2706 964 Corinthiorum,
2732 915 2836 968 qua
2868 902 3124 957 mulieres
3145 919 3334 959 eorum
3360 904 3498 960 inte-

1925 992 2012 1039 cto
2050 986 2224 1056 capite
2259 988 2327 1041 ad
2356 988 2611 1042 ecclesias
2640 990 2944 1057 veniebant,
2976 992 3268 1061 gloriantes
3302 995 3355 1049 in
3391 997 3498 1051 cri-

1924 1073 2083 1129 nibus
2109 1091 2123 1127 :
2153 1075 2291 1144 quod
2323 1092 2430 1131 non
2459 1076 2630 1131 solum
2658 1078 3002 1134 inhonestum
3030 1090 3165 1146 erat,
3201 1084 3296 1137 sed
3333 1084 3494 1139 etiam

1926 1167 2375 1235 concupiscentite
2422 1165 2654 1223 fomenta
2703 1170 2994 1239 praestabat
3039 1170 3345 1228 videntibus
3387 1192 3400 1228 :
3443 1183 3501 1231 et

1923 1255 2027 1309 viri
2062 1271 2270 1310 comam
2318 1258 2592 1312 nutrirent
2627 1258 3012 1325 indifferenter,
3052 1270 3108 1316 et
3143 1264 3501 1321 vescebantur

1923 1346 1979 1399 in
2008 1345 2239 1415 templis,
2271 1354 2327 1399 et
2353 1347 2521 1400 inllati
2553 1348 2812 1417 sapientia
2847 1350 3119 1417 saeculari,
3152 1356 3502 1410 resurrectio-

1925 1451 2049 1491 nem
2078 1438 2258 1491 carnis
2299 1448 2575 1508 negarent.
2619 1439 2878 1504 Quoniam
2917 1443 3091 1512 imago
3128 1453 3204 1497 est
3245 1453 3294 1498 et
3330 1444 3501 1514 gloria

1923 1526 2043 1581 Dei.
2079 1527 2239 1597 Ergo,
2271 1528 2409 1583 sicut
2440 1528 2580 1583 inter
2606 1529 2891 1600 imaginem
2917 1539 2971 1585 ct
2995 1547 3118 1586 eum
3145 1532 3296 1603 cujus
3323 1535 3499 1607 imago

1924 1626 2008 1672 est
2041 1616 2244 1671 nullum
2270 1617 2513 1672 velamen
2545 1619 2904 1688 interponitur
2924 1661 2939 1686 ,
2978 1622 3052 1676 ita
3084 1622 3171 1677 vir
3202 1640 3311 1679 non
3343 1625 3504 1682 debet

1926 1706 2169 1761 velamen
2200 1707 2420 1773 habere,
2457 1709 2581 1777 quia
2619 1710 2761 1763 nulla
2787 1720 3034 1766 creatura
3068 1714 3212 1768 inter
3239 1716 3410 1786 ipsum
3444 1725 3504 1772 et

1928 1796 2092 1848 Deum
2134 1796 2449 1865 interposita
2484 1805 2600 1859 est,
2641 1799 2687 1852 si
2724 1801 3049 1869 generaliter
3082 1804 3151 1859 ad
3192 1807 3498 1863 naturalem

1928 1885 2029 1938 viri
2071 1885 2295 1955 gloriam
2338 1888 2659 1956 respexeris.
2712 1887 2814 1943 Sed
2845 1890 3033 1946 mulier
3067 1905 3276 1966 pr0pter
3308 1899 3496 1952 cirum.

1926 1974 1982 2029 Id
2014 1983 2115 2040 est,
2148 1976 2472 2045 adjutorium
2504 1979 2624 2042 viri,
2659 1986 2716 2034 ut
2738 1998 2750 2033 :
2776 1979 3062 2038 Faciamus
3097 1985 3145 2039 ei
3172 1986 3499 2056 adiutorium

1926 2064 2095 2118 simile
2123 2065 2239 2120 sibi.
2282 2067 2501 2137 Propter
2529 2070 2759 2141 angelos.
2805 2071 2860 2127 Id
2897 2080 3000 2137 est,
3043 2077 3371 2144 sacerdotes,
3413 2078 3501 2133 vel

1928 2157 2203 2212 ministros
2234 2158 2438 2225 altaris,
2473 2160 2555 2215 vel
2592 2178 2804 2217 omnem
2836 2165 3063 2232 clerum,
3105 2169 3209 2237 qui
3233 2169 3326 2225 Dei
3362 2187 3503 2242 pra!-

1927 2256 2078 2316 cepta
2120 2250 2425 2315 annuntiat,
2473 2251 2611 2306 sicut
2653 2254 2912 2323 scriptum
2950 2262 3033 2310 est
3064 2254 3241 2321 :.Quia
3286 2259 3502 2329 angelus

1928 2336 2139 2393 Domini
2158 2342 2477 2394 exercituum
2501 2349 2608 2406 est,
2635 2357 2704 2396 ne
2732 2342 2982 2398 videlicet
3012 2345 3215 2401 carnali
3244 2351 3502 2420 concupi-

1928 2431 2129 2485 scentia
2159 2447 2343 2487 eorum
2370 2434 2729 2503 impediantur
2756 2450 2945 2490 sensus
2975 2454 2987 2488 :
3018 2437 3130 2492 sive
3157 2447 3377 2508 propter
3412 2440 3505 2495 ho-

1926 2539 2113 2578 norem
2150 2525 2461 2595 angelorum
2481 2566 2496 2591 ,
2524 2527 2614 2594 qui
2643 2526 2893 2582 Ecclesiae
2933 2529 3184 2584 assistere
3213 2531 3500 2599 perhiben-

1930 2623 2036 2670 tur.
2085 2615 2216 2670 ltem
2263 2616 2619 2689 Hieronymus
2664 2618 2721 2671 in
2767 2620 3103 2689 expositione
3154 2620 3500 2676 Ezechielis:

1930 2704 2160 2777 Cumque
2195 2708 2552 2778 ingredientur
2586 2719 2760 2779 portas
2799 2710 2922 2762 atrii
2950 2711 3005 2763 in
3034 2710 3398 2777 interioribus,
3431 2713 3502 2767 ci-

1928 2795 2081 2851 dares
2108 2796 2272 2851 lineas
2296 2797 2484 2851 habent
2513 2814 2668 2868 super
2689 2798 2860 2867 capita
2885 2815 3002 2853 sua.
3048 2796 3106 2852 Si
3131 2798 3369 2853 virorum
3395 2810 3500 2865 est,

1928 2888 2220 2944 secundum
2244 2887 2555 2959 Apostolum
2578 2902 2684 2943 non
2707 2888 2921 2960 operire
2941 2896 3123 2959 caput,
3149 2889 3360 2944 videtur
3381 2906 3502 2947 esse

1930 2981 2258 3035 contrarium
2289 2981 2557 3051 quomodo
2584 2997 2728 3037 nunc
2761 2981 3070 3037 sacerdotes
3107 2982 3283 3052 capite
3322 2988 3501 3048 tenus,

1929 3072 2011 3126 vel
2040 3073 2219 3127 cidare
2244 3072 2428 3142 ‘operti
2467 3073 2734 3133 videntur.
2783 3072 2889 3128 Sed
2927 3074 2970 3128 si
3008 3072 3247 3144 legamus
3285 3074 3507 3146 diligen-

1930 3162 2057 3225 tius,
2091 3178 2157 3217 ex
2199 3163 2469 3233 prioribus
2506 3164 2778 3219 solventur
2809 3166 3096 3235 prtesentia
3124 3184 3136 3218 :
3163 3180 3325 3237 supra
3361 3165 3505 3220 enim

1930 3252 2146 3317 dicitur,
2171 3254 2383 3322 quando
2408 3253 2714 3309 ministrant
2739 3253 2792 3307 in
2816 3255 2987 3323 portis
3009 3254 3132 3309 atrii
3159 3252 3506 3309 interioribus

1930 3350 1985 3398 et
2008 3343 2362 3398 intrinsecus:
2390 3343 2436 3399 si
2465 3344 2606 3399 enim
2628 3345 2989 3415 ingrediamur
3008 3344 3073 3399 ad
3100 3352 3305 3409 sancta,
3331 3351 3386 3400 et
3404 3352 3509 3399 stc-

1929 3450 2050 3490 mus
2083 3436 2138 3490 in
2165 3445 2458 3506 conspectu
2492 3436 2723 3503 Domini,
2755 3437 2933 3509 capita
2964 3444 3146 3493 nostra
3174 3436 3386 3506 operire
3420 3437 3510 3492 de-

1929 3524 2119 3580 bemus
2147 3525 2307 3594 :quia
2333 3542 2439 3580 non
2464 3525 2846 3596 juctiﬁcabitur
2869 3527 2925 3580 in
2952 3535 3226 3596 conspectu
3266 3533 3356 3577 tuo
3395 3540 3507 3579 om-

1932 3616 2012 3669 nis
2041 3617 2232 3692 vivegs.
2274 3616 2517 3685 Denique
2550 3624 2606 3671 et
2640 3614 2978 3670 feminalibus
3016 3614 3220 3668 utimur
3255 3613 3508 3669 intrinse-

1931 3722 2046 3774 cus,
2078 3722 2146 3762 ne
2172 3708 2281 3761 ulla
2308 3709 2362 3761 in
2383 3714 2672 3776 conspectu
2693 3706 2904 3761 Domini
2923 3704 3138 3774 pollutae
3159 3704 3505 3760 conscientiae

1930 3806 1986 3852 et
2010 3798 2188 3867 aperis
2214 3797 2468 3867 nuptialis
2496 3794 2767 3865 turpitudo
2793 3802 3063 3864 appareat.

2008 3883 2378 3939 Verumtamen
2406 3899 2569 3954 neque
2594 3885 2668 3937 vir
2695 3884 2807 3938 sine
2844 3881 3061 3937 muliere
3080 3921 3096 3949 ,
3127 3898 3291 3953 neque
3320 3881 3510 3937 mulier

1932 3978 2042 4032 sine
2068 3976 2175 4032 viro
2198 3977 2252 4030 in
2280 3975 2525 4031 Domina.
2550 3973 2871 4029 Consolatur
2891 3988 3008 4039 eas,
3038 3987 3106 4027 ne
3129 3973 3356 4028 nimium
3386 3989 3506 4028 mu-

1932 4068 2096 4124 lieres
2123 4081 2379 4138 gravasse
2407 4065 2695 4121 videatur:
2729 4072 2787 4119 et
2811 4064 2941 4119 dicit
2966 4064 3110 4134 quod
3141 4079 3240 4119 nec
3276 4063 3507 4120 alterum

1936 4166 2146 4215 tantum
2196 4157 2340 4213 Deus
2388 4156 2552 4227 elegit
2596 4164 2654 4211 ut
2702 4156 2931 4211 alterum
2981 4156 3329 4227 reprobaret,
3380 4157 3507 4228 quia

1936 4263 2043 4303 non
2093 4263 2193 4318 pro
2233 4262 2368 4313 uno,
2401 4247 2496 4303 sed
2538 4262 2639 4319 pro
2666 4253 2897 4315 utroque
2942 4260 3073 4301 sexu
3100 4245 3348 4302 Christus
3385 4260 3512 4317 pas-

1938 4353 2031 4394 SUS
2055 4345 2157 4393 est.

2017 4429 2083 4482 In
2115 4428 2360 4483 Domino.
2402 4429 2460 4484 ld
2486 4437 2588 4495 est,
2616 4429 2671 4483 in
2701 4428 2806 4485 fide
2826 4436 2881 4485 et
2909 4428 3117 4484 unitate
3138 4428 3371 4483 Domini.
3401 4427 3513 4489 Ali-

1944 4529 2027 4576 ter
2050 4538 2063 4574 :
2088 4519 2199 4576 Nec
2223 4522 2306 4575 vir
2328 4520 2444 4577 sine
2463 4521 2709 4587 muliere,
2733 4537 2835 4577 nec
2858 4520 3052 4576 mulier
3072 4520 3192 4575 sine
3220 4519 3336 4575 viro
3357 4520 3508 4575 nasci

1940 4620 2139 4683 potest,
2163 4612 2340 4667 ethoc
2368 4612 2422 4666 in
2452 4611 2700 4678 Domino,
2733 4611 2787 4666 id
2813 4620 2914 4676 est,
2946 4611 3000 4666 in
3024 4617 3290 4681 potestate
3327 4609 3510 4666 Domi-

1941 4702 2017 4756 ni.
2057 4700 2159 4757 Vos
2179 4704 2281 4772 ipsi
2293 4703 2553 4772 judicate.
2581 4702 2638 4757 In
2667 4704 2904 4774 ipsorum
2923 4702 3125 4773 judicio
3151 4702 3326 4773 ponit,
3356 4709 3415 4756 ut
3444 4716 3510 4756 ex

1942 4806 2038 4846 sua
2066 4792 2395 4847 conscientia
2432 4793 2837 4848 convincantur.

2012 4880 2310 4951 Ignominia
2333 4889 2407 4936 est
2437 4881 2534 4935 illi.
2561 4880 2785 4937 Comam
2807 4882 3059 4938 videlicet
3091 4881 3300 4937 nutrire
3332 4880 3400 4936 ad
3435 4879 3510 4936 sic

1942 4970 2302 5026 militudinem
2334 4971 2596 5036 mulieris,
2624 4971 2750 5027 licet
2772 4970 3013 5027 Nazartei
3031 5012 3046 5037 ,
3075 4980 3135 5025 ut
3164 4984 3373 5025 comam
3403 4984 3508 5024 nu-

1942 5060 2167 5126 trirent,
2194 5074 2263 5115 ex
2292 5060 2388 5115 Dei
2431 5070 2698 5131 prmcepto
2728 5062 3076 5119 devotissime
3118 5060 3407 5116 faciebant.
3448 5059 3510 5117 Si

1942 5150 2059 5221 quis
2084 5159 2258 5203 autem
2280 5149 2486 5205 videtur
2507 5153 2859 5206 contentiosus
2895 5167 3025 5206 esse.
3053 5151 3322 5207 Prtevenit
3358 5151 3478 5208 illos
3494 5193 3509 5217 ,

1944 5254 2011 5293 ne
2041 5240 2163 5308 quis
2188 5239 2410 5304 diceret,
2447 5239 2549 5296 Ubi
2576 5239 2680 5294 hoc
2726 5240 2988 5310 scriptum
3022 5241 3140 5297 est?
3169 5240 3253 5296 vel
3286 5256 3355 5297 ne
3389 5240 3511 5296 aliis

1947 5333 2279 5402 argumentis
2317 5332 2443 5387 huic
2471 5331 2669 5387 rationi
2698 5330 3044 5399 resisterent,
3083 5348 3147 5390 ac
3178 5348 3237 5390 se
3270 5332 3508 5388 diceret:

1947 5418 2057 5476 Nos
2086 5421 2322 5477 diximus
2350 5436 2468 5490 qua:
2490 5421 2645 5476 nobis
2672 5422 2895 5479 honesta
2914 5423 3238 5480 videbantur
3256 5427 3311 5477 et
3328 5421 3509 5493 iusta:

1948 5515 1993 5570 si
2016 5514 2137 5584 quis
2158 5522 2338 5568 autem
2352 5513 2537 5568 volens
2555 5513 2898 5584 acquiescere
2923 5513 3159 5579 veritati,
3172 5513 3367 5583 quaerit
3383 5512 3514 5581 quid

1950 5605 2295 5673 respondeat,
2318 5604 2453 5659 sciat
2489 5619 2547 5659 se
2589 5603 2936 5672 responsione
2956 5602 3257 5674 indignum,
3285 5602 3377 5672 qui
3403 5616 3514 5655 ma-

1953 5694 2033 5765 gis
2059 5695 2383 5751 contendere
2411 5703 2630 5765 paratus
2652 5696 2736 5751 est
2762 5707 2923 5764 quam
2954 5694 3154 5750 doceri.
3187 5691 3363 5747 Talem
3390 5706 3509 5744 con-
