3974 6202
389 361 486 417 151

1772 341 2038 402 εευωι
2078 340 2272 398 SCOTI

3521 339 3637 395 f5!

327 524 335 536 .
388 472 736 532 suetudinem.
786 467 912 522 Slve
960 430 1345 525 contendendi,
1379 459 1494 513 sive
1529 456 1659 511 talia
1707 454 1958 509 faciendi.
1987 464 2040 512 Α
2064 461 2173 517 tur,
2206 453 2301 508 sed
2332 460 2584 522 putamus
2618 451 3057 523 consuetudinem
3094 466 3215 506 esse
3252 449 3430 520 potius
3465 465 3631 520 quam

329 548 336 623 Ῠ
391 568 507 623 Hoc
532 574 706 619 autem
750 559 1075 631 praecipiens.
1106 553 1163 608 Id
1188 562 1303 615 est,
1329 551 1421 621 qui
1460 551 1669 619 primus
1711 548 1958 603 hortatur

328 641 333 647 ’
392 659 461 713 de
488 656 675 711 ordine
698 652 937 707 virorum
964 655 1019 701 ct
1047 645 1352 700 mulierum.
1380 641 1505 695 Non
1526 639 1705 694 laudo.
1735 639 1812 693 De
1832 652 1962 692 con-

392 745 640 817 sequenti
687 753 904 796 causam
956 736 1106 791 dicit.
1147 734 1253 789 Sed
1295 734 1349 786 in
1392 732 1620 787 deterius
1658 727 1957 783 convenitis.

389 838 491 893 llic
511 834 656 890 enim
684 831 788 886 tria
819 826 1134 899 principalia
1161 834 1382 893 peccata
1406 824 1461 877 in
1483 823 1562 876 eis
1592 820 1959 890 reprehendit,

388 935 450 979 ut
479 926 533 978 in
559 919 910 991 sequentibus
940 917 1293 978 demonstrat,
1321 912 1463 981 quod
1494 912 1675 966 cibum
1702 923 1962 978 corpora-

388 1015 496 1072 lem
523 1014 579 1071 in
612 1010 840 1068 ecclesia
864 1006 1173 1071 sumebant,
1197 1005 1340 1074 quod
1372 1010 1498 1056 ante
1526 1000 1961 1056 communionem

390 1104 635 1179 corporis
680 1100 879 1156 Christi
922 1100 1036 1167 ipso
1082 1097 1206 1153 cibo
1243 1095 1620 1157 vescebantur,
1659 1090 1801 1161 quod
1830 1089 1962 1144 nihil

387 1194 713 1267 pauperibus
733 1191 953 1254 dabant,
979 1197 1032 1243 ct
1057 1188 1199 1256 quod
1224 1184 1547 1242 contentiosi
1581 1190 1757 1237 erant.
1794 1179 1963 1250 Opor-

386 1296 457 1341 tet
500 1286 639 1339 enim
683 1282 901 1337 hrerescs
931 1296 1059 1334 esse.
1090 1277 1206 1333 Non
1248 1277 1389 1346 quod
1432 1274 1666 1329 haereses
1704 1271 1814 1325 Deo
1848 1270 1965 1338 pla-

389 1385 575 1440 ceant,
609 1375 702 1430 sed
730 1373 874 1443 quod
909 1386 1008 1441 per
1034 1386 1130 1425 eas
1178 1368 1362 1424 ﬁdeles
1399 1373 1744 1427 exercentur,
1780 1369 1841 1416 ut
1870 1360 1963 1430 qui

389 1472 501 1526 Deo
527 1469 639 1523 noti
663 1476 807 1531 sunt,
832 1464 1145 1519 hominibus
1166 1459 1583 1516 manifestentur
1608 1475 1621 1511 :
1652 1454 1795 1510 unde
1818 1453 1965 1508 enim

391 1561 724 1633 gubernator
745 1555 1069 1617 laudabitur,
1100 1553 1145 1608 si
1173 1552 1326 1607 navis
1351 1552 1406 1605 in
1432 1560 1592 1621 portu
1616 1547 1702 1602 vel
1732 1547 1785 1601 in
1812 1551 1965 1598 tran-

393 1653 661 1724 quillitate
711 1648 1005 1704 consistat?
1051 1643 1119 1698 Ut
1162 1654 1210 1698 et
1256 1643 1344 1714 qui
1395 1639 1601 1711 probati
1645 1645 1786 1692 sunt.
1838 1634 1967 1689 Sive

395 1748 646 1801 doctores
673 1743 728 1797 in
760 1739 1080 1802 resistendo,
1113 1737 1226 1792 sive
1269 1734 1456 1789 ﬁdeles
1483 1732 1541 1785 in
1575 1725 1963 1801 permanendo.

2063 544 2298 613 culpam.
2327 543 2522 598 Tribus
2560 557 2692 596 sane
2736 543 2914 596 causis
2962 541 3302 596 inﬁrmitates
3340 541 3636 597 adveniunt

2064 634 2372 704 corporales
2398 651 2411 686 :
2443 640 2538 687 aut
2563 649 2628 687 ex
2659 634 2989 697 tcntatione,
3019 633 3158 687 sicut
3195 631 3295 686 Job
3330 640 3385 686 et
3413 632 3633 698 Tobiae;

2063 733 2158 779 aut
2184 740 2251 779 ex
2281 733 2530 794 peccato,
2572 726 2712 780 sicut
2743 727 2876 780 Assa
2910 724 3041 795 regi,
3086 725 3179 794 qui
3216 725 3400 779 dolore
3433 726 3634 796 pedum

2064 824 2336 886 :egrotans
2381 826 2626 870 mortuus
2666 825 2784 880 est,
2813 830 2972 885 quem
3001 816 3048 868 ci
3085 814 3340 869 Dominus
3376 815 3637 878 immisit,

2064 908 2190 977 quia
2216 909 2513 963 amicitiam
2545 909 2796 964 Benadab
2835 909 2978 980 regis
3024 908 3196 978 Syriae
3240 910 3505 963 habebat:
3539 914 3639 960 aut

2064 1015 2131 1054 ex
2183 1000 2361 1069 aliqua
2413 1001 2859 1070 intemperantia,
2909 1008 2967 1053 ut
3013 998 3299 1053 Timotheo
3336 1006 3391 1051 et
3418 998 3504 1051 his
3537 996 3641 1067 qui

2056 1090 2318 1159 iubentur
2342 1091 2608 1145 medicum
2632 1093 2916 1145 honorare.
2947 1090 3083 1142 Iluie
3108 1096 3317 1142 tantum
3341 1102 3513 1140 causa:
3536 1087 3643 1140 hu-

2064 1198 2223 1237 mana
2251 1191 2430 1253 potest
2455 1197 2773 1237 succurrere
2795 1182 3085 1235 medicina.
3115 1179 3248 1233 Dum
3291 1188 3461 1232 autem
3484 1178 3645 1248 judi-

2064 1289 2249 1327 camur
2272 1291 2302 1327 a
2332 1273 2574 1327 Domino.
2606 1273 2663 1327 Id
2694 1280 2795 1334 est,
2824 1289 2923 1343 per
2951 1273 3187 1341 aliquam
3210 1278 3525 1341 praesentem
3554 1270 3651 1323 in‘

2064 1364 2377 1418 ﬁrmitatem
2429 1363 2770 1432 corripimur.
2807 1362 3087 1433 Correptio
3134 1369 3374 1431 paterna:
3417 1360 3644 1428 pietatis

2066 1466 2170 1523 est,
2201 1465 2261 1511 ut
2286 1456 2668 1526 poeniteamus,
2697 1470 2765 1510 ne
2789 1471 2911 1511 cum
2941 1454 3249 1509 inﬁdelibus
3269 1452 3456 1507 mundi
3485 1452 3645 1506 dam-

2065 1564 2276 1603 nemur.
2328 1548 2569 1602 Iudicem
2606 1559 2923 1617 exspectare.
2969 1546 3026 1600 Id
3074 1554 3186 1610 est,
3236 1559 3518 1613 usquequo
3547 1558 3647 1598 sa.

2066 1639 2329 1695 oriﬁcium
2376 1638 2672 1709 accipiatis.
2730 1636 2798 1691 In
2836 1635 3117 1706 judicium.
3148 1635 3203 1689 Id
3233 1643 3347 1698 est,
3376 1635 3430 1689 in
3464 1633 3643 1688 vindi—

2066 1736 2209 1784 ctam
2232 1768 2247 1794 ,
2275 1725 2480 1782 Cretera
2507 1742 2645 1783 uero.
2672 1725 2732 1781 Id
2751 1732 2836 1780 est
2855 1765 2870 1791 ,
2900 1725 2968 1780 de
2997 1723 3165 1794 ipsius
3192 1724 3430 1794 mysterii
3456 1738 3644 1778 sacra-

393 1834 558 1892 Suam
580 1849 776 1888 orenam
805 1830 1092 1901 praesumit.
1134 1826 1271 1893 Quia
1316 1832 1443 1879 ante
1470 1820 1797 1885 sacriﬁcium
1841 1818 1964 1873 ede-
1990 1828 2039 1888 Β
2065 1818 2277 1874 mentis.

392 1928 544 1989 bant,
567 1932 622 1979 et
653 1921 981 1993 pauperibus
1021 1920 1155 1974 nihil
1199 1917 1524 1981 aﬁ'erebant,
1556 1927 1731 1983 neque
1762 1912 1963 1981 imper-

396 2018 619 2072 tiebant.
652 2015 805 2085 Apud
831 2012 1142 2068 Corinthios
1168 2009 1461 2080 quondam,
1492 2013 1552 2060 ut
1578 2004 1668 2059 alii
1691 2010 1963 2065 asserunt,

395 2122 562 2178 prava
591 2104 821 2160 invaluit
844 2101 1194 2164 consuetudo,
1227 2098 1484 2154 ecclesias
1504 2096 1703 2167 passim
1732 2093 1968 2147 dehone-

395 2207 542 2255 stare
567 2196 849 2260 conviviis,
885 2194 941 2249 in
966 2194 1163 2263 quibus
1186 2190 1545 2245 vescebantur
1569 2193 1695 2241 ante
1726 2183 1969 2237 Domini-

396 2303 518 2343 cam
545 2285 895 2349 oblationem,
925 2298 1090 2352 quam
1121 2295 1334 2338 caenam
1362 2278 1611 2333 noctibus
1647 2275 1968 2330 adorieban-

397 2389 520 2445 tur;
547 2394 776 2448 cumque
801 2378 997 2432 divites
1020 2375 1158 2431 ebrii
1180 2374 1246 2429 ad
1278 2371 1674 2428 Eucharistiam
1698 2369 1966 2432 venirent,

397 2470 736 2525 vexabantur
762 2468 951 2538 inopes
977 2467 1138 2522 fame.
1171 2465 1286 2520 Mos
1311 2479 1442 2520 vero
1464 2464 1562 2517 iste
1582 2503 1597 2528 ,
1622 2469 1685 2515 ut
1707 2459 1968 2524 referunt,

398 2562 468 2617 de
495 2562 681 2633 gentili
711 2561 887 2615 adhuc
912 2559 1293 2630 superstitione
1319 2557 1600 2618 veniebat,
1640 2554 1783 2608 unde
1809 2552 1970 2607 etiam

401 2656 457 2708 in
503 2652 823 2723 quihusdam
868 2650 1001 2706 locis
1042 2664 1137 2719 per
1161 2646 1380 2718 Egypti
1406 2646 1493 2702 vel
1518 2644 1687 2716 Syriae
1707 2643 1855 2704 loca,
1888 2641 1974 2696 die

404 2744 627 2798 Sabbati
678 2751 873 2807 nocte,
921 2747 1045 2811 post
1093 2754 1304 2794 coenam
1353 2737 1551 2792 dicitur
1586 2734 1654 2788 ad
1688 2732 1972 2788 ecclesiam

402 2836 702 2892 conveniri.
730 2836 835 2889 Aut
869 2832 1138 2887 ecclesiam
1174 2830 1273 2884 Dei
1301 2828 1629 2883 contemnitis
1647 2826 1674 2879 ?
1694 2823 1977 2879 Facientes

405 2944 527 2985 eam
558 2927 852 2982 triclinium
883 2926 1186 2996 epularum.
1216 2923 1424 2991 Accepit
1451 2937 1659 2992 panem.
1698 2918 1754 2972 Id
1781 2924 1882 2981 est,
1921 2916 1976 2969 in

406 3019 735 3083 convivium,
764 3027 823 3071 ut
856 3033 952 3070 vos
983 3015 1196 3072 facitis:
1228 3014 1356 3069 hinc
1384 3012 1498 3081 jam
1529 3012 1597 3066 de
1622 3006 1980 3065 sacramentis

408 3109 564 3180 quasi
595 3107 790 3164 oblitos
814 3115 1221 3169 commemorat,
1250 3120 1410 3174 quam
1442 3117 1695 3172 magnum
1724 3100 1795 3153 sit
1819 3096 1978 3165 hujus

2664 1906 2890 1962 CAPUT
2928 1901 3039 1959 XII.

2138 1998 2215 2053 De
2240 1996 2602 2069 spiritualibus
2627 2007 2822 2051 autem.
2852 1995 3006 2050 Nunc
3043 1996 3111 2050 de
3137 1993 3485 2050 divisionibus
3513 2008 3647 2064 gra-

2067 2092 2265 2146 tiarum
2286 2091 2551 2161 praedicit,
2575 2098 2632 2145 et
2648 2091 2714 2146 de
2728 2089 3040 2144 'volentibus
3064 2088 3218 2142 novis
3250 2087 3392 2156 loqui
3420 2086 3642 2157 linguis.

2066 2184 2149 2237 Ad
2193 2183 2477 2237 simulacra
2523 2192 2690 2236 muta.
2733 2180 2848 2235 Hoc
2892 2180 3023 2236 dicit
3055 2185 3117 2233 ut
3155 2184 3514 2248 cognoscant,
3544 2176 3644 2245 qui

2070 2281 2197 2327 ante
2239 2272 2668 2327 misericordiam
2702 2271 2845 2325 illius
2880 2268 3132 2331 fuerunt,
3176 2275 3322 2322 muta
3366 2266 3653 2321 adoranda

2070 2362 2213 2418 idola
2241 2381 2254 2416 :
2286 2370 2341 2416 et
2365 2369 2427 2415 ut
2448 2362 2624 2417 sciant
2647 2369 2848 2430 quanta
2878 2375 3101 2415 munera
3131 2358 3235 2413 illis
3255 2373 3352 2428 per
3376 2356 3647 2425 Spiritum

2071 2463 2321 2510 sanetum
2369 2452 2562 2508 collata
2594 2459 2739 2506 sunt.
2772 2451 2939 2505 Prout
2979 2449 3326 2504 ducebamini.
3376 2448 3432 2502 ld
3465 2455 3577 2511 est,
3611 2461 3647 2499 a

2072 2542 2349 2613 magistris
2392 2550 2448 2596 et
2490 2541 2827 2611 aruspicibus
2872 2548 2928 2596 et
2975 2538 3327 2609 philosophis.
3370 2536 3538 2590 Nemo
3582 2536 3653 2589 in

2073 2635 2261 2705 spiritu
2300 2632 2427 2685 dicit
2470 2631 2750 2684 anathema
2793 2628 2943 2684 Iesu.
2971 2629 3103 2695 Quia
3150 2626 3380 2683 fortasse
3424 2626 3513 2679 alii
3546 2637 3651 2696 per

2075 2724 2321 2794 spiritum
2342 2720 2541 2776 diaboli
2561 2720 2813 2774 dixerunt
2834 2719 3119 2773 anathema
3139 2717 3285 2783 Jesu,
3300 2716 3452 2785 quasi
3478 2714 3654 2769 dixis-

2077 2819 2181 2879 set,
2216 2814 2274 2870 Si
2304 2812 2499 2883 aliquis
2521 2812 2720 2867 dixerit
2752 2811 3038 2865 anathema
3084 2807 3210 2863 Jesu
3234 2849 3248 2873 ,
3302 2822 3408 2861 non
3450 2805 3651 2874 spiritu

2077 2907 2195 2973 Dei,
2225 2906 2320 2961 sed
2351 2906 2543 2975 spiritu
2574 2904 2840 2959 diabolico
2870 2903 3123 2973 loquitur.
3165 2902 3487 2964 Anathema,
3517 2914 3652 2969 pcr—

2079 2998 2231 3061 ditio,
2261 2996 2552 3050 detestatio
2584 2995 2991 3064 interpretatur.
3019 2993 3204 3048 Jesum
3240 3000 3416 3046 tamen
3457 2991 3508 3043 in
3539 2990 3663 3058 θρῖα

2080 3090 2189 3143 ritu
2212 3087 2304 3141 Dei
2334 3085 2488 3158 [non]
2510 3086 2765 3154 loquitur,
2794 3084 3033 3154 quandiu
3061 3098 3303 3154 paganus
3330 3089 3431 3136 est.
3460 3078 3526 3132 Et
3561 3095 3659 3133 ne-

410 3200 655 3270 mysterii
694 3206 1112 3254 sacramentum.
1140 3197 1255 3250 Hoc
1283 3196 1467 3265 facite,
1492 3203 1538 3248 et
1564 3194 1715 3258 dixit,
1743 3191 1979 3260 accipite,
2009 3175 2054 3236 C
2085 3197 2170 3234 mo
2198 3188 2361 3249 potest
2389 3178 2560 3231 dicere
2592 3176 2871 3230 Dominum
2896 3174 3096 3229 Iesum.
3123 3175 3179 3229 ιιι
3206 3181 3309 3236 est,
3337 3172 3656 3233 cortle.ol‘c.

413 3294 511 3345 hoc
536 3300 608 3344 est
633 3306 819 3360 corpus
851 3306 1039 3343 meum.
1070 3289 1235 3356 Quasi
1262 3287 1459 3365 Paulus
1485 3303 1497 3338 :
1532 3284 1728 3339 Cavete
1759 3299 1822 3336 ne
1853 3281 1980 3335 illud

414 3396 612 3451 corpus
638 3380 858 3450 indigne
883 3379 1179 3434 comedatis
1198 3420 1210 3444 ,
1242 3378 1367 3432 dum
1386 3366 1594 3444 corpus
1620 3373 1822 3428 Christi
1859 3378 1940 3426 est
1964 3387 1977 3423 :

413 3473 634 3541 indigne
657 3472 759 3526 hoc
783 3469 1101 3535 comedetis,
1131 3469 1175 3524 si
1201 3482 1469 3539 pauperes
1502 3463 1872 3527 confundatis,
1911 3462 1984 3516 si-

416 3578 522 3630 que
553 3577 730 3617 escam
760 3561 1007 3630 aliqua!!!
1022 3568 1149 3615 ante
1177 3558 1507 3629 spiritualem
1548 3564 1604 3611 et
1646 3554 1985 3609 Dominicam

416 3670 628 3710 omnum
661 3653 905 3709 sumatis.
934 3650 1051 3707 Hoc
1073 3652 1230 3721 facile
1259 3651 1315 3704 in
1345 3664 1513 3703 meam
1536 3644 1987 3701 commemoratio-

416 3761 555 3801 nem.
574 3745 739 3801 Suam
764 3743 1079 3799 memoriam
1102 3741 1259 3797 nobis
1277 3739 1518 3809 reliquit,
1538 3735 1988 3807 quemadmodum

418 3838 464 3892 si
492 3837 613 3906 quis
639 3850 863 3905 peregre
886 3829 1497 3905 proﬁciscens,aliquod
1526 3829 1718 3898 pignus
1751 3826 1803 3880 ei
1830 3838 1989 3895 quem

420 3927 597 3996 diligit
623 3926 989 3994 derelinquat,
1030 3932 1090 3978 ut
1133 3924 1558 3994 quotiescunque
1599 3920 1727 3975 illud
1763 3918 1989 3982 viderit,

422 4018 596 4089 possit
615 4017 731 4085 ejus
754 4015 1013 4071 beneﬁcia
1030 4024 1083 4068 et
1103 4015 1396 4072 amicitiam
1424 4013 1723 4075 recordari,
1737 4009 1990 4079 quoniam

421 4108 511 4162 ille
535 4108 581 4161 si
609 4106 847 4176 perfecte
870 4103 1076 4166 dilexit,
1114 4104 1231 4156 sine
1258 4103 1461 4172 ingenti
1492 4101 1762 4155 desiderio
1790 4107 1845 4151 et
1867 4097 1992 4152 ﬁetu

424 4197 553 4252 illud
582 4212 687 4250 non
720 4201 896 4262 potest
913 4192 1116 4247 videre.
1148 4190 1249 4245 Hic
1273 4201 1345 4245 est
1377 4190 1516 4244 calix.
1536 4189 1670 4242 Noui
1700 4188 1996 4241 Testamen-

427 4289 485 4341 ti.
509 4285 644 4352 Quia
676 4283 842 4339 Vetus
883 4285 985 4339 hoc
1011 4299 1104 4353 per
1133 4282 1447 4352 sanguinem
1476 4280 1758 4333 brutorum
1789 4277 1996 4330 anima-

425 4381 559 4436 lium
599 4380 1041 4449 portendebatur.
1097 4376 1220 4430 Ideo
1270 4382 1446 4428 autem
1491 4371 1629 4427 calix
1688 4369 1996 4425 testamenti

423 4479 683 4536 vocatur,
707 4470 831 4540 quia
862 4476 1091 4524 testatus
1115 4473 1214 4529 est,
1240 4472 1363 4534 post
1391 4462 1665 4534 paululum
1690 4462 1995 4531 passionem

425 4562 699 4627 futuram,
748 4569 802 4615 et
852 4574 996 4614 nunc
1035 4556 1356 4612 testiﬁcatur
1390 4555 1605 4610 factam.
1640 4553 1707 4608 In
1735 4569 1847 4607 meo
1876 4569 2000 4606 san-

427 4656 602 4725 guine.
651 4653 814 4707 Vetus
861 4658 919 4704 et
960 4650 1166 4703 Novum
1214 4665 1309 4719 per
1346 4648 1659 4718 sanguinem
1698 4645 2001 4709 dedicatur,

428 4745 557 4814 quia
584 4742 703 4801 sine
730 4748 904 4797 morte
949 4738 1165 4793 ﬁrmum
1191 4752 1311 4812 esse
1347 4754 1454 4793 non
1485 4745 1662 4806 potest
1708 4743 2000 4790 testamen-

429 4850 564 4903 tum,
611 4833 903 4891 secundum
958 4831 1250 4901 Epistulam
1294 4832 1361 4885 ad
1406 4830 1679 4884 Ilcbrmos.
1722 4827 1861 4881 Reus
1902 4828 2003 4882 erit

430 4926 663 4996 corporis
685 4933 732 4978 et
762 4922 1032 4992 sanguinis
1065 4919 1297 4973 Domini.
1332 4919 1496 4986 Quasi
1529 4918 1676 4972 illum
1710 4917 1997 4979 occiderit,

431 5027 492 5071 ut
519 5016 721 5081 Judmi,
752 5015 843 5086 qui
874 5014 1006 5067 tanti
1044 5011 1287 5083 mystcrii
1336 5017 1735 5064 sacramentum
1767 5022 1868 5077 pro
1906 5006 2001 5060 vili

432 5108 811 5173 despexerunt.
848 5101 1046 5157 Probet
1074 5109 1268 5155 autem.
1298 5098 1357 5153 Id
1385 5107 1487 5163 est,
1514 5099 1736 5152 mundet
1768 5114 1780 5150 :
1812 5110 1935 5148 nam
1958 5093 2005 5148 si

432 5197 488 5250 in
512 5194 756 5260 linteum,
786 5194 868 5248 vel
903 5194 957 5248 in
992 5209 1085 5249 vas
1109 5191 1385 5247 sordidum
1410 5203 1570 5242 nemo
1614 5186 1746 5241 illud
1787 5185 2005 5239 mittere

432 5285 624 5349 audet,
659 5290 861 5353 quanto
886 5278 1057 5354 magis
1094 5284 1149 5339 in
1188 5298 1284 5339 cor
1310 5279 1610 5352 pollutum?
1648 5275 1771 5331 Non
1807 5273 2008 5344 dijudi-

434 5392 560 5430 cans
598 5389 784 5445 corpus
812 5371 1044 5427 Domini.
1076 5372 1134 5426 Id
1165 5380 1249 5428 est
1277 5387 1382 5426 non
1409 5371 1723 5425 discernens
1770 5366 1947 5434 ipsum
1975 5377 2006 5417 a

434 5468 556 5521 cibo
582 5463 874 5522 communi.
908 5460 1038 5515 Ideo
1068 5462 1202 5515 inter
1235 5478 1322 5515 vos
1356 5458 1508 5515 multi
1534 5456 1751 5526 inﬁrmi.
1796 5453 1853 5507 Id
1890 5459 2003 5513 est,

436 5555 618 5609 dolore
643 5558 809 5612 totius
837 5552 1100 5622 corporis.
1139 5550 1206 5607 Et
1250 5550 1395 5619 (εστὶ.
1441 5550 1498 5605 Id
1542 5557 1659 5613 est,
1709 5541 2005 5600 imbecilles

430 5644 755 5715 quibusdam
786 5642 1064 5704 membris,
1094 5647 1153 5695 ut
1177 5640 1305 5695 eieci
1352 5647 1411 5695 et
1448 5638 1621 5692 claudi
1652 5651 1665 5689 :
1698 5643 1816 5689 erat
1843 5632 2006 5702 igitur

441 5750 674 5801 persons
700 5732 969 5800 correptio
997 5741 1045 5785 et
1076 5746 1218 5785 nunc
1243 5740 1343 5794 est,
1371 5738 1421 5785 et
1449 5728 1603 5781 multi
1643 5727 1763 5780 talia
1790 5723 2003 5792 patiun-

2084 3284 2265 3339 opere.
2292 3268 2406 3323 Mos
2429 3276 2511 3323 est
2534 3267 2933 3338 Scripturarum
2956 3267 3098 3321 dicta
3117 3282 3214 3336 pro
3236 3264 3392 3318 factis
3412 3275 3615 3332 ponere
3642 3279 3656 3315 :

2085 3376 2217 3433 ergo
2244 3361 2444 3423 dicere,
2478 3360 2733 3414 invocare
2762 3367 2845 3414 cst
2862 3399 2878 3423 ,
2906 3358 2991 3412 vel
3018 3359 3240 3413 credere
3264 3356 3547 3411 Dominum
3570 3352 3667 3409 Je-

2086 3466 2227 3516 sum,
2255 3451 2359 3504 hoc
2387 3458 2489 3515 est,
2526 3458 2588 3503 ut
2615 3450 2728 3519 ipse
2752 3450 2823 3503 sit
2849 3463 3034 3502 servus
3058 3447 3269 3501 Domini
3295 3445 3443 3509 Iesu,
3467 3460 3531 3499 ac
3553 3443 3667 3497 Do-

2085 3543 2267 3597 minus
2289 3538 2410 3608 ejus
2435 3539 2612 3595 Jesus.
2642 3540 2762 3593 Nisi
2801 3541 2857 3593 in
2902 3538 3105 3610 Spiritu
3144 3548 3347 3591 sancto.
3396 3536 3454 3591 Id
3484 3542 3568 3590 est
3606 3535 3675 3589 in

2087 3633 2229 3689 dono
2259 3630 2491 3701 Spiritus
2516 3631 2689 3685 sancti
2716 3649 2729 3683 :
2759 3629 2912 3684 Unde
2946 3630 3130 3683 statim
3176 3628 3425 3693 disserit,
3465 3626 3673 3696 quibus

2090 3733 2147 3778 et
2178 3731 2310 3792 quot
2332 3722 2490 3776 donis
2508 3719 2692 3775 Jesum
2722 3721 2949 3789 quisque
2978 3717 3227 3781 fateatur,
3254 3718 3442 3772 dicens
3468 3734 3482 3769 ι
3512 3715 3673 3769 Diri-

2089 3814 2261 3867 siones
2282 3819 2453 3865 autem
2480 3811 2769 3880 gratiarum
2794 3816 2913 3863 sunt
2936 3821 2953 3859 :
2976 3806 3111 3860 idem
3131 3816 3305 3860 autem
3325 3806 3558 3876 spiritus.
3586 3803 3675 3860 Ne

2092 3908 2175 3958 tot
2204 3908 2525 3972 putarentur
2552 3899 2775 3969 spiritus
2813 3904 2945 3966 quot
2988 3904 3117 3950 sunt
3155 3895 3316 3950 dona.
3351 3894 3671 3950 Gratiarum

2091 3991 2413 4046 vocabulum
2465 3988 2674 4058 Spiritui
2724 3987 2890 4056 gratis
2941 3985 3227 4055 inspiranti
3277 3984 3455 4039 omnia
3524 3982 3673 4037 dona

2094 4079 2364 4135 convenit.
2412 4077 2481 4130 Et
2526 4077 2805 4130 divisiones
2851 4075 3294 4129 ministrationum
3339 4081 3493 4135 sunt,
3523 4072 3677 4124 idem

2094 4179 2269 4225 autem
2291 4168 2567 4221 Dominus.
2602 4168 2894 4231 Dominus,
2940 4166 3031 4234 qui
3078 4164 3249 4219 servis
3277 4163 3387 4217 suis
3422 4162 3680 4218 diversas

2094 4259 2523 4316 ministrationes
2548 4265 2603 4310 et
2632 4257 2995 4312 ecclesiastica
3025 4255 3198 4310 olﬁeia
3223 4255 3465 4325 largitur.
3495 4253 3559 4306 Et
3586 4254 3683 4307 di-

2095 4351 2316 4407 visiones
2342 4349 2697 4421 operationum
2723 4357 2873 4413 sunt,
2905 4347 3042 4401 idem
3070 4362 3186 4400 vero
3218 4344 3358 4399 Deus
3379 4384 3393 4409 ,
3417 4344 3508 4415 qui
3549 4358 3684 4413 ape-

2100 4451 2249 4497 ratur
2276 4441 2452 4494 omnia
2476 4439 2532 4493 in
2558 4439 2817 4493 omnibus.
2849 4437 2907 4492 Id
2943 4444 3047 4502 est,
3091 4434 3381 4502 insignium
3410 4433 3680 4486 virtutum

2024 4515 2078 4575 Ῑ)
2102 4547 2166 4588 ac
2188 4529 2571 4586 miraculorum
2601 4528 2712 4583 Deo
2734 4542 2930 4583 nomen
2961 4527 3253 4596 competit,
3277 4524 3369 4593 qui
3406 4523 3687 4593 potentia-

2103 4622 2228 4677 liter
2257 4622 2371 4677 ιιωο
2391 4636 2489 4690 per
2512 4635 2640 4674 suos
2663 4619 3019 4673 electissimus
3041 4625 3318 4686 operatur.
3343 4614 3469 4669 Haec
3487 4613 3691 4684 itaque

2106 4714 2208 4768 tria
2242 4712 2482 4776 nomina,
2506 4711 2559 4765 id
2591 4717 2697 4774 est,
2735 4709 2958 4779 spiritus
2979 4748 2992 4772 ,
3024 4716 3079 4762 et
3104 4706 3364 4762 Dominus
3384 4745 3398 4770 ,
3418 4714 3471 4759 et
3493 4703 3644 4759 Dens
3662 4745 3685 4772 ,

2107 4803 2330 4875 Spiritui
2360 4811 2549 4858 sancto
2571 4800 2916 4864 conveniunt,
2947 4798 3041 4867 qui
3067 4798 3236 4866 gratis
3259 4805 3315 4851 et
3340 4810 3447 4851 non
3478 4796 3691 4850 merito

2105 4901 2298 4948 cuncta
2320 4892 2575 4961 spirando
2598 4905 2661 4945 ac
2691 4903 2883 4944 servus
2916 4888 3188 4943 ministrat
3223 4896 3279 4941 et
3313 4883 3694 4956 potentialiter

2107 4984 2260 5052 quasi
2306 4983 2448 5037 Deus
2493 4980 2726 5050 perﬁcit.
2776 4977 3139 5047 Manifestatio
3185 4977 3420 5046 spiritus.
3473 4972 3694 5028 Unum-

2108 5076 2358 5146 quodque
2389 5075 2609 5139 donum,
2634 5088 2734 5143 per
2757 5072 2900 5142 quod
2932 5086 2991 5127 se
3018 5070 3348 5125 manifestat.
3380 5069 3458 5121 Ad
3478 5066 3697 5122 utilita-

2110 5178 2232 5223 tem.
2266 5166 2383 5221 Nou
2412 5165 2479 5218 ad
2507 5165 2725 5219 inanem
2755 5163 3012 5233 gloriam,
3040 5167 3099 5213 ut
3127 5157 3291 5214 vultis
3320 5158 3489 5212 variis
3531 5156 3691 5227 loqui

2109 5259 2325 5330 linguis,
2345 5257 2437 5313 sed
2459 5257 2526 5311 ad
2549 5256 2836 5311 utilitatem
2864 5252 3261 5310 incredulorum
3280 5259 3339 5306 et
3362 5249 3695 5309 inﬁdelium.

2115 5349 2298 5405 Sermo
2329 5347 2617 5417 sapientiw.
2666 5345 2939 5416 Sapientia
2982 5343 3218 5413 pertinet
3254 5343 3320 5397 ad
3347 5341 3693 5399 intellectum

2113 5452 2459 5499 aeternorum.
2493 5440 2728 5495 Scientia
2759 5452 2887 5493 vero
2924 5436 2992 5491 ad
3019 5452 3083 5491 ea
3122 5450 3242 5506 quae
3285 5434 3532 5491 sensibus
3560 5449 3698 5489 cor-

2112 5535 2259 5603 poris
2285 5534 2680 5602 exprimuntur.
2705 5530 2891 5586 Gratia
2914 5531 3264 5585 curationum.
3290 5528 3360 5584 Ut
3386 5527 3507 5597 quis
3530 5538 3700 5582 curet

2111 5640 2307 5696 mgros.
2336 5622 2584 5693 Operatio
2607 5622 2875 5677 virtutum.
2910 5620 3057 5690 Opus
3086 5620 3342 5676 virtutum
3372 5624 3455 5671 est
3482 5614 3699 5671 (itemc-

2114 5734 2208 5775 nes
2237 5715 2431 5784 ejicere
2462 5710 2546 5765 vel
2577 5718 2817 5765 mortuos
2846 5711 3129 5764 suscitare.
3169 5708 3271 5761 Alii
3302 5705 3541 5759 discretio
3585 5710 3698 5773 spi—
