3974 6202
313 320 420 375 153

1411 308 1737 366 COLLECT.
1778 307 1847 361 IN
1881 308 2097 364 EPIST.
2138 309 2167 365 I
2195 309 2287 367 AD
2324 312 2477 369 COR.

3452 325 3558 381 158

314 436 534 487 rituum.
560 422 631 483 Ut
656 422 890 494 quisque
914 420 1052 476 sciat
1083 420 1225 490 quod
1253 420 1474 490 spiritus
1514 419 1754 490 suggerit
1786 418 1883 472 ali-
1908 421 1961 479 Α
1984 433 2042 473 ra
2068 421 2344 489 praevidet.
2363 422 2432 477 Ut
2467 441 2569 480 non
2597 427 2700 481 sint
2719 426 3001 484 schismata
3027 430 3080 483 in
3108 446 3340 501 corpore.
3367 430 3424 487 Id
3448 443 3553 501 est,

314 521 447 593 quid
472 517 736 589 agendum
761 528 885 568 esse
908 512 994 567 vel
1017 512 1276 566 non..Alii
1306 512 1658 583 interpretatio
1694 526 1885 565 sermo-

317 630 462 668 num.
485 609 596 664 Iloc
617 614 719 671 est,
736 620 805 660 ex
827 604 932 658 alia
953 604 1006 658 in
1026 603 1182 658 aliam
1206 603 1439 674 linguam
1468 611 1564 657 aut
1589 600 1895 657 diliicilium

315 714 623 758 sermonum
669 695 1001 766 explanatio.
1047 693 1311 763 Operatur
1362 710 1498 747 unus
1545 700 1700 763 atque
1745 692 1891 745 idem

316 794 455 863 spiri.
469 808 548 844 us.
576 788 765 842 Potest
815 800 955 840 unus
994 800 1146 848 esse,
1174 784 1303 838 licet
1337 784 1611 848 diversus,
1652 791 1713 837 ut
1745 798 1893 836 unus

320 882 449 936 mihi
480 880 625 934 illam
648 891 766 931 rem
792 875 912 929 heri
930 874 1170 937 donavit,
1193 873 1277 927 vel
1299 873 1648 937 ministravit,
1670 880 1725 927 et
1746 890 1898 928 unus.

320 972 475 1027 hodie
502 986 516 1023 :
551 984 678 1023 nam
706 966 832 1020 talis
860 965 1059 1019 locutio
1084 964 1246 1017 etiam
1274 967 1339 1017 de
1379 964 1607 1018 diversis
1640 962 1885 1033 personis

317 1068 491 1133 potest
516 1056 905 1112 convenienter
929 1052 1173 1123 intelligi,
1195 1053 1288 1107 sed
1312 1068 1379 1105 ne
1399 1052 1645 1106 diversus
1665 1051 1886 1121 spiritus

318 1149 492 1218 aliqua
522 1144 871 1199 successione
900 1141 1187 1211 temporis,
1220 1140 1304 1195 vel
1346 1141 1428 1194 sui
1472 1141 1769 1194 mutatione
1805 1140 1886 1193 in-

314 1241 661 1309 telligeretur,
686 1235 966 1304 signanter
989 1232 1056 1286 ab
1082 1232 1340 1301 Apostolo
1362 1231 1465 1286 hoc
1487 1232 1723 1285 additum
1753 1238 1840 1285 est
1865 1248 1878 1283 :

313 1332 476 1402 Atque
502 1328 640 1383 idem
672 1325 911 1395 spiritus.
939 1321 1017 1377 Ne
1044 1323 1168 1391 quia
1192 1321 1404 1376 diversa
1443 1328 1571 1376 sunt
1613 1321 1772 1385 dona,
1806 1321 1899 1375 iii--

310 1434 502 1475 versus
535 1415 764 1486 spiritus
807 1428 873 1467 ac
911 1412 1098 1466 varius
1149 1418 1455 1480 putaretur.
1496 1408 1604 1464 Sed
1651 1424 1791 1463 unus
1832 1415 1888 1463 et

310 1514 453 1568 idem
495 1523 712 1579 semper
761 1506 878 1561 sine
918 1503 1027 1559 ulla
1076 1503 1439 1557 mutabilitate
1478 1517 1600 1556 cum
1640 1500 1801 1555 Patre
1834 1507 1891 1553 et

309 1604 447 1659 Filio
472 1614 701 1656 manens
726 1604 885 1669 prout
906 1596 1040 1662 vult,
1071 1611 1179 1650 non
1202 1596 1297 1660 ait,
1322 1603 1381 1649 ut
1406 1593 1653 1649 homines
1674 1608 1889 1648 meren-

310 1704 414 1758 tur,
440 1693 571 1762 quia
598 1692 737 1745 dona
765 1688 974 1743 diversa
1003 1694 1059 1740 et
1086 1684 1318 1755 indignis
1347 1683 1674 1749 tribuuntur,
1712 1691 1773 1739 ut
1805 1690 1890 1738 est

1985 520 2047 566 ut
2087 528 2185 583 pro
2233 514 2465 571 invicem
2495 516 2705 571 solliciti
2733 518 2924 585 simus,
2954 520 3079 574 dum
3107 521 3277 577 altero
3319 523 3558 595 indigea-

1985 618 2126 659 mus.
2159 602 2277 659 Sive
2306 606 2535 661 (artatur.
2566 606 2959 663 Incolumitate.
2999 608 3341 681 Congaudent
3378 618 3555 669 omnia

1986 695 2235 749 membra.
2283 696 2355 751 Ut
2400 696 2688 754 Sallustius
2738 700 2854 754 ait:
2887 700 3061 756 Corde
3110 702 3328 757 Itetante
3374 705 3555 757 vultus

1986 783 2161 839 ﬂoret.
2193 785 2297 840 Vos
2320 797 2489 840 autem
2513 790 2634 843 estis
2656 807 2841 860 corpus
2864 791 3079 846 Christi.
3100 793 3252 848 Nunc
3279 788 3555 865 phv’sicam

1986 874 2391 929 similitudinem
2421 879 2646 947 mystice
2671 880 2939 948 explanat.
2978 880 3218 935 Secundo
3258 884 3551 951 prophetas.

1986 965 2119 1020 Novi
2164 967 2525 1033 Testamenti,
2579 979 2639 1024 ut
2686 970 2785 1024 fuit
2833 972 3019 1028 Achab
3063 982 3118 1027 et
3163 975 3255 1028 ﬁlii
3300 975 3551 1043 Philippi.

1986 1054 2185 1108 Deinde
2207 1058 2435 1111 virtutes.
2460 1058 2740 1114 Facientes
2764 1059 2965 1143 majora
2993 1063 3167 1133 signa,
3210 1072 3269 1117 ut
3313 1075 3556 1118 mortuos

1986 1148 2264 1202 suscitare.
2294 1148 2505 1204 Gratias
2536 1153 2880 1206 curationum.
2909 1153 2980 1208 Ut
3004 1155 3244 1223 leprosos
3272 1159 3551 1209 mundare.

1990 1235 2391 1308 Opitulationes.
2440 1242 2498 1295 Id
2534 1250 2645 1309 est,
2681 1244 3034 1314 elecmosynte
3088 1262 3218 1317 erga
3268 1262 3552 1315 pauperes.

1988 1327 2420 1388 Gubernatianes.
2480 1334 2847 1391 Ecclesiarum
2901 1337 3017 1391 Dei.
3070 1335 3325 1409 Nunquid
3381 1355 3556 1393 omnes

1987 1419 2251 1486 apostoli?
2280 1420 2434 1477 Sicut
2460 1440 2560 1480 nec
2584 1432 2756 1479 totum
2800 1441 2995 1496 corpus
3022 1427 3209 1482 oculus
3253 1436 3356 1482 cst.
3403 1426 3557 1493 Quod

1989 1510 2132 1564 enim
2164 1511 2220 1565 in
2249 1512 2472 1583 singulis
2504 1515 2814 1571 hominibus
2848 1517 3101 1572 universa
3144 1517 3283 1574 dona
3324 1516 3557 1588 Spiritus

1988 1603 2160 1657 sancti
2189 1618 2309 1658 esse
2332 1619 2438 1658 non
2465 1613 2711 1674 possunt,
2738 1622 2845 1661 non
2871 1606 3105 1676 Spiritus
3128 1608 3323 1673 sancti,
3346 1609 3440 1663 sed
3466 1609 3558 1663 ho-

1990 1695 2152 1750 minis
2200 1695 2470 1750 inlimitati
2524 1697 2888 1767 deputandum
2932 1708 3034 1754 est.
3075 1698 3441 1753 Emulemini.
3498 1699 3557 1754 Id

308 1784 433 1838 illud
476 1800 493 1837 ἒ
545 1780 741 1835 Nonne
792 1779 849 1832 δη
901 1785 988 1830 ηιο
1041 1776 1250 1829 nomine
1316 1774 1579 1827 άαηποηία
1636 1773 1884 1843 etiam“
1911 1782 1958 1841 Β
1985 1793 2071 1840 εει
2101 1786 2383 1840 imitemini
2415 1784 2746 1841 Charismata
2772 1788 3009 1843 meliora.
3040 1788 3097 1842 Id
3122 1800 3240 1853 est,
3268 1790 3405 1843 dona
3443 1804 3559 1844 me-

307 1874 525 1948 (Hatth.
568 1872 704 1939 vn)?
746 1871 814 1925 Et
859 1871 1000 1925 sicut
1040 1868 1167 1923 alibi
1203 1867 1465 1938 scriptum
1494 1878 1578 1923 est
1608 1885 1622 1920 :
1650 1866 1883 1936 Spiritus

306 1968 393 2020 ubi
423 1964 533 2020 vult
574 1965 740 2035 spirat
770 1961 954 2033 (Joan.
980 1959 1086 2033 ιιι).
1117 1959 1267 2015 Sicut
1307 1960 1445 2013 enim
1489 1975 1677 2029 corpus
1717 1975 1883 2013 unum

305 2067 398 2112 est.
432 2056 541 2111 Per
571 2053 1031 2124 comparationem
1075 2049 1613 2121 corporis_ostendit,
1648 2064 1756 2109 non
1788 2064 1883 2103 na-

308 2158 480 2202 turam
513 2146 907 2208 membrorum,
945 2142 1040 2198 sed
1085 2142 1257 2197 ollicia
1287 2155 1409 2196 esse
1438 2140 1670 2203 diversa,
1703 2148 1758 2193 et
1784 2154 1880 2194 ne-

305 2240 505 2292 minem
531 2251 728 2291 curare
768 2234 966 2289 debere
1011 2231 1165 2301 cujus
1208 2232 1278 2285 sit
1318 2229 1509 2296 cilicii,
1538 2229 1663 2283 dum
1691 2241 1883 2284 omnes

305 2329 490 2383 eodem
518 2327 712 2397 spiritu
737 2326 1065 2379 animentur.
1100 2322 1167 2375 Et
1212 2337 1388 2375 omnes
1432 2335 1595 2372 unum
1639 2316 1881 2387 spiritum

305 2428 633 2488 potat-erunt.
677 2417 736 2472 Id
779 2424 884 2480 est,
932 2413 1233 2469 doctrinam
1267 2410 1508 2479 spiritus,
1538 2423 1698 2478 quam
1727 2406 1882 2461 Chri-

306 2519 419 2562 stus
448 2506 764 2561 ﬂuminibus
785 2520 938 2574 aqua:
967 2502 1302 2573 comparavit
1326 2501 1511 2556 dicens
1536 2513 1551 2553 :
1583 2498 1686 2564 Qui
1715 2496 1879 2552 credit

305 2600 356 2654 in
380 2616 479 2663 me,
501 2599 728 2668 ﬂumina
751 2596 815 2650 de
841 2604 1016 2648 ventre
1038 2594 1152 2663 ejus
1174 2594 1337 2662 fluent
1363 2607 1513 2662 aqua:
1538 2591 1665 2643 viva:
1695 2587 1876 2657 (Joan.

307 2696 424 2764 vn).
468 2692 555 2745 Ita
592 2700 644 2744 et
674 2689 933 2744 Christus.
964 2686 1272 2741 Notandum
1309 2684 1451 2754 quod
1477 2690 1589 2737 tota
1636 2679 1877 2735 Ecclesia

309 2798 427 2837 eum
448 2797 548 2836 suo
570 2779 753 2849 capite
780 2776 1029 2833 Christus
1055 2775 1352 2846 appellatur
1379 2791 1391 2826 :
1421 2789 1548 2827 nam
1584 2779 1645 2826 ut
1681 2785 1877 2841 corpus

309 2891 411 2930 non
442 2882 529 2928 est
552 2887 719 2926 unum
744 2870 1066 2934 membrum,
1095 2870 1168 2923 ita
1200 2883 1307 2922 non
1328 2873 1507 2936 potest
1540 2873 1712 2920 totum
1751 2881 1874 2920 cor-

308 2982 408 3038 pus
434 2980 602 3019 unum
638 2960 872 3016 ofﬁcium
902 2975 1082 3031 agere,
1105 2961 1210 3014 hoc
1234 2966 1350 3024 est,
1379 2965 1436 3011 ut
1467 2966 1637 3011 totum
1678 2970 1878 3024 corpus

308 3059 389 3112 vel
410 3058 616 3120 viJeat,
644 3054 730 3110 vel
758 3053 962 3118 audiat,
992 3052 1087 3107 sed
1120 3049 1541 3120 unumquodque
1567 3049 1872 3103 membrum

310 3167 457 3205 suum
493 3110 731 3203 ofﬁcium
770 3110 960 3200 habet:
1003 3141 1063 3198 Si
1105 3110 1321 3196 dixerit.
1341 3110 1471 3211 pes;
1495 3140 1742 3210 quoniam
1774 3154 1879 3192 non
1904 3110 1949 3173 Ο

310 3258 421 3296 sum
447 3257 662 3303 manus,
689 3255 794 3292 non
827 3253 944 3290 sum
987 3234 1051 3288 de
1090 3250 1323 3304 corpore.
1359 3232 1461 3287 Pes
1482 3230 1736 3287 Ecclesiae
1773 3220 1881 3284 dici

310 3335 462 3397 solet,
485 3333 580 3402 qui
610 3331 678 3385 ad
717 3325 1157 3384 intercedendum
1200 3325 1509 3395 egreditur;
1537 3338 1763 3387 manus,
1794 3322 1883 3377 ille

305 3425 397 3493 qui
430 3429 721 3492 operatur;
749 3434 832 3483 os,
862 3417 953 3472 ille
983 3417 1077 3486 qui
1112 3417 1270 3471 docet
1292 3415 1375 3470 vel
1396 3416 1485 3484 qui
1514 3414 1755 3485 loquitur
1778 3414 1882 3467 Iin-

304 3513 443 3585 guis.
476 3510 623 3565 Num
663 3509 780 3562 ideo
820 3524 925 3562 non
962 3514 1036 3569 est
1069 3506 1135 3559 de
1177 3506 1428 3577 corpore?
1467 3505 1705 3560 Decebat
1737 3505 1882 3558 enim

303 3619 410 3658 non
438 3617 564 3657 esse
587 3600 657 3656 de
685 3611 917 3669 corpore
950 3595 1230 3660 Ecclesize,
1258 3596 1350 3663 qui
1379 3595 1550 3660 hanc,
1579 3610 1743 3663 quam
1788 3594 1879 3648 alii

304 3700 653 3763 acceperant,
678 3690 911 3761 gratiam
938 3703 1046 3743 non
1092 3687 1380 3742 habebant.
1413 3684 1472 3740 Si
1502 3694 1665 3739 totum
1693 3701 1881 3754 corpus

305 3784 515 3839 oculus.
540 3782 656 3836 Hoc
686 3788 806 3845 est,
831 3780 877 3834 si
905 3792 1093 3832 omnes
1138 3777 1388 3832 doctores
1416 3784 1561 3830 sunt.
1590 3772 1688 3827 Ubi
1728 3775 1882 3828 audi-

306 3876 428 3931 tus?
451 3873 510 3927 Id
535 3880 643 3936 est,
674 3872 767 3926 ubi
792 3877 922 3925 sunt
939 3868 1244 3924 auditores?
1274 3864 1333 3920 Si
1361 3874 1527 3919 totum
1551 3865 1787 3919 auditus.
1822 3864 1878 3919 Si

306 3983 494 4024 omnes
524 3973 650 4022 sunt
680 3964 972 4019 auditores.
1008 3959 1106 4015 Ubi
1147 3959 1436 4014 odoratus?
1464 3956 1577 4012 Hoc
1606 3964 1722 4023 est,
1759 3958 1883 4026 quis

306 4065 403 4119 erit
426 4061 559 4117 boni
584 4058 769 4113 odoris
789 4056 983 4111 malive
1010 4054 1307 4110 discretor?
1334 4049 1490 4104 Nunc
1516 4058 1688 4103 autem
1708 4050 1880 4119 posuit

306 4154 443 4207 Deus
473 4149 729 4204 membra.
756 4144 816 4201 Id
846 4152 947 4208 est,
984 4144 1036 4197 in
1062 4143 1240 4212 prima
1268 4140 1574 4196 conditione
1621 4138 1876 4193 hominis.

309 4243 426 4297 Non
467 4248 640 4311 potest
668 4235 871 4292 oculus.
898 4234 957 4289 Id
983 4241 1085 4299 est,
1101 4233 1194 4287 'vir
1227 4231 1485 4286 theoricze
1511 4231 1655 4285 vita}.
1696 4228 1882 4282 Dicere

308 4334 510 4388 manui.
548 4328 770 4385 Homini
810 4325 1037 4381 actualis
1076 4324 1218 4378 vitm.
1247 4323 1371 4378 Ideo
1412 4323 1644 4389 invicem
1679 4319 1883 4388 indige-

1983 1875 2121 1931 liora
2171 1890 2331 1945 quam
2381 1876 2527 1945 loqui
2570 1876 2786 1946 linguis.
2835 1877 2904 1932 Et
2934 1878 3106 1931 adhuc
3137 1877 3550 1933 excellentiorem

1982 1965 2120 2021 uiam
2151 1965 2289 2021 vobis
2311 1965 2629 2021 demonstro.
2660 1966 2717 2022 Id
2741 1968 3198 2027 est..charitatem
3217 2008 3233 2034 ,
3260 1983 3358 2039 per
3391 1984 3555 2039 quam

1981 2055 2298 2124 pervenitur
2323 2054 2392 2109 ad
2422 2055 2624 2110 Deum.

2570 2146 2798 2203 CAPUT
2838 2147 2970 2202 XIII.

2053 2230 2113 2288 Si
2152 2233 2346 2303 linguis
2385 2235 2651 2289 hominum
2687 2235 2875 2307 loquar
2913 2245 2959 2290 et
2998 2235 3322 2306 angelorum.
3354 2235 3413 2291 Id
3438 2242 3550 2300 est,

1982 2337 2089 2376 non
2119 2322 2294 2377 solum
2327 2323 2567 2376 omnium
2597 2324 2815 2393 linguis,
2843 2325 2935 2379 sed
2957 2326 3120 2379 etiam
3148 2325 3351 2394 siquae
3384 2339 3551 2395 ange—

1980 2411 2154 2467 lorum
2192 2411 2405 2482 linguae.
2436 2412 2506 2465 Et
2535 2414 2760 2466 noverim
2805 2414 3051 2483 mysteria
3095 2416 3289 2469 omnia.
3340 2413 3400 2469 Id
3447 2420 3553 2476 est,

1980 2501 2226 2556 notitiam
2258 2500 2501 2554 omnium
2526 2510 2856 2557 secretorum
2876 2544 2889 2566 ,
2938 2503 3028 2557 hic
3070 2510 3126 2555 et
3162 2503 3217 2556 in
3248 2502 3450 2558 futuro.
3483 2501 3555 2556 Et

1980 2607 2183 2647 omnem
2203 2593 2492 2645 scientiam.
2525 2593 2579 2645 Id
2602 2602 2705 2657 est,
2726 2595 2934 2649 Veteris
2956 2603 3012 2648 et
3033 2593 3170 2649 Novi
3198 2595 3556 2650 Testamenti.

1980 2681 2049 2736 Et
2077 2683 2122 2736 si
2147 2682 2460 2735 distribuere
2490 2683 2542 2735 in
2571 2682 2711 2736 cibos
2748 2700 3033 2753 pauperum
3059 2700 3236 2738 omnes
3277 2684 3562 2753 facultates

1979 2787 2143 2825 meas.
2177 2769 2289 2824 Hoc
2330 2777 2441 2835 est,
2474 2769 2522 2823 si
2560 2786 2668 2824 non
2706 2779 2929 2840 propter
2965 2771 3134 2825 Deum
3155 2812 3170 2837 ,
3200 2773 3295 2827 sed
3332 2779 3557 2843 propter

1979 2864 2207 2935 gloriam
2233 2864 2546 2917 humanam.
2575 2861 2643 2915 Et
2673 2861 2941 2915 tradidero
2978 2878 3167 2931 corpus
3192 2878 3363 2917 meum
3400 2864 3472 2916 ita
3496 2871 3559 2917 ut

1979 2951 2215 3008 ardeam.
2246 2954 2301 3008 Id
2330 2961 2442 3017 est,
2475 2953 2527 3006 in
2574 2952 2925 3023 martyrium,
2960 2952 3005 3006 si
3046 2952 3100 3005 in
3144 2952 3259 3021 ipso
3294 2954 3559 3024 martyrio

1981 3048 2240 3103 adversus
2266 3045 2488 3100 fratrem
2520 3045 2781 3099 retineam
2816 3044 2954 3098 iram
2985 3062 2997 3097 :
3026 3051 3391 3098 contemnens
3431 3059 3557 3099 eum

1981 3138 2070 3208 qui
2098 3137 2261 3206 jussit
2288 3152 2388 3191 nos
2410 3136 2670 3190 malitiam
2698 3136 2934 3204 proximi
2964 3134 3242 3201 oblivisci,
3271 3143 3325 3189 et
3356 3136 3407 3191 in
3439 3136 3558 3206 ipsa

1981 3231 2144 3285 etiam
2175 3238 2351 3285 morte
2378 3228 2763 3299 praevaricator
2784 3228 3045 3282 existens.
3078 3226 3322 3282 Charitas
3353 3229 3557 3298 patiens

1981 3334 2074 3378 est.
2100 3323 2237 3392 Quia
2264 3326 2431 3380 multa
2467 3324 2607 3378 mala
2634 3325 3009 3393 aequanimiter
3043 3324 3262 3380 tolerat.
3295 3324 3554 3394 Benigno.

1980 3417 2156 3473 Etiam
2185 3417 2440 3473 inimicis.
2470 3415 2715 3471 Charitas
2746 3434 2849 3472 non
2885 3416 3186 3472 tumulatur.
3232 3416 3381 3470 Bona
3425 3417 3559 3470 alte-

1980 3509 2112 3563 rius.
2144 3507 2268 3561 Non
2290 3508 2396 3577 agit
2416 3523 2705 3579 perperam.
2736 3507 2793 3561 Id
2815 3515 2920 3571 est,
2952 3517 3141 3560 contra
3174 3507 3460 3568 rationem,
3493 3516 3554 3559 ut

1979 3598 2290 3655 Gennadius
2325 3598 2474 3651 dicit.
2505 3598 2601 3651 V'cl
2630 3613 2945 3667 perperam,
2994 3597 3221 3659 vitiose,
3275 3604 3553 3663 corrupte.

1982 3691 2105 3746 Non
2135 3692 2321 3762 quarrit
2341 3708 2455 3761 qua!
2485 3707 2581 3743 sua
2602 3699 2740 3744 sunt.
2771 3689 2886 3744 Non
2916 3690 3110 3757 quaerit
3138 3687 3279 3756 quod
3307 3688 3407 3741 sibi
3440 3696 3558 3741 tan-

1980 3792 2094 3837 tum
2120 3783 2270 3842 utile,
2300 3783 2391 3834 sed
2416 3781 2557 3849 quod
2591 3781 2792 3833 multis.
2827 3780 2949 3832 Non
2974 3781 3233 3832 irritatur.
3258 3776 3557 3849 Adjurgia.

1982 3872 2106 3927 Non
2128 3871 2320 3940 cogitat
2347 3868 2563 3921 malum.
2600 3868 2714 3922 Non
2757 3868 2926 3922 solum
2960 3883 3065 3922 non
3117 3867 3276 3933 facit,
3323 3870 3416 3925 sed
3453 3885 3556 3923 nec

1980 3960 2200 4030 cogitat.
2235 3956 2537 4026 Congaudct
2582 3966 2757 4009 autem
2785 3956 3007 4011 veritati.
3060 3955 3195 4022 Quia
3234 3965 3295 4010 ut
3328 3958 3402 4010 sit
3429 3957 3548 4011 dili-

1981 4064 2138 4121 gens,
2164 4059 2423 4102 cancrum
2455 4061 2555 4116 per
2580 4046 2684 4100 hoc
2712 4047 2850 4114 quod
2876 4058 3081 4101 recmm
3113 4046 3233 4101 aliis
3255 4048 3557 4117 conspicit,

1980 4140 2135 4209 quasi
2189 4124 2597 4207 dc-‘augmcnto
2657 4137 2860 4206 proprii
2916 4135 3196 4205 prolectus
3256 4137 3554 4194 hilarescit.

1983 4231 2174 4285 Omnia
2209 4229 2414 4299 suffert.
2442 4226 2641 4282 Sull‘ert
2671 4227 2895 4295 injurias
2917 4266 2930 4288 ,
2965 4226 3321 4282 satisfacienti
3361 4228 3556 4283 credit.

1984 4319 2175 4373 Omnia
2197 4329 2389 4388 sperat.
2424 4314 2552 4384 Ejus
2577 4314 3030 4378 emendationem,
3081 4324 3135 4368 et
3185 4316 3357 4373 donec
3392 4315 3561 4369 corri-

306 4442 445 4487 mus,
470 4431 531 4477 ut
557 4421 736 4492 magis
768 4435 831 4475 ac
864 4417 1037 4488 magis
1064 4415 1301 4471 Charitas
1337 4411 1687 4468 conﬁrmetur
1712 4426 1726 4464 :
1756 4425 1880 4464 nam
1906 4451 1960 4511 Β
1986 4423 2142 4485 gatur
2173 4413 2442 4482 patienter
2470 4416 2768 4480 exspectat.
2801 4408 2992 4473 Aliter,
3038 4409 3217 4462 omnia
3258 4415 3474 4477 sperat,
3505 4407 3558 4462 id

310 4516 354 4569 si
380 4530 521 4567 unus
548 4511 733 4566 omnia
764 4509 1012 4573 haberet,
1046 4507 1303 4560 adversus
1330 4512 1554 4556 caeteros
1582 4500 1878 4554 inﬂaretnr.

309 4605 622 4675 Inﬁmiora
648 4599 899 4655 membra.
930 4598 1132 4653 Venter
1155 4603 1212 4650 et
1236 4601 1430 4649 cmtera
1464 4592 1737 4646 intestina.
1776 4588 1887 4643 Ne-

312 4697 627 4750 cessariora.
659 4691 717 4746 Id
746 4698 850 4753 est,
878 4689 1004 4744 dum
1047 4689 1213 4742 vitam
1261 4685 1504 4753 corporis
1553 4683 1881 4737 custodiunt.

312 4786 494 4854 Itaque
537 4782 783 4838 membra
813 4794 933 4849 qute
958 4778 1212 4848 spernitis
1260 4777 1315 4829 in
1357 4773 1632 4836 Ecclesia,
1666 4772 1885 4841 majoris

313 4876 562 4930 utilitatis
593 4871 991 4943 approbantur;
1036 4869 1082 4923 si
1126 4868 1179 4923 in
1226 4879 1454 4935 corpore
1495 4865 1612 4919 sine
1640 4864 1889 4917 manibus

313 4966 647 5037 pedibusque
669 4962 893 5022 vivitur,
926 4960 1042 5014 sine
1072 4957 1328 5012 intestino
1361 4955 1580 5009 omnino
1608 4968 1714 5007 non
1746 4952 1883 5006 vivi-

312 5066 422 5111 tur.
474 5052 922 5108 Abundantiorem
982 5047 1367 5104 circumdamus
1420 5047 1689 5101 honorem.
1748 5044 1885 5098 Dum

311 5145 527 5201 cautius
560 5141 899 5198 vestimentis
925 5147 982 5195 et
1002 5139 1311 5210 diligentius
1334 5137 1727 5191 custodiuntur.
1753 5134 1883 5200 Qua:

313 5245 491 5289 autem
518 5236 733 5289 honesta
756 5242 899 5287 sunt.
927 5230 984 5285 Id
1009 5238 1113 5294 est,
1139 5244 1257 5299 quae
1277 5243 1373 5297 per
1396 5242 1455 5281 se
1484 5227 1705 5296 pulchra
1737 5233 1883 5290 sunt,

314 5336 375 5379 ut
420 5332 584 5394 caput
612 5330 667 5379 et
690 5336 909 5377 manus.
936 5319 1005 5373 Et
1039 5319 1123 5374 cui
1150 5318 1310 5371 deest.
1353 5316 1411 5371 Id
1458 5324 1562 5380 est,
1610 5316 1882 5370 honestas.

311 5415 764 5470 Abundantiorem
800 5413 1049 5467 honorem
1083 5409 1283 5463 tribuit.
1318 5406 1432 5462 Hoc
1459 5416 1562 5472 est,
1590 5408 1887 5461 minoribus

310 5503 575 5560 Ecclesia
608 5503 874 5559 membris
906 5499 1110 5569 majora
1149 5500 1286 5555 dona
1326 5500 1657 5564 concedens,
1690 5506 1751 5552 ut
1798 5498 1890 5567 qui

314 5596 522 5652 Moore
548 5595 731 5652 minor
762 5602 905 5657 erat,
929 5592 1098 5663 gratia
1130 5590 1383 5646 abundet.
1420 5588 1477 5643 Si
1503 5590 1693 5643 dixerit
1721 5591 1887 5643 auris.

314 5690 372 5743 I-l
398 5701 503 5746 est.
533 5691 759 5751 sapiens
788 5686 1019 5741 auditor.
1049 5680 1263 5741 Oculus.
1298 5680 1730 5751 Doctor,quique
1754 5681 1890 5735 futue

1984 4514 2089 4569 est,
2114 4505 2353 4574 prtemia.
2380 4502 2568 4557 Omnia
2594 4502 2777 4555 credit.
2805 4500 3077 4556 Promissa
3099 4517 3128 4554 a
3155 4501 3286 4565 Deo,
3311 4517 3376 4554 ac
3402 4501 3558 4556 retri-

1984 4594 2113 4648 buta
2144 4593 2299 4647 malis
2325 4600 2379 4646 et
2402 4593 2576 4646 bonis.
2609 4589 2798 4644 Omnia
2824 4592 3061 4645 sustinet.
3085 4591 3143 4646 Id
3172 4599 3254 4646 est
3275 4632 3290 4657 ,
3322 4591 3556 4662 promis-

1987 4700 2067 4740 sa.
2101 4684 2345 4737 Charitas
2374 4698 2638 4751 nunquam
2662 4680 2884 4745 excidet,
2908 4682 3010 4734 sive
3040 4682 3321 4750 prophetica
3342 4698 3559 4734 evacua-

1989 4777 2200 4830 buntur.
2233 4774 2657 4842 Supervenicnte
2698 4773 2845 4827 enim
2874 4772 3231 4840 completionte
3259 4811 3272 4835 ,
3320 4770 3552 4824 cessabit

1986 4865 2295 4935 prophetia,
2323 4864 2451 4933 quia
2476 4863 2609 4916 nihil
2637 4862 2879 4917 futurum
2909 4862 3036 4915 erit.
3063 4862 3189 4915 Sive
3221 4862 3414 4930 lingua:
3440 4877 3561 4916 ces-

1987 4961 2201 5023 sabunt,
2226 4958 2351 5026 quia
2377 4965 2505 5009 tunc
2526 4970 2629 5009 non
2659 4955 2976 5009 necessaria:
3001 4961 3177 5005 erunt.
3202 4951 3321 5005 Sive
3337 4952 3553 5005 scientia

1986 5051 2300 5105 destruetur.
2332 5048 2387 5102 Id
2416 5056 2518 5112 est,
2558 5046 2870 5114 imperfecta
2911 5053 2966 5098 et
3006 5044 3187 5097 dubia.
3228 5041 3357 5097 Cum
3395 5061 3556 5097 essent

1988 5138 2257 5210 parvulus,
2281 5138 2527 5208 loquebar
2550 5145 2606 5189 ut
2630 5133 2901 5205 parvulus,
2926 5132 3185 5204 sepiebant
3207 5144 3261 5186 ut
3287 5133 3553 5203 parvulus,

1990 5229 2281 5298 cogitabant
2322 5238 2376 5280 ut
2409 5225 2696 5298 parvulus:
2725 5222 2857 5276 Cum
2897 5232 3067 5275 autent
3108 5222 3279 5291 factus
3303 5239 3418 5276 sum
3455 5224 3564 5289 vir,

1990 5319 2233 5372 evacuavi
2281 5333 2398 5386 qua:
2438 5324 2584 5369 erant
2629 5312 2855 5384 parvuli.
2900 5312 3000 5367 Hic
3042 5313 3261 5384 physice
3296 5312 3552 5380 loquitur.

1995 5408 2133 5461 Nam
2161 5422 2399 5477 praesens
2429 5413 2639 5475 tempus
2664 5403 2806 5458 aetati
2838 5403 3045 5474 parvuli
3082 5410 3378 5471 comparat,
3411 5401 3559 5456 futu-

1996 5514 2114 5553 rum
2140 5514 2273 5553 vero
2317 5506 2531 5567 tempus
2559 5497 2679 5550 viro
2717 5495 2976 5565 perfecto.
3016 5494 3260 5548 Videmus
3301 5510 3439 5548 nunc
3467 5510 3560 5564 per

1993 5587 2277 5658 speculum.
2307 5587 2516 5641 Nostra:
2542 5586 2751 5641 scilicet
2779 5585 2997 5648 mentis,
3040 5582 3123 5638 vel
3171 5584 3365 5639 divinae
3412 5583 3559 5639 Scri-

1992 5688 2182 5748 ptura).
2220 5678 2281 5733 In
2306 5679 2593 5749 a’nigmate.
2626 5677 2680 5731 Id
2704 5686 2805 5738 est.
2833 5676 3177 5731 obscuritate.
3214 5674 3354 5731 Tunc
3385 5686 3567 5730 autem
