3974 6202
400 295 507 353 155

1729 269 1732 272 ’
1778 291 2050 351 senum
2087 292 2283 351 scen

3542 310 3642 367 l56

399 409 556 479 facie.
579 404 790 464 Nostrae
833 408 1048 463 mentis.
1099 407 1177 461 Ad
1225 406 1433 475 faciem.
1462 406 1577 461 Dei.
1611 405 1752 459 Tunc
1787 414 1964 459 autem
1990 407 2044 467 Α
2068 419 2207 469 rum,
2233 405 2363 473 quid
2413 405 2691 472 proderit?
2717 422 2840 464 cum
2868 410 3049 465 omnia
3096 410 3150 467 in
3176 428 3304 470 aera
3341 417 3639 487 solvantur.

398 514 728 568 cognoscam.
772 499 962 562 Deum,
1006 506 1060 551 et
1103 512 1222 565 qua:
1257 502 1383 550 sunt
1408 495 1528 581 Dei.
1554 496 1612 549 ln
1640 503 1850 549 tantum
1885 510 1971 548 co-

396 604 618 660 gnosco,
655 598 916 660 quantum
940 598 1118 658 potest
1150 589 1219 642 de
1261 588 1372 644 Deo
1401 604 1552 642 mens
1597 589 1832 642 humana
1876 602 1970 642 co-

397 693 657 748 gnoscere
682 696 695 732 :
724 679 900 732 nullus
930 679 1073 732 enim
1104 679 1289 742 Deum,
1321 680 1463 734 sicut
1481 686 1585 744 εει,
1608 679 1749 733 scire
1768 685 1966 747 potest.

397 769 552 835 Item,
602 780 729 823 tunc
757 785 1097 838 cognoscam,
1127 770 1230 823 hoc
1281 778 1382 835 est,
1414 770 1552 824 sicut
1601 785 1688 824 me
1726 770 1967 839 perfecte

398 857 658 912 Dominus
707 859 872 911 novit.
903 858 981 911 lla
1024 867 1151 911 tunc
1195 873 1314 928 ego,
1345 860 1399 912 in
1426 868 1686 928 quantum
1715 870 1965 915 creatura

393 954 570 1014 potest
609 946 1010 1012 intellectualis,
1056 963 1177 1017 qua:
1229 956 1355 1001 sunt
1402 948 1585 1002 divina
1616 963 1961 1019 cognoscam.

396 1032 539 1087 Tunc
561 1051 865 1104 cognoscam
881 1035 1011 1089 sicut
1036 1044 1086 1088 et
1097 1037 1332 1106 cognitus
1354 1053 1489 1092 sum.
1509 1037 1623 1092 Non
1644 1039 1738 1105 ait,
1766 1037 1823 1113 lu
1854 1047 1967 1093 tan-

394 1131 508 1177 tum
551 1139 893 1194 cognoscam,
923 1134 1185 1194 quantum
1211 1141 1240 1180 a
1263 1127 1374 1181 Deo
1403 1129 1653 1197 cognitus
1682 1145 1824 1196 sum,
1845 1131 1956 1197 sed,

389 1212 523 1264 sicut
542 1221 589 1264 et
607 1213 842 1281 cognitus
858 1230 973 1267 sum
994 1229 1011 1265 :
1036 1224 1089 1269 et
1104 1216 1238 1269 sicut
1264 1231 1370 1270 non
1384 1216 1681 1285 :cqualitas,
1699 1218 1791 1273 sed
1807 1220 1961 1273 simi-

390 1299 561 1355 litudo
590 1304 909 1358 ostenditur.
954 1305 1078 1358 Tria
1117 1306 1246 1359 hinc.
1277 1306 1335 1360 In
1375 1308 1662 1376 prsesentia
1692 1312 1794 1362 tria
1825 1310 1958 1375 ha’c,

392 1391 448 1446 in
495 1392 677 1448 futuro
728 1395 841 1449 sola
906 1395 1146 1450 Charitas
1199 1398 1555 1465 permanebit.
1623 1396 1801 1467 Majas
1861 1408 1957 1454 est.

394 1480 537 1552 Ergo
573 1482 716 1552 quod
752 1498 965 1553 semper
1000 1484 1133 1550 erit,
1175 1500 1335 1554 quam
1364 1485 1506 1554 quod
1532 1485 1822 1555 aliquando
1843 1503 1960 1543 ces-

395 1573 556 1627 sabit.

957 1665 1192 1724 CAPUT
1230 1668 1368 1724 XIV.

2071 504 2125 549 et
2154 496 2284 550 nulli
2313 495 2627 565 proﬁciant,
2676 507 2732 553 et
2784 501 2918 555 nihil
2946 516 3134 558 eorum
3184 507 3300 562 sine
3347 523 3478 567 voce
3510 522 3639 570 est:

2069 588 2345 657 pr0prium
2376 598 2459 643 est
2483 590 2626 644 enim
2650 590 3067 663 uniuscujusque
3094 595 3290 667 linguae
3316 599 3514 657 habere
3547 619 3645 659 vo-

2069 690 2204 730 cem.
2235 676 2345 730 Ero
2371 680 2455 731 cui
2484 677 2668 749 loquar
2715 681 2989 735 barbarus.
3035 684 3220 740 Omnis
3273 690 3415 743 enim
3459 707 3641 748 sermo

2068 767 2159 836 qui
2191 783 2298 822 non
2331 768 2644 840 intelligitur
2667 770 2930 827 barbarus
2944 773 3238 841 judicatur.
3272 778 3338 831 Et
3383 780 3498 834 ideo
3547 785 3639 853 qui

2067 854 2293 927 loquitur
2315 857 2513 927 lingua.
2550 860 2605 914 ld
2628 869 2732 927 est,
2754 862 2954 931 ignota.
2994 862 3122 917 Oret
3146 875 3200 917 ut
3242 868 3633 937 interpretetur.

2066 945 2254 1005 Oratio
2290 952 2393 1006 hoc
2422 953 2540 1007 loco
2583 954 2694 1007 oris
2717 954 2948 1010 elocutio
2994 958 3330 1029 intelligitur.
3369 960 3459 1016 Sic
3506 978 3638 1035 ergo

2064 1038 2332 1107 loquatur,
2375 1050 2435 1096 ut
2487 1045 2838 1112 grammatica
2891 1046 3055 1100 verba
3104 1062 3225 1117 qua:
3275 1048 3515 1105 dicturus
3564 1054 3638 1106 sit

2065 1131 2461 1203 intelligantur,
2512 1136 2595 1190 vel
2643 1145 2762 1192 oret
2800 1145 2861 1192 ut
2894 1137 2969 1193 illi
3024 1140 3414 1211 interpretandi
3459 1148 3633 1214 gratia

2063 1220 2309 1277 donetur.
2346 1225 2488 1279 Nam
2513 1228 2558 1280 si
2616 1244 2757 1282 orem
2806 1228 3008 1300 lingua.
3041 1231 3169 1286 Mihi
3222 1234 3423 1303 ignota.
3476 1236 3633 1293 Nunc

2062 1309 2279 1365 divertit
2306 1327 2609 1369 sermonem
2654 1316 2722 1370 ad
2762 1317 2996 1387 seipsum
3024 1336 3036 1372 :
3069 1318 3130 1373 Si
3157 1322 3294 1374 enim
3318 1324 3429 1377 sine
3453 1324 3633 1393 fructu

2060 1410 2153 1453 est.
2180 1401 2330 1456 Mens
2357 1404 2409 1457 in
2440 1405 2556 1474 ipso
2581 1406 2819 1473 homine,
2846 1409 2892 1463 si
2922 1410 3146 1466 absente
3177 1423 3359 1469 mente
3389 1424 3446 1470 et
3468 1417 3631 1472 intel-

2058 1487 2199 1544 lectu
2228 1491 2449 1559 spiritus
2469 1504 2609 1559 oret,
2638 1504 2836 1564 quanto
2873 1500 3039 1569 magis
3069 1516 3188 1569 qua:
3210 1502 3530 1572 ignorantur
3560 1508 3630 1563 ab

2058 1578 2391 1636 auditoribus
2411 1582 2515 1637 dici
2541 1599 2644 1638 non
2669 1586 2921 1655 prodest?
2971 1587 3120 1644 Mens
3146 1600 3322 1644 autem
3346 1609 3463 1648 mea
3512 1596 3629 1650 sine

2057 1668 2233 1737 {ructu
2255 1681 2349 1726 est.
2379 1673 2517 1728 Dum
2542 1690 2647 1730 non
2685 1678 2924 1751 intelligo
2945 1682 3088 1751 quod
3114 1682 3306 1752 loquor
3335 1703 3349 1739 τ
3380 1695 3466 1742 εει
3516 1704 3620 1744 au-

457 1751 804 1808 IEmulemini
848 1757 1167 1826 spiritantia.
1212 1758 1271 1814 1d
1317 1768 1400 1814 est
1423 1800 1437 1824 ,
1485 1762 1784 1831 Spiritualia
1814 1763 1955 1819 dona
1982 1750 2030 1809 Β
2060 1766 2169 1814 lem
2193 1763 2416 1831 Spiritus
2439 1766 2522 1820 Vis
2548 1768 2792 1835 quadam
2823 1750 3019 1825 animae
3060 1784 3241 1842 mente
3268 1776 3513 1845 inferior,
3532 1782 3630 1838 ubi

386 1857 485 1897 vos
511 1859 756 1913 quierere
783 1860 888 1899 non
930 1849 1214 1916 prohibeo,
1246 1851 1298 1905 id
1328 1861 1443 1916 est,
1479 1854 1643 1907 etiam
1678 1854 1824 1924 loqui
1854 1855 1956 1909 lin-

382 1934 523 2003 guis.
552 1932 656 1988 Sed
679 1938 842 2007 magis
874 1947 928 1990 ut
953 1939 1263 2009 propltetetis
1284 1942 1547 1996 exhortor.
1577 1944 1634 1998 ld
1663 1952 1776 2010 est,
1809 1961 1954 2015 pra:—

387 2025 598 2081 dicetis.
650 2027 774 2082 Ideo
819 2038 997 2084 autem
1044 2032 1355 2100 praedicatio
1403 2036 1685 2105 prophetia
1714 2038 1947 2105 dicitur;

386 2118 527 2170 sicut
565 2117 707 2172 enim
756 2121 1037 2191 prophetia
1066 2123 1120 2176 in
1148 2123 1317 2177 tribus
1347 2127 1678 2194 temporibus
1707 2130 1951 2185 contine-

381 2213 491 2272 tur,
522 2209 596 2261 ita
627 2218 680 2262 et
702 2213 1013 2278 prmdicatio
1036 2215 1087 2268 in
1118 2217 1373 2284 przcscnti
1402 2220 1639 2287 corrigit,
1677 2228 1731 2274 et
1757 2229 1951 2289 praete-

382 2299 516 2353 ritas
540 2302 817 2369 passiones
837 2316 1146 2359 sanczarum
1183 2306 1236 2359 in
1268 2309 1581 2363 memoriam
1610 2318 1846 2375 revocat,
1889 2320 1944 2367 et

383 2389 451 2444 de
480 2393 656 2460 prunis
685 2396 1023 2466 praemiisque
1063 2397 1257 2452 futuris
1299 2406 1467 2454 terret
1498 2416 1561 2454 ac
1587 2401 1809 2457 solatur.
1843 2403 1948 2470 Qui

379 2481 517 2533 enim
565 2480 796 2552 loquitur
838 2485 1036 2555 lingua.
1075 2487 1131 2541 ιιι
1175 2498 1287 2555 εει,
1335 2490 1516 2559 ignota
1563 2493 1801 2561 qualibet
1844 2495 1951 2549 lin-

379 2584 503 2638 gua.
547 2569 669 2625 Non
689 2574 981 2631 hominibus
1014 2578 1261 2648 loquitur.
1295 2581 1430 2635 Dum
1468 2599 1576 2638 non
1612 2584 1943 2656 intelligunt,

379 2660 506 2727 quia
561 2660 789 2718 barbara
848 2674 949 2719 est.
1011 2666 1114 2721 Sed
1165 2669 1294 2724 Deo.
1342 2671 1442 2739 Qui
1504 2673 1783 2745 intelligit,
1832 2677 1947 2732 sive

379 2749 506 2802 dum
530 2764 627 2819 per
661 2752 761 2807 hoc
806 2754 919 2823 ipse
952 2758 1346 2827 magniﬁcatur.
1394 2759 1562 2815 Nemo
1602 2766 1737 2817 enim
1771 2767 1940 2821 audit.

375 2834 433 2890 Η
480 2846 596 2904 εει,
642 2839 908 2909 intelligit.
961 2843 1165 2914 Sgiritu
1213 2849 1346 2901 enim
1393 2848 1624 2919 loquitur
1675 2854 1940 2920 mysteria.

356 2926 655 2996 .Spirituali
710 2932 849 2987 dono
904 2937 1193 3003 praeditus,
1250 2938 1331 2992 vel
1379 2955 1475 2993 suo
1522 2941 1713 3009 spiritu
1761 2942 1941 3013 loqui-

375 3025 482 3070 tur.
521 3016 777 3088 Loquitur
827 3022 1266 3091 a'diﬁcationem,
1315 3028 1723 3084 exhortationem
1751 3070 1766 3096 ,
1812 3048 1938 3085 con-

373 3103 703 3161 solationem.
757 3108 1015 3177 Exposuit
1062 3123 1193 3182 quot
1245 3118 1416 3171 modis
1474 3118 1814 3190 intelligenda
1873 3122 1943 3175 sit

372 3198 672 3265 prOphetia.
735 3199 1047 3274 Quicunque
1115 3224 1243 3279 ergo
1298 3210 1413 3265 hinc
1468 3212 1649 3279 habet,
1683 3217 1944 3285 propheta

375 3289 632 3346 dicendus
699 3301 800 3347 est.
868 3295 1320 3366 Afdi/icationem.
1398 3300 1683 3359 Suadendo
1760 3306 1939 3361 ﬁdem.

370 3373 819 3435 Exhortationem.
877 3382 1132 3454 Exempla
1181 3397 1490 3444 sanctorum
1542 3392 1763 3448 Patrum
1812 3411 1942 3466 pro-

367 3468 636 3533 ponendo.
667 3467 1105 3529 Consolationem.
1133 3476 1359 3533 Prmmia
1382 3480 1623 3537 caelestis
1652 3485 1943 3554 regnipro-

367 3557 645 3614 mittendo.
677 3559 917 3633 Seipsum
938 3566 1177 3635 wdiﬁcat.
1201 3568 1337 3624 Dum
1369 3572 1513 3627 solus
1541 3574 1655 3643 ipse
1691 3576 1941 3648 intelligit

365 3646 448 3699 vel
475 3647 823 3718 glorificatur.
854 3654 1143 3711 Ecclesium
1171 3660 1416 3729 cedi/ictu.
1445 3664 1579 3718 Dum
1611 3667 1793 3721 multis
1807 3646 1936 3737 pro-

366 3741 497 3796 licit.
532 3743 653 3798 Nisi
676 3747 1056 3819 interpretetur.
1091 3753 1167 3807 Ex
1200 3755 1378 3825 ignota
1416 3756 1593 3828 lingua
1619 3760 1673 3813 in
1699 3761 1935 3831 aliquam

365 3844 568 3890 notam.
608 3837 787 3907 Major
822 3852 896 3895 est
931 3844 1068 3897 enim
1103 3847 1190 3915 qui
1219 3849 1491 3918 praphetat
1526 3869 1682 3923 quam
1727 3856 1815 3926 qui
1852 3854 1933 3909 lo-

361 3927 557 3993 quitur.
588 3927 812 4000 Lingua.
856 3932 1007 3988 Sicut
1044 3937 1287 4005 profectu
1336 3943 1416 3997 sic
1463 3954 1517 3999 et
1542 3948 1735 4001 merito
1763 3950 1933 4018 major

362 4021 464 4069 est.
496 4015 653 4071 Nunc
687 4030 859 4074 autem
900 4024 1087 4090 fratres
1137 4029 1183 4080 si
1213 4045 1395 4083 venero
1424 4034 1492 4084 ad
1520 4051 1606 4088 vos
1647 4036 1827 4107 lingua
1847 4015 1932 4093 lo-

361 4118 542 4171 quens.
570 4104 680 4159 Suo
700 4108 943 4176 exemplo
975 4111 1220 4165 hortatur
1247 4129 1361 4180 eos,
1393 4118 1521 4173 illud
1557 4138 1661 4177 non
1689 4104 1788 4192 pro
1813 4142 1929 4181 ma-

363 4204 467 4258 gno
493 4205 731 4259 quaerere
754 4196 897 4263 quod
927 4213 1033 4250 non
1064 4202 1283 4269 prodest
1302 4204 1575 4261 Ecclesiae.
1602 4209 1738 4275 Quid
1776 4213 1928 4270 vobis

360 4280 613 4347 prodero,
636 4283 737 4337 nisi
768 4286 920 4341 vobis
942 4287 1153 4357 loquar,
1181 4302 1274 4347 aut
1298 4294 1351 4348 iu
1374 4298 1717 4366 revelatione,
1745 4314 1837 4360 aut
1872 4307 1924 4361 in

2058 1851 2416 1917 corporalium
2444 1869 2624 1909 rerum
2640 1857 3021 1916 similitudines
3033 1865 3426 1933 exprimuntur.
3448 1868 3628 1925 Orabo

2053 1940 2262 2009 spiritu.
2295 1941 2479 1999 Oratio
2529 1947 2631 2000 hoc
2673 1946 2790 2003 loco
2834 1952 2946 2005 oris
2983 1956 3225 2009 narratio
3285 1957 3622 2030 intelligitur.

2052 2030 2195 2103 Ergo
2216 2035 2381 2089 orabo
2409 2037 2623 2106 spiritu,
2656 2039 2759 2095 hoc
2789 2049 2892 2105 est,
2934 2043 3115 2113 ignota
3140 2045 3322 2115 lingua
3347 2049 3399 2101 in
3431 2050 3626 2119 spiritu

2052 2137 2174 2177 meo
2198 2137 2454 2192 expressa
2486 2127 2733 2196 eloquar.
2770 2128 2949 2185 Orabo
2973 2143 3019 2186 et
3045 2145 3227 2188 mente.
3251 2135 3307 2189 Id
3335 2148 3439 2203 est,
3467 2139 3631 2195 intel-

2050 2209 2190 2266 lectu
2216 2215 2415 2269 mentis
2440 2231 2574 2271 mete
2601 2217 2722 2272 aliis
2750 2221 3053 2289 prauiicaho
3084 2242 3095 2275 :
3143 2225 3231 2293 qui
3269 2227 3412 2279 cnim
3453 2228 3625 2283 inter-

2048 2309 2315 2368 pretatur,
2342 2318 2563 2360 necesse
2615 2314 2701 2360 est
2728 2316 2788 2359 ut
2841 2307 2953 2378 ipse
2984 2311 3134 2379 prius
3182 2313 3443 2384 intelligat
3473 2318 3621 2385 quod

2049 2394 2170 2449 aliis
2192 2395 2431 2451 dicturus
2451 2406 2551 2452 est.
2584 2398 2701 2453 Non
2723 2416 2854 2471 ergo
2884 2402 3082 2457 suﬂicit
3120 2413 3177 2458 ut
3206 2406 3325 2474 quis
3350 2407 3466 2461 solo
3507 2409 3623 2479 spi-

2049 2482 2158 2537 ritu
2182 2483 2357 2537 aliena
2387 2485 2568 2555 lingua
2608 2487 2881 2557 loquatur,
2912 2492 3017 2545 nisi
3054 2509 3208 2549 mens
3237 2504 3293 2549 et
3320 2495 3627 2554 intellectus

2047 2574 2356 2638 accesserit,
2384 2583 2648 2642 quatenus
2690 2578 2804 2648 ipse
2842 2589 3135 2650 cognoscat
3172 2585 3302 2654 quid
3343 2586 3619 2658 loquatur,

2046 2669 2140 2715 aut
2174 2662 2295 2716 aliis
2338 2663 2741 2732 interpretando
2773 2669 3084 2737 patelaciat.
3125 2670 3387 2730 Craterum
3426 2678 3471 2732 si
3493 2677 3621 2735 bene

2044 2752 2241 2805 dixeris
2268 2753 2477 2822 spiritu.
2510 2755 2567 2808 ld
2591 2765 2693 2822 est,
2719 2758 2834 2812 sine
2863 2760 3330 2831 interpretatione,
3352 2776 3622 2836 quatenus

2044 2843 2166 2899 aliis
2193 2844 2457 2900 clarescat
2476 2847 2619 2916 quod
2647 2848 2902 2918 loqueris.
2923 2852 3053 2917 Quis
3075 2856 3276 2925 supplet
3299 2857 3469 2912 locum
3483 2861 3618 2915 idio-

2042 2943 2110 2988 ιω
2125 2935 2149 2988 Ῡ
2166 2934 2319 3001 Quod
2343 2937 2457 3005 ipse
2486 2938 2689 2992 diceret
2714 2940 2914 3007 idiota},
2935 2943 2988 2996 id
3009 2952 3111 3009 est,
3141 2961 3313 3015 nuper
3333 2947 3616 3017 haptizati,

2045 3032 2101 3077 et
2140 3024 2235 3093 qui
2264 3024 2466 3079 nullam
2496 3035 2692 3096 praeter
2734 3032 3007 3099 propriam
3054 3034 3304 3105 intelligit
3352 3036 3623 3109 linguam,

2046 3118 2188 3186 quod
2202 3118 2477 3199 proprium
2492 3128 2576 3173 est
2603 3120 2958 3177 auditoribus.
2983 3123 3256 3189 Quomodo
3277 3129 3592 3185 dicctAmen

2043 3208 2158 3263 Hoc
2191 3219 2296 3274 est,
2330 3213 2598 3281 quomodo
2627 3220 2731 3267 tua:
2752 3214 3113 3270 benedictioni
3149 3220 3455 3286 perhibebit
3504 3229 3617 3278 tes-

2042 3302 2348 3369 timonium,
2382 3305 2467 3359 vel
2501 3320 2854 3373 consensum,
2885 3323 3006 3361 cum
3040 3309 3253 3378 ignoret
3306 3312 3474 3381 ipsius
3507 3311 3613 3369 lin-

2043 3410 2161 3464 gua:
2190 3395 2541 3464 qualitatem?
2572 3396 2713 3451 Nam
2760 3410 2815 3452 tu
2836 3400 3042 3469 quidem
3072 3400 3196 3454 bene
3239 3405 3438 3471 gratias
3470 3405 3609 3475 agis.

2042 3486 2195 3553 Quod
2225 3489 2473 3557 superius
2511 3489 2738 3555 dixerat,
2784 3492 2830 3544 si
2864 3491 3185 3547 benedixeris
3235 3496 3447 3564 spiritu,
3504 3497 3612 3556 hoc

2040 3575 2214 3644 ipsum
2244 3577 2466 3645 exponit
2498 3595 2510 3630 :
2560 3594 2682 3631 nam
2712 3580 3033 3635 benedicere
3060 3583 3273 3652 spiritu,
3294 3594 3379 3639 est
3406 3588 3613 3657 gratias

2038 3680 2218 3735 agere,
2261 3666 2387 3720 licet
2423 3671 2605 3737 ignota
2633 3668 2815 3722 idiotis
2848 3670 3046 3740 lingua.
3091 3672 3305 3727 Gratias
3342 3693 3447 3745 ago
3470 3678 3605 3743 Deo,

2034 3757 2173 3826 quod
2222 3758 2451 3810 omnium
2514 3767 2739 3811 vestrum
2791 3758 2980 3829 linguis
3037 3759 3238 3831 loquor.
3312 3763 3429 3819 Hoc
3484 3768 3608 3824 ideo

2035 3848 2197 3911 dicit,
2240 3861 2309 3901 ne
2354 3855 2609 3916 putarent
2634 3848 2777 3917 quod
2809 3849 2923 3917 ipse
2959 3848 3167 3920 linguas
3213 3852 3511 3922 ignoraret,
3550 3864 3609 3910 et

2032 3949 2321 4009 propterea
2371 3940 2583 4011 linguas
2643 3941 3044 3996 condemnaret.
3108 3942 3211 3997 Sed
3264 3946 3319 4000 in
3365 3945 3603 4002 Ecclesia

2031 4029 2145 4084 volo
2184 4047 2338 4083 sensu
2381 4048 2493 4084 meo
2531 4032 2755 4100 quinque
2806 4032 2955 4086 verba
3001 4031 3160 4104 loqui.
3196 4033 3393 4089 Mavult
3425 4051 3603 4104 pauca

2028 4120 2195 4173 verba
2246 4119 2422 4173 lucida
2461 4136 2622 4174 sensu
2672 4129 2821 4175 recto
2866 4122 3031 4192 loqui,
3085 4140 3246 4192 quam
3288 4125 3599 4183 innumera-

2029 4208 2156 4262 bilia
2204 4209 2434 4263 obscura
2493 4222 2546 4262 et
2597 4210 2908 4278 incognita,
2969 4228 3088 4280 qua:
3147 4215 3422 4270 auditores
3485 4232 3597 4271 non

2028 4300 2341 4354 aediﬁcant:
2381 4300 2507 4369 quia
2562 4300 2784 4355 meliora
2836 4311 2961 4358 sunt
3019 4319 3191 4374 pauca
3250 4309 3414 4362 verba
3476 4324 3599 4378 qua:

363 4371 607 4437 scientia,
634 4386 726 4431 aut
753 4376 806 4431 in
836 4381 1138 4450 prophetia,
1175 4387 1341 4440 autin
1373 4389 1652 4446 doctrina?
1687 4394 1746 4448 In
1774 4413 1925 4451 reve-

2043 4399 2282 4454 )rosunt,
2343 4406 2507 4459 quam
2574 4392 2740 4445 multa
2789 4408 2909 4462 qua:
2958 4371 3063 4450 non
3106 4405 3350 4464 prosunt.
3417 4397 3601 4454 Nolite

359 4459 577 4517 latione.
609 4464 666 4518 In
688 4466 972 4539 allegorico
999 4486 1178 4538 sensu,
1220 4490 1340 4530 cum
1372 4478 1571 4548 aliquid
1599 4497 1666 4537 ex
1718 4485 1917 4544 futuris

362 4553 652 4621 revelatur,
678 4558 818 4611 sicut
838 4560 952 4629 ipse
976 4560 1172 4617 Paulus
1199 4565 1329 4620 dicit
1366 4587 1377 4621 :
1410 4566 1588 4626 Patres
1617 4578 1782 4629 nostri
1824 4580 1920 4633 sub

362 4643 495 4697 nube
523 4644 911 4718 fuerunt,quod
940 4651 1207 4721 signiﬁcat
1236 4656 1483 4727 baptismi
1503 4676 1920 4723 sacramentum.

357 4733 465 4789 Aut
495 4737 549 4791 in
573 4740 812 4795 scientia.
842 4741 899 4796 ld
921 4750 1026 4810 est,
1054 4748 1388 4817 tropologico
1418 4750 1499 4806 vel
1526 4756 1716 4810 morali
1738 4773 1922 4824 sensu,

357 4835 417 4880 ut
443 4829 610 4882 omnis
644 4830 723 4883 vir
758 4848 914 4887 orans
942 4833 1022 4887 uel
1050 4838 1361 4907 prop/tetans
1390 4840 1557 4896 velato
1604 4847 1789 4915 capite,
1835 4848 1926 4901 de-

360 4927 539 4988 tnrpat
573 4932 727 4992 caput
752 4940 926 4979 suum.
953 4925 1057 4981 Aut
1095 4928 1152 4983 in
1178 4931 1466 5001 prophetia.
1501 4933 1557 4987 ιιι
1586 4944 1691 5000 εει,
1724 4952 1924 5009 anago-

360 5009 480 5079 gico
506 5025 689 5079 sensu,
712 5023 773 5069 ut
795 5026 879 5072 est
901 5017 1033 5073 illud
1051 5037 1063 5072 :
1083 5018 1343 5076 Nolumus
1356 5032 1629 5080 autemvos
1656 5028 1921 5096 ignorare,

355 5098 566 5165 fratres,
610 5103 674 5155 de
701 5104 1097 5175 dormientibus,
1129 5109 1221 5164 ubi
1256 5107 1494 5166 futuram
1524 5129 1811 5184 corporum
1839 5132 1923 5171 re-

356 5187 746 5244 surrectionem
776 5197 1080 5265 prophetat.
1116 5196 1220 5252 Aut
1271 5200 1326 5254 in
1352 5201 1610 5255 doctrina.
1642 5202 1700 5256 Id
1735 5212 1839 5271 est,
1866 5206 1921 5260 in

356 5278 581 5335 historia
622 5286 912 5340 secundum
966 5289 1226 5360 litteram,
1281 5302 1340 5349 ut
1384 5302 1489 5361 est,
1533 5294 1601 5351 In
1635 5297 1731 5351 hoc
1780 5299 1917 5353 enim

354 5368 482 5422 vixit
513 5368 773 5438 Christus,
803 5384 851 5429 et
890 5387 1126 5436 mortuus
1146 5394 1245 5449 est,
1274 5395 1321 5439 et
1348 5388 1654 5454 resurrexit,
1677 5398 1733 5442 ut
1747 5391 1918 5444 viven-

355 5457 484 5511 tium
527 5468 578 5515 et
613 5473 938 5521 mortuorum
977 5468 1304 5537 dominetur,
1344 5476 1434 5531 ubi
1490 5478 1631 5532 nuda
1689 5478 1915 5533 historia

354 5545 595 5604 docetur.
628 5550 794 5610 Erilis
812 5558 949 5612 enim
969 5558 1026 5613 in
1046 5576 1171 5614 aera
1209 5560 1488 5633 loquentes.
1542 5567 1656 5623 Hoc
1714 5577 1818 5636 est,
1873 5570 1917 5625 si

353 5635 516 5692 etiam
560 5647 673 5697 tam
708 5644 873 5701 multa
900 5648 1213 5721 loquamini,
1245 5661 1302 5707 ut
1326 5669 1523 5723 genera
1556 5667 1680 5712 sunt
1712 5659 1920 5730 lingua—

2026 4485 2174 4551 pueri
2222 4485 2349 4554 e/[ici
2396 4483 2651 4537 sensibus.
2698 4484 2777 4539 Ac
2827 4486 2873 4539 si
2922 4487 3125 4542 diceret
3172 4508 3185 4542 :
3238 4490 3467 4545 Puerilis
3513 4501 3603 4547 est

2027 4576 2299 4629 variarum
2348 4575 2648 4646 linguarum
2676 4576 2965 4645 cupiditas,
2993 4578 3045 4632 in
3082 4595 3186 4648 qua
3214 4581 3329 4635 sola
3369 4582 3604 4637 delecta-

2027 4665 2104 4718 tlo
2135 4673 2374 4728 esu/non
2406 4664 2630 4729 utilitas,
2660 4666 2763 4720 nisi
2788 4668 3010 4721 accedat
3050 4669 3444 4739 interpretatio.
3489 4670 3600 4727 Aut

2028 4754 2189 4808 nolite
2215 4757 2364 4825 pueri
2393 4757 2519 4825 εθῖεὶ
2563 4758 2819 4822 sensibus,
2853 4758 2946 4812 sed
2988 4760 3127 4814 scire
3180 4762 3387 4817 debetis
3428 4777 3598 4832 quare

2028 4845 2167 4901 date
2202 4855 2329 4901 sunt
2361 4848 2575 4919 lingum.
2605 4849 2672 4902 In
2690 4849 2798 4919 lege
2821 4852 3068 4921 scriptum
3091 4851 3244 4922 (lsai.
3272 4853 3599 4926 xxvm).Le—

2028 4953 2149 5008 gem
2175 4948 2330 4993 vocat
2359 4941 2694 5009 prophetiam
2709 4941 2878 4996 lsaim.
2901 4941 3162 5007 Quoniam
3176 4946 3231 4998 in
3248 4945 3367 4999 aliis
3382 4945 3599 5016 linguis.

2028 5026 2152 5082 ideo
2180 5028 2282 5083 hoc
2310 5029 2441 5083 dicit
2493 5037 2551 5083 ut
2592 5032 2842 5086 ostendat
2894 5034 3040 5102 quod
3085 5034 3141 5087 in
3196 5035 3300 5088 isto
3353 5044 3598 5103 tempore

2027 5119 2225 5189 linguis
2248 5121 2368 5176 aliis
2389 5136 2495 5177 non
2532 5122 2819 5194 indigetur,
2851 5125 2978 5179 dum
3015 5126 3166 5180 inulti
3201 5124 3386 5180 ﬁdeles
3443 5138 3597 5195 sunt,

2027 5218 2083 5265 et
2127 5227 2460 5281 unaquaeque
2504 5213 2684 5283 lingua
2728 5214 3005 5269 doctorem
3052 5215 3210 5269 habet
3246 5230 3311 5269 ex
3344 5230 3421 5271 se.
3458 5217 3597 5273 Nam

2023 5299 2218 5369 lingute
2255 5301 2308 5355 in
2336 5302 2603 5372 principio
2631 5303 2754 5359 ideo
2779 5305 2917 5360 datas
2941 5311 3087 5369 sunt,
3128 5313 3185 5359 ut
3210 5304 3457 5362 inﬁdeles
3479 5322 3600 5363 cre-

2022 5389 2215 5445 derent
2242 5391 2478 5460 ipsarum
2505 5393 2883 5460 admiratione,
2919 5402 3078 5465 atque
3100 5410 3196 5450 sua
3231 5395 3414 5467 lingua
3438 5398 3598 5455 doce-

2024 5492 2228 5536 rentur.
2266 5483 2420 5539 Unde
2467 5488 2710 5554 sequitur
2747 5506 2760 5542 :
2798 5486 2985 5559 Itaque
3033 5488 3225 5558 lingua:
3278 5490 3334 5542 in
3385 5489 3592 5559 signum

2023 5581 2142 5625 sunt
2166 5575 2269 5625 n‘on
2289 5573 2552 5641 ﬁdelibus.
2586 5577 2683 5632 llic
2707 5594 2837 5647 ergo
2858 5579 3164 5634 ostenditur
3187 5587 3466 5634 crescente
3488 5581 3595 5633 lide

2024 5661 2177 5731 signa
2206 5677 2437 5728 cessare,
2488 5667 2703 5735 quando
2752 5668 3048 5723 inﬁdelium
3084 5684 3244 5725 causa
3272 5669 3442 5723 danda
3469 5686 3596 5725 esse

2008 5876 2039 5895 Ι
