3974 6202
342 291 439 349 137

1434 286 1766 343 COLLECT.
1807 286 1872 342 IN
1914 284 2130 340 EPIST.
2171 284 2192 338 l
2231 284 2323 339 AD
2358 284 2510 340 CCII.

3482 292 3578 346 I58

342 403 721 479 praedicantur.
752 401 1065 472 Prophetite.
1097 388 1155 458 Id
1190 411 1272 458 est
1311 405 1741 473 przedieationes.
1782 400 1905 455 Non
1932 403 1981 461 Α
2008 394 2187 460 biduo,
2226 395 2310 448 die
2336 396 2488 448 tertia
2514 410 2785 465 resurgens
2816 393 2957 466 (Ose.
3004 396 3138 468 xvi).
3177 397 3303 452 Plus
3329 400 3580 477 quingen-

343 495 653 569 inﬁdclibus.
683 493 792 562 Qui
818 494 995 549 adhuc
1022 510 1131 549 non
1158 497 1444 565 recipiunt.
1494 497 1597 553 Sed
1645 496 1906 566 ﬁdelibus.

343 592 471 647 Dum
499 588 775 656 recipiunt
796 596 852 642 et
871 586 1114 641 credunt.
1172 587 1363 643 Nonne
1392 590 1563 644 dicent
1587 590 1725 661 quod
1761 605 1907 642 insa-

340 682 501 736 nitis?
525 679 680 735 Sicut
707 676 882 734 Judaei
909 677 1182 747 Apostolis
1203 679 1492 734 dixerunt:
1544 680 1732 734 Nonne
1768 695 1912 732 mus-

340 786 392 829 to
417 772 591 843 repleti
616 779 740 827 sunt
766 770 854 825 isti
880 769 1017 842 (Act.
1042 769 1139 841 tt)?
1165 770 1383 824 Occulta
1406 772 1579 825 cordis
1598 772 1732 841 ejus.
1773 770 1911 836 Quo-

340 865 478 919 niam
510 861 628 930 ejus
646 860 985 916 conscientia
1014 875 1113 929 per
1134 860 1436 915 doctrinam
1470 862 1733 932 pulsatur.
1784 861 1907 915 Ma-

339 953 522 1022 nifesta
548 952 707 1020 ﬁunt.
742 948 859 1005 Sibi
882 950 981 1018 ipsi
1031 950 1087 1003 in
1115 965 1213 1004 sua
1269 952 1618 1015 conscientia,
1669 960 1762 1005 aut
1789 952 1910 1006 aliis

339 1057 465 1111 pure
495 1039 827 1096 conﬁtendo.
872 1037 1013 1103 Quid
1040 1054 1162 1108 ergo
1182 1048 1277 1104 est,
1313 1040 1524 1109 fratres.
1552 1039 1609 1094 Id
1632 1047 1732 1101 est,
1781 1038 1909 1107 quid

341 1148 462 1203 ergo
487 1130 819 1194 faciendum,
845 1128 929 1184 vel
955 1129 1087 1197 quid
1116 1127 1407 1183 diliinimus
1435 1143 1555 1183 esse
1586 1127 1910 1183 tenendum?

342 1222 607 1278 Psalmum
636 1221 810 1276 habet.
834 1221 893 1275 Id
920 1230 1024 1284 est,
1053 1219 1389 1274 intellectum
1412 1220 1627 1289 psalmi,
1650 1219 1735 1273 vel
1776 1218 1907 1272 nihil

338 1317 495 1370 habet
522 1314 626 1368 nisi
651 1322 876 1367 cantare
901 1311 1185 1382 psalmum.
1218 1312 1526 1366 Doctrinam
1560 1312 1731 1365 habet.
1778 1311 1904 1364 His-

340 1407 504 1461 torica
531 1414 683 1475 gesta
709 1418 961 1467 narrans,
986 1403 1069 1457 vel
1091 1417 1340 1457 sermone
1379 1403 1696 1472 quotidiano
1722 1418 1906 1456 mores

342 1495 578 1563 corrigit.
610 1491 961 1562 Apocalypsin
985 1491 1158 1545 habet.
1188 1491 1593 1547 Revelationem
1618 1492 1908 1561 mysterio-

342 1599 473 1646 rum,
498 1590 593 1635 aut
619 1582 666 1636 si
691 1581 873 1650 aliqua
893 1580 1028 1635 visio
1065 1581 1143 1635 illi
1173 1582 1462 1636 reveletur.
1505 1580 1906 1651 Interpretatio-

339 1688 445 1725 nem
470 1671 644 1725 habet.
660 1670 737 1724 Ea
763 1685 883 1739 quae
912 1670 1137 1724 obscura
1160 1670 1623 1725 suntdilucidans.
1648 1669 1905 1740 Linguam

2011 487 2076 539 tis
2105 484 2378 555 fratribus.
2407 484 2520 540 Iloc
2541 485 2756 554 quidem
2780 485 2981 542 factum
3008 504 3126 544 esse
3145 490 3434 553 credimus,
3452 491 3578 546 licet

2010 576 2065 630 in
2095 574 2386 647 Evangelio
2405 592 2512 631 non
2542 577 2905 647 sitscriptum.
2925 577 3121 632 Deinde
3137 579 3353 634 Iacobo.
3371 580 3577 650 Alphei

2011 665 2142 731 lilio,
2170 667 2261 735 qui
2290 681 2350 721 se
2378 675 2605 722 testatus
2633 674 2717 723 est
2738 683 2771 722 a
2797 683 2952 723 coena
2975 670 3190 725 Domini
3225 687 3332 727 non
3385 688 3567 728 come-

2009 771 2193 810 surnm
2232 772 2447 825 panem,
2485 774 2764 828 usquequo
2801 761 3012 816 videret
3068 761 3341 816 Christum
3386 778 3574 817 resur-

2009 854 2222 916 gentem
2252 864 2263 899 :
2302 847 2441 900 sicut
2465 847 2517 900 in
2548 848 2833 918 Evangelio
2861 851 3156 904 secundum
3204 850 3459 906 Hebraeos
3502 851 3570 907 le-

2008 938 2171 1007 gitur.
2208 937 2482 1007 Tanquam
2519 940 2769 993 abortivo.
2818 940 2877 994 Id
2912 948 3016 1005 est,
3044 941 3111 995 de
3138 941 3435 1009 cujusvita
3484 943 3578 997 de-

2008 1029 2349 1097 sperabatur.
2396 1028 2547 1084 Visus
2575 1040 2649 1083 est
2682 1040 2730 1084 et
2776 1033 2921 1089 mihi.
2952 1032 3007 1085 In
3035 1033 3143 1098 via,
3178 1034 3261 1087 vel
3293 1036 3346 1088 in
3377 1035 3578 1103 templo

2008 1119 2366 1175 Hierusalem.
2400 1120 2512 1176 lloc
2548 1123 2667 1177 ideo
2690 1123 2839 1189 dicit,
2868 1140 2937 1179 ne
2962 1133 3219 1193 putarent
3243 1141 3365 1181 eum
3392 1128 3576 1183 audita

2005 1213 2185 1281 potius
2221 1228 2382 1282 quam
2412 1214 2526 1268 visa
2552 1230 2796 1271 narrare.
2836 1214 3015 1272 Vacua
3071 1236 3173 1273 non
3212 1220 3332 1289 fuit.
3386 1220 3444 1275 ld
3470 1231 3571 1284 est,

2007 1301 2124 1356 sine
2154 1301 2333 1357 fructu
2356 1311 2413 1357 et
2438 1304 2728 1359 multorum
2779 1307 3031 1374 utilitate,
3091 1310 3231 1365 sicut
3264 1311 3319 1364 in
3342 1311 3432 1367 illo
3485 1314 3576 1382 qui

2007 1391 2288 1446 abscondit
2317 1392 2577 1447 talentum
2606 1395 2659 1448 in
2688 1403 2850 1450 terra.
2882 1396 2988 1451 Sed
3026 1398 3143 1469 plus
3177 1400 3282 1455 illis
3334 1403 3572 1459 omnibus

2007 1481 2261 1536 laboravi.
2292 1482 2404 1537 Hoc
2438 1490 2540 1548 est,
2593 1486 2737 1553 quod
2783 1502 2960 1556 neque
2992 1490 3285 1544 cessaverit
3306 1491 3373 1546 ab
3403 1492 3575 1548 Evan-

2007 1573 2146 1643 gelio
2167 1574 2530 1643 praedicando,
2556 1590 2734 1645 neque
2772 1584 2950 1632 tamen
2976 1581 3044 1634 ab
3067 1581 3362 1651 Evangelio
3405 1584 3574 1639 vitam

2008 1679 2160 1719 suam
2180 1666 2579 1720 sustentaverit.
2600 1665 2833 1722 Obtinui.
2856 1668 2913 1724 Id
2932 1678 3031 1736 est,
3049 1673 3430 1741 apostolatum.
3458 1674 3573 1730 Sic-

337 1763 504 1817 habet.
533 1763 589 1817 Id
611 1770 717 1826 est,
765 1762 934 1816 variis
958 1760 1185 1830 loquens
1204 1761 1422 1831 linguis.
1460 1762 1529 1816 Et
1569 1778 1708 1816 unus
1749 1763 1907 1815 inter—
1933 1760 1981 1819 B
2008 1764 2066 1809 ηε
2115 1757 2530 1826 ρτωάὶοαυὶηιαδο
2561 1758 2617 1814 1d
2643 1766 2743 1822 θεῖν
2776 1762 2919 1830 (ἰυοά
2944 1762 3215 1839 ,Chl‘iSlus
3249 1768 3570 1833 Γθειιηθιῖιν

334 1861 577 1922 pretetur.
613 1851 763 1906 Unus
797 1851 1022 1920 quilibet
1042 1866 1109 1905 ex
1132 1851 1266 1919 ipsis
1288 1850 1477 1907 tribus.
1506 1850 1617 1908 Sibi
1639 1860 1812 1906 autem
1830 1850 1907 1904 lo—

333 1949 539 2011 quatur.
578 1939 636 1993 Id
661 1948 764 2004 est,
794 1939 848 1992 in
879 1954 974 1993 sua
1006 1938 1359 1993 conscientia.
1399 1938 1465 1991 Et
1498 1938 1622 1993 Deo.
1650 1938 1751 2004 Qui
1779 1938 1903 1993 scit.

334 2033 481 2100 Quod
507 2035 552 2087 si
597 2032 692 2086 alii
721 2031 1003 2085 revelatum
1047 2031 1227 2100 fuerit.
1275 2029 1331 2084 Si
1379 2030 1543 2084 sentit
1564 2030 1752 2085 sedens
1788 2028 1907 2097 plus

332 2140 486 2194 quam
509 2123 598 2177 ille
629 2123 723 2192 qui
751 2123 1027 2192 praedicat.
1088 2121 1155 2174 Ut
1180 2139 1355 2175 omnes
1382 2121 1612 2175 discant.
1654 2120 1928 2176 Tacendo.

333 2215 395 2269 Et
414 2233 593 2270 omnes
623 2217 981 2270 exhortentur.
1027 2214 1390 2268 Prtedicando.
1425 2213 1493 2266 Et
1535 2212 1750 2282 spiritus
1784 2228 1907 2283 pro-

331 2305 600 2373 phetarum
622 2305 890 2375 prophetis
911 2305 1170 2375 subjectus
1196 2313 1290 2359 est.
1310 2303 1443 2371 Quia
1468 2303 1763 2374 spiritualis
1781 2318 1911 2374 gra-

333 2396 419 2459 tia,
443 2396 829 2468 quisuis[qt1te
848 2395 970 2467 fuit]
989 2397 1043 2450 in
1065 2397 1363 2466 prophetis,
1380 2395 1618 2463 subjecta
1642 2405 1726 2450 est
1747 2395 1905 2452 nobis

332 2487 610 2555 apnszolis,
624 2494 678 2541 et
699 2486 1008 2556 apostolicis
1024 2486 1174 2549 viris,
1191 2501 1256 2540 ac
1270 2485 1735 2555 praedicatoribus.
1754 2482 1903 2551 Sive,

331 2577 551 2644 spiritus
584 2577 908 2632 humilitatis
932 2585 987 2632 et
1010 2577 1315 2641 charitatis,
1347 2578 1440 2646 qui
1474 2587 1560 2633 est
1580 2578 1632 2631 in
1666 2577 1906 2647 prophe-

332 2671 414 2734 tis,
443 2671 498 2724 id
528 2677 636 2734 est,
667 2670 1135 2739 prmdicatoribus,
1165 2670 1324 2724 debet
1348 2668 1622 2737 subjectus
1643 2683 1765 2723 esse
1781 2668 1902 2724 aliis

328 2760 624 2828 prophetis,
654 2760 710 2814 id
733 2767 840 2826 est,
891 2760 1355 2829 praedicatoribus,
1381 2768 1437 2815 et
1475 2759 1680 2815 ideirco
1738 2759 1903 2813 alter-

327 2859 507 2904 utrum
541 2851 647 2905 sibi
676 2850 910 2904 invicem
960 2851 1155 2906 cedant
1184 2869 1196 2903 :
1226 2860 1287 2905 ut
1322 2866 1428 2905 uno
1458 2850 1709 2919 loquente
1752 2849 1903 2919 prior

328 2948 526 3007 taceat,
556 2943 685 3009 quia
708 2940 852 2994 Deus
871 2940 960 3008 qui
986 2940 1041 2993 in
1071 2940 1204 3010 ipsis
1230 2947 1333 3005 est,
1357 2954 1467 2994 non
1499 2949 1583 2994 est
1617 2938 1902 2994 dissensio-

330 3034 427 3098 nis,
463 3032 562 3086 sed
610 3033 783 3104 pacis.
815 3030 1002 3099 Itaque
1028 3046 1125 3099 per
1169 3031 1285 3085 haec
1315 3031 1495 3085 omnia
1524 3031 1772 3085 hortatur
1808 3042 1901 3083 eos

2006 1852 2059 1898 et
2082 1859 2270 1899 omnes
2296 1860 2393 1914 per
2419 1846 2570 1900 illum
2614 1857 2918 1919 resurgent.
2952 1847 3015 1905 Si
3052 1860 3225 1906 autem
3261 1858 3572 1912 resurrectio

2005 1943 2330 1988 mortuorum
2370 1952 2473 1989 non
2493 1946 2591 2002 est,
2620 1955 2781 2009 neque
2809 1938 3049 1995 Christus
3090 1944 3399 1997 resurrexit.
3427 1943 3576 2000 Alte-

2005 2039 2129 2079 rum
2157 2023 2227 2079 ab
2255 2024 2427 2079 altero
2460 2027 2659 2094 pendet
2689 2045 2702 2080 :
2751 2035 2844 2083 aut
2884 2037 3176 2099 utrumque
3224 2047 3443 2101 negare,
3482 2040 3577 2088 aut

2005 2122 2295 2185 utrumque
2323 2116 2569 2172 conﬁteri
2598 2132 2819 2173 necesse
2841 2127 2945 2173 est.
2997 2119 3056 2174 Si
3095 2134 3226 2176 vero
3269 2130 3432 2192 caput
3487 2138 3575 2178 re-

2004 2205 2260 2269 surrexit,
2285 2203 2553 2273 quomodo
2579 2207 2821 2261 membra
2860 2222 2967 2262 non
3019 2212 3335 2280 resurgent?
3391 2210 3576 2282 Neque

2004 2291 2243 2347 Christus
2269 2295 2567 2349 resurrexit.
2597 2295 2730 2351 Cum
2753 2297 2869 2366 ipse
2895 2305 3141 2353 mortuus
3170 2308 3257 2355 est
3270 2301 3570 2356 secundum

2001 2398 2242 2439 carnem.
2275 2385 2460 2439 Adhuc
2493 2387 2632 2440 enim
2669 2390 2793 2443 estis
2821 2391 2876 2443 in
2917 2391 3143 2460 peccatis
3176 2392 3382 2447 uestris.
3435 2391 3571 2458 Quia

2002 2490 2111 2530 non
2134 2476 2311 2546 justos
2337 2493 2435 2533 vos
2484 2476 2647 2533 ellicit
2679 2482 3009 2537 resurrectio
3059 2482 3281 2548 Christi,
3343 2484 3408 2539 de
3464 2499 3570 2553 qua

2001 2564 2198 2620 Paulus
2225 2567 2356 2622 dicit
2388 2586 2401 2621 :
2432 2567 2737 2623 Resurretcit
2771 2580 2981 2642 propter
2996 2572 3430 2642 justiﬁcationom
3451 2589 3574 2627 nos-

2002 2665 2139 2710 tram
2170 2656 2348 2727 (Rom.
2374 2656 2471 2728 tv).
2497 2658 2633 2712 Item
2666 2659 2797 2713 estis
2826 2660 2969 2715 enim
3001 2662 3180 2715 adhuc
3231 2662 3286 2715 in
3335 2663 3575 2731 peccatis

2002 2747 2218 2812 vestris,
2246 2748 2371 2816 quia
2393 2748 2439 2802 si
2468 2748 2730 2803 mentitus
2761 2757 2845 2803 est
2867 2757 2990 2819 post
3026 2750 3263 2804 triduum
3294 2765 3574 2809 resurrec—

2001 2844 2205 2901 turum,
2220 2838 2475 2893 mentitus
2496 2847 2579 2893 est
2605 2852 2663 2893 se
2682 2839 2845 2893 etiam
2872 2846 3095 2907 peccata
3112 2840 3409 2906 dimittere,
3426 2841 3572 2911 quod

2000 2930 2158 2985 absit.
2174 2930 2352 3001 Erqui
2370 2930 2692 2984 dormierunt
2711 2931 2765 2983 in
2785 2929 3014 2985 Christo.
3036 2930 3093 2984 Id
3114 2939 3213 2995 est,
3233 2931 3325 3001 qui
3347 2932 3401 2985 in
3421 2931 3577 2987 Chri-

2001 3028 2087 3074 sto
2109 3020 2307 3074 mortui
2338 3027 2464 3074 sunt
2486 3034 2502 3074 :
2526 3020 2644 3076 sine
2682 3035 2848 3075 causa
2880 3021 3027 3074 enim
3049 3020 3188 3075 hanc
3206 3021 3372 3075 vitam
3393 3021 3574 3090 perdi-

325 3124 387 3176 ad
408 3099 785 3186 concordiam,
816 3136 884 3175 ne
905 3121 1276 3190 magnitudine
1305 3120 1570 3175 donorum
1601 3127 1653 3173 et
1675 3118 1895 3187 sapien-
1922 3099 1967 3163 C
1998 3110 2211 3175 derunt,
2239 3112 2284 3167 si
2307 3112 2470 3166 vitam
2491 3120 2748 3167 aeternam
2777 3127 2886 3167 non
2908 3112 3202 3167 habebunt.
3223 3112 3573 3170 Miserabilio-

323 3215 407 3267 tite
432 3220 732 3269 nascantur
758 3212 1064 3267 discordiae.
1084 3210 1165 3267 An
1196 3228 1230 3264 a
1254 3210 1395 3264 vobis
1418 3209 1642 3263 Verbum
1658 3208 1755 3262 Dei
1777 3224 1898 3278 pro-

323 3305 521 3359 cessit?
569 3303 824 3372 Nunquid
868 3319 899 3357 a
942 3303 1096 3357 vobis
1142 3302 1385 3356 doctrina
1434 3300 1635 3356 Christi
1685 3300 1896 3354 initium

321 3394 588 3463 sumpsit?
614 3394 719 3446 Aut
739 3395 795 3446 in
819 3391 958 3447 solos
978 3408 1066 3445 vos
1095 3390 1339 3444 devenit?
1384 3390 1437 3444 Id
1483 3398 1586 3455 est,
1616 3398 1675 3443 ut
1723 3390 1896 3445 nemi-

321 3499 440 3537 nem
465 3498 565 3538 vos
592 3483 787 3537 sinatis
812 3481 1142 3553 praedicare?
1171 3478 1454 3550 Propheta.
1482 3480 1539 3533 Id
1563 3488 1678 3544 est,
1706 3479 1899 3549 prtedi-

318 3584 488 3627 cator.
525 3575 630 3627 Aut
648 3570 962 3642 spiritualis.
994 3570 1051 3624 Id
1073 3577 1176 3634 est,
1204 3568 1405 3638 linguis
1439 3568 1686 3638 loquens.
1706 3566 1893 3637 Siquis

320 3674 497 3717 autem
524 3664 755 3733 ignorat,
787 3661 1134 3731 ignorabitur.
1178 3659 1256 3713 Ex
1300 3660 1403 3713 hoc
1427 3657 1669 3727 probatis
1708 3672 1895 3712 verum

318 3770 437 3809 esse
468 3755 816 3823 prophetam,
848 3754 895 3807 si
923 3752 1026 3806 ista
1053 3752 1387 3823 cognoverit.
1432 3750 1490 3804 Si
1539 3749 1662 3819 quis
1713 3758 1894 3803 autem

317 3846 532 3913 ignorat
559 3844 697 3907 11330,
726 3842 1085 3913 ignorabitur,
1130 3848 1185 3895 et
1217 3855 1248 3894 a
1297 3840 1454 3894 nobis
1497 3848 1553 3893 et
1580 3854 1611 3893 a
1640 3839 1769 3900 Deo,
1809 3837 1898 3893 di-

318 3943 474 3988 cente
499 3934 582 3989 eis
610 3934 703 4003 qui
731 3947 790 3988 se
822 3933 877 3987 in
910 3931 1023 4000 ejus
1044 3932 1258 3985 nomine
1287 3930 1639 3999 prophetasse
1668 3928 1846 3983 dicent
1877 3944 1893 3981 :

321 4023 517 4077 Nescio
542 4040 631 4078 ros
658 4021 874 4091 (Matth.
904 4021 982 4092 v).
1009 4020 1202 4075 Omnia
1254 4027 1426 4072 uestra
1473 4018 1704 4072 honeste.
1752 4014 1897 4071 Nihil

312 4129 573 4185 perverso
600 4114 813 4178 ordine,
844 4120 938 4166 aut
962 4126 1059 4180 per
1086 4110 1506 4173 contentionem,
1536 4114 1632 4162 aut
1679 4107 1896 4161 inanem

313 4205 547 4273 gloriam
610 4204 847 4258 faciatis.
911 4201 1159 4256 Mulieres
1205 4210 1429 4254 taceant.
1496 4198 1672 4267 Supra
1738 4197 1892 4253 dixit.

314 4294 600 4364 Prophetas
624 4294 730 4347 duo
768 4303 858 4347 aut
898 4303 1001 4347 tres
1028 4291 1358 4361 dijudicent:
1390 4288 1596 4344 scilicet
1649 4304 1717 4343 ne
1741 4295 1897 4357 puta-

312 4395 508 4440 rentur
542 4384 762 4440 feminte
794 4385 851 4439 in
881 4385 984 4440 hoc
1035 4381 1306 4445 concludi,
1354 4381 1475 4435 ideo
1520 4378 1795 4448 subjungit
1840 4383 1896 4433 et

311 4476 449 4531 dicit
491 4489 508 4527 :
536 4475 783 4528 mulieres
812 4482 1035 4528 taceant.
1063 4473 1217 4527 Sicut
1256 4479 1312 4525 et
1343 4470 1428 4525 lex
1453 4470 1584 4524 dicit
1613 4476 1673 4522 ut
1710 4469 1765 4522 in
1795 4466 1897 4523 Ge-

312 4568 433 4621 nesi
471 4587 487 4620 :
522 4566 636 4621 Sub
676 4567 776 4619 viri
799 4572 1050 4636 potestate
1071 4565 1199 4626 eris,
1245 4569 1293 4615 et
1323 4562 1419 4614 erit
1462 4560 1682 4613 reversio
1706 4567 1797 4611 tua
1822 4554 1892 4611 ad

306 4656 485 4709 cirum
520 4665 691 4721 tuum,
728 4665 775 4709 et
800 4655 909 4725 ipse
933 4654 1009 4707 tui
1030 4651 1390 4708 dominabitur
1418 4649 1572 4719 (Cen.
1612 4647 1719 4719 ιιι).
1757 4647 1894 4701 Tur-

307 4759 375 4813 pe
403 4754 495 4799 est
523 4744 668 4799 enim
692 4744 949 4799 mulieres
985 4743 1042 4797 in
1085 4739 1314 4797 ecclesia
1344 4737 1511 4808 loqui.
1542 4736 1682 4791 Alibi
1712 4744 1892 4792 autem

307 4833 568 4888 concedit
592 4848 688 4887 eas
706 4833 903 4889 docere
934 4848 1087 4889 suam
1114 4829 1456 4902 prudentiam
1479 4836 1534 4883 et
1561 4829 1890 4895 castitatem,

304 4924 403 4978 sed
441 4924 551 4978 hoc
586 4923 862 4993 privatim.

923 5014 1152 5071 CAPUT
1183 5015 1298 5071 XV.

380 5107 589 5162 Notum
610 5116 791 5163 autem
828 5107 972 5162 vobis
1002 5109 1161 5178 facio.
1201 5106 1355 5162 Nunc
1386 5107 1454 5162 de
1495 5104 1894 5162 resurrectione

302 5201 512 5270 incipit
533 5200 820 5266 disserere,
846 5215 1010 5271 quam
1042 5200 1260 5269 quidam
1302 5198 1702 5254 Corinthiorum
1727 5211 1893 5267 nega-

299 5290 467 5343 bant.
501 5286 652 5353 Quod
685 5299 734 5344 et
760 5290 958 5359 accepi.
987 5288 1094 5343 Per
1137 5289 1539 5369 revelatipnem.
1592 5285 1890 5341 Secundum

298 5378 637 5449 Scripturas.
663 5380 1007 5450 Prophetias,
1034 5387 1097 5435 ut
1123 5398 1136 5434 :
1167 5378 1415 5433 Traditus
1438 5386 1511 5433 est
1532 5387 1740 5448 propter
1783 5378 1891 5431 ini-

292 5471 537 5537 quitates
556 5482 766 5527 nostras
798 5470 957 5544 (Isai.
987 5470 1086 5542 ιιι).
1110 5470 1179 5525 Et
1233 5472 1357 5541 quia
1392 5469 1642 5539 sepultus.
1692 5469 1764 5524 Ut
1808 5475 1895 5523 est

293 5558 466 5625 illud,
499 5559 567 5615 Et
591 5563 693 5617 erit
724 5560 1023 5633 sepulcrum
1044 5562 1158 5633 ejus
1184 5560 1490 5631 gloriosum.
1538 5560 1606 5613 Et
1632 5561 1754 5631 quia
1779 5576 1894 5614 sur-

291 5651 445 5706 rexit
481 5653 633 5709 tertia
687 5653 796 5709 die.
840 5651 993 5708 Sicut
1039 5652 1094 5708 in
1142 5650 1316 5710 Osee:
1348 5650 1641 5707 Viviticabit
1692 5668 1785 5705 nos
1831 5652 1885 5703 in

1919 4436 1972 4495 D

1999 3220 2080 3259 res
2104 3221 2285 3258 sumus
2312 3205 2550 3259 omnibus
2583 3205 2901 3281 hominibus.
2937 3203 2996 3260 Si
3023 3206 3079 3259 in
3105 3206 3206 3260 hac
3229 3206 3335 3259 vita
3362 3214 3573 3262 tantum

1998 3305 2280 3367 sperantes
2298 3312 2506 3362 sumus,
2521 3297 2663 3351 nulla
2682 3298 2903 3367 praemia
2927 3304 3208 3367 sperantes
3220 3297 3343 3352 vita:
3357 3295 3570 3352 futtirae.

1999 3387 2157 3442 Nunc
2201 3397 2374 3441 autem
2413 3386 2652 3441 Christus
2702 3389 3002 3452 resurrexit,
3039 3404 3071 3440 a
3110 3388 3351 3441 mortuis.
3391 3386 3447 3441 Id
3467 3396 3571 3453 est,

1998 3479 2142 3548 quod
2174 3478 2351 3533 nullus
2379 3478 2718 3533 Christianus
2748 3480 2975 3534 dubitat.
3030 3479 3286 3532 Primitiae
3309 3480 3575 3534 dormitm-

1996 3567 2146 3620 tium.
2165 3566 2299 3633 Quia
2316 3568 2464 3635 prius
2483 3568 2537 3621 in
2560 3568 2963 3637 incorruptione
2989 3568 3226 3621 surrexit
3245 3584 3258 3633 ;
3276 3568 3320 3621 si
3341 3582 3470 3637 ergo
3488 3582 3574 3621 ca-

1996 3664 2093 3725 put
2126 3658 2442 3723 resurrexit,
2476 3672 2693 3712 necesse
2724 3667 2806 3712 est
2834 3658 2999 3712 etiam
3028 3665 3086 3711 ut
3114 3665 3171 3711 et
3196 3659 3437 3712 membra
3469 3674 3574 3714 ete-

1996 3754 2114 3801 tera
2135 3749 2551 3815 subsequantur.
2570 3747 2716 3801 Sicut
2734 3751 2869 3801 enim
2889 3750 2943 3802 in
2958 3748 3125 3801 Adam
3149 3765 3324 3802 omnes
3344 3749 3574 3804 moriun-

1996 3846 2103 3891 tur.
2134 3838 2272 3903 Quia
2316 3838 2459 3892 sicut
2480 3838 2567 3891 ille
2590 3838 2934 3891 morientium
2967 3837 3138 3894 forma
3161 3847 3264 3903 est,
3290 3840 3364 3893 ita
3399 3839 3571 3896 etiste

1997 3928 2417 3996 resurgentium.
2441 3926 2511 3981 In
2534 3944 2628 3982 suo
2652 3928 2852 3981 ordine.
2882 3928 2938 3982 In
2970 3944 3067 3983 suo
3098 3929 3306 3984 scilicet
3345 3930 3568 3996 honore,

1996 4018 2082 4073 vel
2105 4018 2317 4082 ordine,
2343 4026 2582 4087 tempore
2609 4026 2843 4083 servato,
2872 4019 2996 4087 quia
3027 4019 3282 4089 primitiae
3297 4019 3570 4077 Christus.

1996 4107 2196 4163 Deinde
2223 4109 2277 4162 hi
2303 4108 2393 4178 qui
2420 4117 2543 4161 sunt
2565 4106 2777 4163 Christi.
2807 4108 2866 4162 In
2894 4123 3002 4179 quo
3030 4117 3246 4166 tacetur
3283 4109 3351 4165 de
3391 4125 3575 4166 resur-

1998 4198 2237 4253 rectione
2282 4206 2620 4253 mortuorum
2648 4198 2981 4267 iniquorum,
3011 4200 3137 4268 quia
3162 4215 3267 4253 non
3283 4200 3351 4254 ad
3377 4199 3575 4270 glorio-

1996 4306 2111 4345 sam
2134 4290 2303 4344 vitam
2328 4298 2630 4359 resurgent.
2675 4289 2880 4344 Deinde
2920 4291 3065 4357 ﬁnis.
3095 4291 3278 4368 Mundi
3331 4306 3395 4347 ac
3420 4307 3575 4347 mun-

1999 4382 2152 4437 danae
2198 4381 2648 4437 conversationis.
2704 4378 2836 4435 Cum
2889 4381 3188 4435 tradiderit.
3238 4382 3371 4437 Cum
3418 4382 3572 4450 quasi

1998 4471 2236 4525 laborem
2276 4477 2331 4525 et
2362 4486 2498 4540 opus
2553 4486 2728 4525 suum.
2772 4469 3028 4542 Regnum.
3086 4471 3144 4526 Id
3174 4479 3285 4536 est,
3320 4471 3576 4527 Ecclesiae

1997 4560 2108 4614 Deo
2135 4561 2510 4632 assignaverit,
2538 4568 2595 4615 et
2624 4560 2681 4615 in
2724 4561 2872 4616 illius
2893 4562 3404 4633 contemplationem
3440 4575 3565 4630 per-

1997 4650 2233 4706 duxerit.
2263 4651 2372 4704 Deo
2402 4650 2575 4705 Patri.
2597 4650 2708 4705 Deo
2735 4650 2952 4706 Christo
2979 4652 3274 4708 secundum
3331 4652 3574 4705 humani-

1996 4747 2185 4803 tatem,
2215 4746 2271 4792 et
2297 4738 2446 4793 Patri
2476 4739 2772 4794 secundum
2800 4740 3081 4796 deitatem.
3125 4738 3367 4794 Traditio
3417 4740 3568 4810 regni

1994 4838 2183 4886 nostra
2207 4836 2291 4885 es‘t
2317 4830 2597 4900 perfectio,
2619 4846 2743 4886 cum
2772 4832 2939 4887 etiam
2971 4844 3039 4886 ex
3073 4832 3286 4901 integro
3323 4829 3420 4884 ﬁlii
3446 4846 3571 4887 esse

1998 4922 2378 4987 meruerimus,
2437 4929 2498 4976 ut
2524 4920 2795 4978 Joannes:
2851 4921 3169 4986 Videbimus,
3213 4921 3407 4989 inquit,
3448 4937 3567 4975 eum

2000 5011 2180 5083 (Joan.
2212 5012 2289 5086 v).
2317 5011 2561 5082 Regnum
2589 5012 2686 5067 Dei
2707 5011 3026 5067 naturaliter
3065 5011 3283 5080 quidem
3308 5025 3407 5080 per
3450 5026 3567 5066 om-

1998 5103 2088 5158 nia
2116 5111 2219 5166 est,
2270 5102 2365 5157 sed
2393 5110 2522 5156 tunc
2546 5102 2763 5171 proprie
2799 5116 3028 5170 regnare
3072 5101 3287 5166 dicitur,
3318 5115 3441 5155 cum
3489 5100 3568 5156 illi

1996 5194 2244 5248 homines
2296 5190 2498 5247 fuerint
2524 5189 2801 5245 voluntate
2830 5189 3093 5260 subjecti,
3148 5192 3291 5247 sicut
3340 5206 3564 5260 regnum

1995 5285 2343 5349 diabolicum,
2371 5297 2492 5338 cum
2514 5281 2593 5334 illi
2612 5295 2671 5336 se
2692 5280 2940 5337 homines
2978 5290 3168 5353 sponte
3213 5281 3565 5351 subjecerint.

1995 5376 2127 5431 Cum
2162 5375 2421 5430 evacuerit
2449 5388 2653 5427 omnem
2702 5375 3072 5446 principatum.
3120 5373 3255 5428 Nam
3292 5373 3570 5428 evacuatis

1992 5465 2249 5535 peccatis,
2306 5461 2709 5518 evacuabuntur
2766 5478 2798 5518 a
2845 5464 2999 5519 nobis
3043 5476 3231 5517 omnes
3277 5461 3570 5518 contraria

1948 5555 1963 5570 '
1991 5562 2305 5626 poteStates.
2331 5552 2551 5609 Omnem
2598 5554 2970 5625 principatum.
3032 5553 3090 5609 Id
3116 5560 3219 5620 est,
3244 5553 3314 5608 ab
3360 5567 3427 5610 eo
3473 5552 3569 5623 qui

1992 5647 2147 5704 nobis
2185 5647 2534 5718 sequentibus
2576 5646 2932 5719 principatur.
2966 5646 3037 5702 Et
3065 5654 3393 5719 potestatem.
3447 5644 3568 5715 Qua
