3974 6202
308 277 410 332 ίῖΰ

1686 262 1956 319 SEDULII
1997 262 2195 320 SCO'I‘l

3442 263 3551 320 160

310 408 408 447 nos
437 404 625 447 eorum
652 387 948 445 dominatui
974 381 1196 450 subjecti
1242 392 1446 435 sumus.
1495 378 1566 431 Et
1612 378 1871 432 virtutem.
1901 380 1955 439 Α
1977 377 2273 432 rectionem
2300 374 2631 446 negantium.
2679 375 3044 445 Ignorantiam
3090 374 3206 429 Dei.
3241 374 3295 429 Id
3319 385 3543 448 est,pu-

309 489 424 549 Qua
451 495 550 536 nos
574 480 820 534 vicerunt
850 495 862 528 :
892 475 1065 528 virtus
1089 472 1233 527 enim
1260 484 1449 524 eorum
1481 475 1663 522 nostra
1690 481 1874 536 pecca-

310 580 363 624 ta
393 578 535 624 sunt.
566 568 778 639 Oportet
802 565 937 618 enim
960 561 1108 616 illum
1130 575 1365 629 regnare.
1392 557 1538 612 Istud
1560 558 1625 611 de
1662 557 1877 611 homine

308 666 510 718 dictum
543 676 648 715 non
670 672 950 729 negamus,
980 656 1046 709 de
1073 669 1138 707 eo
1159 653 1251 721 qui
1278 666 1468 721 passus
1508 659 1591 704 est
1634 664 1873 714 crucem,

308 757 399 824 qui
424 762 607 823 postea
636 750 823 806 sedere
840 748 1058 819 jubetur
1100 760 1129 799 a
1159 744 1382 797 dextris.
1437 742 1573 808 Quid
1621 741 1725 794 sibi
1754 741 1870 794 vult

312 848 413 900 hoc
440 845 582 912 quod
608 844 684 897 ait
712 860 725 895 :
760 841 972 911 Oportet
998 840 1133 892 enim
1161 836 1307 889 illum
1345 850 1561 904 regnare
1588 833 1750 886 donec
1786 849 1881 903 po-

310 943 399 987 nat
420 950 593 987 omnes
624 932 861 985 inimicos
898 928 990 982 sub
1015 927 1226 997 pedibus
1276 924 1427 993 ejus?
1468 922 1715 990 Nunquid
1768 931 1877 976 tam

310 1026 398 1078 diu
429 1032 745 1095 regnaturus
771 1028 854 1075 est
881 1018 1158 1079 Dominus,
1189 1017 1360 1070 donec
1384 1013 1645 1083 incipiant
1671 1013 1876 1067 inimici

310 1116 409 1169 sub
435 1114 662 1184 pedibus
682 1112 799 1181 ejus
824 1125 965 1173 esse,
996 1116 1049 1163 et
1081 1115 1364 1177 postquam
1399 1104 1474 1158 illi
1524 1104 1625 1157 sub
1655 1104 1883 1172 pedibus

312 1206 532 1269 fuerint,
569 1218 797 1273 regnare
829 1200 1088 1255 desistet?
1124 1213 1247 1252 cum
1298 1196 1486 1265 utique
1537 1202 1664 1249 tunc
1704 1195 1877 1263 magis

310 1309 536 1363 regnare
562 1293 802 1362 incipiat.
852 1291 1030 1345 Donec
1077 1295 1237 1359 ponat
1274 1302 1448 1341 omnes
1497 1286 1735 1338 inimicos
1784 1286 1881 1338 sub

310 1382 546 1452 pedibus.
578 1381 633 1435 Id
659 1388 762 1445 est,
793 1388 885 1434 aut
909 1378 1205 1441 voluntate,
1248 1384 1341 1430 aut
1389 1374 1712 1429 necessitate
1754 1372 1881 1428 sub-

310 1473 498 1543 iectos.
516 1471 625 1528 Sub
651 1472 864 1543 pedibus
885 1472 1021 1541 ejus.
1045 1470 1153 1523 Aut
1171 1468 1271 1523 sub
1293 1466 1496 1523 Christi
1525 1465 1881 1531 humanitate,

313 1572 410 1617 aut
438 1562 538 1618 sub
578 1561 856 1632 apostolis,
887 1560 1082 1630 quibus
1121 1558 1378 1614 mundum
1407 1555 1737 1627 peragravit.
1773 1553 1883 1608 De-

312 1662 548 1709 struetur
573 1669 732 1709 mors.
760 1652 817 1707 Id
843 1650 1223 1717 est,diabolus,
1242 1648 1334 1718 qui
1357 1654 1548 1701 auctor
1565 1655 1647 1700 est
1669 1643 1876 1706 mortis,

1976 477 2155 525 tantes
2188 470 2358 523 Deum
2386 483 2490 522 non
2515 482 2675 536 posse
2704 467 2990 522 suscitare.
3022 465 3124 520 Sed
3169 467 3305 520 dicet
3326 467 3540 540 aliquis.

1974 560 2092 630 Ipse
2133 560 2234 615 sibi
2259 574 2328 613 ex
2357 559 2840 613 contradicentium
2860 573 3087 628 persona
3103 560 3373 628 proponit.
3402 558 3546 625 Quo-

1976 652 2129 706 modo
2164 662 2430 721 resurgent
2454 652 2685 705 mortui?
2710 650 2768 705 Id
2806 659 2907 712 est,
2940 651 3066 706 dum
3093 666 3317 720 corpora
3350 653 3401 705 in
3426 652 3546 721 pul-

1977 759 2159 798 verem
2187 745 2426 798 redeunt.
2458 744 2615 806 Ouali
2656 753 2834 797 autem
2888 759 3102 814 corpore
3134 744 3388 798 redeunt?
3431 745 3547 800 Iloc

1976 843 2055 888 est
2067 874 2082 898 ,
2098 842 2275 888 utrum
2293 842 2351 887 ut
2364 835 2707 903 sepeliantur,
2726 835 2804 889 sic
2820 837 3141 906 resurgunt?
3156 836 3306 891 verbi
3327 839 3500 908 gratia
3525 856 3541 893 :

1979 924 2037 980 Si
2065 940 2240 980 carens
2278 934 2334 979 et
2357 926 2600 995 leprosus
2625 927 2907 995 sepelitur,
2965 936 3144 981 utrum
3197 928 3336 982 idem
3367 943 3546 984 cmcus

1977 1026 2032 1072 et
2055 1018 2302 1087 leprosus
2330 1018 2610 1087 resurget?
2662 1016 2837 1087 Atque
2871 1018 2956 1072 his
3001 1017 3211 1073 duabus
3246 1019 3547 1089 interroga-

1982 1108 2216 1162 tionibus
2234 1110 2415 1163 statim
2440 1110 2746 1177 respondet,
2778 1111 2963 1164 dicens
2989 1128 3004 1166 :
3038 1109 3544 1181 Insipienstu.Quia

1979 1215 2087 1253 non
2113 1200 2345 1254 attendis
2372 1200 2499 1268 quid
2523 1200 2760 1268 quotidie
2787 1215 2971 1254 coram
2997 1203 3102 1257 tuis
3127 1203 3301 1257 oculis
3313 1204 3540 1274 geritur.

1983 1288 2140 1354 Quod
2165 1290 2389 1343 seminus
2418 1305 2518 1342 non
2541 1290 2833 1358 riviﬁcatur
2861 1291 2961 1344 nisi
2990 1293 3139 1360 prius
3168 1308 3279 1347 mor
3307 1303 3449 1359 atur,
3498 1302 3549 1347 et

1979 1378 2119 1450 quod
2145 1379 2369 1433 seminas
2392 1379 2419 1433 2
2439 1395 2547 1433 non
2561 1394 2768 1449 corpus.
2794 1380 2877 1435 Ad
2909 1380 3039 1435 illud
3068 1382 3357 1452 respondet
3401 1382 3559 1453 quod

1980 1470 2244 1541 praemisit
2275 1487 2287 1522 :
2316 1469 2459 1539 quali
2490 1476 2666 1524 autem
2682 1485 2907 1539 corpore
2924 1473 3186 1527 veniunt?
3216 1471 3561 1541 Noneorpus-

1981 1559 2122 1631 quod
2156 1560 2397 1628 futurum
2419 1568 2514 1615 est.
2540 1560 2620 1615 Ac
2649 1560 2703 1615 si
2724 1560 2950 1627 diceret,
2974 1561 3093 1616 Non
3135 1562 3342 1631 spicam
3384 1563 3549 1619 semi—

1986 1665 2086 1705 nas
2116 1651 2168 1705 in
2198 1658 2425 1716 terram,
2448 1653 2541 1706 sed
2577 1667 2802 1722 granum
2830 1660 2884 1707 et
2930 1652 3071 1708 sicut
3096 1667 3217 1707 cum
3253 1669 3420 1724 grano
3448 1669 3543 1709 se-

316 1747 431 1800 sive
467 1760 613 1800 mors
636 1743 877 1814 corporis
921 1743 1230 1797 destruetur
1278 1738 1528 1793 sorbente
1568 1733 1885 1790 immortali-
1913 1720 1959 1779 Β
1988 1740 2216 1796 cundior
2242 1756 2365 1796 cum
2393 1743 2576 1811 granis
2597 1754 2841 1812 resurget
2862 1743 3044 1806 arista,
3078 1743 3151 1797 ita
3173 1751 3229 1797 et
3266 1743 3555 1815 incorrup—

320 1851 434 1896 tate
468 1858 482 1893 :
530 1846 706 1909 potest
741 1838 828 1892 hic
865 1835 1074 1891 excludi
1112 1832 1432 1892 haereticus,
1470 1844 1537 1883 ne
1584 1829 1757 1897 ipsum
1790 1841 1886 1896 pa-

317 1941 459 1986 trem
482 1929 874 1999 subjiciendum
896 1926 1114 1981 Christo
1143 1924 1249 1978 dici
1270 1930 1507 1992 putaret.
1537 1920 1682 1973 Tunc
1704 1928 1753 1972 et
1778 1920 1887 1989 ipse

315 2020 578 2090 subjectus
607 2019 701 2072 erit
732 2016 833 2081 illi,
856 2018 945 2086 qui
970 2015 1189 2084 subjecit
1221 2013 1317 2067 sibi
1358 2013 1552 2066 omnia.
1594 2009 1707 2064 Hoc
1759 2008 1889 2063 dicit

314 2127 414 2181 pro
457 2119 611 2180 parte
640 2108 1010 2171 humanitatis,
1046 2105 1129 2159 vel
1160 2119 1261 2174 pro
1307 2102 1567 2157 membris
1612 2100 1884 2155 Ecclesiae.

314 2204 507 2265 Aliter,
537 2201 799 2271 subjectio
820 2216 924 2254 non
954 2213 1169 2268 semper
1194 2197 1259 2251 ad
1282 2194 1695 2249 diminutionem
1720 2192 1889 2245 hono-

318 2295 396 2348 ris
426 2293 680 2363 pertinet,
710 2292 801 2346 seJ
826 2291 989 2344 etiam
1017 2289 1083 2341 ad
1109 2285 1388 2341 charitatis
1412 2284 1667 2345 ofﬁcium,
1710 2281 1887 2333 maxi-

318 2399 404 2437 me
430 2399 551 2438 cum
577 2391 633 2437 et
661 2382 882 2452 spiritus
914 2379 1294 2449 prophetarum
1337 2373 1620 2443 prophetis
1675 2372 1890 2425 dicatur

323 2490 442 2531 esse
463 2473 756 2541 subjectus,
782 2480 842 2526 ut
870 2486 976 2524 non
996 2469 1067 2523 sit
1091 2469 1234 2521 Deus
1262 2465 1637 2527 dissensionis,
1668 2463 1760 2518 sed
1797 2475 1892 2531 pa—

328 2566 430 2629 cis,
455 2579 578 2619 cum
605 2570 659 2616 et
686 2564 799 2631 ipse
822 2560 1079 2614 Dominus
1102 2556 1300 2625 Ioseph
1329 2564 1384 2608 et
1408 2554 1590 2607 Maria:
1617 2551 1889 2606 scribatur

319 2653 489 2708 {uisse
508 2651 802 2720 subjectus.
834 2647 901 2702 Ut
916 2649 983 2703 sit
1010 2647 1150 2700 Deus
1178 2645 1353 2699 omnia
1404 2645 1460 2696 in
1503 2641 1761 2695 omnibus.
1793 2640 1893 2694 Sa-

321 2742 427 2806 lus,
460 2742 592 2805 vita,
622 2740 824 2803 victus,
852 2746 910 2792 et
945 2736 1118 2807 c0pia,
1146 2735 1337 2805 gloria,
1372 2741 1429 2787 et
1458 2732 1651 2795 honor,
1671 2739 1727 2784 et
1762 2744 1891 2799 pax,

320 2839 376 2885 et
397 2832 579 2885 omnia
609 2830 771 2884 bona.
798 2828 1046 2897 Alioquin
1065 2826 1192 2895 quid
1206 2826 1409 2894 facient
1435 2823 1525 2895 qui
1559 2822 1895 2891 baptizantur

322 2938 416 2993 pro
452 2921 712 2976 mortuis?
741 2919 1052 2990 Quicunque
1076 2918 1132 2971 in
1161 2916 1370 2970 Christo
1399 2914 1650 2985 baptizati
1689 2928 1890 2977 sumus,

322 3012 378 3064 in
404 3020 568 3063 morte
595 3009 757 3077 ipsius
784 3008 1034 3077 baptizati
1074 3021 1274 3068 cunnus,
1299 3005 1352 3057 id
1379 3012 1481 3067 est,
1512 3010 1572 3055 ut
1600 3000 1711 3069 jam
1734 3000 1892 3071 quasi

328 3098 650 3151 commortui
672 3113 794 3151 cum
818 3096 909 3151 illo
939 3098 1132 3160 simus,
1155 3094 1281 3162 quid
1315 3107 1446 3160 ergo
1479 3092 1699 3160 prodest
1742 3090 1898 3145 nobis

329 3188 531 3243 mundo
559 3188 722 3252 mori,
750 3188 795 3242 si
824 3188 967 3241 hunc
1012 3193 1379 3254 contemptum
1430 3183 1760 3252 voluptatum
1786 3184 1897 3237 vita

324 3294 431 3333 non
458 3278 702 3347 sequitur
744 3277 976 3333 aeterna?
1021 3275 1212 3337 Aliter,
1266 3292 1361 3345 pro
1406 3274 1646 3339 mortuis,
1684 3273 1737 3327 id
1791 3282 1897 3337 est,

324 3368 580 3437 operibus
624 3383 745 3437 qum
773 3374 1041 3438 generant
1071 3373 1323 3419 mortem.
1372 3361 1439 3418 (lt
1482 3363 1608 3435 quid
1636 3360 1900 3432 periclite-

328 3460 487 3516 mur?
515 3460 574 3514 Si
605 3458 739 3513 nihil
760 3466 905 3512 esset
934 3457 986 3510 in
1010 3456 1215 3521 futuro,
1238 3464 1416 3509 nonne
1438 3468 1656 3509 eramus
1677 3451 1899 3507 stultiut

333 3560 510 3607 tantas
547 3549 924 3605 tribulationes
957 3562 1057 3617 pro
1096 3546 1219 3599 aliis
1262 3543 1611 3614 pateremur?
1657 3542 1900 3608 Quotidie

329 3641 527 3696 morior
541 3658 635 3710 pro
654 3649 821 3695 uestra
842 3636 1011 3709 gloria
1029 3649 1077 3689 α.
1100 3636 1154 3689 Id
1176 3642 1280 3699 est,
1294 3649 1453 3689 causa
1474 3640 1667 3688 vestrae
1687 3633 1896 3703 gloriae:

329 3746 542 3799 semper
576 3731 719 3785 enim
758 3744 875 3784 sum
908 3735 1147 3797 paratus,
1183 3735 1239 3780 et
1266 3723 1505 3793 quotidie
1535 3737 1620 3776 me
1649 3730 1902 3792 exspecto

333 3836 431 3891 pro
454 3831 633 3875 ve~tra
657 3819 825 3890 gloria
850 3818 1193 3873 moriturum.
1229 3814 1333 3869 Per
1359 3830 1467 3870 non
1500 3829 1713 3883 semper
1737 3813 1904 3885 signi-

336 3912 517 3965 ﬁcatio
557 3910 850 3977 juramenti
879 3917 964 3963 est
997 3926 1010 3961 :
1059 3922 1185 3960 nam
1212 3907 1258 3961 si
1296 3907 1493 3969 dicam,
1521 3906 1624 3959 Per
1676 3920 1904 3975 puerum

333 4002 477 4063 misi,
509 4016 613 4055 non
646 4000 826 4054 statim
851 4014 949 4067 per
970 4010 1195 4064 puerum
1220 3992 1431 4059 iurasse
1456 3994 1706 4061 putabor.
1728 3992 1901 4057 Quam

331 4092 492 4144 habeo
529 4093 584 4143 in
605 4089 833 4142 Christo.
887 4086 1071 4139 Bonus
1098 4084 1243 4138 enim
1296 4083 1482 4137 doctor
1508 4083 1776 4165 particeps
1817 4091 1903 4137 est

331 4180 517 4248 gloria:
565 4175 969 4245 discipulorum.
1015 4173 1077 4227 Si
1139 4172 1427 4226 secundum
1467 4172 1747 4225 hominem.
1788 4171 1903 4227 Hoc

332 4278 434 4331 est,
486 4269 530 4322 si
566 4266 698 4320 nihil
723 4264 1180 4320 remunerationis
1205 4280 1234 4316 a
1260 4262 1368 4316 Deo
1393 4278 1491 4331 pro
1522 4264 1624 4317 hoc
1650 4265 1903 4318 certami-

1925 3054 1969 3117 C

1987 1833 2137 1887 tibile
2176 1848 2374 1903 corpus
2416 1833 2469 1888 in
2518 1834 2703 1904 gloriae
2755 1843 3005 1903 resurget
3052 1843 3357 1904 augmento.
3412 1835 3555 1889 Deus

1984 1932 2159 1975 autem
2182 1923 2274 1976 dat
2302 1922 2382 1977 illi
2411 1939 2619 1993 corpus.
2642 1923 2701 1977 Id
2740 1930 2841 1986 est,
2888 1923 2956 1977 ab
2985 1924 3140 1978 initio
3185 1924 3447 1992 disposuit
3494 1934 3559 1979 ut

1984 2013 2166 2067 omnia
2197 2014 2402 2067 semina
2427 2030 2549 2069 cum
2575 2013 2903 2083 putrucrint,
2935 2014 2988 2068 in
3005 2013 3237 2084 amplius
3260 2013 3558 2069 reformen-

1986 2112 2095 2159 tur.
2130 2103 2409 2176 Proprium
2449 2123 2655 2177 corpus.
2683 2105 2798 2160 Non
2830 2105 3086 2170 alienum,
3135 2106 3229 2160 sed
3258 2107 3553 2162 secundum

1988 2210 2155 2266 genus
2183 2212 2339 2250 suum
2368 2197 2645 2265 proprium
2678 2214 2690 2249 :
2718 2207 2777 2250 ut
2812 2204 2937 2265 pote
2966 2197 3204 2251 triticum
3255 2200 3319 2252 de
3350 2200 3554 2264 tritico,

1989 2287 2250 2341 hordeum
2275 2303 2342 2341 ex
2364 2288 2589 2352 hordeo,
2614 2288 2691 2342 sic
2712 2288 2957 2342 homines
2977 2303 3069 2341 sua
3088 2290 3305 2359 propria
3329 2305 3557 2358 corpora

1989 2380 2270 2447 recipient,
2301 2393 2409 2431 non
2431 2378 2624 2432 aliena.
2657 2377 2780 2431 Non
2801 2378 2967 2432 omnis
3014 2395 3137 2432 caro
3185 2379 3365 2433 eadem
3408 2395 3554 2433 caro.

1992 2467 2124 2522 Tota
2156 2468 2573 2536 comparationis
2606 2467 2764 2534 hujus
2809 2468 3092 2523 diversitas
3140 2470 3208 2523 ad
3245 2471 3348 2524 hoc
3395 2470 3556 2534 valet,

1991 2567 2053 2612 ut
2080 2559 2271 2614 credas
2297 2575 2463 2613 unum
2508 2575 2675 2631 genus
2714 2557 2872 2615 facile
2918 2549 3174 2631 reparare
3226 2577 3405 2632 posse,
3465 2562 3560 2631 qui

1993 2657 2143 2705 tanta
2166 2650 2294 2706 fecit
2313 2665 2379 2705 ex
2410 2651 2600 2716 nihilo,
2624 2652 2737 2707 sive
2760 2660 2962 2706 tantam
2987 2654 3305 2708 meritorum
3324 2654 3562 2708 ostendit

1992 2738 2448 2794 essedistantiam
2475 2739 2746 2807 iustorum
2773 2756 2803 2796 a
2849 2743 3249 2811 peccatoribus,
3297 2751 3559 2812 quantum

1994 2830 2197 2885 distant
2224 2829 2470 2885 caelestia
2497 2847 2527 2884 a
2557 2834 2940 2887 terrestribus:
2974 2842 3031 2888 et
3057 2835 3295 2904 ipsorum
3333 2834 3475 2888 inter
3501 2847 3563 2889 se

1985 2917 2258 2990 iustorum
2288 2921 2343 2974 in
2369 2928 2579 2976 tantum
2602 2923 2802 2978 distare
2820 2923 3079 2995 fulgorem
3111 2925 3347 2979 ostendit
3391 2940 3562 2994 quan-

2000 3017 2113 3062 tum
2140 3007 2392 3063 dill‘erunt
2417 3009 2706 3065 luminaria
2730 3028 2760 3065 a
2781 3010 3157 3068 luminaribus.
3186 3011 3417 3083 Corpora
3456 3029 3561 3066 ca:—

2000 3097 2168 3153 lestia.
2211 3098 2281 3153 Ut
2306 3100 2385 3154 sol
2413 3111 2468 3154 et
2492 3100 2637 3165 luna,
2670 3102 2746 3155 ita
2771 3111 2826 3156 et
2851 3104 3168 3157 resurrectir
3199 3112 3563 3169 mortuorum,

1998 3204 2105 3241 non
2133 3190 2393 3253 omnium,
2441 3190 2537 3244 sed
2597 3192 2965 3245 tantummodo
3005 3200 3338 3247 sanctorum.
3390 3192 3565 3248 Semi-

1999 3288 2157 3332 natur
2175 3280 2230 3332 in
2250 3280 2580 3334 contumelia.
2609 3281 2750 3348 Quid
2780 3290 2890 3336 tam
2923 3283 3176 3354 ignobile,
3203 3293 3264 3339 ut
3299 3285 3567 3340 cadaver?

2000 3367 2306 3423 Seminatur
2329 3371 2383 3424 in
2404 3371 2726 3439 inﬁrmitate.
2769 3372 2825 3427 Id
2851 3382 2952 3437 est,
2996 3374 3195 3428 doloris
3237 3382 3291 3428 et
3347 3376 3568 3431 mortis.

2001 3457 2190 3527 Surget
2218 3459 2271 3513 in
2293 3461 2497 3513 virtute.
2533 3460 2789 3516 Sanitatis
2817 3469 2871 3515 ct
2899 3462 3339 3518 immortalitatis.
3396 3462 3568 3519 Semi-

2000 3554 2156 3597 natur
2173 3562 2359 3615 corpus
2381 3547 2628 3601 animale.
2674 3548 2731 3601 In
2786 3550 3097 3617 corporibus
3160 3552 3564 3621 resurgentium

2002 3642 2147 3689 tanta
2173 3634 2403 3691 felicitas
2428 3638 2553 3701 erit,
2580 3646 2802 3707 propter
2826 3639 2967 3707 quod
3004 3648 3057 3693 et
3091 3638 3387 3707 spiritualia
3418 3641 3565 3694 dicta
3656 3664 3659 3667 ν

2001 3732 2148 3789 sunt,
2180 3739 2301 3779 cum
2330 3726 2700 3794 proculdubio
2723 3742 2948 3796 corpora
2965 3728 3072 3781 sint
3100 3727 3302 3792 futura,
3331 3744 3440 3783 non
3456 3730 3569 3798 spi-

2003 3814 2157 3868 ritus.
2200 3814 2307 3870 Sed
2336 3816 2474 3870 sicut
2499 3832 2641 3870 nunc
2661 3830 2856 3886 corpus
2876 3816 3110 3869 animale
3150 3816 3368 3882 dicitur,
3418 3818 3563 3886 quod

2000 3912 2182 3959 tamen
2202 3921 2403 3974 corpus
2426 3907 2603 3961 anima
2630 3922 2737 3961 non
2779 3915 2882 3971 est,
2923 3906 2993 3959 ita
3029 3914 3154 3960 tunc
3181 3920 3373 3976 corpus
3401 3907 3563 3975 spiri-

2002 3996 2145 4049 tuale
2173 3997 2298 4060 erit,
2327 4012 2522 4065 corpus
2546 4004 2726 4052 tamen
2756 4011 2861 4051 non
2909 3997 3130 4067 spiritus
3178 3998 3301 4051 erit.
3333 3997 3567 4052 Proinde

2001 4093 2261 4153 quantum
2293 4086 2488 4141 attinet
2524 4087 2591 4140 ad
2620 4088 3042 4155 corruptionem,
3069 4101 3188 4156 qua:
3215 4102 3320 4140 non
3373 4101 3566 4157 aggra-

1999 4182 2091 4229 vat
2119 4176 2355 4229 animam
2385 4184 2439 4229 et
2483 4177 2673 4240 vitam,
2712 4177 2907 4243 quibus
2935 4191 3063 4230 caro
3111 4176 3369 4231 adversus
3398 4176 3563 4245 spiri-

2001 4273 2112 4320 tum
2141 4266 2489 4335 concupiscit,
2516 4274 2643 4320 tunc
2691 4283 2799 4320 non
2844 4268 2951 4321 erit
2999 4282 3149 4331 caro,
3197 4267 3293 4321 sed
3339 4282 3563 4336 corpus,

332 4374 399 4412 ne
423 4350 598 4426 spero.
629 4356 805 4421 Quare
828 4355 1054 4426 pugnavi
1094 4353 1288 4424 Ephesi
1334 4363 1515 4407 contra
1563 4352 1793 4406 bestias?
1841 4352 1898 4405 Id
1927 4382 1976 4439 Β
2001 4357 2125 4424 quia
2160 4355 2396 4410 coelestia
2437 4370 2661 4424 corpora
2708 4357 3059 4426 perhibentur
3083 4396 3098 4421 ,
3138 4366 3357 4427 propter
3422 4356 3565 4425 quod

333 4459 434 4515 est,
477 4450 782 4512 ltmreticos,
807 4456 861 4501 et
890 4461 1061 4502 saevos
1090 4444 1353 4501 homines.
1378 4442 1459 4497 An
1496 4451 1556 4497 ut
1587 4443 1901 4497 hominibus

334 4541 640 4610 placerem?
664 4538 1060 4592 Manducemus.
1090 4534 1335 4604 Increpat
1355 4534 1602 4603 exemplo
1627 4534 1901 4602 propheta:

338 4631 471 4697 (Isa.
518 4627 672 4697 xx"),
704 4626 841 4697 gula:
890 4625 1100 4680 deditos
1149 4623 1525 4692 desperatione
1571 4622 1897 4676 futurorum.

340 4721 516 4774 Nolite
552 4719 750 4774 seduci.
777 4719 831 4771 ld
860 4724 965 4782 est,
1013 4715 1082 4770 ab
1120 4715 1208 4769 his
1235 4714 1325 4783 qui
1375 4714 1504 4767 talia
1528 4712 1730 4767 dicunt.
1770 4711 1902 4767 Cor-

338 4821 581 4879 rumpunt
606 4809 764 4863 bonos
788 4823 955 4861 mores
978 4804 1238 4875 colloquia
1267 4821 1447 4873 prava.
1475 4804 1830 4874 Hieronymus
1847 4802 1901 4855 in

339 4901 670 4968 expositione
698 4897 949 4970 Epistola:
969 4898 1034 4951 ad
1065 4896 1243 4950 Titum
1267 4895 1399 4950 dicit
1435 4910 1448 4948 :
1483 4893 1565 4948 Ad
1592 4893 1906 4948 Corinthios

340 5005 553 5057 quoque
582 4990 645 5042 de
669 4988 941 5044 Menandri
968 4988 997 5027 ιι
1016 4984 1281 5041 commdia
1298 4998 1512 5038 versum
1536 4983 1762 5051 sumpsit
1780 4983 1910 5034 iatn-

342 5078 517 5134 bicum
552 5076 938 5149 :Corrumpunt
968 5093 1138 5132 mores
1178 5076 1358 5129 bonos.
1384 5072 1495 5128 Mos
1524 5079 1608 5127 est
1651 5071 1909 5141 apostolis

343 5170 409 5224 de
439 5168 702 5221 mundana
723 5170 983 5233 sapientia
1011 5168 1257 5237 accipere
1286 5164 1618 5220 testimonia.
1647 5170 1705 5217 et
1729 5162 1774 5216 si
1799 5176 1906 5215 non

343 5261 409 5313 ad
440 5259 837 5321 auctoritatem,
865 5268 1041 5313 tamen
1084 5258 1519 5320 aediﬁcationem,
1542 5264 1603 5309 ut
1632 5254 1760 5308 illud
1788 5253 1901 5308 Vir.

343 5349 452 5418 gilii
482 5350 533 5402 in
567 5349 792 5405 Actibus
810 5349 1174 5418 apostolorum
1206 5365 1221 5403 :
1246 5348 1420 5414 Ipsius
1447 5348 1585 5402 enim
1631 5364 1788 5418 genus
1814 5363 1903 5401 su-

344 5455 482 5494 mus.
515 5438 689 5493 Sobrii
719 5448 899 5495 estote.
926 5437 1047 5493 Non
1060 5438 1389 5493 seducatvos
1409 5438 1711 5508 ignorantia
1726 5452 1907 5492 resur-

416 5562 442 5591 ι
475 5548 747 5622 Sedulium
765 5550 961 5622 legisse
986 5566 1078 5621 per
1095 5558 1319 5605 vestram
1366 5546 1586 5617 gloriam
1641 5556 1787 5618 patet
1835 5562 1900 5601 ex
1968 5530 1974 5535 ’

346 5620 750 5683 commutatio.

2005 4446 2205 4500 dictum
2247 4453 2331 4498 est
2359 4462 2371 4497 :
2401 4442 2537 4497 Caro
2557 4454 2606 4497 et
2635 4446 2847 4514 sanguis
2881 4462 3093 4515 regnum
3135 4445 3234 4498 Dei
3264 4462 3367 4499 non
3393 4446 3563 4514 possi-

2003 4531 2213 4590 debunt.
2243 4537 2310 4590 Et
2350 4544 2605 4606 tanquam
2652 4551 2923 4607 exponens
2952 4538 3079 4606 quid
3129 4537 3346 4599 dixerit,
3392 4551 3567 4607 neque

2004 4627 2278 4694 corruptio
2306 4626 2761 4695 incorruptionem
2790 4627 3104 4695 possidebit,
3131 4635 3187 4681 et
3238 4626 3378 4695 quod
3416 4627 3569 4697 prius

2004 4728 2225 4784 regnum
2256 4717 2372 4781 Dei,
2413 4717 2515 4772 hoc
2555 4717 2821 4786 posterius
2866 4718 3357 4786 incorruptionem;
3396 4734 3568 4788 quan.

2003 4814 2116 4861 tum
2143 4818 2321 4862 autem
2342 4810 2538 4864 attinet
2575 4811 2641 4863 ad
2662 4810 3041 4875 substantiam,
3075 4811 3237 4865 etiam
3271 4819 3398 4865 tunc
3439 4825 3569 4865 caro

2003 4899 2125 4951 erit.
2156 4898 2297 4952 Idem
2325 4900 2379 4952 in
2402 4898 2540 4952 libro
2562 4900 2626 4952 de
2672 4899 2960 4968 generibus
3009 4901 3276 4956 visionum
3315 4919 3329 4955 :
3357 4899 3569 4970 Corpus

2002 4987 2145 5055 quod
2174 4987 2412 5041 futurum
2435 4989 2593 5042 estin
2635 4990 3036 5044 resurrectione
3069 4998 3420 5053 mortuorum,
3450 4991 3566 5060 spi-

2003 5078 2197 5130 rituale
2227 5077 2458 5146 appellat
2479 5078 2785 5146 Apostolus,
2815 5079 2906 5133 ubi
2933 5080 3048 5133 ait:
3091 5077 3395 5132 Seminatur
3443 5097 3565 5132 cor-

2002 5182 2099 5235 pus
2121 5165 2556 5236 animale,surget
2576 5183 2764 5234 corpus
2792 5167 3080 5239 spirituole,
3110 5183 3174 5223 eo
3218 5169 3360 5238 quod
3412 5171 3569 5227 miris

2007 5256 2181 5309 modis
2201 5256 2267 5309 ad
2300 5270 2514 5310 omnem
2542 5256 2852 5312 felicitatem
2873 5267 2928 5312 et
2953 5259 3416 5329 iheorruptionem
3456 5261 3570 5328 spi-

2007 5345 2134 5399 ritui
2166 5346 2448 5410 subdatur,
2500 5354 2554 5399 et
2598 5349 2716 5401 sine
2740 5346 2846 5400 ulla
2871 5347 3164 5419 indigentia
3207 5347 3567 5416 corporalium

2008 5439 2385 5495 alimentorum
2411 5440 2524 5495 solo
2541 5439 2844 5496 viviﬂcetur
2868 5441 3062 5511 spiritu
3100 5460 3113 5495 :
3158 5456 3261 5497 non
3287 5441 3429 5510 quod
3480 5440 3563 5499 in-

2082 5553 2108 5591 ὶν
2135 5552 2405 5607 Menandri
2434 5553 2583 5607 Arati
2608 5554 2660 5608 in
2678 5553 3083 5612 thnomenis.
