3974 6202
362 307 458 366 ια

366 427 681 484 corpoream
709 410 1069 467 substantiam
1107 408 1177 465 sit
1212 408 1546 474 habiturum,
1575 425 1749 479 neque
1788 410 1935 463 enim

367 517 424 561 ct
449 506 546 560 hoc
567 519 767 572 corpus
792 504 933 573 quod
957 516 1099 555 nunc
1133 500 1390 556 habemus
1413 503 1608 556 animce
1635 502 1937 557 habetsub-

368 596 633 650 stantiam.
667 591 822 648 Sicut
865 593 1114 662 scriptum
1140 600 1235 645 est.
1265 591 1323 644 Id
1342 600 1445 654 est,
1480 593 1533 647 in
1562 591 1757 646 Genesi
1784 592 1935 663 (Cap.

368 688 433 761 ι).
466 688 529 742 Et
557 688 732 755 [actus
758 694 834 740 est
870 689 1025 738 homo
1052 687 1105 738 in
1128 685 1359 761 animum
1382 686 1647 738 viventem.
1688 685 1745 739 In
1781 688 1940 756 spiri-

373 791 483 836 tum
511 777 896 833 viviﬁcantem.
929 775 1257 830 Nouissimas
1281 776 1446 829 Adam
1477 777 1529 829 in
1558 777 1801 846 spiritum
1825 778 1942 831 vivi-

373 871 626 941 ﬁcantem.
657 866 774 929 Non
802 867 971 936 prius,
1008 866 1100 920 sed
1132 866 1274 935 quod
1329 866 1612 934 spirituale
1648 876 1729 920 est
1758 885 1769 919 :
1801 866 1941 921 sicut

369 966 517 1036 prior
542 970 624 1015 est
655 969 905 1014 terrenus
929 958 1131 1021 Adam,
1181 966 1235 1012 et
1264 958 1529 1025 posterior
1580 958 1836 1021 ccclestis,
1867 960 1940 1013 ita

369 1057 513 1128 prius
543 1051 793 1108 animale.
820 1051 1092 1120 posterius
1111 1050 1389 1119 spirituale
1412 1065 1609 1119 corpus
1625 1052 1932 1119 accipimus,

374 1145 445 1200 De
469 1144 592 1198 caelo
618 1141 858 1197 caelestis.
896 1140 1011 1194 Non
1044 1139 1185 1210 quod
1213 1155 1410 1209 corpus
1430 1140 1495 1193 de
1523 1140 1939 1205 eceloat'ulcrit,

372 1238 459 1294 sed
484 1237 624 1305 quod
655 1242 948 1303 conceptus
975 1234 1049 1288 sit
1073 1218 1138 1287 de
1166 1232 1373 1311 Spiritu
1403 1242 1610 1286 saneto.
1642 1231 1786 1285 Sicut
1818 1248 1941 1301 por-

373 1328 588 1381 terimus
610 1325 891 1394 imaginem
918 1325 1131 1378 terreni.
1165 1314 1424 1377 Peceator
1450 1323 1740 1390 imaginem
1789 1322 1935 1383 Adze,

372 1430 548 1492 portat
563 1420 745 1489 justus
772 1431 902 1470 vero
924 1416 1213 1485 imaginem
1247 1413 1472 1468 Christi.
1502 1412 1643 1483 Ergo
1660 1413 1800 1467 sicut
1819 1427 1942 1482 por-

376 1512 601 1566 tavimus
628 1517 865 1564 veterem
894 1507 1167 1562 hominem
1198 1513 1325 1558 ante
1364 1504 1711 1573 baptismum,
1761 1502 1836 1555 ita
1887 1509 1943 1556 et

373 1612 489 1673 post
514 1601 844 1670 baptismum
870 1606 1145 1669 portemus
1179 1611 1398 1650 novum.
1446 1591 1583 1648 Caro
1630 1603 1679 1646 et
1724 1593 1941 1662 sanguis

374 1710 586 1764 regnum
613 1692 705 1746 Dei
734 1708 838 1746 non
865 1690 1216 1761 possidebunt.
1266 1688 1323 1742 Id
1350 1695 1453 1751 est,
1493 1688 1626 1741 vitia
1680 1699 1735 1741 et
1774 1702 1940 1756 opera

375 1782 629 1846 carnalia,
655 1796 776 1851 quae
796 1788 982 1849 postea
1011 1779 1226 1833 nomine
1249 1777 1611 1847 corruptibnis
1659 1776 1895 1847 appellat
1923 1795 1935 1829 :

375 1873 684 1945 frequenter
733 1873 880 1927 enim
924 1872 1201 1940 Scriptura
1257 1885 1476 1925 carnem
1539 1884 1637 1939 pro
1687 1869 1941 1940 operibus

374 1966 552 2021 carnis
576 1964 839 2027 nominat,
891 1970 953 2017 ut
1003 1962 1169 2015 alibi:
1207 1959 1310 2014 Vos
1349 1970 1523 2014 autem
1570 1976 1673 2013 non
1716 1961 1839 2014 estis
1885 1960 1941 2013 in

376 2071 550 2119 carne,
570 2053 660 2108 sed
688 2054 744 2106 in
768 2052 978 2122 spiritu.
1020 2049 1122 2105 Sed
1149 2066 1252 2104 non
1297 2065 1475 2103 omnes
1526 2049 1937 2101 immutabimur.

373 2143 434 2200 In
477 2144 698 2215 gloriam
731 2150 789 2196 et
830 2142 1000 2196 vitam
1058 2148 1358 2196 teternam:
1390 2141 1513 2209 quia
1556 2140 1624 2195 de
1659 2148 1833 2194 morte
1886 2140 1942 2193 in

379 2242 604 2289 mortem
626 2233 859 2287 transire
887 2246 994 2286 non
1024 2239 1107 2286 est
1143 2230 1447 2285 immutatio
1474 2248 1487 2282 :
1521 2245 1646 2284 nam
1674 2230 1943 2300 gehenna-

379 2322 442 2377 lis
468 2337 628 2392 pcena
656 2336 802 2376 mors
827 2320 1058 2375 secunda
1083 2328 1187 2384 est,
1218 2318 1726 2393 ideopeccatoribus
1748 2321 1943 2374 immu-

382 2415 510 2468 tatio
558 2428 666 2467 non
718 2411 1023 2480 deputatur.
1083 2409 1153 2462 Et
1198 2409 1253 2463 in
1290 2410 1397 2464 ictu
1423 2408 1582 2463 oculi.
1630 2408 1732 2463 Per
1777 2410 1943 2465 ictum

380 2503 515 2564 oculi
537 2503 762 2555 nimiam
784 2501 1101 2554 brevitatem
1120 2500 1235 2553 vult
1259 2501 1563 2568 signiﬁcare
1586 2504 1864 2570 momenti,
1886 2512 1946 2558 ut

381 2610 579 2672 quanta
606 2600 677 2653 sit
704 2591 941 2668 potentia
972 2605 1044 2647 ex
1063 2591 1462 2645 resurrectione
1506 2607 1824 2661 cognoscas.
1877 2593 1945 2648 In

384 2691 659 2746 novissima
691 2689 835 2743 tuba.
860 2688 916 2743 Id
938 2697 1043 2754 est,
1065 2703 1197 2743 voce
1225 2682 1620 2757 archangelica,
1654 2691 1706 2741 ut
1727 2703 1740 2740 :
1765 2682 1945 2742 Media

387 2791 526 2836 nocte
552 2780 756 2835 clamor
781 2780 952 2849 [actus
985 2789 1059 2833 est
1099 2777 1313 2850 (Matth.
1361 2778 1510 2849 xxv).
1535 2778 1604 2832 Et
1627 2788 1821 2832 mortui
1864 2794 1949 2832 re-

382 2879 588 2940 surgent
613 2869 919 2939 incorrupti.
941 2867 998 2922 Id
1026 2876 1129 2933 est,
1171 2869 1297 2937 quia
1322 2876 1550 2922 mortem
1578 2869 1760 2924 carnis
1805 2867 1947 2922 ultra

385 2974 487 3014 non
533 2957 829 3021 habebunt,
885 2964 978 3010 aut
1024 2971 1146 3010 cum
1210 2956 1520 3026 integritate
1580 2957 1948 3012 membrorum

387 3066 603 3106 suorum
636 3061 937 3124 resurgent.
974 3053 1185 3124 Oportet
1200 3054 1356 3108 enim.
1381 3054 1438 3109 Id
1469 3061 1571 3117 est,
1599 3068 1822 3109 necesse
1864 3059 1949 3109 est

387 3138 523 3205 ﬁeri,
551 3142 697 3211 quod
727 3141 865 3197 Deus
886 3144 1153 3211 promisit.
1174 3142 1431 3212 Absorpta
1454 3150 1527 3196 est
1550 3158 1709 3196 mors.
1740 3140 1852 3197 Hoc
1891 3143 1947 3197 in

386 3229 521 3286 Osee
557 3233 840 3302 prephetia
878 3234 1138 3302 scriptum
1164 3241 1265 3288 est.
1295 3231 1393 3285 Ubi
1423 3240 1500 3286 est
1522 3250 1681 3287 mors.
1706 3232 1824 3287 Jam
1868 3233 1950 3287 vi-

388 3338 593 3387 remus,
611 3323 722 3391 jam
753 3341 859 3379 non
911 3327 1206 3381 moriemur
1249 3326 1302 3380 in
1354 3325 1444 3379 illo
1498 3326 1589 3394 qui
1637 3341 1738 3395 pro
1792 3326 1949 3380 nobis

388 3422 629 3469 mortuus
680 3424 765 3471 est
808 3425 863 3471 et
899 3418 1210 3472 resurrexit.
1260 3416 1482 3471 Aculeus
1536 3425 1711 3471 autem
1768 3419 1952 3472 mortis

388 3512 670 3570 peccatum.
705 3503 1083 3560 Stimulus'vel
1104 3506 1298 3576 sagitta
1328 3506 1520 3561 mortis
1552 3513 1830 3574 peccatum
1844 3514 1950 3572 est,

390 3608 484 3662 per
511 3594 650 3662 quod
678 3595 872 3650 animm
892 3594 1227 3667 jugulantur.
1263 3595 1443 3651 Virtus
1467 3613 1581 3651 vero
1604 3598 1801 3665 peccati
1844 3597 1950 3651 lex.

391 3681 525 3738 Dum
548 3683 742 3755 fortius
768 3694 826 3740 et
851 3686 1140 3742 violentius
1160 3686 1220 3741 lit
1239 3694 1522 3757 peccatum
1545 3701 1644 3756 per
1666 3686 1954 3742 scientiam

1425 300 1752 357 COLLECT.
1793 300 1858 355 IN
1898 298 2112 355 EPIST.
2154 297 2199 354 II
2235 300 2325 354 AD
2364 298 2518 354 COR.

3513 299 3611 357 l6!

1964 410 2013 468 Α
2042 408 2409 462 commissum.
2466 405 2772 461 Victoriam.
2827 407 2918 464 Vel
2966 409 3171 479 peccati
3201 418 3387 466 contra
3437 412 3609 483 legem

2042 497 2339 553 commissi.
2370 497 2453 549 vel
2482 497 2628 551 illam
2668 512 2769 566 qua
2797 514 2942 553 mors
2984 500 3362 554 absorheltitur
3404 499 3457 555 in
3501 502 3611 556 vie-

2041 587 2199 640 toria.
2226 584 2467 641 Staviles.
2500 588 2554 641 Izl
2581 598 2683 651 est,
2711 589 2761 642 in
2798 589 2900 644 fide
2945 592 3352 645 resurrectionis
3398 609 3611 661 perma-

2040 687 2248 733 nentes.
2288 680 2623 735 Abundantcs
2652 683 2707 734 in
2742 699 2893 751 opere
2934 682 3166 736 Domini.
3204 682 3256 737 Id
3296 693 3405 748 est,
3446 702 3511 738 ne
3541 689 3608 739 sit

2041 771 2173 826 ﬁdes
2202 782 2377 828 vestra
2409 783 2636 830 mortua.
2667 774 2789 829 Non
2812 787 2885 829 est
2932 777 3127 832 inanis.
3186 777 3413 847 Propter
3461 795 3607 848 spem.

2042 866 2476 922 resurrectionis.

2622 958 2846 1015 CAPUT
2892 961 3031 1015 XVI.

2115 1088 2254 1141 Nam
2282 1089 2345 1142 de
2375 1090 2621 1155 collectis,
2649 1109 2765 1162 qute
2808 1093 2940 1161 fiunt
2984 1096 3035 1146 in
3064 1106 3292 1148 sanctos.
3338 1097 3484 1149 Nunc
3527 1098 3608 1149 iu-

2041 1180 2173 1249 cipit
2200 1181 2263 1233 de
2306 1183 2609 1250 sumptibus
2657 1184 2769 1251 qui,
2817 1199 2915 1252 per
2946 1186 3184 1254 singulas
3225 1188 3477 1242 ecclesias
3509 1192 3615 1240 ml-

2042 1270 2185 1331 lecti,
2240 1270 2291 1324 in
2341 1269 2761 1342 Hierosolymam
2817 1277 3017 1330 sanctis
3070 1280 3395 1345 parpwihus
3443 1281 3614 1333 mitte-

2041 1359 2258 1413 bantur.
2310 1358 2416 1413 Per
2462 1379 2621 1415 unam
2662 1364 2885 1416 sabbati.
2930 1364 3043 1419 Una
3082 1366 3312 1432 sabbati,
3344 1368 3615 1423 Dominicn

2043 1448 2156 1502 dies
2182 1456 2285 1511 est,
2314 1456 2373 1501 ut
2401 1448 2676 1505 Dominica
2722 1451 2807 1506 die
2838 1468 3051 1523 semper
3096 1456 3355 1523 paula'im
3397 1472 3613 1526 eor-gre-

2044 1545 2298 1605 garentur
2336 1552 2435 1605 per.
2488 1545 2719 1607 tempus,
2769 1555 2837 1594 ne
2889 1542 3006 1610 plus
3051 1554 3443 1612 gravarentur:
3502 1546 3619 1600 ideo

2044 1635 2223 1681 autem
2267 1628 2321 1681 in
2371 1629 2649 1683 Dominico
2686 1630 2787 1684 hoc
2829 1633 3151 1700 permissum
3202 1643 3305 1698 est,
3348 1637 3469 1703 quia
3515 1653 3618 1690 non

2044 1733 2177 1787 OptIS
2205 1727 2286 1773 est
2315 1720 2508 1774 servile
2534 1721 2926 1791 eleemosynam
2967 1738 3315 1794 congregare.
3356 1725 3614 1780 Gratimt.

2041 1811 2471 1881 Eleemosynam,
2503 1814 2627 1881 quia
2664 1813 2831 1881 gratis
2878 1814 3059 1868 datur.
3111 1815 3263 1880 Quod
3311 1819 3356 1870 si
3403 1818 3617 1887 dignum

2043 1900 2218 1968 fuerit.
2254 1900 2325 1955 Ut
2351 1915 2442 1954 eos
2467 1901 2533 1955 ad
2575 1901 2863 1971 largiorem
2890 1914 3210 1972 provocaret
3246 1905 3610 1973 collationem,

2042 1990 2242 2045 infert:
2282 1990 2434 2055 Quod
2458 1992 2504 2045 si
2547 1991 2759 2060 dignum
2799 1993 2978 2060 fuerit,
3022 2004 3083 2046 ut
3124 2012 3215 2064 ego
3246 2011 3383 2060 eam,
3415 2014 3613 2050 mecum

2042 2084 2206 2138 ibunt.
2233 2084 2290 2139 Id
2318 2093 2420 2150 est,
2462 2086 2505 2140 si
2537 2085 2660 2140 talis
2686 2085 2849 2140 fuerit
2872 2087 3069 2142 oblatio
3103 2096 3306 2152 vestra,
3348 2106 3466 2159 qum
3496 2105 3616 2144 mea

2041 2192 2253 2246 quoque
2279 2185 2539 2231 mereatur
2569 2178 2942 2247 prosecutione
2971 2177 3188 2232 deferri.
3238 2177 3442 2232 Ostium
3477 2181 3613 2232 enim

2042 2266 2185 2328 mihi,
2202 2274 2306 2320 etc.
2328 2265 2438 2321 Hoc
2451 2274 2554 2331 est,
2567 2266 2741 2321 aditus
2755 2266 3099 2336 prcedieandi,
3116 2268 3344 2338 lideique
3358 2269 3615 2338 ipsorum.

2045 2351 2149 2408 Per
2196 2353 2460 2423 Epistolas
2506 2354 2599 2408 hos
2645 2356 2813 2410 mitto.
2845 2355 2924 2408 Ad
2953 2356 3407 2411 commendandos
3436 2373 3529 2411 eos
3566 2358 3618 2410 in

2043 2445 2398 2500 Hierusalem.
2451 2444 2582 2499 Cum
2632 2446 2904 2516 fratribus.
2955 2446 3012 2500 ld
3041 2454 3144 2513 est,
3174 2463 3383 2502 mecum
3431 2463 3621 2516 exspe-

2045 2537 2335 2600 ctantibus,
2367 2537 2482 2591 sive
2512 2539 2957 2593 commeantibus.
3015 2537 3254 2609 l’igitate.
3309 2539 3491 2595 Oculis
3522 2542 3625 2594 sci-

2044 2628 2172 2683 licet
2196 2628 2409 2691 mentis,
2448 2628 2514 2682 ad
2558 2629 2783 2682 astutias
2811 2629 3007 2683 diaboli
3038 2632 3437 2698 prrecaveutlas.
3476 2631 3617 2685 Sub-

2038 2719 2169 2789 jecti
2196 2718 2306 2771 sitis
2333 2716 2608 2784 ejusmodi.
2657 2717 2711 2769 Id
2750 2724 2855 2781 est,
2889 2726 2947 2770 ut
2985 2718 3267 2772 consilium
3312 2736 3500 2774 eorum
3530 2736 3624 2775 vos

2049 2815 2219 2879 regat.
2250 2806 2554 2861 Laboranti.
2582 2806 2640 2860 In
2666 2806 2968 2860 ministerio
3011 2808 3428 2877 pnndicatiouis.
3473 2809 3627 2875 Quod

2050 2899 2189 2955 vobis
2234 2898 2432 2953 deerat.
2482 2897 2539 2953 Id
2587 2907 2688 2963 est,
2740 2900 2881 2969 quod
2927 2902 3059 2955 mihi
3106 2918 3137 2956 a
3167 2903 3317 2958 vobis
3357 2905 3537 2959 deerat
3562 2905 3629 2960 de

2049 2989 2388 3055 necessariis,
2446 2989 2548 3059 ipsi
2593 2989 2993 3059 suppleverunt.
3044 2989 3383 3046 Maranat/Ia.
3435 2993 3631 3064 Syrum

1975 3101 2019 3163 ρ
2051 3088 2152 3145 est,
2177 3081 2657 3149 etintcrpretatur,
2706 3080 2850 3136 Deus
2893 3089 3075 3137 noster
3104 3084 3270 3148 venit,
3308 3087 3460 3155 quasi
3504 3103 3632 3157 ergo

2054 3178 2236 3240 aperte
2263 3170 2550 3241 Apostolus
2579 3171 2783 3225 diceret
2813 3190 2825 3225 :
2856 3171 2956 3237 Qui
2988 3188 3091 3227 non
3136 3182 3283 3228 amat
3323 3175 3628 3242 Dominum,

2054 3261 2125 3316 sit
2151 3261 2401 3331 perditio,
2430 3263 2483 3315 id
2511 3270 2613 3327 est,
2648 3272 2833 3332 pereat
2861 3264 2913 3317 in
2960 3265 3191 3319 adventu
3236 3266 3465 3322 Domini.
3502 3268 3637 3324 Cha-

2056 3354 2184 3406 ritas
2210 3370 2343 3405 mea.
2377 3352 2433 3407 ld
2472 3361 2574 3417 est,
2618 3362 2678 3407 ut
2705 3354 2971 3423 quomodo
3009 3372 3108 3427 ego
3138 3373 3234 3411 vos
3271 3358 3451 3431 diligo,
3482 3361 3553 3414 ita
3582 3370 3639 3416 et

2057 3456 2152 3497 vos
2179 3443 2409 3496 invicem
2439 3442 2693 3512 diligatis.
2748 3442 2816 3497 In
2866 3441 3074 3500 Christo
3112 3445 3263 3501 Iesu.
3312 3448 3369 3502 Id
3396 3458 3497 3514 est,
3527 3466 3639 3505 non

1969 1759 2014 1817 B

2060 3533 2350 3588 secundum
2404 3532 2583 3588 saeculi
2651 3534 2990 3589 charitatem.
3049 3535 3233 3591 Amen.
3288 3537 3637 3596 Conﬁrmatio
3714 3538 3757 3575 -λ

2055 3620 2466 3678 benedictionis.

392 3839 3634 3864 W

1120 4169 1231 4249 IN
1288 4165 1873 4246 EPISTOLAM
1931 4165 2010 4243 II
2086 4164 2219 4243 AD
2276 4164 2940 4246 CORINTHIOS.

908 4404 1133 4463 CAPUT
1172 4406 1439 4463 PRIMUM

476 4496 669 4558 Paulus
694 4496 975 4567 Apostolus
998 4495 1127 4551 Iesu
1156 4495 1350 4550 Christi
1371 4513 1463 4566 per
1487 4496 1804 4551 voluntatem
1845 4496 1962 4550 Det.

401 4589 515 4644 Non
533 4589 811 4645 hominum
834 4585 1123 4640 voluntate.
1151 4584 1321 4640 Simul
1341 4594 1396 4639 et
1418 4586 1670 4649 ostendit,
1703 4600 1806 4640 non
1852 4586 1969 4640 sine

406 4678 576 4733 Patris
605 4677 884 4732 voluntate
926 4690 984 4730 se
1027 4675 1249 4729 missum
1287 4689 1318 4727 a
1369 4672 1606 4737 Christo,
1652 4680 1749 4727 ut:
1799 4674 1967 4727 Nemo

406 4768 532 4821 venit
557 4767 627 4821 ad
651 4782 756 4830 me,
787 4764 891 4819 nisi
930 4763 1092 4818 Pater
1133 4763 1351 4817 traxerit
1386 4778 1523 4815 eum.
1573 4761 1822 4816 Ecclesiae
1852 4762 1966 4816 Dei.

409 4858 687 4930 Signanter
723 4859 863 4915 dixit
900 4856 1019 4922 Dei,
1056 4857 1181 4925 quia
1208 4863 1290 4911 est
1334 4855 1570 4909 Ecclesia
1607 4869 1727 4922 qum
1756 4867 1863 4907 non
1888 4858 1974 4906 est

409 4949 524 5013 Dei,
562 4950 617 5004 id
658 4957 765 5013 est,
819 4948 1195 5003 bareticorum
1242 4956 1298 5001 et
1323 4945 1752 5014 malignantium.
1809 4943 1974 4997 Pater

412 5038 904 5092 uisericordiarum.
940 5037 997 5092 Id
1023 5045 1126 5102 est,
1167 5053 1200 5092 a
1227 5052 1334 5107 quo
1357 5046 1440 5092 est
1465 5035 1641 5090 omnis
1669 5034 1976 5089 misericor-

413 5125 516 5181 dia.
561 5127 757 5183 Multas
784 5127 918 5183 dicit
957 5135 1134 5182 autem
1181 5125 1596 5189 misericordias,
1639 5125 1765 5192 quia
1795 5123 1975 5179 multa!

413 5224 535 5269 sunt
553 5217 804 5271 humanae
849 5214 1100 5269 miseriae.
1148 5213 1252 5269 Sed
1297 5214 1674 5283 requirendum
1717 5227 1885 5281 quare
1909 5212 1977 5267 de

414 5302 777 5361 misericordia
806 5314 865 5359 et
884 5302 1252 5359 consolatione
1275 5303 1329 5357 in
1359 5304 1548 5373 primis
1571 5302 1723 5367 dicit,
1746 5303 1875 5372 quia
1912 5303 1978 5358 de

411 5393 775 5451 misericordia
799 5405 857 5452 et
881 5393 1248 5451 consolatione
1290 5408 1474 5449 eorum
1516 5394 1657 5449 hanc
1684 5393 1977 5462 Epistulam

412 5484 639 5555 scripsit.
667 5485 853 5542 Totius
870 5483 1260 5539 consolationis.
1288 5483 1547 5539 Pes-iectas
1564 5483 1975 5538 consolationis:

412 5592 534 5630 nam
560 5578 725 5634 homo
749 5594 818 5634 ex
845 5585 1000 5647 parte
1021 5576 1352 5633 consolatur.
1400 5573 1466 5628 Ut
1488 5576 1746 5645 possimus
1778 5586 1828 5628 et
1856 5576 1977 5644 ipsi.

413 5666 700 5739 Propterea
723 5671 1065 5726 consolamur
1090 5677 1147 5726 et
1186 5669 1498 5733 liberamur,
1528 5679 1588 5722 ut
1625 5678 1679 5724 et
1723 5684 1820 5724 nos
1848 5669 1982 5724 alios

1990 4386 2045 4466 Ϊ)
2070 4406 2337 4462 consolari
2363 4413 2419 4460 et
2456 4406 2522 4459 de
2562 4404 2779 4459 tristitia
2818 4403 3047 4460 liberare
3091 4407 3377 4476 possimus.
3426 4410 3528 4465 Ant
3568 4411 3641 4465 ita

2067 4498 2294 4553 formam
2323 4497 2416 4550 dat
2456 4496 2612 4551 nobis
2656 4495 2789 4549 alios
2817 4496 3146 4551 consolandi.
3198 4496 3303 4551 Per
3329 4499 3644 4554 exhortatio-

2067 4604 2203 4642 nem.
2253 4586 2367 4653 Qua
2397 4587 2495 4654 ipsi
2523 4602 2551 4639 a
2604 4585 2830 4641 Domino
2872 4586 3211 4641 consolamur
3250 4607 3264 4643 :
3305 4590 3645 4657 agnoscimus

2068 4678 2210 4745 quod
2257 4677 2399 4730 Deus
2448 4676 2752 4729 timentium
2797 4691 2855 4731 se
2897 4678 3166 4731 neminem
3201 4678 3556 4747 derelinquat,
3587 4687 3643 4733 et

2069 4769 2237 4823 multo
2278 4767 2451 4837 magis
2488 4767 2541 4820 in
2596 4766 2777 4821 futuro
2827 4777 3153 4833 remaneret,
3192 4770 3405 4837 quando
3450 4786 3547 4823 nos
3590 4771 3643 4825 in

2069 4857 2321 4927 priesenti
2346 4857 2505 4910 etiam
2528 4871 2631 4909 non
2659 4856 2876 4911 deserit.
2903 4857 3146 4910 Abundat
3174 4859 3329 4911 etiam
3360 4859 3646 4913 consolatio

2072 4958 2271 5001 nostra.
2298 4947 2369 5002 Ut
2392 4965 2405 4999 :
2438 4946 2694 5000 Dominus
2717 4946 2998 5013 morti/ient
3022 4957 3068 5000 et
3092 4947 3335 5015 m'iﬁcat.
3366 4947 3429 5003 Ut
3457 4947 3649 5003 Petrus

2073 5038 2140 5093 de
2165 5051 2383 5093 carcere
2414 5036 2691 5098 liberatus,
2721 5044 2785 5091 ut
2830 5037 2943 5105 ipse
2986 5035 3181 5090 Paulus
3210 5037 3262 5091 in
3309 5038 3515 5095 visione
3547 5040 3652 5093 Do-

2074 5131 2203 5184 mini
2233 5144 2366 5184 voce
2389 5126 2741 5183 confirmatus
2776 5127 2829 5179 in
2861 5125 3079 5195 templo.
3117 5123 3224 5181 Pro
3253 5139 3422 5183 vestra
3464 5130 3651 5183 ear/tor-

2075 5222 2287 5275 tatione.
2312 5219 2448 5286 Quia
2468 5232 2565 5272 vos
2583 5218 2650 5270 ad
2676 5217 2901 5271 salutem
2925 5215 3207 5271 hortamur
3233 5236 3245 5271 :
3276 5219 3391 5273 sive
3415 5225 3473 5272 ut
3497 5219 3653 5273 nobis

2076 5310 2379 5380 exemplum
2408 5307 2703 5363 tolerantia:
2738 5307 3094 5377 prtebeamus.
3132 5309 3253 5364 Sive
3293 5309 3650 5363 exhortamur.
3678 5342 3683 5347 τ

2077 5398 2201 5454 Ideo
2243 5398 2555 5461 liberamur,
2583 5403 2646 5449 ut
2687 5396 2800 5465 ipsa
2829 5410 2887 5451 re
2914 5398 3305 5453 conﬁt-memini
3347 5413 3451 5452 non
3481 5399 3651 5467 perti-

2078 5501 2320 5542 mescere
2344 5485 2732 5548 tribulationes,
2755 5486 2869 5541 sive
2893 5494 2954 5540 ut
2976 5502 3072 5541 vos
3096 5489 3374 5542 hortemur
3392 5490 3656 5558 [Μῖνι-ἴλη*

2082 5576 2223 5632 ferre
2249 5576 2360 5639 illa,
2388 5588 2508 5644 quae
2530 5582 2587 5631 et
2610 5582 2927 5645 prmsentem
2969 5577 3387 5633 consolationem
3415 5579 3656 5632 obtinent

2083 5677 2136 5722 et
2175 5666 2429 5722 futuram.
2474 5666 2597 5721 Non
2642 5667 2779 5720 enim
2817 5666 3051 5723 volumus
3079 5670 3321 5736 ignorare
3366 5687 3474 5725 vos.
3512 5669 3657 5725 Sua:
