3982 6198
306 282 406 337 165

1685 266 1955 327 SEDULll
1996 266 2188 325 SCOTl

3456 269 3553 323 {iit

303 400 581 469 passiones
602 402 807 461 narrat,
833 402 895 449 ut
922 393 996 448 illi
1018 407 1075 447 se
1101 394 1167 446 ad
1191 390 1400 445 illarum
1422 387 1876 456 comparationem
1904 387 1954 447 Α
1980 384 2048 439 ab
2077 383 2168 437 illo
2195 382 2447 437 discimus
2482 390 2542 437 ut
2566 397 2669 437 non
2714 382 3075 449 mentiamur;
3128 384 3270 438 sicut
3296 382 3439 437 enim
3470 381 3557 436 ille

244 486 250 493 ’
302 509 467 560 parva
492 492 604 562 pati
628 493 972 560 cognoscant.
1021 484 1239 539 Onerati
1267 500 1467 537 sumus.
1500 480 1618 549 Ipso
1642 480 1878 549 pondere

303 582 631 651 passionum.
684 575 856 646 Supra
901 577 1052 628 vires.
1099 573 1215 627 Nisi
1259 573 1515 627 Dominus
1555 569 1875 638 adjuvasset.

307 670 374 723 Ut
400 669 608 723 ttederet
634 680 727 718 nos
752 665 908 716 etiam
944 662 1127 717 vivere.
1153 661 1210 715 Id
1230 669 1335 726 est,
1362 669 1422 715 ut
1446 660 1581 715 mori
1607 657 1753 712 omni
1782 656 1876 710 de-

291 760 503 814 siderio
532 768 869 824 cuperemus.
899 751 1223 822 Responsum
1244 751 1426 805 mortis
1449 749 1744 810 habuimus,
1769 752 1874 799 etc.

300 848 362 900 ld
390 853 492 908 est,
538 844 652 911 ipsa
691 857 837 896 mors
862 841 1044 896 docuit
1084 856 1182 895 nos
1209 854 1367 894 omne
1397 839 1685 892 humanum
1722 833 1878 887 auxi-

301 936 432 989 lium
462 933 741 996 defecisse,
767 940 821 985 et
846 931 913 984 ab
941 929 1030 984 illo
1070 929 1389 998 sperandum
1433 940 1554 981 esse
1584 923 1881 979 remedium

303 1026 388 1079 cui
410 1025 571 1079 etiam
597 1022 857 1077 suscitare
877 1019 1131 1090 possibile
1153 1025 1253 1072 εει.
1275 1017 1463 1080 Aliter,
1480 1022 1709 1069 mortem
1726 1012 1880 1081 quasi

304 1122 429 1168 ante
472 1112 655 1166 oculos
683 1112 963 1165 haberese
1009 1108 1162 1172 dicit,
1205 1107 1431 1174 denique
1478 1103 1615 1173 eripi
1660 1101 1727 1156 de
1765 1100 1880 1170 ipsa

301 1217 577 1272 pressura,
594 1200 969 1256 resnscitatum
985 1212 1043 1251 se
1058 1195 1274 1250 asserit:
1293 1200 1541 1248 autcerte
1556 1189 1882 1245 minantibus

305 1293 385 1347 eis
412 1299 662 1353 mortem,
684 1303 998 1359 responsum
1027 1287 1218 1340 mortis
1256 1285 1574 1338 habuerunt.
1598 1280 1667 1333 Et
1709 1280 1881 1333 adhuc

309 1384 509 1453 eripiet.
541 1383 653 1437 Scit
678 1398 736 1436 se
761 1380 926 1435 multa
952 1391 1253 1448 passurum,
1287 1375 1378 1443 qui
1426 1380 1607 1441 sperat
1632 1386 1690 1425 se
1715 1371 1879 1424 etiam

303 1472 660 1527 liberandum.
692 1468 1073 1537 Adjuvantibus
1109 1467 1266 1518 etiam
1294 1463 1431 1516 vobis
1456 1478 1547 1531 per
1572 1462 1877 1514 orationem.

310 1563 528 1616 Multum
559 1562 702 1614 valet
726 1560 899 1613 oratio
925 1556 1197 1619 Ecclesim,
1227 1570 1345 1623 quae
1372 1554 1534 1607 etiam
1567 1551 1783 1606 Petrum
1816 1552 1881 1605 de

305 1668 523 1707 carcere
546 1650 813 1705 liberavit.
849 1645 913 1701 Ut
938 1664 1002 1701 ea:
1038 1645 1319 1698 multarunt
1347 1642 1579 1714 personis
1603 1642 1876 1711 fucierum,

308 1746 422 1814 ejus
449 1742 587 1812 quod
616 1742 667 1793 in
693 1740 837 1793 nobis
868 1748 939 1793 est
968 1736 1265 1790 donationis
1304 1750 1395 1804 per
1417 1732 1602 1787 multos
1621 1748 1714 1801 pro
1739 1731 1884 1785 nobis
1911 1720 1958 1779 Β

309 1835 495 1903 gratia:
525 1832 838 1900 referantur.
884 1827 995 1883 Hoc
1022 1826 1153 1880 dicit
1178 1840 1383 1885 sensus,
1418 1831 1478 1876 ut
1500 1838 1567 1875 ex
1593 1820 1884 1875 multorum

305 1934 568 1981 conventu
596 1937 694 1992 pro
721 1936 785 1975 eo
814 1921 954 1988 quod
984 1918 1133 1971 vobis
1178 1915 1463 1977 donantur,
1503 1912 1731 1966 Domino
1753 1927 1880 1982 gra—

307 2018 395 2071 tiae
426 2014 744 2070 referantur.
776 2012 947 2066 Aliter
986 2026 1078 2079 per
1103 2007 1315 2070 multos,
1360 2006 1451 2074 qui
1481 2012 1607 2059 sunt
1647 2003 1764 2072 ejus
1790 2004 1884 2057 do—

308 2105 540 2161 nationis
565 2112 620 2157 et
647 2102 829 2172 gratiae
854 2099 1165 2171 participes,
1197 2112 1316 2167 qua:
1344 2097 1396 2150 in
1428 2095 1582 2150 nobis
1606 2103 1709 2148 est.
1742 2093 1883 2147 Nam

315 2195 485 2266 gloria
515 2204 693 2247 nostra
720 2192 831 2245 Iure
869 2199 964 2243 est.
1008 2190 1131 2243 Ideo
1161 2189 1214 2241 in
1244 2186 1374 2256 ipsis
1410 2184 1745 2254 passionibus
1768 2183 1883 2253 glo-

306 2290 529 2346 riamur.
559 2286 684 2354 quia
721 2282 1047 2339 conscientia
1086 2289 1272 2334 nostra
1307 2278 1526 2332 minime
1555 2292 1653 2331 nos
1699 2291 1881 2345 repre-

306 2378 510 2441 hendit,
537 2376 678 2445 quod
705 2388 804 2428 nec
848 2371 1155 2441 temporalis
1184 2369 1386 2439 gloriae,
1426 2367 1509 2421 vel
1558 2366 1691 2420 lucri
1721 2380 1883 2420 causa

307 2471 501 2525 dooere
528 2467 823 2522 videamur.
870 2462 937 2515 In
979 2459 1326 2531 simplicitate.
1360 2457 1477 2512 Non
1505 2456 1648 2510 aliud
1677 2470 1773 2510 ore
1806 2454 1885 2509 di-

309 2566 516 2623 centes,
543 2566 597 2611 et
620 2555 763 2609 aliud
792 2553 953 2607 corde
983 2551 1294 2604 retinentes.
1323 2546 1683 2600 Abundantius
1711 2553 1882 2598 autem

312 2650 382 2704 ad
406 2666 510 2704 eos.
543 2648 601 2702 Id
629 2655 734 2712 est,
762 2646 887 2700 dum
916 2642 1222 2697 necessaria
1258 2639 1325 2694 ab
1350 2639 1470 2693 aliis
1511 2638 1821 2707 accipimus,
1852 2650 1884 2688 a

306 2745 459 2800 vobis
484 2752 663 2798 autem
691 2739 845 2795 nihil.
881 2738 1002 2791 Non
1036 2737 1169 2790 enim
1217 2733 1323 2787 alia
1349 2730 1669 2800 scripsimus.
1701 2726 1758 2779 In
1784 2725 1885 2778 hoc

304 2842 529 2906 apparet
554 2833 676 2901 quia
713 2845 818 2884 non
846 2830 898 2882 in
929 2826 1130 2882 carnali
1157 2822 1442 2894 sapientia,
1478 2819 1572 2874 sed
1600 2818 1655 2872 in
1677 2814 1885 2884 simpli-

307 2904 470 2980 citate
497 2931 552 2977 et
586 2920 896 2976 sinceritate
924 2926 980 2973 et
1020 2916 1192 2985 gratia
1238 2913 1333 2966 Dei
1379 2908 1665 2979 praedicavi
1710 2904 1879 2967 vobis,

307 3015 435 3070 dum
463 3027 568 3066 non
597 3010 740 3064 aliud
770 3008 974 3078 legistis
1000 3007 1055 3060 in
1091 3005 1368 3073 Scriptura
1397 3014 1578 3062 sacra;
1622 2997 1713 3068 qui
1740 2996 1882 3050 enim

312 3103 476 3157 habet
510 3099 779 3155 carnalem
809 3096 1124 3166 sapientiam
1156 3099 1451 3148 commutat
1505 3089 1647 3157 quod
1697 3101 1883 3141 verum
1912 3066 1956 3127 (ἶ

309 3202 414 3260 εει,
462 3206 622 3247 causa
676 3188 922 3260 placendi
975 3185 1281 3240 hominibus
1323 3190 1379 3237 et
1429 3178 1757 3249 cupiditatis.
1800 3175 1887 3229 Ea:

305 3294 473 3353 parte.
501 3279 651 3346 Quod
678 3277 921 3347 quaedam
947 3290 1073 3344 pars
1099 3288 1167 3327 ex
1197 3272 1348 3326 vobis
1372 3270 1621 3339 intelligit
1642 3275 1886 3322 nostram

306 3373 608 3428 doctrinam
637 3378 693 3425 et
738 3367 1148 3438 simplicitatem,
1188 3364 1301 3419 sive
1343 3364 1484 3434 quod
1528 3362 1692 3416 etiam
1744 3371 1887 3413 nunc

307 3461 459 3516 multi
492 3466 731 3514 vestrum
769 3456 974 3523 integre
1002 3460 1058 3507 et
1090 3451 1325 3521 perfecte
1354 3466 1460 3504 non
1508 3449 1740 3518 sapiunt,
1793 3450 1886 3504 sed

307 3567 370 3605 ex
402 3558 577 3619 parte.
619 3545 797 3600 Gloria
821 3554 989 3598 vestra
1017 3558 1215 3596 sumus.
1264 3539 1356 3594 Sic
1384 3538 1686 3610 gloriantur
1716 3538 1882 3592 disci-

309 3641 420 3710 puli
447 3641 513 3695 de
540 3640 679 3693 bono
702 3635 978 3705 magistro,
1004 3630 1268 3700 quomodo
1299 3637 1353 3682 et
1374 3627 1628 3697 magister
1648 3627 1703 3680 in
1731 3626 1885 3680 bonis

308 3726 583 3796 discipulis
634 3723 913 3794 gloriatur.
969 3719 1122 3775 Unde
1180 3717 1432 3773 Salomon
1481 3716 1648 3771 dicit:
1704 3713 1885 3769 Gloria

310 3828 493 3868 senum
519 3813 617 3881 ﬁlii
646 3811 900 3880 filiorum,
946 3817 993 3862 et
1035 3806 1201 3877 gloria
1225 3805 1456 3873 filiorum
1481 3813 1652 3874 patres
1679 3818 1879 3857 eorum.

307 3904 375 3958 In
397 3905 482 3957 die
506 3901 739 3955 Domini.
771 3900 995 3965 Quando
1014 3904 1075 3951 et
1093 3895 1206 3950 veri
1235 3895 1473 3964 magistri
1496 3901 1550 3947 et
1578 3893 1701 3947 boni
1725 3892 1886 3946 disci-

308 3995 417 4066 puli
466 3992 852 4063 probabuntur.
911 3989 983 4041 Et
1024 3988 1121 4040 liae
1165 3985 1499 4051 conﬁdentia.
1540 3983 1674 4049 Quia
1714 3982 1881 4053 gloria

309 4093 490 4140 vestra
511 4096 717 4137 sumus.
748 4077 816 4131 Ut
855 4074 1134 4130 secundum
1178 4073 1402 4142 gratiam
1430 4071 1706 4124 haberetis.
1744 4070 1881 4136 Quia

308 4178 547 4247 priorem
588 4173 643 4227 in
689 4170 869 4240 priore
911 4179 1032 4221 meo
1068 4162 1330 4219 habuistis
1378 4161 1633 4224 adventu,
1665 4161 1778 4216 sive
1821 4169 1881 4215 ut

307 4264 599 4321 secundam
629 4260 858 4331 gratiam
885 4255 1183 4328 praesentia:
1226 4267 1375 4307 meat
1399 4260 1519 4322 post
1545 4251 1754 4307 litteras
1785 4253 1881 4307 ba-

307 4353 500 4416 beatis,
550 4360 642 4405 aut
694 4348 879 4420 gratia:
934 4343 1305 4417 paenitentiam
1360 4348 1480 4410 post
1532 4340 1873 4411 baptismum.

311 4442 563 4515 Nunquid
593 4441 795 4496 levitate
849 4454 975 4492 usus
1017 4435 1179 4489 sum?
1222 4434 1357 4499 Quia
1404 4432 1726 4501 promissum
1772 4448 1879 4487 non

308 4537 645 4607 impleverat,
675 4546 745 4585 ne
780 4527 1013 4585 levitatis
1041 4533 1320 4594 putaretur
1359 4532 1601 4578 excusat.
1626 4521 1729 4576 Aut
1765 4539 1881 4593 qua:

301 4630 478 4699 cogito
519 4622 805 4680 secundum
834 4634 1040 4674 carnem
1074 4615 1289 4685 cogito?
1335 4612 1641 4669 Secundum
1684 4628 1880 4668 carna-

307 4720 412 4775 lem
440 4717 644 4773 scilicet
671 4713 998 4769 voluntatem
1023 4726 1037 4765 :
1065 4707 1281 4763 carnale
1304 4715 1386 4763 est
1412 4708 1555 4761 enim
1593 4704 1737 4761 nulla
1766 4721 1883 4761 ma-

301 4810 422 4879 jore
449 4823 612 4864 causa
650 4805 935 4867 existente,
981 4815 1087 4854 non
1116 4798 1295 4853 facere
1339 4797 1481 4867 quod
1528 4798 1879 4868 promittitur,

216 4922 232 4939 ε
308 4900 447 4954 sicut
473 4897 626 4952 multi
668 4892 914 4955 carnales
950 4890 1197 4946 homines
1236 4888 1413 4943 facere
1460 4887 1650 4942 solent.
1708 4885 1774 4941 Ut
1811 4889 1878 4941 sit

307 4987 447 5057 apud
475 5003 553 5039 me
580 4994 653 5040 est
679 4993 728 5039 et
759 4998 881 5038 non.
911 4981 1047 5049 Quia
1072 4979 1165 5048 qui
1207 4975 1496 5032 secundum
1524 4991 1743 5029 carnem
1783 4992 1877 5030 co-

307 5077 462 5147 gitat,
485 5075 544 5128 ﬁt
568 5075 708 5143 apud
733 5074 879 5128 illum
903 5082 976 5126 est
1002 5081 1049 5126 et
1073 5086 1197 5135 non,
1224 5069 1279 5123 id
1305 5077 1407 5133 est,
1436 5082 1619 5122 verum
1651 5076 1704 5121 et
1724 5082 1876 5122 men-

307 5166 539 5220 dacium.
586 5164 830 5219 Carnalis
876 5163 1022 5218 enim
1064 5176 1186 5217 cum
1231 5160 1431 5230 aliquid
1457 5159 1726 5228 proponit,
1754 5159 1801 5213 si
1826 5160 1876 5214 ei

308 5255 453 5310 aliud
495 5253 696 5324 aliquid
745 5254 1113 5321 supervenerit
1162 5251 1305 5321 quod
1358 5250 1531 5320 magis
1580 5251 1877 5307 commodis

308 5345 490 5400 carnis
536 5344 799 5417 proderit,
834 5357 932 5397 suo
980 5343 1254 5410 proposito
1295 5356 1400 5396 non
1451 5342 1872 5411 constringitur:

311 5451 418 5491 non
444 5437 523 5491 sic
544 5438 634 5505 qui
665 5433 1016 5505 spiritualiter
1064 5433 1282 5502 cogitat.
1332 5432 1427 5486 Est
1467 5441 1647 5488 autem
1679 5443 1726 5487 et
1776 5450 1878 5487 non

309 5525 525 5591 dicitur,
573 5526 786 5593 quando
836 5525 978 5595 quod
1022 5522 1330 5595 spondendo
1377 5523 1729 5591 promittitur,
1773 5538 1878 5578 non

312 5614 580 5691 implendo
610 5613 919 5682 denegatur.
950 5614 1046 5668 Dei
1068 5616 1204 5668 enim
1230 5610 1422 5667 Filius.
1459 5613 1536 5668 Ac
1558 5614 1602 5669 si
1633 5614 1836 5669 diceret
1862 5633 1876 5668 :

1982 488 2088 527 non
2134 473 2413 538 mentitur,
2462 473 2541 527 sic
2579 488 2677 528 nos
2719 475 2962 527 membra
3012 475 3147 544 ejus.
3198 474 3321 529 Non
3360 474 3459 544 fuit
3502 475 3559 527 in

1979 560 2072 615 illo
2094 570 2167 615 est
2189 572 2235 615 et
2257 578 2381 615 non.
2410 561 2469 616 Si
2496 563 2550 616 in
2572 561 2792 617 Christo
2816 579 2921 618 non
2945 564 3048 620 fuit
3070 574 3146 619 est
3172 574 3221 619 et
3245 581 3368 632 non,
3392 581 3561 636 quare

1979 666 2102 705 cum
2132 652 2468 721 promisisset
2505 667 2564 707 se
2605 653 2684 707 ire
2713 654 2779 708 ad
2814 655 3147 709 centurionis
3175 670 3423 724 puerum,
3451 671 3561 711 non

1978 742 2259 811 perrexit?
2288 741 2382 796 sed
2409 741 2581 796 adfuit
2603 745 2868 813 spirituali
2904 746 3098 817 gratia,
3125 747 3214 816 qui
3260 763 3367 803 non
3390 747 3563 803 adfuit

1981 832 2247 901 corporali
2284 834 2568 902 prtesentia
2600 852 2613 887 :
2654 836 2797 905 quod
2819 837 2982 891 etiam
3022 838 3089 893 de
3126 836 3292 892 Paulo
3316 839 3564 894 similiter

1980 923 2160 977 dicere
2197 938 2502 992 possumus.
2552 924 2655 980 Sed
2698 937 2772 981 est
2809 929 2865 980 in
2902 928 2994 982 illo
3024 929 3142 998 fuit.
3174 928 3287 984 Hoc
3327 937 3429 996 est,
3481 930 3566 984 in-

1978 1014 2376 1069 commutabilis
2423 1015 2646 1069 veritas.
2697 1014 2851 1071 Sicut
2896 1016 3024 1072 illud
3080 1018 3288 1089 Moysi:
3336 1019 3425 1089 qui
3461 1029 3560 1081 est,

1980 1107 2122 1160 misit
2177 1123 2277 1161 me.
2335 1106 2429 1161 Ille
2480 1108 2625 1162 enim
2673 1123 2808 1163 vere
2843 1116 2964 1175 est,
3010 1110 3103 1180 qui
3151 1125 3365 1180 semper
3416 1110 3560 1164 idem

1979 1205 2081 1252 est.
2149 1196 2410 1268 Quotquot
2471 1199 2611 1252 enim
2670 1201 3059 1269 promissiones.
3101 1239 3116 1253 .
3159 1239 3173 1253 .
3219 1238 3232 1252 .
3279 1238 3293 1253 .
3349 1199 3405 1253 in
3466 1198 3561 1252 illo

1978 1296 2075 1342 est.
2136 1287 2269 1354 Quia
2330 1304 2428 1358 per
2482 1287 2629 1343 illum
2684 1290 2915 1359 impletas
2968 1299 3112 1345 sunt.
3178 1291 3308 1345 Ideo
3365 1301 3413 1345 et
3469 1309 3563 1362 per

1978 1376 2147 1432 illum.
2175 1377 2444 1432 Christum
2478 1395 2490 1428 :
2520 1392 2644 1433 nam
2672 1395 2769 1449 per
2811 1381 2982 1449 ipsum
3009 1381 3347 1436 incarnatum
3372 1397 3565 1437 omnes

1982 1466 2330 1536 figurationes
2356 1467 2509 1537 legis,
2540 1477 2596 1521 et
2622 1469 3002 1538 promissiones
3041 1471 3134 1526 Dei
3184 1487 3320 1525 verte
3347 1480 3477 1525 sunt
3502 1484 3562 1527 et

1980 1557 2235 1626 impleta:
2284 1558 2467 1613 Amen.
2508 1558 2724 1624 Verum,
2754 1560 2837 1615 vel
2869 1569 2953 1614 est
2993 1578 3163 1626 amen,
3208 1563 3262 1616 id
3289 1571 3387 1625 est,
3417 1562 3563 1617 veri—

1985 1646 2111 1699 tatis
2151 1646 2407 1715 impletio.
2458 1649 2539 1701 Ad
2581 1648 2822 1717 gloriam.
2868 1648 2973 1704 Per
2996 1665 3111 1704 nos.
3145 1649 3331 1706 Omnis
3360 1652 3562 1707 veritas

1983 1737 2356 1805 promissionis
2397 1738 2573 1793 Patris
2611 1740 2665 1792 in
2709 1737 2923 1796 Christo
2962 1749 3067 1806 est,
3095 1757 3213 1811 quze
3247 1758 3343 1812 per
3371 1759 3468 1798 nos
3490 1744 3557 1797 ad

1985 1828 2081 1881 Dei
2128 1828 2353 1897 gloriam
2390 1828 2731 1898 praedicatur.
2781 1829 2884 1895 Qui
2921 1832 3195 1900 conﬁrmat
3235 1851 3346 1887 nos.
3396 1834 3473 1890 Ae
3512 1836 3559 1890 si

1985 1918 2224 1972 diceret:
2258 1917 2372 1973 Non
2404 1933 2688 1987 possumus
2715 1921 2793 1975 ire
2824 1921 2889 1978 ad
2931 1937 3028 1977 vos
3055 1931 3109 1978 et
3145 1923 3438 1992 praedicare
3463 1940 3561 1979 vo—

1985 2011 2089 2076 bis,
2116 2011 2221 2065 nisi
2248 2013 2460 2081 quando
2490 2010 2745 2068 Dominus
2773 2013 3021 2068 voluerit.
3050 2014 3116 2068 Et
3151 2015 3269 2069 idco
3296 2031 3403 2070 non
3426 2015 3561 2070 levi-

1984 2102 2097 2157 tate
2120 2116 2249 2156 usus
2274 2118 2392 2156 sum
2440 2117 2548 2157 non
2576 2104 2839 2159 veniendo
2883 2104 2949 2158 ad
2975 2120 3089 2159 vos.
3140 2103 3209 2158 Et
3251 2105 3340 2175 qui
3386 2108 3555 2160 unxit.

1987 2191 2190 2262 Spiritu
2247 2199 2451 2248 sancto.
2506 2192 2576 2245 Et
2629 2194 2719 2265 qui
2774 2194 3014 2263 signavit.
3072 2192 3235 2265 Signo
3285 2190 3462 2252 crucis
3506 2198 3561 2251 in

1985 2281 2199 2337 fronte:
2248 2283 2376 2336 illud
2415 2288 2607 2336 autem
2637 2283 2900 2353 signatur,
2943 2286 3083 2352 quod
3127 2283 3328 2354 aliquid
3371 2287 3563 2340 intrii:-

1986 2387 2142 2426 secus
2165 2373 2403 2427 continet
2424 2373 2760 2441 pretiosum;
2794 2372 2933 2428 unde
2971 2374 3277 2446 subjungit:
3319 2377 3389 2430 Et
3418 2378 3561 2432 dedit

1984 2462 2171 2531 pignus
2204 2460 2431 2531 Spiritus
2459 2463 2514 2513 in
2537 2460 2777 2514 cordibus
2799 2463 3008 2515 nostris.
3037 2462 3149 2532 Ego
3178 2474 3350 2518 autem
3382 2476 3563 2520 testem

1987 2548 2154 2603 Deum
2184 2551 2383 2603 invoco.
2432 2550 2625 2605 Reddit
2652 2565 2866 2604 causam
2899 2567 3003 2605 non
3025 2552 3235 2626 impleti
3285 2556 3562 2623 promissi,

1988 2639 2090 2693 hoc
2118 2648 2224 2704 est,
2277 2654 2381 2693 non
2439 2655 2548 2694 sua:
2591 2638 2817 2704 levitati,
2866 2641 2961 2695 sed
3008 2640 3218 2696 illorum
3259 2645 3560 2699 inﬁrmitati

1989 2729 2185 2784 asserit
2230 2729 2618 2799 deputandum.
2679 2729 2911 2784 Parcens
2963 2732 3122 2785 vobis.
3174 2732 3251 2786 Ne
3299 2734 3350 2787 in
3407 2736 3564 2789 vobis

1988 2822 2170 2875 acrius
2191 2821 2545 2875 vindicarem.
2577 2821 2700 2875 Non
2732 2823 2841 2875 veni
2882 2821 3042 2876 ultra.
3069 2824 3112 2876 Α
3151 2824 3477 2891 Macedonia,
3509 2828 3564 2880 in

1987 2930 2093 2984 qua
2119 2915 2336 2983 scripsit
2362 2915 2501 2967 hanc
2531 2914 2841 2983 Epistolam.
2867 2915 2934 2969 Et
2963 2916 3041 2971 sic
3079 2916 3426 2986 disponendo,
3460 2935 3566 2973 non

1987 3007 2099 3061 veni
2121 3005 2426 3060 Corinthum
2461 3006 2620 3059 ultra.
2671 3007 2808 3077 Ergo
2848 3008 2926 3062 ire
2953 3008 3178 3074 distulit,
3214 3017 3275 3063 ut
3304 3017 3433 3065 tunc
3459 3010 3566 3065 iret

1987 3096 2203 3165 quando
2222 3097 2615 3150 emendatiores
2633 3104 2830 3152 essent.
2850 3096 2991 3151 Nam
3011 3098 3115 3166 ﬁde
3129 3101 3298 3153 statis.
3316 3099 3438 3155 Ideo
3456 3117 3562 3155 non

1986 3184 2329 3238 dominamur
2343 3192 2539 3239 vestra:
2558 3184 2700 3251 fidei,
2718 3187 2811 3240 sed
2831 3185 3105 3253 adjutores
3127 3197 3335 3243 tantum
3352 3204 3560 3245 sumus.

2616 3275 2841 3331 CAPUT
2865 3276 2928 3331 ll.

2056 3363 2116 3420 Si
2142 3367 2278 3420 enim
2301 3382 2391 3436 ego
2416 3368 2663 3420 contristo
2702 3383 2805 3420 vos.
2841 3368 3056 3423 Duriter
3099 3368 3421 3440 increpando
3444 3384 3563 3425 vos.

1986 3456 2093 3512 Sed
2118 3467 2404 3527 propterea
2430 3458 2532 3512 hoc
2556 3456 2713 3522 facio,
2738 3465 2799 3511 ut
2820 3438 3024 3527 possim
3048 3438 3279 3530 gaudere
3301 3460 3367 3515 de
3390 3459 3563 3515 vobis.

1984 3545 2053 3600 Et
2079 3546 2192 3616 quis
2227 3555 2303 3600 est
2340 3548 2429 3617 qui
2472 3562 2553 3599 me
2601 3545 2826 3615 lwtiﬁcet
2854 3549 2878 3599 ?
2904 3547 3090 3601 Nullus
3131 3556 3233 3613 est,
3279 3549 3382 3603 nisi
3430 3565 3569 3620 quos

1982 3638 2287 3691 contristo:
2328 3644 2385 3691 et
2425 3645 2553 3691 tunc
2591 3652 2677 3691 me
2713 3637 2896 3691 ltetum
2939 3636 3171 3701 facietis,
3218 3637 3265 3691 si
3309 3639 3571 3693 emenda-

1984 3727 2173 3781 veritis
2204 3742 2268 3782 ea
2291 3742 2391 3797 pro
2431 3727 2625 3796 quibus
2668 3727 2930 3781 contristo
2968 3741 3083 3781 vos.
3116 3726 3234 3781 Nisi
3258 3728 3347 3797 qui
3369 3730 3567 3781 contri-
3666 3744 3673 3747 '

1982 3826 2155 3870 statur
2187 3833 2251 3870 ea:
2271 3817 2396 3870 me?
2423 3814 2480 3869 Si
2510 3816 2654 3869 enim
2683 3815 3054 3880 contristatur,
3084 3815 3338 3886 intelligit
3359 3830 3417 3870 se
3447 3831 3568 3886 pcc-
3594 3828 3603 3833 ‘

1984 3922 2164 3972 casse;
2195 3908 2273 3961 sic
2299 3921 2444 3977 aeger
2467 3907 2561 3976 qui
2595 3907 2837 3960 dolorem
2882 3906 3045 3960 sentit
3086 3914 3264 3976 potest
3288 3907 3566 3975 percipere

1982 3996 2289 4057 sanitatem,
2324 4004 2377 4049 et
2406 3993 2474 4047 ad
2512 3995 2706 4049 medici
2752 3994 2994 4048 laetitiam
3037 3994 3326 4063 pertinere.
3373 3993 3566 4046 Tristi-

1981 4087 2132 4140 tiam.
2183 4084 2302 4139 Non
2344 4082 2661 4139 emendandi
2710 4098 2826 4136 vos.
2888 4081 3059 4151 Super
3103 4082 3385 4137 tristitiam.
3433 4080 3568 4137 Meae

1980 4189 2248 4245 pressura!
2271 4173 2325 4226 in
2348 4171 2496 4226 Asia.
2526 4169 2820 4238 Conﬁdens.
2849 4169 3073 4224 Contido
3092 4171 3237 4240 quod
3264 4186 3349 4226 me
3374 4170 3558 4226 taliter

1982 4266 2219 4336 diligitis,
2246 4272 2308 4318 ut
2354 4277 2531 4317 meum
2577 4261 2831 4333 gaudium
2875 4270 3118 4316 vestrum
3164 4276 3287 4317 esse
3330 4261 3565 4317 ducatis.

1983 4356 2089 4411 Per
2115 4356 2306 4410 multas
2341 4354 2618 4423 lat‘rymus.
2666 4352 2828 4407 Flens
2852 4361 3035 4407 vestra
3070 4360 3315 4423 peccata.
3362 4352 3564 4422 Siquis

1982 4447 2323 4500 contristabit.
2356 4443 2548 4509 Filius,
2579 4443 2671 4511 qui
2694 4443 2911 4496 thorum
2936 4442 3108 4511 patris
3132 4442 3341 4511 polluit.
3374 4440 3566 4495 Nonne

1981 4535 2319 4590 contristabit.
2348 4533 2407 4589 In
2435 4540 2693 4603 quantum
2720 4532 2835 4602 ipse
2861 4531 3032 4585 tristis
3053 4531 3323 4600 paenituit.
3362 4528 3464 4584 Sed
3498 4545 3567 4584 ea:

1980 4634 2147 4695 parte.
2204 4624 2285 4677 Ex
2310 4638 2376 4677 ea
2405 4622 2521 4677 sola
2546 4628 2699 4690 parte
2725 4636 2831 4689 qua
2860 4620 2965 4675 sibi
2993 4620 3198 4684 nocuit,
3239 4634 3344 4674 non
3369 4631 3434 4672 ea
3456 4633 3564 4687 qua

1982 4711 2260 4767 tristificus
2277 4712 2547 4781 paenituit.
2573 4708 2640 4763 Ut
2660 4726 2766 4762 non
2786 4725 2993 4762 onerent
3018 4724 3214 4762 omnes.
3240 4707 3364 4763 ldeo
3385 4707 3564 4763 scribo

1980 4801 2136 4856 vobis
2163 4816 2286 4854 eum
2311 4800 2500 4870 recipi,
2532 4807 2594 4853 ut
2617 4815 2723 4853 non
2743 4798 3065 4863 oneremini,
3096 4806 3152 4852 et
3177 4797 3402 4851 multum
3432 4811 3566 4851 eon-

1985 4890 2288 4954 tristemini,
2330 4889 2375 4942 si
2412 4905 2510 4958 per
2544 4889 2889 4943 durissimam
2941 4887 3365 4956 increpationem
3389 4887 3456 4940 de
3476 4900 3565 4941 sa-

1984 4980 2096 5034 lute
2118 4996 2214 5035 sua
2242 4965 2565 5050 desperavit.
2600 4978 2820 5047 Sufﬁcit.
2848 4977 2982 5032 Cum
3009 4977 3279 5047 paenituit.
3321 4973 3406 5027 Ne
3425 4975 3564 5043 forte

1983 5070 2364 5125 abundantiore
2404 5068 2637 5123 tristitia.
2670 5067 2781 5122 Hoc
2808 5076 2912 5133 est,
2949 5082 3018 5121 ne
3046 5064 3183 5119 forte
3209 5079 3308 5134 per
3345 5065 3566 5132 dispen-

1983 5161 2243 5214 sationem
2265 5158 2627 5228 indulgentiae.
2654 5157 3018 5210 Absorbeatur.
3037 5154 3262 5224 Gurgite
3277 5153 3556 5218 vitiorum,

1983 5259 2038 5304 et
2064 5266 2093 5304 a
2124 5250 2337 5306 diabolo
2358 5263 2666 5320 persuasus,
2690 5249 2757 5303 ad
2783 5247 3114 5302 inﬁdelitatis
3139 5253 3196 5301 et
3211 5245 3564 5315 blasphemia

1980 5340 2184 5409 majora
2226 5340 2522 5409 pratcipitta
2566 5339 2883 5393 deducatur.
2932 5336 3013 5390 Ad
3041 5336 3137 5390 hoc
3170 5324 3308 5390 enim
3350 5335 3555 5404 scripsi.

1980 5430 2130 5485 Hanc
2178 5429 2469 5485 secundam
2518 5426 2833 5499 Epistolam.
2893 5423 2961 5479 Ut
3007 5439 3315 5496 cognoscam
3358 5423 3553 5491 emperi-

1981 5531 2231 5575 mentum.
2277 5519 2334 5574 Id
2362 5528 2465 5584 est,
2498 5529 2558 5572 ut
2585 5519 2795 5574 videam
2839 5518 2885 5573 si
2926 5515 3194 5587 quomodo
3229 5516 3340 5571 Deo
3368 5511 3525 5569 obedi

1981 5614 2083 5671 stis
2107 5614 2159 5667 in
2189 5613 2531 5678 vindicando,
2560 5612 2632 5666 ita
2658 5610 2921 5665 obediatis
2959 5608 3297 5678 indulgendo.
3332 5603 3546 5676 Propter
