3982 6198
392 377 405 389 .
418 329 497 390 δῦ
1452 333 1787 389 COLLECT.
1824 334 1894 395 ιΝ
1930 336 1955 390 Ε

2056 336 2148 392 5T.
2190 337 2234 391 II
2272 336 2364 392 AD
2402 335 2561 393 (ΞΟΠ.

3541 341 3644 396 166

387 468 491 504 nos.
519 448 576 503 Id
601 455 708 511 est,
735 461 806 502 ne
842 460 940 501 vos
980 445 1278 516 gravemini
1307 445 1390 500 vel
1434 446 1848 501 contristemini.
1891 445 1960 501 In
1986 452 2036 509 Α
2064 444 2301 516 Epistola
2325 442 2540 499 Christi.
2571 443 2629 497 Id
2652 453 2755 507 est,
2783 443 2959 513 imago
2986 442 3189 498 Christi
3219 458 3314 513 per
3335 460 3434 501 nos
3477 446 3646 503 infor-

389 556 603 610 persona
632 536 853 593 Christi.
887 538 1021 605 Quia
1048 538 1166 592 vice
1213 536 1485 607 fungimur
1529 536 1751 604 Christi,
1792 539 1879 593 vel
1904 539 1959 594 in

388 643 611 698 persona
668 626 887 691 Christi,
940 627 1034 697 qui
1079 625 1255 681 dixit:
1308 625 1666 697 Quodcunque
1707 626 1961 682 solveritis

386 734 541 789 super
562 727 783 783 terram,
831 717 931 771 erit
970 717 1198 771 solutum
1235 719 1367 771 etin
1394 715 1552 771 caelis.
1599 715 1668 770 Ut
1708 735 1827 771 cum
1859 719 1963 772 cir-

387 811 774 864 cumveniantur
800 827 832 862 τι
858 807 1078 864 Satana.
1109 808 1215 862 Per
1253 809 1473 862 nimiam
1514 809 1960 878 increpationcm,

386 908 449 954 ut
469 908 780 969 peccatores
800 898 1103 967 desperent.
1132 894 1244 950 Nec
1263 897 1399 950 enim
1422 900 1659 951 versatile
1679 898 1791 967 ejus
1817 898 1964 967 igno-

389 998 590 1041 rantur.
648 986 863 1041 Astutia
917 985 1116 1040 diaboli
1164 993 1249 1039 est
1290 996 1349 1039 ut
1392 986 1493 1041 sub
1537 988 1715 1055 specie
1737 987 1962 1056 iustitia:

387 1076 533 1129 fallat
562 1076 828 1139 incautos,
869 1075 926 1128 id
959 1084 1063 1140 est,
1111 1075 1369 1129 vertendo
1415 1075 1612 1129 bonum
1645 1076 1698 1129 in
1738 1076 1957 1143 malum,

388 1170 487 1225 hoc
506 1176 611 1232 est,
642 1152 1013 1236 paenitentiam
1045 1167 1099 1220 in
1127 1166 1576 1236 desperationem.
1620 1165 1749 1220 Cum
1787 1178 1959 1221 autem

387 1258 627 1311 reuissem
676 1255 955 1309 Troadem.
1005 1254 1159 1310 Modo
1190 1255 1295 1309 illis
1338 1254 1451 1309 vult
1478 1257 1727 1324 probare,
1758 1264 1960 1325 quanto

385 1347 608 1416 amplius
636 1361 729 1400 eos
758 1345 963 1414 diligat,
995 1360 1222 1414 quorum
1252 1361 1414 1400 causa
1454 1352 1658 1399 tantum
1699 1347 1961 1402 sollicitus

385 1446 468 1490 est
485 1478 499 1499 ,
530 1444 587 1489 ut
605 1451 726 1490 cum
753 1436 828 1489 illi
850 1436 1029 1489 omnia
1050 1450 1308 1504 prospera
1330 1436 1460 1499 sint,
1481 1435 1685 1489 nullam
1716 1436 1958 1504 requiem

386 1526 652 1589 habuerit,
668 1525 795 1594 quia
825 1524 1004 1578 Titum
1030 1540 1188 1592 quem
1221 1524 1284 1578 ad
1314 1539 1408 1578 eos
1433 1526 1686 1579 visendos
1714 1526 1957 1590 miserat,

386 1630 488 1670 non
507 1616 727 1678 invenit,
748 1615 945 1669 timens
964 1614 1169 1670 scilicet
1183 1616 1325 1683 quod
1338 1630 1433 1669 eos
1452 1616 1673 1670 minime
1694 1616 1963 1670 correxis-

384 1717 486 1769 set.
511 1709 637 1777 quia
662 1709 902 1762 nondum
930 1708 977 1761 ei
1012 1708 1305 1777 quidquam
1338 1708 1745 1761 renuntiaverat
1782 1707 1954 1760 Titus.

2062 542 2231 599 mata,
2266 542 2326 587 ut
2355 532 2495 588 sicut
2538 530 2872 601 portavimus
2917 531 3203 602 imaginem
3234 534 3453 599 terreni,
3482 535 3556 590 ita
3584 546 3644 591 et

2061 635 2340 697 portemus
2392 625 2682 694 imaginem
2736 622 2993 677 cmlestis.
3055 621 3357 678 Ministrata
3397 643 3430 679 a
3475 627 3643 683 nobis.

2060 715 2165 771 Per
2190 714 2645 785 prmdicationem.
2692 712 2815 765 Non
2843 721 3155 767 atramento.
3184 712 3337 771 Sicut
3365 731 3642 772 commen-

2061 808 2264 862 datitiae
2289 805 2548 875 epistolas.
2582 802 2685 858 Sed
2714 804 2769 857 in
2794 803 2983 857 tabulis
3013 805 3205 858 cordis.
3238 805 3340 861 Ut:
3389 808 3643 875 Auferam

2061 914 2094 950 a
2135 896 2275 950 vobis
2315 911 2405 949 cor
2457 893 2743 963 lapideum,
2793 901 2840 946 et
2881 893 3017 946 dabo
3071 895 3212 949 vobis
3260 911 3351 948 cor
3396 913 3641 969 corneum

2062 986 2278 1060 (Ezech.
2311 983 2409 1055 ιι).
2462 981 2749 1036 Fiduciam
2798 991 2971 1035 autem
3018 982 3194 1036 talem.
3250 983 3363 1039 Hoc
3387 994 3489 1051 est,
3517 988 3642 1056 quia

2060 1075 2189 1146 quia
2214 1074 2464 1129 novimus
2490 1086 2588 1126 vos
2623 1086 2721 1140 per
2750 1085 2851 1125 nos
2896 1071 3231 1136 credidisse,
3260 1073 3342 1127 vel
3377 1077 3501 1144 quia
3543 1090 3644 1130 nos

2060 1183 2168 1222 non
2216 1166 2448 1221 humana
2492 1162 2739 1232 epistola,
2787 1164 2882 1216 sed
2928 1162 3100 1231 gratia
3131 1162 3225 1216 Dei
3278 1166 3639 1220 commendat.

2062 1256 2165 1312 Sed
2192 1256 2507 1327 sufﬁcientia
2532 1263 2732 1309 nostra.
2774 1252 2833 1306 ιδ
2858 1261 2963 1317 est,
2991 1252 3256 1318 doctrina,
3285 1270 3405 1323 quae
3432 1256 3582 1310 nobis
3611 1271 3643 1310 a

2062 1349 2172 1403 Deo
2214 1349 2411 1402 donata
2439 1352 2540 1399 est.
2599 1344 2737 1397 Novi
2789 1342 3125 1396 Testamenti.
3171 1344 3473 1414 Evangelii.
3516 1345 3642 1400 Non

2059 1438 2266 1492 litterte.
2299 1436 2357 1490 Id
2387 1444 2491 1499 est,
2514 1435 2665 1503 legis.
2697 1433 2802 1489 Sed
2827 1435 3060 1503 spiritus.
3101 1433 3160 1488 Id
3192 1443 3297 1501 est,
3319 1437 3505 1517 grati}:
3534 1438 3641 1492 mi-

2060 1525 2396 1579 nistrantes?
2422 1522 2621 1576 Littera
2656 1524 2793 1575 enim
2824 1523 3033 1575 occidit.
3063 1523 3340 1588 Quomodo
3364 1541 3492 1595 ergo
3513 1527 3641 1581 alibi

2061 1615 2193 1669 dicit
2227 1614 2399 1682 legem
2426 1627 2549 1666 esse
2572 1610 2944 1681 spiritualem?
2993 1610 3099 1665 Sed
3127 1613 3496 1681 Spit-itualibus
3525 1618 3636 1687 spi-

2060 1704 2271 1758 ritualis
2299 1712 2401 1758 est.
2453 1701 2719 1757 Caeterum
2766 1708 3079 1768 peccatores
3127 1703 3343 1766 occidit,
3395 1714 3477 1771 ut,
3518 1708 3635 1776 qui--

386 1797 611 1851 Ostium.
663 1795 1048 1867 Opportunitas
1098 1796 1455 1866 praedicanda:
1483 1795 1630 1860 ﬁdei,
1657 1796 1782 1864 quia
1814 1796 1953 1849 Deus
1982 1792 2026 1848 B
2053 1812 2264 1864 cunque
2293 1796 2397 1848 hoc
2420 1792 2504 1848 vel
2554 1792 2680 1845 illud
2719 1792 3072 1856 commiserit,
3125 1802 3299 1847 morte
3341 1797 3639 1851 moriatur:

382 1893 545 1946 corda
565 1907 750 1945 eorum
764 1893 996 1961 aperuit.
1016 1891 1094 1944 Eo
1109 1891 1246 1961 quod
1269 1908 1371 1955 non
1389 1891 1669 1944 invenerim
1688 1890 1880 1943 Titum.
1899 1890 1957 1944 Id

382 1988 484 2044 est,
502 1980 644 2049 quod
678 1996 785 2035 non
818 1981 1040 2036 redisset
1072 1982 1138 2035 ad
1167 1997 1276 2043 me,
1304 1990 1572 2051 quatenus
1600 1997 1687 2037 me
1714 1983 1778 2036 de
1805 1981 1958 2036 vobis

382 2068 586 2124 faceret
615 2071 925 2125 certiorem.
960 2070 1063 2125 Sed
1090 2070 1382 2124 valedicens
1429 2072 1521 2124 eis.
1562 2071 1818 2137 Quamvis
1856 2074 1955 2127 ha-

380 2158 587 2212 buerim
629 2160 969 2213 occasionem
1004 2159 1328 2228 prtedicandi
1378 2159 1432 2212 in
1476 2159 1806 2224 Macedonia,
1861 2176 1959 2230 per

381 2260 539 2314 quam
568 2262 599 2300 a
630 2247 785 2301 vobis
813 2246 967 2300 Titus
1010 2256 1127 2301 erat
1156 2248 1340 2316 utique
1372 2249 1641 2302 rediturus
1667 2266 1677 2301 :
1730 2249 1959 2324 vicinior

381 2343 464 2388 est
497 2336 641 2388 enim
669 2335 980 2389 Macedonia
1009 2334 1225 2389 Achaia:
1258 2352 1420 2405 quam
1464 2336 1681 2390 Troadi.
1716 2337 1975 2407 Denique,

380 2427 505 2481 dum
532 2426 602 2480 ibi
625 2435 789 2492 esset,
824 2426 1003 2480 Titum
1032 2435 1215 2495 postea
1253 2427 1532 2480 advenisse
1572 2428 1717 2481 dicit.
1750 2428 1958 2482 Trium-

380 2517 501 2584 phat
553 2533 664 2570 nos.
698 2516 810 2570 Hoc
835 2524 940 2581 est,
973 2516 1307 2585 triumphare
1351 2531 1449 2571 nos
1484 2515 1612 2570 facit
1642 2519 1705 2571 de
1735 2517 1957 2573 tribula-

385 2604 615 2660 tionibus
641 2622 737 2675 per
763 2604 1060 2670 Christum,
1089 2607 1201 2659 sive
1230 2606 1284 2660 in
1314 2607 1469 2661 nobis
1498 2607 1613 2675 ipse
1640 2608 1953 2676 triumphat,

384 2696 521 2765 quod
545 2696 641 2749 alii
664 2695 890 2750 credunt
920 2695 973 2749 in
999 2697 1195 2751 virtute
1221 2696 1441 2751 Christi.
1473 2696 1544 2750 Et
1581 2698 1791 2751 odorem
1820 2699 1958 2752 noti-

385 2786 469 2839 tia»
517 2803 648 2839 sum.
707 2785 858 2840 Sicut
908 2786 1139 2840 sentitur
1192 2796 1481 2855 antequam
1532 2788 1779 2843 videatur
1804 2787 1953 2856 illud,

386 2875 533 2944 cujus
556 2875 691 2928 odor
717 2883 819 2939 est,
848 2875 927 2929 sic
967 2876 1099 2929 odor
1127 2877 1329 2930 notitiae
1359 2876 1452 2931 Dei
1492 2886 1777 2945 antequam
1816 2879 1957 2934 Deus

388 2964 495 3033 ipse
523 2965 786 3029 videatur,
832 2979 929 3043 per
972 2965 1405 3035 prmdicationem
1443 2968 1806 3036 apostolorum
1834 2984 1957 3023 seu-

387 3056 530 3118 titur,
560 3064 620 3109 ut
656 3066 741 3109 est
784 3056 952 3109 illud:
986 3054 1050 3108 In
1075 3057 1284 3110 odorem
1319 3068 1700 3127 unguentorum
1744 3068 1954 3113 tuorum

2057 1888 2232 1957 gratia
2258 1898 2385 1939 vero
2414 1883 2635 1952 impium
2669 1888 3067 1936 convertentem
3097 1880 3374 1949 justiﬁcat.
3411 1883 3564 1949 Quod
3593 1887 3640 1939 si

2055 1978 2371 2033 ministratio
2400 1975 2603 2028 mortis.
2651 1973 2760 2027 Lex
2797 1987 2918 2041 quae
2965 1973 3254 2027 mortiﬁcat
3292 1986 3628 2043 peccatores.

2056 2071 2322 2125 Cmterum
2352 2069 2463 2137 ipse
2492 2080 2613 2121 eam
2640 2072 2695 2120 et
2732 2073 3000 2129 sanctam,
3027 2072 3081 2118 et
3103 2064 3327 2134 justam,
3358 2073 3408 2121 et
3440 2067 3637 2122 bonam

2057 2162 2182 2217 alibi
2213 2159 2468 2230 appellat.
2498 2157 2585 2211 Ita
2620 2164 2676 2211 ut
2720 2171 2824 2209 non
2851 2164 3057 2225 possent
3083 2155 3182 2223 ﬁlii
3226 2154 3415 2210 Israel.
3458 2155 3638 2228 Signi-

2059 2252 2184 2307 ﬁcat
2210 2251 2334 2319 quia
2381 2255 2566 2319 postea
2608 2244 2846 2299 futurum
2892 2243 3168 2298 Christum
3198 2244 3379 2299 videre
3405 2259 3512 2299 non
3541 2260 3635 2315 pm

2056 2343 2302 2397 tuissent.
2339 2338 2471 2405 Quae
2499 2347 2800 2391 evacuatur.
2852 2334 2987 2401 Quia
3030 2334 3202 2404 gloria
3248 2334 3381 2403 legis
3405 2349 3500 2403 per
3527 2334 3641 2404 glo-

2054 2434 2191 2489 riam
2221 2430 2493 2501 Evangelii
2518 2437 2828 2492 evacuatur,
2860 2427 2952 2480 sed
2994 2425 3069 2479 ita
3093 2436 3408 2489 evacuatur,
3432 2431 3492 2477 ut
3517 2440 3639 2494 per:

2052 2522 2201 2579 ﬁciat
2248 2522 2388 2576 sicut
2414 2517 2695 2573 infantiam
2722 2518 2835 2585 ipse
2859 2516 2997 2569 dixit
3022 2516 3275 2569 evacuari
3304 2516 3355 2569 in
3384 2515 3486 2568 viri
3510 2530 3636 2584 per-

2055 2609 2182 2666 fecti
2214 2616 2452 2668 aetatem,
2498 2620 2680 2660 semen
2708 2603 2904 2672 quippe
2950 2612 3242 2657 evacuatur
3290 2603 3343 2656 in
3374 2601 3633 2655 fructum.

2056 2698 2383 2755 Ministratio
2413 2696 2646 2766 spiritus.
2673 2693 2731 2747 Id
2759 2700 2863 2757 est,
2892 2692 3203 2761 praedicatio
3227 2693 3526 2760 spiritualis
3552 2692 3634 2746 Ie-

2056 2787 2159 2858 gis.
2177 2785 2243 2839 In
2266 2784 2486 2855 gloriam
2510 2790 2763 2835 nostram.
2784 2779 3004 2833 Scilicet
3026 2779 3346 2847 quandoque
3370 2778 3632 2842 futuram,

2059 2888 2195 2942 quae,
2213 2885 2269 2927 ut
2291 2870 2553 2943 perfecta,
2577 2884 2683 2924 non
2699 2868 2898 2937 poterit
2921 2868 3190 2921 evacuari.
3211 2866 3270 2920 Si
3292 2866 3428 2919 enim
3450 2882 3513 2920 ea:
3537 2868 3635 2920 mir

2058 2963 2268 3018 nisterio
2297 2959 2671 3015 danmationis.
2718 2956 2981 3026 Exposuit
3021 2956 3162 3024 quod
3206 2957 3452 3023 superius
3479 2957 3605 3013 dixe

2057 3066 2159 3117 rat,
2191 3055 2424 3108 litteram
2447 3050 2716 3115 occidere,
2763 3047 3214 3102 ministrationem
3261 3062 3381 3102 esse
3416 3049 3629 3111 mortis,

385 3147 660 3200 currimus.
693 3146 838 3201 Odor
863 3157 1043 3200 autem
1071 3147 1288 3212 dicitur,
1312 3148 1436 3216 quia
1467 3149 1641 3216 primo
1669 3149 1953 3204 credentes
1983 3119 2026 3179 Ο
2058 3147 2266 3201 scilicet
2288 3141 2592 3198 damnando
2620 3146 2953 3209 peccatores.
3000 3136 3353 3190 Ministerium
3383 3138 3629 3207 justitiar.

387 3235 582 3304 aliquid
631 3244 889 3305 tanquam
932 3251 1029 3304 per
1060 3238 1329 3291 modicum
1361 3240 1588 3300 odorem,
1624 3241 1827 3293 sentire
1860 3256 1955 3294 vo-

388 3322 580 3377 lebant.
616 3321 758 3378 Odor
784 3326 966 3378 bonus.
997 3324 1141 3379 Bona
1186 3326 1327 3380 fama
1356 3327 1592 3382 esu-Per
1615 3328 1953 3384 Christianos

386 3426 509 3467 vero
544 3412 640 3482 qui
673 3414 813 3468 male
839 3415 1046 3480 vivunt,
1073 3431 1266 3470 nomen
1292 3417 1501 3472 Domini
1527 3419 1950 3489 blasphematur,

386 3519 541 3574 super
565 3505 739 3560 bonos
774 3506 1039 3562 laudatur.
1086 3509 1231 3563 Odor
1254 3512 1453 3566 mortis.
1502 3512 1559 3567 Id
1603 3522 1707 3579 est,
1738 3516 1951 3582 animae,

383 3597 465 3648 vel
494 3598 755 3665 corporis.
786 3597 853 3651 In
883 3609 1116 3654 mortem.
1168 3601 1236 3656 Ut
1266 3601 1458 3657 Petrus
1480 3603 1745 3661 Ananiam
1770 3615 1824 3660 et
1853 3606 1955 3662 Sa-

385 3686 595 3753 phiram
643 3688 908 3742 multavit.
963 3687 1108 3743 Odor
1134 3691 1248 3744 rita:
1292 3692 1347 3744 in
1392 3693 1571 3746 vitam.
1618 3695 1674 3749 Id
1702 3705 1805 3760 est,
1836 3712 1956 3757 eor-

386 3778 531 3844 poris
551 3785 607 3834 et
632 3779 846 3842 animae,
875 3780 1015 3834 sicut
1038 3780 1228 3835 umbra
1254 3781 1400 3836 Petri
1440 3785 1663 3839 sanabat
1690 3786 1950 3842 inﬁrmos.

386 3868 552 3922 Aliter
582 3887 594 3921 :
636 3869 842 3924 Amasti
885 3871 1024 3926 bene
1048 3881 1314 3943 agentem,
1343 3876 1544 3929 unxisti
1582 3878 1722 3930 bono
1746 3879 1911 3933 odore
1937 3896 1950 3933 :

386 3956 591 4013 invides
624 3967 681 4013 et
706 3961 945 4016 detrahis
992 3961 1126 4018 bene
1171 3965 1369 4035 agenti,
1423 3973 1666 4020 mortuus
1711 3982 1771 4022 es
1814 3969 1955 4024 bono

383 4050 567 4104 odore.
596 4050 668 4105 Et
689 4052 760 4106 ad
782 4053 892 4106 Itiro
920 4055 1033 4123 quis
1053 4053 1268 4109 idoneus
1289 4056 1314 4108 ?
1353 4057 1406 4110 Id
1431 4065 1533 4122 est,
1564 4058 1630 4112 ad
1658 4059 1769 4113 haec
1798 4059 1957 4113 mini-

384 4141 608 4195 stranda
650 4150 708 4197 et
752 4142 996 4198 iacienda
1043 4147 1163 4213 quis
1201 4153 1378 4215 potest
1424 4154 1534 4200 tam
1583 4146 1810 4203 idoneus
1836 4164 1957 4204 esse

385 4250 547 4303 quam
588 4249 688 4290 nos
733 4237 824 4305 qui
870 4237 936 4290 ad
988 4237 1087 4290 hoc
1112 4252 1298 4291 sumus
1342 4238 1542 4293 electi?
1589 4238 1955 4294 Adulterantes

382 4325 590 4377 verbum
616 4324 733 4378 Dei.
758 4325 1235 4393 Pseudoapostolos
1262 4328 1452 4398 tangit,
1484 4329 1778 4382 humanum
1827 4344 1954 4383 sen-

385 4428 498 4466 sum
523 4414 718 4467 divinm
740 4415 1103 4483 prmdicationi
1128 4416 1438 4480 miscentes,
1464 4426 1524 4470 ut
1548 4427 1629 4472 est
1648 4435 1659 4471 :
1681 4417 1951 4487 Caupones

383 4504 457 4554 tui
494 4504 711 4556 miscent
751 4520 942 4574 aquam
972 4506 1107 4558 vino.
1141 4504 1286 4560 Sicut
1330 4522 1395 4560 ea:
1438 4506 1566 4559 Deo.
1614 4506 1726 4561 Hoc
1756 4516 1856 4573 est,
1883 4523 1951 4562 ex

384 4593 490 4648 Deo
515 4595 781 4663 processit
806 4596 1049 4650 doctrina
1076 4612 1237 4666 quam
1270 4599 1488 4663 scimus,
1512 4599 1626 4666 ipso
1668 4608 1949 4668 praesente,

384 4685 437 4739 in
499 4701 731 4755 persona
776 4688 923 4758 loqui
962 4687 1186 4754 Christi,
1227 4689 1283 4743 id
1329 4696 1433 4754 est,
1483 4689 1624 4743 sicut
1662 4690 1778 4758 ipse
1816 4706 1953 4760 pra:—

384 4776 613 4831 dicavit?

997 4866 1222 4923 CAPUT
1256 4865 1342 4920 lll.

458 4955 742 5025 Incipimus
786 4958 976 5011 iterum
1010 4974 1103 5012 nos
1135 4959 1274 5027 ipsos
1311 4955 1713 5010 commendare?
1753 4955 1868 5010 Non
1899 4964 1956 5009 ut

387 5045 820 5100 commendemus
845 5060 945 5099 nos
984 5047 1158 5112 vobis,
1198 5046 1300 5100 ista
1330 5044 1569 5099 docendo
1612 5044 1833 5098 laudare
1859 5059 1956 5099 nos

388 5135 645 5203 volumus,
675 5138 771 5194 sed
815 5138 932 5193 haec
967 5153 1035 5192 ne
1077 5139 1144 5193 ab
1194 5137 1314 5193 aliis
1338 5136 1668 5192 seducamini
1713 5138 1956 5207 cogimur

384 5239 701 5283 memorare.
729 5224 1183 5282 Commendatitiis
1212 5227 1461 5297 epistolis.
1490 5227 1637 5294 Quos
1666 5242 1772 5282 non
1807 5241 1954 5281 com—

385 5318 597 5375 mendat
641 5320 819 5391 gratia
870 5321 1158 5385 virtutum,
1207 5319 1325 5374 illos
1370 5320 1529 5390 digne
1575 5312 1953 5374 commendant

384 5410 619 5479 epistulae
638 5412 958 5467 amicorum.
982 5410 1221 5481 Epistola
1235 5420 1412 5466 nostra
1426 5427 1515 5465 oos
1535 5411 1677 5464 estis.
1702 5410 1775 5466 Ut
1792 5411 1946 5465 alibi:

385 5515 503 5553 nam
533 5499 863 5571 signaculum
891 5500 1210 5570 apostolatus
1229 5500 1329 5554 mei
1355 5516 1442 5555 vos
1466 5501 1587 5554 estis
1619 5500 1670 5569 (I
1698 5498 1819 5553 Cor.
1850 5497 1948 5571 tx).

384 5586 643 5658 Inscripta
671 5592 919 5646 cordibus
962 5590 1171 5645 nostris.
1218 5589 1276 5645 Id
1302 5599 1403 5654 est,
1452 5590 1507 5645 in
1553 5599 1738 5645 nostro
1767 5605 1952 5645 amore

382 5679 653 5738 conclusa.
694 5691 748 5738 et
794 5682 848 5735 in
875 5681 1071 5751 spiritu
1114 5679 1327 5735 vinculo
1358 5680 1641 5736 eharitatis
1672 5696 1948 5752 expressa.

1980 4457 2030 4515 D

2055 3234 2209 3302 Quod
2238 3233 2510 3288 ministrat
2548 3229 2815 3299 justitiam
2861 3226 3179 3282 dimittendo
3220 3235 3459 3296 peccata.
3494 3227 3632 3280 Nam

2056 3344 2149 3381 nec
2187 3323 2535 3396 gloriﬁcatum
2581 3329 2678 3383 est,
2726 3318 2863 3391 quod
2910 3317 3101 3371 claruit
3144 3318 3198 3371 in
3245 3318 3343 3378 hac
3382 3327 3549 3387 parte.
3578 3316 3634 3369 In

2054 3417 2456 3486 comparatione
2514 3412 2836 3482 evangelicae
2888 3409 3070 3480 gloria:
3132 3409 3417 3463 umbratur
3468 3406 3635 3476 gloria

2052 3510 2207 3579 legis,
2239 3509 2378 3563 sicut
2400 3513 2520 3560 orto
2563 3503 2674 3558 sole
2721 3500 3037 3555 obtunditur
3066 3498 3204 3552 luna:
3256 3497 3460 3559 lumen,
3508 3510 3629 3548 cum

2054 3611 2234 3655 tamen
2270 3614 2366 3653 suo
2414 3606 2654 3666 tempore
2687 3607 2940 3662 magnum
2986 3591 3183 3644 habeat
3229 3588 3509 3657 fulgorem.
3565 3585 3625 3641 Si

2053 3692 2190 3747 cnim
2213 3689 2350 3759 quod
2382 3668 2680 3741 euacuatur.
2724 3682 2837 3736 Hoc
2859 3690 2961 3745 est,
2990 3680 3156 3735 Vetus
3198 3678 3625 3732 Testamentum.

2052 3782 2358 3836 Evacuatur
2386 3784 2563 3830 autem
2588 3776 2642 3827 in
2669 3771 2965 3826 neomeuiis
2990 3776 3047 3824 et
3070 3767 3330 3833 sabbatis,
3358 3775 3413 3821 et
3436 3765 3633 3820 talibus

2054 3867 2540 3926 observationibus.
2572 3863 2725 3928 Quod
2754 3869 2946 3914 manet.
2979 3860 3036 3914 Id
3062 3865 3168 3923 est,
3199 3856 3406 3912 Novum
3446 3857 3623 3912 Testa-

2053 3966 2317 4021 mentum,
2348 3955 2491 4024 quod
2530 3961 2613 4006 est
2656 3951 2869 4005 initium
2914 3949 3041 4003 vitae
3083 3956 3319 4003 aeternae.
3371 3945 3635 4001 Habentes

2051 4051 2216 4120 igitur
2254 4044 2410 4099 talem
2455 4060 2617 4113 spem.
2666 4041 2883 4095 Futura:
2912 4038 3131 4108 gloriae:
3181 4036 3307 4107 quia
3348 4047 3446 4105 spe
3494 4033 3625 4089 salvi

2053 4139 2182 4195 facti
2233 4152 2437 4192 sumus.
2485 4133 2552 4187 Et
2581 4149 2686 4186 non
2729 4131 2863 4184 sicut
2893 4128 3119 4198 Moyses.
3168 4127 3225 4182 ld
3272 4134 3379 4191 est,
3408 4141 3514 4180 non
3550 4124 3627 4179 ita

2052 4232 2261 4311 agimus
2289 4243 2302 4282 :
2333 4226 2461 4296 quia
2499 4238 2687 4279 omnes
2721 4222 2835 4291 jam
2867 4217 3160 4274 Christiani
3191 4216 3371 4272 vident
3398 4215 3627 4286 gloriam

2053 4304 2279 4383 Christi,
2303 4323 2488 4371 sancto
2511 4312 2712 4382 Spiritu
2737 4308 3028 4371 revelante,
3055 4306 3181 4361 licet
3206 4322 3273 4360 ex
3297 4314 3471 4375 parte,
3499 4304 3629 4373 quia

2055 4426 2161 4464 non
2188 4416 2272 4462 est
2316 4420 2459 4460 nunc
2487 4402 2728 4474 velamen
2757 4413 2918 4467 super
2962 4397 3152 4450 faciem
3186 4395 3407 4450 Christi.
3458 4392 3632 4465 Usque

2054 4504 2109 4557 in
2152 4502 2308 4571 ﬁnem
2343 4499 2478 4568 ejus.
2518 4493 2780 4551 Videlicet
2816 4491 2941 4545 vitae
2974 4486 3125 4556 ejus;
3176 4488 3248 4541 ita
3293 4496 3350 4542 et
3391 4490 3476 4541 lex
3522 4502 3633 4541 non

2052 4590 2363 4659 intelligitur
2391 4601 2561 4655 usque
2590 4585 2644 4637 in
2673 4582 2856 4647 ﬁnem,
2888 4579 2941 4635 id
2988 4587 3092 4643 est,
3121 4591 3292 4647 usque
3320 4577 3445 4633 dum
3472 4575 3631 4631 Chri-

2052 4690 2169 4736 stus
2190 4679 2461 4734 credatur.
2491 4674 2644 4741 Quod
2670 4680 2972 4727 evacuatur.
3023 4668 3176 4736 Quod
3222 4668 3460 4721 velamen
3489 4680 3634 4720 nunc

2053 4779 2345 4824 evacuatur
2373 4766 2427 4819 in
2474 4763 2710 4818 Christo.
2751 4761 2993 4830 Idipsum
3017 4758 3273 4813 uelamen.
3306 4755 3523 4810 Scilicet
3551 4754 3633 4809 in-

2054 4860 2326 4916 ﬁdelitatis
2352 4899 2367 4924 ,
2417 4854 2569 4923 cujus
2629 4854 2853 4924 ﬁguram
2902 4852 2993 4906 ille
3054 4850 3301 4920 gestabat
3349 4847 3404 4900 in
3468 4845 3629 4901 facie.

2057 4952 2211 5018 Quod
2242 4969 2347 5006 non
2373 4948 2650 5004 reveletur.
2678 4949 2816 5001 Dum
2844 4960 2953 5000 non
2982 4944 3210 4998 credunt
3233 4942 3288 4994 in
3329 4939 3626 4995 Christum.

2063 5038 2325 5095 Velamen.
2354 5037 2676 5109 Ignorantia:
2695 5044 2751 5089 et
2770 5031 3118 5088 inﬁdelitatis.
3141 5028 3429 5084 Conversus
3449 5030 3628 5100 fuerit.

2051 5130 2266 5186 Iudaeus
2310 5128 2555 5184 inﬁdelis.
2599 5126 2856 5180 Dominus
2904 5131 3076 5175 autem
3105 5121 3321 5191 spiritus
3361 5128 3457 5175 est.
3486 5119 3631 5174 Nihil

2051 5236 2180 5291 ergo
2205 5235 2303 5290 per
2327 5221 2615 5275 obscurum
2661 5214 2916 5275 velatum,
2959 5212 3052 5266 sed
3090 5226 3281 5266 sensus
3332 5210 3633 5280 spiritualis

2055 5319 2296 5382 apparet.
2343 5310 2445 5365 Ubi
2484 5317 2653 5361 autem
2693 5305 2927 5375 spiritus,
2958 5302 3031 5356 ibi
3058 5301 3290 5357 libertas.
3338 5302 3503 5356 Liber
3548 5308 3634 5357 est

2056 5404 2297 5475 spiritus,
2352 5409 2409 5457 et
2443 5401 2644 5456 idcirco
2687 5413 2794 5453 non
2849 5404 3025 5468 potest
3069 5396 3313 5452 velamen
3361 5394 3630 5465 accipere,

2056 5510 2178 5549 cum
2205 5494 2376 5563 magis
2399 5492 2579 5547 omnia
2603 5490 2718 5559 ipse
2744 5489 2964 5544 revelet.
2988 5488 3089 5554 Qui
3119 5501 3247 5557 ergo
3269 5484 3513 5555 spiritum
3534 5484 3630 5539 Dei

2056 5587 2241 5649 habet,
2268 5585 2449 5640 omnia
2479 5584 2554 5639 illi
2585 5584 2729 5638 nuda
2772 5590 2896 5637 sunt
2919 5589 2975 5636 et
3007 5587 3213 5651 aperta,
3258 5577 3385 5648 quia
3412 5578 3632 5649 spiritus

2058 5678 2235 5733 omnia
2276 5683 2567 5732 scrutatur.
2620 5672 2732 5730 Nos
2775 5681 2946 5727 autem
2980 5669 3213 5725 revelata
3236 5668 3374 5739 facie
3419 5664 3632 5723 Domini
