3982 6198
352 276 456 335 167

1756 264 2024 323 senum
2064 261 2258 339 scen

3498 266 3597 323 ἴδε

355 397 667 471 gloriamur.
715 392 956 446 Videmus
1002 404 1159 451 nunc,
1214 384 1370 451 dixit,
1420 401 1513 450 per
1554 383 1822 454 speculum
1874 384 1930 437 in
1957 390 2010 450 Α
2032 383 2169 438 mori
2199 395 2298 452 pro
2324 380 2439 446 illo,
2463 379 2602 434 sicut
2630 378 2719 471 ille
2745 393 2842 448 pro
2872 379 3030 435 nobis
3057 388 3301 436 mortuus
3323 390 3426 436 est.
3452 380 3520 437 Ut
3549 393 3601 438 ct

352 491 655 560 renigmate.
683 484 900 540 Certum
925 488 1031 543 est,
1059 477 1198 547 quod
1226 475 1446 546 speculo
1472 476 1579 530 nisi
1621 476 1798 544 imago
1820 490 1935 530 cer-

357 580 545 634 nitur:
591 578 694 631 hoc
737 572 881 639 ergo'
913 569 1089 622 facere
1123 567 1301 621 conati
1347 581 1552 627 sumus,
1587 573 1648 619 ut
1672 580 1769 633 per
1796 565 1936 618 hanc

360 671 669 737 imaginem,
723 662 866 730 quod
899 674 995 714 nos
1039 673 1248 723 sumus,
1304 658 1610 712 videremus
1662 665 1935 725 utcunque

360 775 389 814 a
420 772 526 828 quo
558 754 684 807 facti
720 766 925 805 sumus.
959 748 1229 819 Tanquam
1269 764 1360 817 per
1391 745 1675 816 speculum.
1722 745 1836 799 Hoc
1864 744 1936 799 si-

361 852 576 921 guilieat
608 846 769 899 etiam
798 844 926 897 illud
955 842 1095 911 quod
1120 842 1198 896 ait
1229 840 1514 910 Apostolus
1540 858 1552 893 :
1612 839 1725 893 Nos
1760 848 1935 891 autem

362 942 584 996 revelata
612 939 746 1007 facie
787 936 1008 1005 gloriam
1052 933 1263 987 Domini
1288 934 1537 986 videmus.
1586 930 1935 999 Speculantes

361 1031 498 1086 dixit
522 1027 797 1096 speculum
834 1025 1097 1083 videntes,
1125 1038 1229 1077 non
1254 1022 1320 1076 de
1366 1020 1581 1090 specula
1607 1018 1937 1088 prospicien-

362 1131 462 1185 tes,
492 1119 632 1188 quod
664 1118 715 1170 in
745 1117 932 1169 Graeca
959 1114 1138 1183 lingua
1190 1128 1296 1166 non
1329 1121 1410 1166 est
1435 1112 1763 1180 ambiguum,
1795 1109 1936 1163 unde

361 1226 415 1263 tu
446 1208 690 1262 Latinam
739 1203 1011 1258 translatae
1039 1210 1163 1256 sunt
1194 1202 1498 1270 apostolicae
1544 1201 1752 1253 litterre.
1783 1198 1936 1264 Quod

360 1314 490 1352 vero
514 1298 605 1360 ait,
634 1297 689 1349 in
713 1295 945 1347 eamdem
968 1294 1245 1361 imaginem
1272 1291 1729 1360 transformamur,
1752 1291 1936 1357 utique

363 1388 651 1457 imaginem
683 1385 791 1437 vult
820 1383 1045 1451 intelligi
1078 1382 1337 1442 earndem,
1367 1381 1554 1433 dicens
1581 1379 1740 1432 istam
1765 1380 1934 1447 ipsam

364 1479 571 1533 scilicet
596 1488 757 1543 quam
802 1472 1164 1541 speculamur,
1193 1470 1316 1539 quia
1350 1470 1539 1522 eadem
1572 1471 1749 1538 imago
1773 1477 1857 1522 est
1883 1479 1938 1523 et

367 1568 535 1639 gloria
573 1566 687 1618 Dei.
722 1561 1191 1615 Trausformamur
1234 1575 1364 1630 ergo
1414 1561 1480 1614 de
1526 1558 1698 1613 forma
1744 1560 1797 1613 in
1827 1559 1936 1613 for-

365 1673 526 1717 mam,
560 1662 830 1708 mutantur
873 1660 1034 1719 atque
1079 1650 1367 1704 transimus
1396 1650 1461 1704 de
1506 1649 1673 1704 forma
1704 1652 1935 1705 obscura

363 1748 419 1801 in
445 1746 675 1801 formam
700 1743 954 1801 lucidam,
981 1741 1105 1810 quia
1134 1749 1190 1795 et
1228 1741 1345 1808 ipsa
1375 1741 1550 1810 imago
1578 1741 1693 1796 Dei.
1720 1741 1799 1795 De
1826 1741 1938 1811 glo-

362 1838 443 1890 ria
472 1837 528 1889 in
552 1834 791 1905 gloriam.
818 1831 895 1884 De
924 1831 1090 1901 gloria
1123 1830 1416 1884 creationis
1441 1830 1492 1883 in
1521 1830 1745 1899 gloriam
1778 1831 1938 1900 justi-

364 1924 655 1989 ficationis,
685 1921 765 1975 vel
808 1921 874 1975 de
912 1920 1084 1989 gloria
1123 1918 1244 1973 ﬁdei
1273 1920 1324 1972 in
1352 1919 1576 1988 gloriam
1614 1920 1833 1988 speciei.
1864 1921 1938 1976 De

363 2012 535 2085 gloria
560 2013 614 2065 in
653 2026 757 2080 qua
797 2010 888 2063 lilii
930 2023 1135 2073 sumus,
1170 2008 1222 2062 in
1268 2008 1490 2079 gloriam
1522 2022 1631 2078 qua
1659 2009 1860 2065 similes
1887 2012 1938 2065 ei

365 2102 589 2164 erimus,
606 2099 859 2168 quoniam
881 2095 1173 2150 videbimus
1197 2111 1318 2148 eum
1335 2097 1494 2153 sicuti
1523 2109 1623 2154 est,
1646 2098 1795 2166 Quod
1810 2114 1938 2154 vero

364 2191 628 2261 adiunxit.
682 2188 952 2260 Tanquam
995 2211 1025 2245 a
1054 2192 1263 2244 Domini
1289 2192 1495 2259 spiritu.
1545 2190 1791 2245 Ostendit
1817 2207 1939 2259 gra-

363 2301 482 2347 tum
529 2289 682 2343 nobis
724 2285 956 2341 conterri
1006 2293 1118 2338 tam
1167 2283 1417 2353 optabilis
1454 2282 1938 2337 trausformationis

365 2388 584 2427 bonum.

976 2460 1201 2516 CAPUT
1233 2460 1322 2517 IV.

442 2557 566 2612 Non
594 2555 881 2625 deﬁcimus.
906 2555 963 2608 In
1000 2554 1435 2610 tribulationibus
1461 2541 1682 2610 nostris:
1715 2553 1937 2610 Occulta

364 2645 652 2700 dedecoris.
685 2643 737 2697 Id
768 2651 870 2708 est,
898 2643 1075 2696 omnis
1099 2643 1332 2711 peccati.
1374 2643 1498 2697 Non
1526 2642 1855 2698 ambulantes
1876 2643 1932 2696 in

365 2735 582 2790 astutia.
613 2734 671 2788 Id
697 2741 796 2795 est,
833 2748 936 2787 non
966 2735 1135 2801 turpis
1175 2733 1309 2787 lucri
1342 2734 1515 2803 gratia
1552 2734 1933 2803 praedicantes.

363 2824 749 2879 Adulterantes.
775 2823 886 2877 Iloc
901 2830 985 2877 est
1010 2822 1143 2877 lalsa
1169 2825 1578 2892 permiscentes.
1612 2822 1715 2879 Sed
1741 2824 1796 2878 in
1816 2840 1935 2878 ma-

370 2913 701 2981 nifestatione
729 2912 977 2965 veritatis.
1010 2911 1083 2966 Ut
1110 2912 1183 2965 ita
1214 2912 1559 2967 manifestum
1581 2913 1653 2968 sit
1679 2913 1819 2984 apud
1839 2915 1938 2970 ho-

366 3005 541 3059 mines
587 3017 775 3056 verum
824 3016 944 3055 esse
975 3002 1117 3069 quod
1165 3002 1419 3067 dicimus,
1448 3010 1510 3056 ut
1550 3003 1717 3056 etiam
1747 3018 1932 3059 eorum

2040 475 2144 527 vita
2159 472 2195 526 ,Ι
2198 489 2286 526 esu
2306 471 2500 525 Christi
2526 469 2890 538 manifestatur
2911 472 2967 525 in
2987 473 3288 541 corporibus
3311 484 3521 529 nostra.
3540 474 3599 529 Si

2037 573 2180 620 enim
2205 565 2589 620 commorimur
2617 566 2690 631 ei,
2724 566 2834 618 vita
2855 566 2907 620 ei
2937 566 2989 619 in
3022 581 3247 637 corpore
3279 574 3466 624 nostro
3485 583 3603 623 ma-

2037 656 2382 711 nifestabitur
2412 658 2465 709 in
2497 657 2665 727 gloria
2695 659 3123 714 resurrectionis.

2122 748 2237 800 Vita
2264 757 2436 801 autem
2466 749 2518 803 in
2542 749 2699 803 vobis.
2756 749 2881 804 Ideo
2927 751 3210 815 morimur,
3241 753 3345 807 hoc
3369 760 3478 818 est,
3506 769 3603 823 pav

2038 838 2141 891 rati
2169 851 2353 891 sumus
2398 837 2463 890 ad
2510 849 2759 901 mortem,
2787 840 2910 893 dum
2938 841 3373 910 evangelizamus
3412 855 3471 897 ut
3505 860 3603 900 vos

2036 928 2203 981 vitam
2231 928 2553 997 possidentis
2580 937 2858 993 mternam,
2891 938 2947 983 et
2988 930 3125 984 bene
3160 933 3230 986 sit
3259 935 3432 988 vobis.
3480 935 3602 989 Ha-

2037 1018 2209 1072 bentes
2250 1018 2485 1071 eumdem
2509 1019 2771 1088 spiritum.
2814 1018 2999 1074 Fidem
3033 1023 3420 1079 incarnationis
3445 1026 3608 1082 Chri-

2037 1110 2124 1172 sti,
2154 1112 2291 1164 sicut
2317 1111 2642 1178 patriarchae
2671 1118 2725 1164 et
2750 1112 3025 1180 propheta:
3050 1115 3279 1182 priores,
3306 1117 3372 1170 de
3405 1119 3602 1186 quibus

2037 1201 2273 1255 dicitur:
2330 1199 2420 1255 Sic
2457 1202 2594 1255 enim
2629 1204 2881 1270 persz'cuti
2920 1214 3038 1257 sunt
3070 1207 3367 1274 prophetas.
3392 1206 3604 1262 Credidi

2039 1288 2209 1360 (Psal.
2228 1294 2372 1360 cxv).
2393 1290 2492 1344 Ut:
2511 1290 2681 1345 Corde
2700 1293 2926 1345 creditur
2946 1294 3015 1346 ad
3033 1295 3294 1363 justitiam
3325 1298 3496 1368 (Rom.
3522 1302 3602 1373 χ).

2038 1380 2270 1435 Scientes
2315 1382 2561 1452 quoniam
2586 1384 2672 1451 qui
2697 1385 2959 1437 suscitavit
2997 1385 3196 1439 Jesum.
3236 1387 3494 1444 Firmiter
3522 1400 3603 1445 te-

2032 1480 2226 1524 nentes
2252 1471 2387 1525 hanc
2412 1470 2592 1535 ﬁdem,
2621 1488 2650 1524 a
2676 1488 2779 1539 qua
2805 1488 2905 1527 nec
2932 1485 3106 1528 morte
3130 1476 3457 1533 divellimur.

2110 1561 2298 1615 Omnia
2325 1563 2462 1615 enim
2484 1563 2715 1631 patimur
2732 1573 2942 1633 propter
2961 1580 3069 1620 vos.
3099 1565 3289 1622 Omnia
3311 1569 3456 1623 enim
3481 1570 3602 1625 ideo

2038 1650 2293 1718 patimur,
2324 1651 2449 1718 quia
2489 1649 2720 1704 ﬁdeliter
2760 1660 2996 1706 vestram
3039 1653 3265 1709 salutem
3309 1658 3604 1726 quaerimus

1963 1725 2011 1783 Β
2037 1747 2092 1791 et
2115 1746 2384 1806 optamus.
2414 1736 2479 1791 Ut
2508 1740 2679 1808 gratia
2701 1739 2994 1795 abundans.
3026 1741 3122 1796 Est
3150 1759 3341 1799 sensus
3365 1764 3378 1800 :
3414 1746 3481 1802 Ut
3502 1763 3604 1817 per

2040 1827 2433 1882 multitudinem
2458 1828 2789 1885 credentium
2818 1839 3041 1900 propter
3070 1834 3433 1890 abundantem
3476 1853 3603 1907 grag

2038 1919 2190 1984 tiam,
2237 1918 2533 1989 gratiarum
2580 1919 2723 1973 actio
2765 1920 3001 1975 abundet
3046 1911 3101 1976 in
3137 1922 3325 1993 gloria.
3379 1923 3606 1995 Propter

2036 2007 2194 2077 quod.
2224 2008 2281 2062 Id
2310 2016 2411 2072 est,
2453 2015 2674 2077 pmpter
2701 2022 2814 2073 vos,
2855 2017 2913 2062 et
2952 2020 3173 2079 propter
3210 2013 3437 2083 gloriam
3480 2015 3600 2069 Dei.

2038 2096 2286 2151 Επενὶον
2312 2098 2483 2151 homo.
2509 2097 2565 2152 Id
2590 2106 2692 2162 est,
2717 2099 2898 2152 vivum
2920 2114 3136 2169 corpus.
3172 2101 3404 2156 Interior
3424 2105 3599 2160 homo.

2037 2188 2094 2242 Id
2121 2200 2204 2243 est
2230 2203 2402 2254 mens,
2436 2189 2526 2241 ubi
2563 2189 2739 2258 imago
2774 2189 2869 2243 Dei
2910 2189 3254 2245 reformatur.
3288 2191 3463 2263 Supra
3492 2211 3606 2248 mo-

2035 2278 2180 2333 dum.
2222 2280 2606 2334 Tribulationis
2633 2298 2645 2332 :
2676 2280 2819 2334 nulla
2844 2283 2988 2336 enim
3018 2286 3350 2353 comparatio
3379 2289 3604 2343 aeternis

2034 2368 2105 2423 ad
2134 2370 2446 2439 temporalia
2487 2380 2662 2439 potest
2691 2386 2827 2426 esse.
2877 2373 3155 2428 xEtemum
3194 2378 3417 2446 pondus.
3462 2377 3604 2446 Quia

2034 2458 2167 2513 illud
2192 2458 2308 2513 leve
2351 2459 2583 2524 dixerat,
2624 2460 2743 2514 ideo
2779 2461 2868 2515 hic
2902 2463 3112 2531 pondus
3139 2466 3339 2533 posuit,
3371 2480 3605 2523 servans

2037 2552 2409 2619 metaphoram
2430 2558 2668 2605 staterze.
2694 2550 2825 2616 Quir
2846 2554 2983 2607 enim
3012 2554 3269 2621 videntur,
3295 2556 3607 2626 temporalia

2035 2651 2176 2697 sunt.
2206 2640 2333 2696 Sive
2356 2642 2516 2708 bona,
2556 2643 2672 2697 sive
2700 2643 2842 2697 mala
2872 2644 3000 2708 sint,
3042 2644 3153 2700 sive
3181 2662 3457 2718 prospera,
3487 2649 3606 2704 sive

2035 2732 2282 2786 adversa.
2308 2730 2438 2796 Quae
2465 2740 2639 2785 autem
2667 2749 2770 2786 non
2799 2732 3054 2786 videntur.
3085 2733 3314 2789 Prmmia
3335 2746 3386 2791 et
3403 2750 3601 2806 panno.

2648 2863 2874 2921 CAPUT
2913 2864 2974 2919 Υ.

2109 2994 2316 3052 Scimus
2342 2998 2500 3062 enim,
2542 2997 2792 3068 quoniam
2824 2999 2871 3051 si
2893 3000 3154 3054 terrestris
3196 3000 3382 3055 domus
3421 3008 3606 3056 nostra

364 3092 694 3148 conscientia
729 3067 1095 3145 testimonium
1128 3092 1284 3145 nobis
1310 3092 1610 3162 perhibent.
1642 3092 1710 3147 In
1748 3095 1933 3164 quibus
1959 3067 2004 3128 (ἶ
2034 3085 2193 3154 hujus
2217 3067 2561 3140 habitationis
2579 3086 2913 3141 dissolvatur-
2944 3087 3146 3145 Domus
3171 3099 3377 3156 nostra.
3404 3091 3601 3160 inquit.

365 3183 506 3237 Deus
528 3182 688 3252 hujus
714 3180 891 3235 δωρηΙὶ
920 3182 1195 3234 επείῑταυὶι
1228 3192 1420 3237 utentes
1445 3183 1755 3251 inﬁdelium.
1790 3185 1934 3241 Ordo

364 3278 482 3324 est:
515 3269 571 3322 In
598 3268 792 3336 quibus
820 3267 960 3321 Deus
989 3269 1283 3322 excaecavit
1303 3284 1495 3325 sensus
1517 3271 1815 3326 inﬁdelium
1835 3274 1935 3328 hu-

359 3357 449 3426 jus
480 3357 680 3412 saeculi.
710 3356 851 3422 Quid
878 3366 950 3410 est
979 3358 1148 3427 imago
1174 3359 1291 3413 Dei.
1324 3359 1435 3414 Hoc
1459 3370 1559 3423 est,
1590 3362 1769 3431 imago
1808 3364 1935 3419 sub-

364 3449 578 3503 stantia:
620 3448 716 3503 Dei
759 3463 1037 3517 expressa,
1084 3450 1227 3505 sicut
1273 3452 1534 3520 scriptum
1580 3466 1665 3507 est
1716 3454 1783 3508 ad
1829 3454 1935 3508 He-

365 3541 564 3596 braeos.
604 3538 711 3594 Sed
741 3541 857 3594 hzec
889 3540 1066 3611 imago
1090 3541 1313 3610 aequalis
1342 3552 1425 3597 est
1456 3543 1554 3613 ipsi
1586 3542 1755 3598 Patri.
1809 3544 1933 3599 Non

360 3632 499 3684 enim
520 3627 858 3699 nosmetipsos
887 3631 1252 3699 praedicamus.
1281 3630 1338 3686 Id
1365 3639 1466 3697 est,
1507 3624 1806 3689 laudamus.
1830 3633 1933 3700 Qui

360 3720 506 3775 enim
535 3720 754 3790 propria
791 3721 1072 3776 commoda
1113 3723 1326 3790 quaerit,
1371 3739 1477 3778 non
1514 3723 1808 3792 Christum,
1839 3727 1933 3782 sed

359 3824 423 3865 se
456 3811 730 3878 pnedicat.
762 3808 985 3881 Propter
1020 3811 1222 3866 Iesum.
1266 3812 1381 3869 Hoc
1400 3822 1503 3879 est,
1532 3824 1753 3885 propter
1777 3831 1931 3872 amo-

361 3914 476 3955 rem
510 3900 711 3956 Cbristi
760 3901 1014 3972 populum
1058 3901 1175 3971 ejus
1203 3905 1608 3973 conquirentes.
1652 3905 1756 3972 Qui
1797 3909 1930 3963 dixit

362 3990 430 4045 de
455 3989 677 4045 tenebris
699 3990 863 4045 lucem
890 3990 1257 4061 splendescere.
1290 3993 1397 4048 Ut:
1429 3993 1552 4048 Fiat
1573 3995 1686 4060 lux,
1710 4006 1757 4049 et
1790 3997 1931 4066 facta

358 4091 435 4135 est
463 4080 555 4135 luat
582 4079 732 4149 (Gen.
761 4081 823 4150 ι).
854 4081 935 4134 Ad
971 4080 1407 4139 illuminationem
1431 4084 1657 4140 scientia:
1678 4085 1930 4141 claritatis

364 4169 479 4222 Dei.
502 4165 559 4223 Id
584 4176 687 4232 est,
721 4178 780 4222 ut
809 4171 993 4225 sciatis
1018 4171 1321 4226 claritatem
1351 4174 1488 4242 ejus.
1520 4171 1586 4226 In
1617 4173 1753 4241 facie
1774 4174 1922 4228 Jesu.

361 4256 474 4312 IIoc
502 4265 588 4311 est
613 4257 731 4312 vice
774 4257 900 4313 Jesu
946 4277 959 4312 :
992 4269 1052 4314 ut
1083 4276 1180 4331 pro
1208 4276 1315 4330 quo
1344 4262 1606 4331 legatione
1636 4262 1924 4332 fungimur.

359 4348 412 4403 Il
417 4348 631 4404 abemus
652 4359 825 4405 autem
848 4352 1146 4405 thesaurum
1170 4354 1224 4405 in
1244 4354 1380 4407 vasis
1399 4351 1660 4421 fictilibus.
1691 4352 1927 4407 Thesau-

362 4453 482 4492 rum
512 4440 698 4510 gratim
726 4441 1021 4509 spiritualis
1050 4442 1103 4494 in
1130 4442 1305 4510 fragili
1341 4457 1567 4512 corpore
1596 4442 1924 4513 bajulamus,

358 4527 412 4581 in
448 4543 555 4597 quo
583 4530 745 4583 etiam
776 4545 897 4583 cum
922 4529 1055 4583 alios
1081 4545 1353 4595 sanemus,
1386 4532 1487 4601 ipsi
1531 4532 1815 4600 aliquoties
1844 4534 1925 4586 in-

358 4618 673 4685 firmamur;
706 4629 766 4672 ut
794 4620 937 4689 quod
967 4619 1193 4675 facimus
1221 4636 1328 4674 non
1356 4629 1553 4675 nostra:
1577 4623 1809 4687 virtutis,
1834 4622 1955 4677 sed-

357 4709 452 4765 Dei
481 4727 599 4767 esse
625 4720 901 4767 noscatur.
932 4711 1001 4765 In
1026 4728 1166 4765 vasis
1186 4712 1454 4781 ﬁctilibus.
1478 4713 1592 4769 Hoc
1610 4721 1715 4778 est,
1738 4715 1790 4769 in
1809 4729 1930 4769 cor-

357 4800 579 4867 poribus
606 4799 904 4870 fragilibus.
934 4799 1073 4854 Hinc
1102 4798 1270 4855 Isaias
1297 4800 1429 4857 dicit
1453 4819 1467 4855 :
1497 4803 1765 4857 Absconde
1786 4804 1923 4858 hunc

355 4886 548 4942 librum
587 4889 642 4944 in
670 4906 789 4945 case
816 4888 989 4959 ﬁctili,
1031 4890 1084 4944 id
1135 4900 1238 4955 cst,
1284 4890 1650 4961 Evangelium.
1694 4891 1799 4946 Sed
1826 4909 1931 4946 non

355 4989 782 5049 coangustarnur.
807 4981 1036 5051 Propter
1063 4996 1211 5052 spem
1234 4981 1531 5038 cmlestium
1562 4983 1927 5052 prmmiorum.

353 5065 553 5135 Aporia
582 5069 790 5133 vulnus,
833 5088 1022 5142 angor,
1055 5072 1295 5127 tristitia.
1331 5071 1457 5126 Non
1491 5072 1840 5127 destituimur.
1872 5072 1927 5127 Id

352 5163 457 5222 cst,
504 5156 601 5211 Dei
639 5161 838 5216 auxilio
876 5178 983 5221 non
1027 5163 1349 5218 deserimur.
1396 5160 1778 5216 Humiliamur.
1824 5159 1928 5216 Co-

354 5261 472 5301 ram
501 5249 718 5319 regibus
736 5258 791 5304 et
811 5248 1102 5317 indicibus.
1128 5252 1233 5310 Sed
1259 5269 1362 5307 non
1384 5250 1776 5320 confundimur.
1793 5252 1930 5320 Quia

354 5333 471 5402 ipse
502 5335 738 5407 loquitur
769 5352 868 5408 per
891 5355 1013 5404 nos,
1047 5351 1108 5395 ut
1147 5359 1162 5394 :
1212 5341 1393 5397 Nolite
1431 5351 1614 5411 putare
1635 5342 1928 5411 quomodo,

353 5433 446 5479 aut
476 5427 600 5495 quid
636 5426 924 5499 loquamini
966 5429 1178 5503 (Matth.
1227 5430 1304 5501 ι).
1338 5431 1723 5504 Manifestatur.
1752 5431 1810 5488 In
1841 5447 1930 5487 re-

355 5517 711 5574 surrectione.
746 5521 1204 5592 Marti/icationem
1238 5520 1362 5577 Iesu
1389 5522 1583 5578 Christi
1623 5525 1679 5578 in
1716 5540 1929 5594 corpore

357 5614 534 5659 nostra
578 5606 1014 5667 circumferentes.
1067 5613 1200 5680 Quia
1246 5612 1419 5682 parati
1470 5628 1656 5668 sumus
1714 5627 1929 5684 semper

2034 3181 2309 3229 terrenum
2355 3189 2573 3243 corpus,
2602 3176 2656 3230 in
2679 3190 2785 3245 quo
2811 3177 2867 3231 in
2907 3178 3010 3233 hoc
3040 3179 3235 3234 saeculo
3257 3180 3431 3235 adhuc
3473 3195 3605 3235 cor-

2032 3263 2361 3331 ruptibiliter
2412 3264 2737 3321 habitamus.
2790 3266 2846 3322 Si
2886 3278 3013 3322 ante
3050 3271 3336 3327 adventum
3391 3272 3608 3328 Domini

2031 3352 2115 3407 vel
2142 3352 2502 3423 passionibus,
2534 3355 2619 3409 vel
2647 3357 2955 3412 conditione
2983 3368 3190 3415 naturae
3227 3361 3390 3417 fuerit
3431 3363 3609 3419 disso-

2031 3444 2225 3511 lutum,
2273 3447 2552 3502 cmlestem
2580 3448 3043 3520 incorruptionem
3080 3469 3148 3509 ex
3191 3454 3331 3522 Deo,
3373 3473 3608 3528 corpore

2031 3535 2411 3603 reviviscente,
2430 3552 2724 3594 sumemus.
2742 3538 2950 3594 Etenim
2974 3543 3031 3597 in
3057 3543 3174 3598 hoc.
3206 3544 3264 3599 Id
3293 3556 3378 3601 est
3400 3548 3453 3601 in
3481 3563 3609 3603 cor-

2031 3639 2181 3693 pore.
2208 3624 2620 3696 Ingemiscimus.
2649 3627 2706 3682 Id
2730 3638 2831 3693 est,
2858 3629 3124 3687 desiderio
3141 3631 3348 3690 ﬂemus.
3383 3635 3609 3692 Habita-

2031 3715 2222 3768 tionem
2248 3725 2500 3770 nostram.
2529 3717 2820 3787 Spirituale
2849 3734 3065 3788 corpus.
3096 3721 3228 3787 Quia
3255 3723 3320 3777 de
3348 3724 3476 3779 calo
3497 3735 3601 3781 est.

2032 3800 2090 3858 Id
2115 3812 2217 3871 est,
2248 3821 2412 3875 quam
2458 3807 2511 3861 in
2540 3806 2678 3863 caelo
2721 3808 3058 3865 habebimus.
3091 3809 3149 3865 Si
3192 3819 3368 3868 tamen
3396 3814 3566 3868 vestiti
3585 3853 3607 3883 ,

2032 3909 2136 3946 non
2188 3894 2339 3960 nudi,
2386 3896 2727 3951 inveniemur.
2781 3896 2918 3952 Nam
2956 3899 3059 3954 etsi
3105 3899 3353 3956 volumus
3399 3910 3606 3958 artema

2030 3984 2141 4039 vita
2186 3993 2241 4037 et
2289 3985 2696 4043 immortalitate
2725 3990 2933 4055 vestiri,
2979 3998 3161 4045 tamen
3206 3991 3456 4046 timemus
3496 3991 3607 4050 hac

2029 4072 2142 4126 vita
2190 4072 2400 4126 nudari.
2462 4073 2577 4128 Non
2625 4076 2770 4130 enim
2819 4078 3066 4133 volumus
3107 4094 3228 4134 cum
3273 4079 3494 4145 dolore,
3544 4091 3607 4138 et

2030 4168 2207 4215 morte
2241 4160 2399 4214 istam
2430 4161 2702 4226 amittere,
2724 4164 2827 4217 etsi
2865 4180 2964 4218 nos
2986 4166 3053 4219 ab
3075 4166 3188 4235 ipsa
3220 4168 3426 4236 gravati
3453 4168 3609 4239 inge-

2030 4250 2330 4314 miscimus,
2356 4251 2451 4304 sed
2480 4260 2534 4304 ut
2564 4250 2903 4307 absorbeatur
2928 4256 3067 4325 quod
3089 4257 3308 4311 mortale
3334 4268 3408 4312 est
3437 4276 3471 4312 a
3493 4262 3607 4315 vita

2030 4350 2230 4396 (eterna
2262 4342 2380 4396 sine
2405 4344 2594 4397 mortis
2620 4341 2823 4399 labore.

2099 4429 2180 4484 Eo
2201 4431 2340 4500 quod
2386 4430 2627 4485 nolumus
2670 4432 2971 4499 exspoliari.
3013 4435 3072 4491 Id
3111 4445 3213 4502 est,
3244 4453 3471 4507 corpore
3504 4454 3608 4495 no-

2028 4527 2162 4575 stro.
2208 4519 2315 4576 Sed
2338 4523 2686 4592 supervestiri.
2716 4523 2773 4578 1d
2809 4534 2910 4587 est,
2942 4526 2999 4581 in
3049 4527 3461 4585 immortalitate
3500 4546 3599 4585 stt-
3696 4584 3704 4590 .

2026 4615 2404 4683 perveniente,
2437 4615 2638 4685 absque
2670 4619 3011 4685 separatione
3040 4622 3267 4677 sarcina:
3296 4623 3605 4693 tunicaque
3700 4625 3705 4629 ’

2036 4707 2284 4774 corporis
2311 4707 2504 4762 nostri.
2533 4706 2605 4761 Ut
2627 4709 2968 4764 absorbeatur
2994 4712 3310 4767 mortalitas.
3354 4713 3465 4768 Hoc
3491 4722 3602 4780 est,

2033 4795 2174 4849 sicut
2202 4811 2233 4848 a
2261 4796 2387 4850 vita:
2432 4798 2665 4854 sanitate
2713 4797 3017 4865 inﬁrmitas,
3067 4800 3143 4855 ita
3191 4802 3607 4860 immortalitate

2032 4887 2334 4943 mortalitas
2355 4889 2728 4944 absorbeatur.
2754 4889 2857 4955 Qui
2882 4902 3061 4945 autem
3085 4892 3305 4963 perfecit
3329 4909 3445 4947 nos.
3467 4891 3601 4949 Ideo

2030 4979 2199 5034 Deum
2259 4980 2388 5035 dicit
2431 4981 2533 5036 hoc
2589 4981 2770 5038 facere
2795 5023 2811 5048 ,
2869 4999 2938 5039 ne
2994 4985 3081 5041 cui
3136 4985 3467 5053 impossibiie
3518 4986 3607 5041 vi-

2031 5072 2266 5125 deretur.
2304 5072 2406 5137 Qui
2448 5072 2591 5127 dedit
2636 5075 2782 5130 nobis
2821 5075 3010 5146 pignus
3036 5078 3272 5145 spiritus.
3305 5076 3360 5131 Id
3390 5084 3494 5141 est,
3536 5087 3605 5132 ut

2029 5163 2314 5219 credamus
2357 5164 2748 5221 absorbendam
2790 5180 2913 5223 esse
2947 5167 3352 5222 mortalitatem.
3398 5166 3495 5223 Vel
3536 5177 3607 5223 ut

2030 5254 2286 5319 sciamus,
2322 5255 2449 5321 quia
2478 5256 2737 5325 templum
2777 5258 2861 5313 sui
2902 5258 3126 5328 spiritus
3160 5257 3342 5328 perire
3368 5270 3474 5313 non
3502 5272 3609 5326 pa-

2033 5343 2184 5398 titur.
2216 5343 2630 5417 Peregrinantur
2653 5365 2686 5402 a
2713 5348 2960 5404 Domino.
2991 5348 3129 5415 Quia
3158 5363 3269 5405 non
3287 5350 3474 5405 sanius
3501 5348 3607 5404 ad-

2030 5433 2136 5490 huc
2165 5433 2217 5488 in
2257 5434 2572 5492 bmreditate
2606 5444 2853 5507 pateras.
2883 5437 3152 5493 Audemus
3179 5454 3324 5509 ergo.
3365 5437 3423 5493 Id
3470 5445 3558 5492 est
3584 5477 3602 5502 ,

2029 5539 2251 5594 prorsus
2275 5525 2379 5582 hoc
2409 5528 2669 5585 audenter
2696 5528 2966 5599 eligimus.
3000 5528 3153 5585 Sicut
3180 5530 3311 5585 alibi
3342 5529 3418 5582 ait
3445 5544 3458 5579 :
3489 5524 3606 5581 Cu—

2028 5614 2118 5684 pio
2145 5615 2358 5670 dissolri
2382 5625 2427 5671 et
2457 5634 2567 5674 esse
2604 5635 2722 5672 cum
2752 5616 2961 5673 Christo
2992 5619 3213 5689 (Philip.
3243 5618 3303 5682 ι).
3351 5618 3599 5683 Peregri-
