3982 6198
211 311 301 368 169
1004 302 1023 343 ί
1248 307 1577 363 COLLECT.
1617 307 1686 361 IN
1724 307 1798 361 EF

1899 308 1940 360 r.
1977 307 2022 361 ιι
2061 306 2151 360 Al)
2189 305 2342 361 con.
3340 274 3471 356 17s
3504 300 3517 307 ‘

208 420 320 477 nari
343 419 407 474 de
441 434 682 488 corpore.
735 414 879 471 Bene
922 416 998 470 ait
1024 416 1379 487 peregrinari,
1427 415 1553 485 quia
1602 415 1670 469 ad
1720 415 1772 469 id
1801 423 1851 483 Α
1877 425 2033 469 stum.
2062 414 2196 480 Quia
2223 414 2302 468 eis
2330 411 2755 482 pseudoapostoli
2781 409 3025 479 exempla
3053 417 3293 465 veterum
3322 427 3447 480 pro-

209 525 385 565 sumus
407 508 607 562 iterum
634 506 689 560 in
715 504 1114 560 resurrectione
1135 506 1425 560 reversuri.
1880 503 2173 573 ponebant,
2206 502 2583 579 aitChristum
2622 498 2917 555 carnaliter
2943 516 3067 555 cum
3096 499 3296 557 Judteis
3333 502 3448 557 cir-

278 599 398 654 ldeo
420 596 805 652 contendimus.
836 592 957 650 lam
984 595 1141 650 modo
1169 596 1304 650 tales
1327 610 1447 652 esse
1472 603 1594 651 actu
1622 610 1784 650 cona-

213 706 347 753 mur,
360 686 552 758 quales
566 685 735 739 futuri
749 698 936 739 sumus
947 685 999 739 in
1013 699 1202 756 regno,
1215 693 1406 739 natura
1419 686 1784 756 incorporales

217 780 325 834 sine
358 776 523 831 dubio
555 779 612 829 et
650 772 899 844 perfecti.
934 773 1202 828 Absentes.
1232 773 1289 828 ld
1318 782 1422 839 est,
1449 775 1503 828 in
1530 774 1784 845 praesenti

219 868 341 923 vita.
384 864 506 921 Siue
527 872 834 935 prasentes.
859 862 917 916 In
942 859 1125 916 futura
1144 861 1497 928 beatitudine,
1526 870 1586 915 ut
1612 877 1627 915 :
1657 859 1786 916 Pla-

218 955 333 1010 cebo
368 953 592 1007 Domino
618 949 677 1003 in
721 950 931 1021 regione
972 950 1204 1004 vivorum
1255 936 1431 1022 (Rom.
1478 948 1616 1020 11v).
1653 951 1787 1006 Ante

222 1045 442 1102 tribunal
482 1044 699 1099 Christi.
728 1042 836 1097 Pro
863 1042 1235 1112 magnitudine
1261 1043 1517 1112 potentia:
1551 1042 1813 1098 sedentis

221 1133 526 1205 magnitudo
566 1130 855 1187 tribunalis
907 1137 965 1184 et
1015 1139 1194 1185 terror
1230 1127 1423 1199 iudicii
1470 1132 1784 1193 aestimanda

222 1234 355 1281 sunt.
386 1224 623 1281 Scientes
653 1238 798 1294 ergo.
852 1220 1097 1277 Scientes
1124 1229 1359 1291 quantus
1387 1230 1561 1278 metus
1598 1222 1671 1277 sit
1706 1222 1786 1278 di-

222 1317 323 1371 vini
361 1315 578 1385 iudicii,
608 1313 921 1369 hominibus
958 1312 1246 1368 suademus
1292 1322 1354 1368 ut
1392 1323 1638 1368 caveant.
1672 1313 1785 1369 Deo

224 1416 383 1461 autem
411 1405 680 1475 manifesti
704 1419 907 1458 sumus.
944 1401 1002 1458 Si
1040 1419 1148 1459 non
1175 1411 1232 1459 et
1270 1419 1370 1460 nos
1398 1403 1782 1470 formidamus,

224 1493 301 1549 vel
326 1509 432 1563 qua
472 1508 636 1549 causa
667 1494 979 1548 suademus.
1019 1491 1390 1562 Hanifestatos
1417 1510 1547 1548 esse.
1574 1493 1632 1548 Id
1669 1502 1785 1560 est,

222 1582 489 1652 probatos.
520 1580 803 1637 Cloriandi
823 1598 917 1653 pro
947 1581 1115 1637 nobis.
1140 1581 1340 1638 Contra
1365 1585 1789 1655 pseudoaposto-

226 1672 318 1736 los,
343 1671 434 1741 qui
461 1673 546 1726 eis
584 1672 766 1741 primo
796 1686 897 1741 per
926 1671 1315 1728 detractionem
1360 1673 1542 1727 odium
1568 1684 1786 1743 aposto-

1882 592 2182 646 cumcisum
2227 592 2408 646 omnia
2461 591 2789 654 celebrasse,
2840 590 2934 646 sed
2959 588 3239 659 nunciam
3283 591 3447 646 istam

1883 696 1991 735 non
2019 682 2287 747 novimus,
2319 682 2447 751 quia
2474 687 2598 751 post
2623 680 3080 737 resurrectionem
3109 680 3314 738 Christi
3342 681 3450 737 No-

1882 786 2009 827 vum
2039 780 2125 829 est
2155 773 2580 828 Testamentum.
2615 771 2788 829 Aliter
2830 788 2844 827 :
2886 773 3001 829 Etsi
3043 781 3171 828 ante
3209 788 3452 829 resurre-

1883 862 2120 917 ctionem
2149 863 2444 918 secundum
2492 863 2765 919 carnalem
2811 862 3159 936 fragilitatem
3203 870 3258 919 et
3304 864 3449 919 indi-

1882 952 2118 1023 gentiam
2151 951 2400 1008 Christus
2418 953 2649 1019 vixerat,
2680 962 2860 1009 tamen
2889 962 3013 1025 post
3046 954 3271 1027 gloriam
3308 955 3452 1011 illius

1884 1041 2319 1107 resurrectionis,
2350 1042 2484 1097 nihil
2534 1042 2920 1098 imbecillitatis
2964 1042 3019 1098 in
3049 1058 3114 1098 eo
3143 1050 3253 1099 est.
3303 1043 3454 1098 Nora

1883 1141 2145 1185 creatura.
2176 1132 2235 1187 id
2261 1140 2365 1193 est,
2395 1132 2640 1188 Ecclesia
2665 1149 2764 1205 per
2799 1134 3119 1205 sanguinem
3148 1133 3356 1189 Christi
3376 1149 3457 1189 re-

1884 1231 2102 1277 novata.
2143 1223 2250 1279 Aut
2283 1224 2328 1278 si
2352 1225 2480 1294 quis
2501 1225 2676 1280 credit
2700 1225 2754 1279 in
2772 1224 3013 1291 Christo,
3045 1241 3184 1281 nova
3208 1231 3293 1282 est
3312 1239 3458 1281 crea-

1884 1320 2028 1378 tura,
2041 1326 2140 1382 per
2161 1320 2557 1368 sacramentum
2578 1315 2924 1383 baptismatis
2943 1326 3222 1371 renovata.
3251 1314 3332 1371 Ac
3351 1316 3458 1371 sic-

1884 1410 1947 1457 ut
1959 1402 2200 1455 novitate
2213 1401 2337 1455 vita:
2360 1401 2662 1472 intelligens
2676 1415 2860 1459 vetera
2876 1420 2975 1460 suo
2997 1414 3241 1475 tempore
3267 1405 3459 1459 defun-

1886 1497 1973 1544 cta
2003 1487 2188 1555 fuisse,
2229 1490 2304 1543 ita
2353 1491 2514 1547 modo
2556 1506 2695 1547 novo
2738 1506 2890 1549 more
2932 1493 3244 1560 vivendum,
3291 1495 3457 1549 vitam

1889 1580 2141 1646 transire,
2166 1589 2449 1649 peccatum
2478 1581 2729 1637 videlicet
2752 1582 2882 1639 Adae
2907 1589 2963 1637 et
2987 1591 3143 1638 vetns
3171 1583 3280 1638 lex.

1959 1668 2153 1724 Omnia
2181 1687 2334 1726 nova.
2365 1671 2423 1726 Id
2467 1679 2574 1738 est,
2601 1673 2905 1742 evangelia,
2937 1674 3192 1730 mandata
3246 1681 3304 1730 et
3349 1675 3460 1729 vita

223 1765 389 1819 lorum
414 1761 673 1818 volebant
710 1762 969 1817 inserere.
1003 1760 1070 1815 Ut
1097 1763 1332 1817 habeatis
1352 1780 1460 1818 vos.
1493 1761 1564 1818 Ut
1604 1763 1789 1819 sciatis
1816 1771 1862 1830 Β
1891 1776 2028 1816 nova
2065 1762 2121 1819 in
2159 1760 2379 1819 Christo
2414 1762 2710 1819 secundum
2761 1778 2960 1833 corpus
2986 1770 3052 1818 et
3076 1764 3325 1821 animam
3351 1800 3368 1831 ,
3406 1776 3462 1820 et

225 1853 344 1923 quid
387 1852 720 1921 respondere
766 1851 1011 1907 debeatis
1049 1859 1240 1907 contra
1287 1852 1784 1923 pseudoapostolos.

226 1942 323 2008 Qui
347 1943 403 1996 in
428 1942 643 2012 faciem.
674 1941 776 2009 Qui
809 1942 865 1996 in
900 1940 1188 2011 superﬁcie
1219 1949 1430 1997 tantum
1459 1951 1515 1997 et
1544 1944 1598 1997 in
1625 1943 1795 2015 hypo-

224 2032 362 2098 crisi,
391 2047 504 2086 non
551 2032 607 2086 in
659 2047 795 2102 pura
837 2032 1189 2097 conscientia,
1240 2046 1341 2087 nec
1381 2032 1435 2087 in
1464 2032 1665 2089 virtute
1697 2034 1791 2089 Dei

225 2140 333 2183 sese
351 2126 584 2195 iactant.
602 2125 724 2181 Sive
735 2143 857 2197 ergo
883 2137 1051 2181 mente
1064 2126 1361 2183 excedimus
1386 2127 1517 2183 Deo.
1555 2127 1795 2200 Evange-

225 2217 346 2272 lium
358 2217 496 2272 dicit
525 2234 539 2271 :
562 2216 819 2271 Videbitis
835 2214 1016 2271 aulum
1038 2228 1296 2288 apertum,
1312 2226 1359 2272 et
1379 2217 1590 2289 angelos
1615 2235 1794 2273 ascen-

226 2308 397 2362 dentes
421 2318 473 2362 et
500 2308 871 2362 descendentes
890 2323 1048 2378 super
1068 2305 1270 2362 Filium
1308 2308 1554 2364 hominis.
1586 2308 1724 2365 Audi
1741 2310 1794 2364 in

225 2415 323 2456 uno
340 2399 463 2455 loco
483 2399 659 2470 ipsum
672 2398 974 2469 apostolum
996 2399 1372 2455 ascendentem
1395 2408 1450 2454 et
1469 2398 1798 2456 descenden-

230 2499 330 2545 tem
350 2491 406 2544 in
427 2504 539 2545 una
555 2490 848 2545 sententia.
884 2487 1004 2545 Sive
1015 2490 1170 2555 enim,
1189 2489 1364 2561 inquit
1377 2533 1392 2557 ,
1404 2499 1576 2546 mente
1589 2492 1796 2546 excedi-

228 2597 335 2635 stus
356 2580 488 2645 Deo,
506 2580 615 2634 sive
628 2588 971 2649 temperantes
985 2592 1165 2635 sumus
1178 2580 1337 2635 vobis.
1352 2580 1489 2648 Quid
1508 2588 1612 2647 est,
1630 2591 1800 2635 mente

229 2670 542 2738 assedimus,
569 2678 632 2724 ιιι
664 2669 755 2725 illa
778 2670 1057 2726 videamus
1079 2684 1200 2740 qum
1227 2685 1336 2725 non
1360 2670 1491 2726 licet
1514 2677 1569 2725 et
1589 2671 1800 2726 homini

232 2760 414 2832 loqui?
467 2761 609 2830 Quid
647 2770 751 2827 est,
806 2763 952 2831 quod
1000 2769 1342 2833 temperantes
1390 2780 1571 2818 sumus
1620 2762 1802 2819 vobis?

238 2849 485 2922 Nunquid
523 2852 766 2923 iudicavi
813 2852 947 2906 scire
997 2866 1079 2907 me
1125 2852 1327 2925 aliquid
1371 2855 1510 2909 inter
1549 2870 1659 2922 eos,
1698 2855 1801 2911 nisi

235 2940 493 2997 Christum
518 2942 725 3007 Iesum,
774 2951 825 2997 et
853 2944 990 2998 hunc
1020 2944 1371 3013 cruciﬁxum?
1409 2944 1467 3000 Si
1496 2945 1612 3017 ipse
1654 2946 1803 3004 enim

235 3031 483 3087 Dominus
554 3031 801 3087 ascendit
851 3041 906 3088 et
951 3033 1264 3099 descendit,
1314 3034 1660 3093 manifestum
1718 3043 1807 3096 est

1892 1852 2158 1928 spiritum,
2189 1860 2245 1907 et
2266 1862 2528 1909 mentem.
2562 1852 2784 1909 Gratias
2811 1862 2991 1911 autem
3016 1855 3149 1922 Deo,
3180 1870 3304 1911 cum
3346 1871 3461 1911 non

1891 1956 1924 1996 a
1949 1941 2109 1998 nobis
2143 1943 2214 1998 sit
2239 1943 2343 1999 hoc
2371 1951 2482 1999 tam
2519 1959 2773 2016 magnum
2832 1945 3176 2003 beneﬁcium.
3216 1946 3461 2003 Ministe-

1892 2033 2029 2088 rium
2054 2034 2515 2092 reconciliationis.
2543 2036 2603 2093 Id
2627 2046 2712 2094 est
2732 2052 2886 2107 opus,
2915 2037 3001 2093 vel
3037 2038 3270 2095 ollicium
3289 2053 3464 2095 cvan-

1892 2124 2181 2195 gelizandi.
2233 2124 2496 2191 Quoniam
2542 2127 2685 2183 Deus
2735 2139 2849 2184 erat
2894 2130 2952 2184 in
2988 2129 3217 2186 Christo.
3268 2131 3465 2187 Tribus

1894 2217 2069 2273 modis
2097 2218 2240 2275 Deus
2280 2228 2401 2274 erat
2439 2221 2495 2275 in
2529 2221 2768 2278 Christo.
2796 2222 3011 2293 Primo,
3054 2228 3355 2282 secundum
3379 2227 3463 2280 in-

1894 2307 2163 2364 ﬁnitatem
2209 2310 2387 2365 omnis
2438 2319 2720 2377 creaturae,
2780 2315 2923 2383 quod
2980 2315 3182 2386 ubique
3206 2325 3313 2383 est,
3341 2324 3402 2371 ut
3449 2334 3463 2369 :

1900 2396 2091 2453 Nonne
2123 2415 2217 2469 ego
2242 2399 2431 2469 impleo
2450 2400 2642 2454 calum
2665 2411 2714 2456 et
2739 2405 2973 2459 terram?
2998 2404 3281 2462 anutem
3305 2406 3467 2461 modo
3501 2389 3513 2398 ’

1897 2498 1983 2547 est
2030 2490 2175 2546 Deus
2226 2491 2393 2546 etiam
2434 2493 2493 2547 in
2541 2494 2939 2561 peccatoribus.
2993 2496 3260 2561 Secundo,
3310 2497 3466 2567 iuxta

1898 2578 2382 2635 sanctiﬁcationem
2422 2587 2478 2634 et
2504 2582 2832 2650 peculiarem
2873 2584 3323 2640 inhabitationcm
3359 2600 3465 2654 qua

1900 2668 1956 2725 in
1996 2669 2202 2725 sanctis
2230 2678 2334 2734 est,
2361 2679 2422 2725 ut
2455 2680 2540 2726 est
2565 2669 2735 2726 illud:
2766 2671 3079 2728 Inhabt'tabo
3102 2676 3159 2728 in
3182 2675 3277 2740 eis,
3309 2684 3357 2729 et
3379 2676 3468 2729 in-

1899 2768 1982 2815 ter
2023 2776 2113 2815 eos
2142 2761 2441 2817 ambulatve.
2490 2761 2694 2827 Tertio,
2732 2763 3030 2819 secundum
3080 2764 3468 2835 plenitudinem

1905 2851 2226 2917 divinitatis,
2260 2851 2406 2921 quod
2446 2849 2663 2908 Christo
2687 2852 2962 2924 sigiﬂatim
3000 2855 3275 2918 convenit,
3312 2853 3467 2925 iuxta

1905 2938 2035 2995 illud
2062 2941 2205 3009 quod
2228 2940 2288 2995 in
2310 2941 2424 3010 ipso
2453 2940 2654 2995 habitat
2678 2943 2848 2997 omnis
2886 2941 3154 3013 plenitudo
3179 2942 3470 2999 divinitatis

1906 3031 2267 3102 corporaliter.
2297 3030 2572 3102 Tanquam
2616 3031 2727 3087 Deo
2775 3034 3099 3089 exhortante.
3131 3034 3189 3090 Id
3221 3042 3322 3100 est,
3360 3051 3469 3091 non

239 3125 372 3194 quod
421 3131 480 3179 et
521 3125 912 3195 praedicatores
956 3125 1127 3196 ipsius
1173 3124 1471 3181 ascenth
1517 3127 1575 3182 in
1603 3126 1800 3184 illumi-
1826 3122 1871 3185 C
1904 3133 1972 3175 ει
2012 3120 2172 3181 nobis
2203 3120 2497 3192 loquimur,
2526 3121 2624 3177 sed
2646 3135 2713 3176 ex
2742 3122 2872 3178 Deo.
2900 3123 3033 3178 Cum
3065 3126 3156 3196 qui
3184 3140 3289 3179 non
3316 3142 3470 3181 nore-

237 3216 463 3280 nstionc,
494 3214 830 3270 descendunt
855 3214 910 3269 in
938 3215 1342 3284 praedicatione.
1372 3214 1608 3272 Verbum
1635 3226 1804 3273 ecsta-

238 3306 302 3360 sis
344 3304 559 3372 Graec,
606 3304 798 3360 Latine
841 3314 1103 3374 quantum
1151 3306 1310 3361 datur
1347 3306 1596 3379 intelligi,
1632 3310 1803 3365 verbo

238 3412 336 3453 uno
362 3399 563 3469 exponi
610 3406 809 3468 potest,
857 3397 902 3453 si
933 3399 1144 3454 dicatur
1184 3414 1449 3454 excessus.
1490 3400 1548 3455 In
1574 3415 1802 3456 excessu

240 3503 356 3545 vero
390 3490 594 3545 mentis
613 3490 722 3545 duo
743 3486 1143 3560 intelliguntur,
1173 3496 1267 3544 aut
1290 3504 1482 3560 pavor,
1510 3498 1602 3545 aut
1626 3490 1804 3546 inten-

238 3579 307 3632 tio
339 3581 407 3635 ad
455 3594 692 3650 superna
718 3619 734 3645 ,
774 3580 849 3634 ita
890 3586 952 3634 ut
984 3580 1391 3649 quodammodo
1427 3578 1497 3635 de
1543 3582 1803 3636 memoria

239 3667 484 3726 hhantnr
519 3671 750 3727 inferna.
782 3673 840 3729 In
870 3674 974 3729 hac
998 3674 1195 3731 ecstasi
1221 3673 1442 3731 fuerunt
1465 3690 1656 3731 omnes
1679 3678 1804 3731 san-‘-

240 3761 326 3825 cti,
364 3762 566 3832 quibus
593 3778 792 3818 arcana
817 3762 1030 3819 Domini
1059 3766 1318 3820 mundum
1348 3766 1509 3820 istum
1536 3765 1805 3821 excellen-

242 3850 308 3904 tia
331 3852 570 3907 revelata
594 3862 739 3909 sunt.
774 3848 887 3909 Hoc
913 3870 1045 3925 ergo
1069 3856 1164 3919 ait,
1190 3857 1296 3910 sive
1319 3865 1489 3910 mente
1505 3855 1804 3910 excedimtts

225 3939 363 4006 Deo,
406 3944 461 3997 id
487 3952 604 4008 est,
630 3944 699 3998 ad
737 3945 1143 4001 meditationem
1190 3946 1307 4001 Dei.
1349 3944 1445 4001 Ille
1489 3945 1633 4000 enim
1659 3944 1806 4000 videt

238 4030 377 4100 quod
406 4032 652 4087 videmus
687 4033 743 4087 in
770 4036 967 4090 mentis
1003 4049 1263 4102 excessu;
1298 4034 1389 4092 ille
1424 4036 1572 4090 solus
1600 4033 1806 4090 revelat

239 4132 445 4178 secreta
490 4138 611 4189 sua,
648 4124 844 4196 quippe
873 4127 977 4181 hoc
1013 4126 1101 4182 ille
1128 4127 1387 4197 loquitur,
1428 4128 1520 4197 qui
1570 4140 1629 4181 se
1672 4126 1803 4181 dicit

235 4212 515 4284 abreptum
540 4228 686 4279 esse,
707 4222 757 4269 et
779 4215 1014 4270 ablatum
1042 4230 1213 4285 usque
1243 4215 1310 4270 ad
1335 4216 1554 4271 tertium
1580 4214 1799 4278 calum,

236 4308 287 4353 et
313 4302 531 4357 audisse
556 4300 849 4357 ineffabilia
869 4305 1055 4371 verba,
1078 4320 1199 4375 qua:
1222 4320 1330 4361 non
1353 4305 1479 4361 licet
1498 4304 1805 4360 hominibus

236 4389 397 4460 loqui.
429 4392 639 4448 Tantus
663 4404 843 4448 autem
880 4393 982 4450 fuit
1020 4395 1110 4450 ille
1154 4396 1354 4452 mentis
1390 4410 1671 4461 excessus,
1697 4396 1801 4450 sive

1902 3220 1987 3266 rat
2020 3220 2309 3283 peccatum.
2351 3212 2466 3269 Hoc
2505 3222 2608 3278 est,
2639 3212 2801 3271 Pater
2833 3230 2934 3286 pro
2967 3217 3125 3273 nobis
3148 3217 3426 3274 Christum
3450 3261 3468 3285 ,

1902 3300 1994 3371 qui
2014 3302 2622 3370 peccatumnesciebat,
2646 3301 2934 3359 Peccatum
2974 3305 3116 3375 facit.
3148 3307 3288 3376 Quia
3330 3311 3468 3366 sicut

1901 3393 2078 3451 hostia
2104 3407 2214 3463 pro
2242 3401 2476 3462 peccato
2514 3394 2696 3449 oblata
2742 3405 3027 3466 peccatum
3072 3399 3372 3455 vocabatur
3413 3402 3470 3454 in

1902 3484 2053 3553 lege,
2084 3485 2229 3540 sicut
2273 3484 2329 3539 in
2371 3484 2615 3540 Leuitico
2660 3486 2922 3556 scriptum
2966 3495 3097 3542 est:
3145 3488 3216 3540 Et
3242 3488 3468 3557 imponet

1901 3588 2118 3629 manum
2140 3589 2300 3644 super
2326 3582 2480 3643 caput
2498 3575 2700 3644 peccati
2739 3577 2843 3639 sui,
2888 3575 2965 3629 ita
2994 3583 3051 3630 et
3079 3575 3332 3630 Christus
3369 3591 3470 3645 pro

1901 3664 2143 3732 peccatis
2164 3664 2370 3719 nostris
2394 3665 2628 3730 oblatus,
2644 3666 2863 3734 peccati
2890 3680 3086 3720 nomen
3133 3667 3361 3735 accepit.
3399 3665 3443 3719 (ἴ
3449 3678 3470 3719 ι

1902 3774 1996 3812 nos
2020 3772 2251 3813 essemus
2264 3759 2477 3827 iustitia
2502 3759 2621 3812 Dei.
2653 3758 2769 3812 Non
2794 3766 3004 3825 nostra,
3028 3773 3144 3814 non
3188 3760 3243 3815 in
3272 3762 3429 3817 nobis
3453 3803 3467 3825 .

1903 3845 2216 3916 sedinipso,
2234 3847 2404 3911 idest,
2429 3847 2487 3901 in
2499 3845 2738 3912 Christo,
2762 3847 3169 3916 quasimomhra
3186 3850 3242 3904 in
3263 3852 3463 3921 capite.

2507 3952 2735 4012 CAPUT
2770 3954 2856 4012 Vl.

1971 4026 2312 4098 Adjusantes.
2338 4027 2398 4082 id
2417 4035 2524 4092 est,
2536 4027 2803 4096 exemplo.
2821 4028 2890 4081 Et
2912 4028 3263 4084 obsecramus.
3282 4027 3341 4085 Id
3357 4038 3462 4087 est.

1902 4114 2069 4173 verbo
2094 4118 2371 4177 doctrinas.
2393 4115 2636 4172 Gratiam
2656 4116 2777 4172 Dei.
2805 4117 3194 4190 Indulgean
3217 4128 3471 4191 peccato-

1904 4222 2024 4261 rum
2041 4207 2394 4278 in-baptismo.
2415 4207 2664 4278 Tempore
2679 4210 2839 4275 enim,
2851 4210 3038 4280 inquit.
3052 4208 3205 4267 Sicut
3218 4211 3363 4268 Deus
3375 4213 3475 4268 Pa-

1904 4305 1987 4351 ter
1999 4311 2097 4368 per
2108 4299 2301 4353 Isaiam
2318 4296 2416 4366 (Is.
2431 4297 2674 4370 sums).
2689 4299 3009 4371 Acceptabili
3026 4310 3273 4373 tmpore.
3286 4304 3343 4358 Id
3364 4315 3486 4363 εει.⁴

1904 4386 2040 4443 Novi
2065 4387 2415 4444 Testamenti.
2445 4388 2710 4443 Exaudivi
2736 4398 2804 4443 te.
2831 4388 2914 4445 Ad
2932 4385 3209 4446 Christum
3246 4391 3471 4463 eiusque

235 4478 287 4532 in
322 4496 563 4550 corpore,
620 4484 724 4537 sive
766 4492 916 4538 extra
973 4501 1197 4556 corpus,
1239 4486 1447 4551 nescio,
1502 4484 1638 4539 Deus
1684 4484 1799 4538 scit.
1830 4470 1882 4530 D
1906 4477 2202 4532 Ecclesium
2227 4479 2330 4534 hoc
2358 4479 2572 4533 dicitur.
2616 4479 2754 4534 Ecce
2771 4495 2911 4534 nunc
2939 4480 3051 4536 dies
3075 4480 3284 4537 salutis.
3315 4482 3468 4538 Nunc

236 4564 483 4624 Charitas
530 4572 672 4625 enim
702 4572 899 4628 Christi
938 4584 1087 4646 urget
1126 4591 1250 4641 nos,
1286 4576 1585 4632 ascendere
1624 4583 1805 4631 mente

236 4659 303 4712 ad
327 4661 544 4727 ctutum,
587 4670 643 4716 et
670 4663 996 4719 descendere
1041 4665 1111 4720 ad
1151 4672 1349 4719 terram
1399 4665 1467 4721 ad
1506 4665 1800 4734 proximos.

239 4747 306 4805 Ut
329 4762 378 4805 et
406 4754 498 4823 qui
525 4754 723 4808 uiuunt.
752 4754 815 4809 Ei
845 4755 1104 4812 debemus
1136 4757 1302 4812 vitam
1328 4765 1589 4822 nostram,
1627 4756 1719 4825 qui
1745 4757 1806 4810 il-

234 4838 340 4893 lam
364 4841 422 4895 in
448 4842 702 4897 omnibus
724 4857 822 4898 sua
851 4852 1025 4898 morte
1051 4846 1305 4900 servavit.
1330 4845 1389 4901 Si
1418 4846 1539 4916 quis
1566 4860 1695 4915 ergo
1717 4860 1807 4915 po-

236 4930 342 4986 tius
366 4947 527 4988 suam
555 4946 721 5002 quam
745 4933 841 4989 Dei
870 4934 1201 4992 voluntatem
1226 4936 1385 5004 facit,
1416 4936 1517 4992 sibi
1544 4937 1711 5001 vivit,
1753 4944 1809 4991 ct

236 5037 340 5077 non
367 5024 468 5078 illi.

302 5112 407 5178 Qui
436 5122 678 5169 mortuus
698 5126 795 5181 est,
823 5127 874 5171 et
903 5121 1204 5174 resurrexit.
1228 5120 1458 5192 Propter
1480 5120 1805 5176 calumniam

232 5216 448 5273 semper
480 5206 645 5260 morti
688 5209 1144 5265 resurrectionem
1182 5209 1445 5280 adiungit.
1476 5208 1667 5282 Itaque
1710 5225 1807 5264 nos

230 5306 294 5345 ex
318 5292 422 5347 hoc
450 5293 713 5348 neminem
732 5298 971 5352 nouimus
997 5299 1283 5354 secundum
1309 5315 1543 5354 carnem.
1588 5298 1647 5355 Id
1688 5308 1772 5355 est
1788 5340 1803 5366 ,

230 5380 353 5435 ὼε
388 5382 644 5438 Christus
666 5398 770 5455 pro
794 5386 953 5442 nobis
978 5397 1224 5445 mortuus
1249 5397 1334 5445 est
1366 5390 1660 5445 secundum
1680 5405 1807 5445 car-

231 5483 372 5537 Iun,
397 5472 456 5527 id
483 5480 594 5540 est,
620 5473 916 5530 carnaliter
938 5478 1229 5543 viventem,
1262 5478 1348 5534 vel
1374 5478 1671 5534 secundum
1712 5481 1809 5535 ob-

230 5566 567 5622 servationes
592 5568 798 5623 veteris
826 5567 964 5639 legis
993 5569 1046 5623 in
1080 5570 1316 5627 sabbatis
1338 5578 1393 5626 et
1417 5571 1732 5637 neomcniis,
1756 5579 1811 5625 et

1904 4578 2085 4624 autem
2108 4570 2282 4625 dicit:
2320 4570 2491 4625 Nemo
2516 4572 2654 4627 civim
2677 4573 2734 4627 in
2772 4571 2980 4642 inferno
3000 4573 3333 4642 conﬁtebitur
3348 4576 3467 4629 tibi.

1978 4655 2189 4713 Nemini
2212 4659 2398 4713 dantes
2416 4658 2583 4713 ullam
2608 4660 3037 4730 ofensioncnald
3062 4670 3169 4727 est,
3194 4663 3463 4719 neminem

1906 4749 2047 4803 malo
2070 4748 2315 4819 exornplo
2335 4748 2612 4805 laedentes.
2646 4749 2738 4805 Sic
2764 4752 2910 4806 enim
2935 4767 3043 4807 non
3071 4750 3493 4821 vituperabitur.

1906 4840 2263 4894 ministerium
2296 4840 2691 4909 praedicationis
2733 4851 2949 4897 nostra.
2982 4841 3132 4898 Sicut
3165 4842 3264 4895 Dei
3312 4841 3471 4894 mini-

1907 4930 2022 4983 stri.
2068 4929 2165 4984 Dei
2196 4929 2431 4984 ministri
2461 4930 2658 4986 debent
2698 4940 2860 5001 prout
2874 4930 3273 5001 ,possibileest,
3305 4930 3473 4986 Deum

1908 5019 2134 5075 imitari.
2201 5020 2268 5075 In
2316 5022 2728 5076 necessitatibus.
2783 5020 2888 5076 Per
2939 5020 3179 5091 aliquam
3237 5020 3346 5076 vim
3410 5022 3476 5075 lt-

1907 5110 2051 5165 latis.
2084 5109 2151 5164 In
2191 5112 2469 5181 angustiis.
2500 5111 2761 5181 Augustin
2800 5119 2885 5165 est
2932 5111 3110 5166 omnis
3133 5112 3364 5183 egentia.
3405 5110 3473 5166 In

1907 5201 2241 5258 Isocratiam.
2284 5203 2346 5258 Id
2372 5211 2475 5269 est,
2513 5203 2897 5257 membrorum.
2929 5200 3004 5255 In
3035 5200 3321 5258 laboribus.
3358 5200 3471 5259 Seu

1908 5304 2187 5357 manuum,
2219 5293 2334 5347 sive
2361 5293 2468 5347 huc
2488 5300 2544 5346 et
2572 5292 2696 5345 illuc
2720 5290 3082 5348 discursuum.
3113 5292 3182 5348 In
3210 5292 3469 5349 castitate.

1909 5381 2164 5453 Corporis
2208 5398 2274 5438 ac
2315 5384 2530 5439 mentis.
2567 5382 2637 5439 In
2662 5383 2900 5438 scientia.
2940 5383 3360 5456 Seripturarum.
3406 5380 3475 5438 In

1910 5474 2321 5545 langanimitate.
2360 5475 2421 5528 In
2451 5474 2770 5529 sustinentia
2803 5474 2982 5548 longa.
3012 5476 3083 5530 In
3117 5474 3316 5548 Spiritu
3352 5491 3478 5532 san-

1912 5579 2013 5621 cto.
2045 5569 2181 5622 Dum
2210 5566 2400 5635 dignos
2442 5580 2540 5620 nos
2568 5566 2685 5635 eius
2730 5567 3041 5624 habitacula
3083 5580 3474 5638 praeparemus.

234 5654 472 5727 reliquis.
514 5657 587 5713 Et
620 5660 698 5713 sic
732 5660 1068 5730 cognouimus
1090 5664 1377 5716 secundum
1414 5678 1629 5716 tantum
1660 5660 1837 5717 Cliti-1
1917 5659 1981 5712 In
2016 5659 2271 5712 (Itat‘itate
2295 5672 2395 5709 non
2416 5656 2560 5724 ﬁcta.
2599 5657 2773 5713 Verbo
2799 5673 2904 5713 non
2926 5665 3142 5715 tantum
3170 5657 3473 5729 diligentes,

631 5752 909 5813 Parant.
956 5750 1118 5812 Clll.

2986 5753 3033 5808 ‘6
