3982 6198
526 255 619 312 171

1930 265 2194 319 ειςουωι
2234 265 2426 322 εευιι
3652 276 3732 331 1ῖᾶ

521 374 616 427 sed
643 388 804 442 opere
831 383 885 428 et
910 375 1152 430 veritate.
1185 375 1250 429 In
1279 378 1464 429 virtute
1491 375 1605 429 Dei.
1641 376 1756 430 Non
1788 386 1969 430 nostra
2004 375 2082 428 fa-
2113 379 2161 434 Λ
2188 377 2326 430 mine
2356 379 2636 447 prophetat,
2666 387 2768 432 etc.
2802 379 2943 450 (Gal.
2974 380 3050 449 v).
3077 380 3404 434 Dilatamini.
3435 381 3489 435 lJ
3518 394 3618 448 est,
3641 387 3731 442 lato
3777 437 3782 442 .

521 467 740 530 cultate,
783 467 874 521 sed
906 467 1104 520 auxilio
1133 467 1247 521 Dei.
1291 466 1397 520 Per
1421 484 1570 520 arma
1589 467 1836 536 justitiaz.
1866 467 1994 533 Quae
2017 468 2085 520 ad

518 555 780 625 Ephesios
825 557 1102 623 describit,
1129 573 1250 627 quae
1279 568 1423 623 sum,
1460 558 1624 613 lorica
1664 558 1908 626 justitize,
1962 559 2082 613 ﬁdei

516 655 748 709 scutum,
783 661 916 700 zona
945 648 1313 713 continentiae,
1338 649 1560 704 calceati
1589 649 1751 718 pedes
1781 651 1835 704 in
1870 665 2081 719 pra-pa-

513 737 724 791 ratione
748 739 1009 809 evangelii
1036 740 1216 808 pacis,
1247 741 1399 810 galea
1429 741 1639 806 salutis,
1670 743 1906 812 gladium
1930 742 2080 796 verbi

514 827 627 880 Dei.
678 827 722 878 Α
751 827 947 882 dextris
977 839 1023 882 et
1053 847 1085 883 a
1116 831 1363 886 sinistris.
1396 831 1510 888 Hoc
1539 841 1652 898 est,
1702 849 1771 888 ne
1803 833 2080 904 prosperis

511 916 802 985 elevemur,
840 935 907 973 ne
942 917 1254 988 frangamur
1279 922 1539 976 adversis.
1570 921 1674 976 Per
1689 922 1932 992 gloriam.
1960 923 2080 978 Vir-

510 1016 683 1061 tutum
731 1023 760 1062 a
812 1010 939 1064 Deo.
971 1009 1042 1064 Et
1085 1011 1482 1080 ignobilitatem.
1535 1013 1591 1067 ld
1635 1022 1737 1078 est,
1773 1028 2074 1068 carcerum.

511 1096 617 1152 Per
641 1098 936 1168 infamiam.
969 1099 1103 1154 Cum
1128 1101 1569 1171 blasphemamur
1597 1104 1664 1158 ab
1710 1104 1964 1158 inimicis.
2007 1103 2077 1156 Et

508 1188 695 1244 bonam
721 1189 938 1260 famam.
967 1190 1100 1247 Cum
1124 1193 1404 1248 laudamur
1431 1195 1498 1248 ab
1513 1194 1700 1249 amicis
1730 1204 1784 1250 et
1805 1194 2072 1250 ﬁdelibus.

509 1308 531 1354 ί
578 1301 646 1357 Ut
679 1305 976 1358 seductores
1007 1314 1054 1359 et
1082 1322 1305 1360 veraces.
1340 1305 1452 1360 Hoc
1480 1315 1583 1370 est,
1615 1309 1683 1362 ab
1742 1308 1860 1362 aliis
1899 1316 1961 1361 ut
1985 1322 2076 1360 ve-

506 1407 660 1447 races
687 1392 986 1458 laudamur,
1019 1402 1078 1447 ut
1102 1395 1414 1448 seductores
1441 1396 1507 1449 ab
1539 1396 1660 1449 aliis
1699 1395 2027 1450 infamamur
2057 1414 2069 1448 :

505 1499 626 1552 quae
671 1485 851 1538 omnia
894 1485 1177 1553 :equaliter
1232 1484 1479 1549 ferimus,
1514 1501 1612 1540 nec
1662 1487 1926 1540 extollunt
1973 1502 2073 1541 nos

501 1573 786 1629 laudantes
813 1589 913 1628 nec
936 1573 1194 1642 dejiciunt
1219 1575 1588 1640 detrahentes,
1613 1577 1736 1645 quia
1768 1577 1905 1631 solet
1927 1587 2074 1630 utra-

501 1680 606 1734 que
641 1681 767 1734 pars
796 1666 1082 1736 aliquando
1113 1666 1348 1719 mentiri.
1383 1667 1535 1721 Unde
1578 1668 1644 1720 ad
1681 1668 2065 1722 conscientiam

501 1757 808 1821 redeuntes,
843 1773 947 1811 non
997 1757 1255 1812 debemus
1298 1758 1456 1812 ﬁdem
1505 1758 1626 1812 aliis
1656 1759 1828 1829 magis
1857 1775 2068 1815 accom-

497 1847 718 1902 modare
748 1863 910 1916 quam
942 1847 1116 1902 nobis.
1147 1846 1293 1902 Sicut
1318 1849 1501 1917 ignoti.
1540 1848 1596 1902 ld
1626 1856 1726 1910 εει,
1757 1849 1976 1918 perﬁdis
2015 1857 2069 1904 et

497 1941 741 2010 ingratis.
780 1939 1006 2011 Cogniti.
1038 1939 1312 1996 Fidelibus
1341 1939 1594 2009 etjustis.
1639 1939 1804 2005 Quasi
1844 1943 2069 1996 morien-

498 2043 593 2086 tes.
623 2031 737 2086 Hoc
763 2041 863 2093 est,
895 2046 1064 2100 usque
1099 2031 1166 2085 ad
1195 2040 1422 2086 mortem
1448 2033 1812 2100 pervenimus,
1840 2042 1894 2087 et
1940 2049 2066 2088 ecce

497 2121 759 2182 vivimus;
797 2119 937 2173 sicut
987 2118 1202 2187 quando
1251 2117 1518 2188 lapidatus
1566 2127 1669 2182 est,
1718 2126 1775 2172 ει
1822 2128 2066 2174 mortuus

497 2209 816 2273 aestimatus,
855 2222 1083 2277 surgens
1123 2206 1346 2261 docebat
1389 2207 1442 2260 in
1471 2206 1695 2279 Lystris.
1722 2205 1868 2262 Sicut
1895 2210 2060 2279 egeni.

499 2299 678 2352 Rebus
736 2295 1124 2366 corporalibus.
1182 2294 1378 2348 Multos
1440 2305 1614 2349 autem
1665 2295 2060 2366 locupletantes.

495 2387 877 2458 Eleemosynis,
909 2386 1111 2442 divitiis
1134 2385 1465 2441 coelestibus.
1500 2385 1570 2438 Et
1597 2387 1772 2440 omnia
1794 2386 2065 2456 possiden-

493 2493 587 2532 tes.
620 2478 751 2532 Nam
779 2487 1001 2547 excepto
1019 2476 1159 2547 quod
1187 2477 1364 2532 omnia
1395 2476 1490 2530 Dei
1518 2485 1700 2532 nostra
1735 2485 1876 2540 sunt,
1909 2493 2065 2533 nemo

495 2567 616 2636 plus
649 2566 810 2621 habet
839 2582 1000 2636 quam
1043 2567 1133 2636 qui
1161 2565 1358 2620 nullius
1379 2574 1502 2636 eget
1531 2583 1544 2620 τ
1575 2567 1663 2620 ille
1691 2567 1832 2621 enim
1864 2567 2062 2623 nullius

491 2664 632 2722 eget,
662 2655 750 2725 qui
778 2663 976 2724 preter
1009 2656 1318 2712 necessaria
1349 2655 1482 2710 nihil
1513 2656 1758 2726 requirit.
1787 2653 1895 2711 Per
1937 2672 2061 2726 pro-

491 2763 648 2815 spera
696 2754 752 2802 et
805 2747 1032 2801 adversa
1084 2747 1136 2801 in
1185 2745 1292 2801 alio
1331 2746 1449 2802 loco
1495 2747 1638 2801 idem
1671 2745 1960 2816 Apostolus
2001 2763 2062 2804 se

487 2836 750 2908 transisse
793 2836 1073 2902 describit,
1101 2851 1224 2891 cum
1255 2835 1384 2890 dicit
1416 2854 1429 2889 :
1477 2833 1584 2890 Per
1620 2852 1770 2890 arma
1793 2837 2018 2906 justitia:
2041 2877 2056 2904 ,

486 2909 602 2996 qua:
630 2943 661 2978 a
691 2925 888 2980 dextris
907 2933 1046 2990 sunt,
1080 2935 1128 2980 et
1152 2943 1185 2979 a
1213 2926 1461 2991 sinistris,
1491 2926 1544 2981 id
1577 2933 1680 2991 est,
1705 2942 1801 2996 per
1833 2926 2057 2997 gloriam

486 3027 532 3069 et
561 3008 956 3085 ignobilitatem,
995 3032 1088 3085 per
1129 3015 1404 3083 infamiam
1447 3025 1494 3068 et
1524 3015 1711 3068 bonam
1753 3015 1972 3085 famam,
1998 3025 2053 3070 ut
2079 3053 2122 3113 Ο

2187 465 2349 518 corde
2375 480 2437 518 ac
2462 477 2642 520 mente
2666 469 3000 536 spiritualcm
3028 471 3253 539 accipite
3273 471 3591 528 doctrinam.
3617 475 3730 532 Cum

2184 562 2364 607 autem
2422 554 2751 621 dilatantur,
2814 557 3043 627 imperat
3097 562 3227 630 quid
3280 561 3496 616 facient.
3568 565 3730 621 Etno-

2183 644 2272 698 lite
2289 648 2478 716 jugum
2504 649 2692 701 ducere
2721 666 2836 703 cum
2860 651 3176 719 inﬁdelibus.
3207 653 3342 720 Quia
3365 657 3551 728 jugum
3591 659 3732 714 simul

2182 748 2289 788 non
2335 737 2575 800 trahunt,
2607 739 2708 792 nisi
2738 739 2977 809 ejusdem
3002 745 3216 813 generis
3241 761 3418 815 pares.
3464 747 3578 804 Non
3616 765 3732 821 ergo

2181 826 2461 892 arandum,
2491 827 2678 899 jugato
2705 830 2838 885 bove
2863 833 3090 888 simulet
3120 836 3291 891 asino.
3319 838 3421 891 Aut
3447 856 3565 910 qua:
3584 844 3732 896 socie-

2180 924 2260 969 tas
2290 916 2434 970 luci?
2463 918 2518 971 ιιι
2548 929 2652 984 εει,
2702 923 2923 987 sanctis,
2969 931 3030 976 ut
3071 941 3084 976 :
3127 922 3226 978 Vos
3262 927 3382 980 estis
3425 927 3518 982 lux
3562 934 3732 985 mandi

2180 1003 2394 1075 (Matth.
2430 1008 2504 1076 ιν).
2545 1007 2672 1063 Cum
2704 1011 2943 1066 tenebris.
2970 1012 3027 1067 ld
3057 1023 3160 1080 εει,
3203 1019 3599 1085 peccatoribus,
3638 1031 3730 1076 ut:

2177 1093 2381 1149 Fuistis
2397 1097 2681 1168 aliquando
2708 1102 2949 1156 tenebrat.
2968 1101 3098 1168 Quae
3111 1115 3284 1160 autem
3306 1111 3570 1164 conventio
3592 1111 3734 1167 Chri-

2175 1186 2243 1238 sti
2268 1186 2337 1238 ad
2363 1186 2535 1240 Belial
2550 1189 2575 1241 ?
2598 1188 2765 1243 Belial
2795 1191 3064 1247 diabolum
3093 1195 3381 1266 signiﬁcat,
3415 1200 3730 1270 interpreta-

2178 1283 2371 1342 turque
2418 1277 2620 1345 absque
2663 1279 2812 1350 jugo.
2873 1279 2974 1335 Vos
3023 1283 3159 1337 enim
3201 1287 3322 1340 estis
3345 1289 3590 1358 templum
3642 1293 3733 1347 Dei

2174 1366 2294 1417 vivi.
2343 1365 2475 1420 Cum
2508 1369 2706 1436 ubique
2752 1370 2892 1425 Deus
2938 1381 3044 1438 est,
3089 1383 3266 1430 tamen
3297 1377 3350 1431 in
3397 1379 3504 1435 illis
3528 1385 3732 1452 proprie

2175 1456 2418 1511 habitare
2445 1473 2502 1512 se
2535 1459 2687 1525 dicit,
2718 1461 2808 1531 qui
2836 1461 2950 1530 ejus
2981 1466 3152 1534 gratia
3176 1467 3549 1536 perfruuntur.
3575 1470 3732 1531 Habi-

2173 1545 2290 1598 tabo
2320 1548 2372 1600 in
2401 1548 2523 1601 illis.
2557 1548 2668 1604 lloc
2699 1566 2764 1604 ex
2792 1551 2930 1606 Isaia
2955 1565 3226 1624 sumptum
3249 1568 3334 1612 est
3365 1578 3376 1612 :
3409 1559 3478 1613 Et
3505 1578 3592 1615 ero
3619 1563 3732 1618 illo—

2175 1651 2290 1686 rum
2324 1635 2482 1690 Deus.
2514 1638 2654 1692 Deus
2683 1648 2876 1694 natura
2907 1644 3146 1697 omnium
3181 1655 3287 1710 εει,
3314 1648 3584 1706 voluntate
3609 1668 3732 1708 vero

2096 1715 2145 1774 B
2173 1739 2484 1794 paucorum.
2523 1727 2679 1783 Exite
2705 1729 2768 1783 de
2794 1733 2964 1785 medio
2990 1749 3188 1786 eorum.
3217 1733 3332 1790 Non
3361 1745 3568 1793 tantum
3594 1740 3730 1805 loco,

2171 1828 2431 1888 quantum
2479 1822 2642 1875 simili
2691 1825 3101 1880 conversatione
3145 1841 3210 1881 ac
3240 1826 3623 1885 familiaritate.
3662 1833 3731 1887 Et

2167 1910 2516 1964 immundum.
2555 1913 2612 1966 ld
2663 1921 2745 1967 est
2778 1923 3079 1982 peccatum.
3117 1916 3186 1969 Et
3237 1934 3324 1972 ero
3370 1921 3509 1974 vobis
3557 1923 3611 1975 in
3637 1939 3733 1992 pa-

2166 2009 2319 2054 trem.
2355 2000 2411 2055 Si
2445 2018 2542 2057 vos
2566 2013 2820 2071 parentes
2845 2004 3088 2061 inﬁdeles
3111 2007 3502 2072 abdicaverint,
3532 2027 3617 2066 me
3639 2027 3732 2080 pa-

2166 2101 2304 2149 trem
2357 2093 2623 2151 habebitis
2665 2097 3070 2168 sempiternum,
3123 2107 3222 2152 ut:
3277 2099 3433 2154 Pater
3471 2119 3633 2167 meus,
3684 2115 3729 2158 rt

2165 2195 2333 2238 mater
2374 2204 2487 2241 mea
2534 2188 2918 2260 dereliquerunt
2947 2208 3062 2256 me,
3112 2189 3372 2246 Dominus
3432 2203 3603 2249 autem
3645 2213 3732 2250 as-

2164 2277 2383 2346 sumpsit
2409 2293 2489 2329 me
2515 2275 2686 2348 (Psal.
2717 2277 2885 2350 xxvi).
2927 2279 3065 2333 Dicit
3111 2279 3386 2336 Dominus.
3414 2282 3492 2337 Ne
3520 2285 3605 2340 cui
3630 2285 3731 2339 im-

2163 2365 2419 2435 possibile
2463 2368 2757 2434 videretur,
2799 2369 3008 2424 addidit
3055 2372 3393 2440 omnipotens.
3439 2373 3564 2428 Hcce
3608 2391 3732 2446 ergo

2161 2459 2419 2526 promissa
2449 2458 2622 2513 habet.
2658 2458 2716 2514 ld
2745 2468 2849 2526 est,
2878 2460 2948 2514 Et
2977 2478 3064 2515 ero
3093 2461 3303 2516 illorum
3329 2461 3490 2518 Deus.

2745 2571 2972 2628 CAPUT
3013 2573 3120 2628 Vll.

2231 2637 2545 2694 Mundemus
2590 2658 2701 2696 nos.
2752 2642 2934 2698 Talem
2962 2643 3257 2714 hospitem,
3307 2645 3360 2702 id
3407 2657 3512 2715 est,
3557 2650 3732 2706 Deum

2159 2731 2451 2800 recepturi.
2501 2731 2578 2784 Ab
2630 2734 2769 2787 omni
2816 2734 3224 2804 inquinamento.
3259 2736 3730 2806 lnquinamentum

2159 2824 2339 2877 carnis
2389 2831 2471 2878 est
2516 2831 2797 2892 peccatum
2840 2826 2982 2894 quod
3009 2842 3105 2896 per
3132 2842 3350 2883 carnem
3388 2829 3726 2896 admittitur;

2157 2909 2379 2980 spiritus
2402 2927 2548 2975 vero,
2573 2914 2718 2982 quod
2743 2912 2852 2968 sola
2884 2916 3206 2985 cogitatione
3247 2925 3516 2986 peccatur.
3550 2919 3616 2973 In
3660 2924 3730 2975 ti-

2157 3013 2301 3054 more
2346 2999 2464 3054 Dei.
2513 2999 2629 3057 Non
2676 3010 2896 3072 propter
2942 3004 3151 3060 laudem
3188 3007 3484 3074 hominum,
3517 3008 3602 3063 vel
3659 3013 3728 3066 ti-

485 3106 778 3158 seductores
803 3113 851 3158 et
878 3120 1104 3170 veraces,
1134 3114 1237 3160 etc.
1268 3105 1458 3161 Omnia
1487 3119 1615 3176 ergo
1643 3120 1765 3175 quae
1795 3120 2052 3176 prospera

2157 3105 2381 3146 morem.
2407 3090 2634 3162 Accipite
2669 3111 2782 3148 nos.
2818 3093 2930 3149 Hoc
2953 3103 3057 3162 est,
3086 3097 3262 3167 capite
3290 3102 3433 3169 quod
3457 3101 3726 3168 dicimus,

486 3203 822 3265 reputantur,
870 3194 1076 3250 dextra:
1121 3196 1371 3251 dicuntur
1418 3197 1609 3267 partis,
1665 3211 1785 3266 qua:
1833 3203 2053 3252 sanctus

483 3285 770 3356 Apostolus
793 3285 976 3356 gloria:
1001 3295 1056 3342 ει
1081 3287 1228 3342 bonte
1249 3287 1406 3356 fama:
1431 3286 1693 3342 vocabulo
1716 3286 2047 3356 designavit;

482 3379 570 3431 illa
602 3377 767 3432 etiam
797 3391 916 3448 qua:
942 3377 1329 3432 existimantur
1357 3378 1607 3443 adversa,
1633 3392 1754 3448 quae
1777 3392 1875 3447 per
1903 3377 2052 3447 igno-

481 3467 730 3522 bilitatem
756 3476 812 3522 et
837 3467 1112 3538 infamiam
1139 3469 1414 3523 evidenter
1441 3468 1731 3537 expressit,
1763 3481 1992 3538 quaeque
2017 3482 2048 3520 a

480 3558 715 3613 sinistris
758 3572 879 3613 esse
934 3558 1220 3624 describit,
1279 3557 1584 3614 clﬁciuntur
1633 3568 1762 3613 vero
1810 3557 2049 3627 perfecto

480 3666 632 3705 arma
651 3649 893 3719 justititc,
926 3651 972 3705 si
1011 3650 1172 3705 allata
1203 3650 1304 3706 sibi
1339 3651 1755 3721 magnanimiter
1779 3655 2048 3704 sustenta-

477 3741 635 3805 verit,
667 3741 808 3809 quod
835 3740 1085 3796 videlicet
1105 3756 1202 3810 per
1230 3741 1344 3796 hate
1369 3740 1653 3805 dimicans,
1682 3748 1737 3794 et
1763 3737 1883 3793 istis
1915 3737 2046 3807 ipsis

477 3830 670 3898 quibus
716 3830 1017 3900 impugnari
1064 3838 1283 3900 putatur
1310 3830 1549 3886 adversis
1578 3836 1834 3899 tanquam
1879 3827 2044 3881 armis

476 3921 697 3985 utendo,
731 3921 919 3991 eisque
952 3921 1100 3975 velut
1130 3937 1280 3985 arcu,
1308 3921 1397 3975 vel
1423 3921 1622 3991 gladio,
1667 3927 1926 3988 scutoque
1952 3933 2043 3972 va-

474 4010 736 4066 lidissimo
763 4016 951 4064 contra
978 4009 1098 4064 illos
1128 4011 1219 4078 qui
1241 4011 1357 4064 hate
1378 4010 1628 4078 ingerunt
1655 4008 2038 4072 communitus,

472 4097 771 4167 profectum
811 4112 922 4152 sua:
949 4098 1224 4168 patientiae
1247 4113 1310 4152 ac
1354 4098 1571 4152 virtutis
1598 4098 1866 4166 acquirat,
1917 4098 2036 4166 glo-

475 4187 828 4243 riosissimum
859 4189 1172 4249 constantiae
1205 4188 1531 4258 triumphum
1559 4204 1626 4244 ex
1656 4187 1786 4257 ipsis
1823 4203 1942 4257 qum
1964 4187 2040 4242 le—

475 4277 691 4333 thaliter
723 4276 1028 4332 inferuntur
1056 4277 1273 4348 capiens
1301 4278 1534 4333 hostium
1567 4277 1706 4333 telis.
1754 4277 1864 4333 Nec
1906 4293 2036 4348 pro-

2153 3178 2269 3235 sive
2297 3181 2441 3249 quod
2467 3182 2717 3250 vivimus,
2751 3191 2811 3238 ut
2838 3185 3141 3255 exemplum
3165 3197 3412 3245 nostrum
3463 3196 3722 3252 teneatis.

2223 3272 2494 3329 Neminem
2517 3276 2964 3333 circumvenimus.
3013 3279 3150 3335 Malo
3180 3281 3390 3339 scilicet
3431 3287 3687 3357 exemplo
3709 3330 3728 3352 ,

2149 3371 2210 3418 ut
2242 3379 2342 3435 per
2361 3367 2646 3422 avaritiam
2671 3369 2872 3439 aliquid
2899 3371 3014 3442 ejus
3064 3372 3393 3432 tolleremus.
3440 3377 3730 3436 Neminem

2149 3457 2498 3525 corrupimus.
2551 3459 2607 3513 ld
2637 3468 2740 3525 est,
2767 3461 2908 3516 mala
2937 3461 3202 3519 doctrina.
3232 3465 3354 3520 Non
3376 3468 3446 3521 ad
3467 3470 3731 3526 condem-

2149 3543 2406 3598 nationem
2431 3547 2566 3601 dico.
2596 3547 2708 3604 Hoc
2735 3557 2836 3612 est,
2877 3566 2982 3606 non
3010 3567 3096 3607 me
3119 3557 3426 3612 excusando
3446 3574 3542 3614 vos
3580 3563 3730 3620 tales

2145 3651 2386 3706 expono;
2419 3655 2526 3694 non
2544 3640 2686 3694 enim
2709 3656 2928 3710 possum
2947 3644 3011 3698 de
3032 3645 3182 3701 vobis
3211 3647 3314 3702 hoc
3351 3650 3553 3706 sentire
3578 3669 3732 3722 quos

2147 3730 2332 3801 diligo,
2370 3741 2427 3786 ut
2451 3733 2697 3802 superius
2725 3739 3052 3804 memoravi,
3081 3740 3217 3806 sive,
3241 3741 3461 3798 dilectio
3502 3754 3728 3812 tantum

2148 3818 2278 3875 facit
2305 3821 2507 3877 habere
2536 3822 2806 3880 ﬁduciam.
2844 3825 3075 3882 Pra’disi
3097 3831 3257 3895 enim,
3293 3834 3432 3902 quod
3460 3834 3513 3887 in
3538 3838 3730 3890 cordi-

2145 3910 2239 3966 bus
2267 3913 2456 3967 nostris
2495 3914 2616 3968 estis
2649 3914 2718 3968 ad
2754 3918 3214 3973 commoriendum.
3247 3921 3304 3975 ld
3348 3932 3450 3988 est,
3490 3925 3729 3994 epistola

2145 4010 2323 4055 nostra
2370 4019 2459 4058 vos
2503 4004 2657 4068 estis,
2693 4006 2886 4075 scripta
2933 4008 2988 4060 in
3028 4009 3268 4064 cordibus
3297 4012 3502 4066 nostris.
3537 4014 3728 4072 Multa

2141 4090 2270 4143 mihi
2296 4090 2525 4148 libertas.
2571 4091 2628 4148 ld
2661 4103 2766 4160 est,
2792 4096 3012 4151 multam
3039 4098 3172 4154 mihi
3204 4099 3452 4156 ﬁduciam
3482 4104 3729 4164 dedistis

2140 4181 2411 4250 loquendi,
2435 4185 2557 4253 quia
2577 4185 2630 4238 in
2653 4187 2904 4242 omnibus
2928 4189 3207 4257 obedistfs,
3243 4191 3374 4258 sive,
3405 4197 3548 4263 quod
3575 4201 3734 4253 ιηυι-

2141 4280 2252 4325 ιιιιιι
2282 4287 2370 4327 me
2395 4288 2426 4326 a
2461 4274 2612 4328 vobis
2654 4275 2801 4345 diligi
2844 4294 2952 4332 non
2999 4279 3207 4349 ignoro.
3251 4281 3419 4337 Multa
3459 4285 3727 4356 gloriatio

472 4369 645 4437 speras
673 4368 938 4423 duntaxat,
967 4367 1159 4432 elatus,
1194 4382 1295 4423 nec
1342 4369 1581 4439 deiectus
1631 4369 1894 4434 adversis,
1943 4369 2036 4424 sed
2062 4391 2114 4450 D
2139 4377 2234 4429 pro
2280 4362 2442 4450 vobis.
2469 4363 2527 4418 ld
2565 4372 2669 4430 est,
2717 4367 2784 4421 ad
2825 4368 2958 4424 alias
2996 4371 3273 4428 ecclesias.
3303 4372 3543 4444 Repletus
3588 4395 3722 4433 sum

471 4459 664 4512 itinere
688 4457 871 4527 plano,
903 4471 966 4510 ac
992 4457 1080 4510 via
1104 4457 1252 4528 regia
1279 4471 1492 4527 semper
1525 4458 1804 4524 incedens,
1847 4458 1916 4512 ab
1945 4457 2035 4511 illo

470 4547 874 4618 tranquillitatis
919 4554 1080 4612 statu,
1141 4563 1482 4617 nequaquam
1536 4547 1721 4603 laetitia
1777 4563 2033 4616 superve-

467 4643 651 4698 niente
677 4641 832 4711 quasi
869 4641 924 4695 in
963 4641 1238 4696 dexteram
1274 4649 1482 4706 motus,
1517 4655 1617 4696 nec
1659 4639 2032 4709 ingruentibus

468 4734 729 4797 adversis,
787 4732 1116 4803 tristitiaque
1173 4733 1484 4788 dominante
1540 4731 1688 4786 velut
1733 4730 1798 4784 ad
1839 4730 2028 4784 laevam

467 4839 655 4879 rursus
682 4822 962 4892 impulsus.

537 4912 609 4968 0s
641 4922 874 4967 nostrum
916 4921 1052 4983 patet
1079 4912 1146 4966 ad
1168 4929 1273 4967 vos.
1314 4911 1394 4966 lta
1421 4925 1607 4966 sumus
1632 4918 1812 4966 vestro
1850 4909 2028 4978 profe-

465 5013 552 5058 ctu
591 5004 659 5057 ad
685 5003 906 5058 uberem
948 5001 1384 5072 praedicationem
1412 4999 1709 5069 provocati,
1737 5006 1798 5053 ut
1846 5008 2026 5053 tacere

464 5094 677 5161 penitus
706 5105 812 5146 non
835 5092 1104 5161 possimus
1130 5107 1142 5142 :
1173 5088 1446 5160 profectus
1471 5089 1612 5144 enim
1641 5087 1886 5156 discipuli
1909 5103 2027 5157 pro-

461 5189 620 5237 vocat
646 5197 708 5236 os
735 5180 1075 5250 magistri,-et
1107 5195 1202 5234 cor
1227 5179 1413 5235 dilatat
1439 5189 1606 5248 atque
1632 5178 1944 5247 ampliﬁcat,
1970 5179 2022 5233 id

460 5280 564 5340 est,
607 5270 739 5326 facit
779 5271 1028 5325 sensibus
1065 5270 1359 5326 abundare.
1393 5269 1516 5324 Non
1548 5269 1924 5338 angustiamini
1968 5271 2022 5323 in

461 5365 625 5424 nobis.
654 5361 733 5420 Ac
761 5360 804 5415 si
837 5359 998 5424 dicat,
1031 5375 1136 5414 non
1173 5376 1271 5415 nos
1305 5361 1517 5432 angusti
1547 5361 1601 5414 in
1634 5360 1895 5421 doctrina,
1930 5360 2021 5414 sed

462 5463 635 5507 vestra
669 5453 876 5508 viscera
906 5465 1011 5504 non
1058 5451 1340 5518 rccipiunt.
1385 5449 1640 5504 Eantdem
1669 5459 1841 5504 autem
1871 5449 2022 5502 habet

461 5544 763 5597 triercedem.
808 5541 940 5608 Quia
975 5541 1167 5596 similis
1209 5544 1490 5598 retributio
1521 5543 1779 5607 doctoris,
1815 5551 1869 5596 et
1895 5541 2021 5596 obc-

460 5635 654 5690 dirutis
679 5633 944 5702 discipuli,
980 5643 1034 5687 ut
1067 5651 1078 5685 :
1114 5632 1216 5699 Qui
1268 5635 1444 5704 recipit
1491 5635 1788 5704 prophetam
1831 5635 1883 5686 in
1921 5650 2016 5687 no-

2138 4449 2509 4506 consolatione.
2540 4452 2598 4507 ld
2637 4461 2740 4519 εει,
2769 4456 2992 4512 audiens
3034 4461 3331 4528 profectum
3361 4472 3603 4521 vestrum
3655 4483 3724 4524 ct

2135 4541 2587 4607 emendationem,
2633 4551 2755 4612 post
2778 4546 3000 4601 multam
3031 4549 3307 4606 tristitiam
3333 4555 3722 4613 consolatione

2133 4629 2366 4700 repletus
2398 4649 2534 4686 sum.

2204 4720 2582 4791 Superabando
2604 4725 2816 4794 gaudio.
2843 4728 2900 4782 In
2917 4735 3121 4784 tantum
3138 4732 3362 4802 gaudeo,
3386 4736 3717 4791 utomnium

2129 4826 2504 4880 pressurarum
2547 4815 2851 4871 obliviscar.
2909 4817 3050 4872 Nam
3099 4831 3148 4874 et
3195 4839 3314 4877 cum
3343 4824 3591 4879 venissem
3643 4828 3722 4881 in

2135 4900 2516 4957 Macedoniam.
2543 4905 2668 4959 Vult
2702 4905 2807 4962 illis
2843 4911 3148 4977 ostendere,
3175 4922 3430 4982 quantam
3473 4930 3717 4984 pressu-

2132 5009 2245 5047 ram
2274 4996 2586 5064 magnitudo
2606 5000 2783 5068 gaudii
2814 5006 3168 5071 superaverit.
3206 5003 3360 5060 Foris
3391 5023 3597 5077 pugna.
3641 5008 3719 5065 Id

2129 5091 2230 5147 εει,
2259 5090 2445 5138 contra
2473 5085 2732 5142 inﬁdeles.
2787 5088 2939 5144 Intus
2970 5091 3199 5145 timores.
3237 5092 3295 5146 Μ
3324 5103 3429 5159 εει,
3469 5103 3722 5165 pr0pter

2128 5174 2292 5230 falsos
2342 5173 2556 5231 fratres.
2601 5176 2723 5232 Non
2761 5178 2928 5233 solum
2979 5189 3150 5234 autem
3197 5182 3253 5235 in
3306 5184 3526 5238 adventu
3551 5186 3714 5254 ejus.

2125 5264 2238 5319 lloc
2269 5271 2372 5332 est,
2424 5280 2530 5320 non
2579 5266 2752 5322 solum
2801 5269 2892 5337 qui
2928 5269 3264 5325 desideratus
3305 5272 3543 5339 advenit,
3591 5276 3727 5331 sed

2123 5355 2284 5410 etiam
2336 5355 2431 5426 qui
2479 5365 2717 5412 vestrum
2766 5358 3065 5428 profectum
3111 5363 3414 5428 nuntiavit,
3464 5371 3726 5432 propter

2123 5448 2264 5514 quod
2293 5446 2408 5514 ejus
2449 5449 2682 5504 maxime
2725 5451 3171 5520 exspectabamus
3221 5454 3529 5508 adventum.
3591 5451 3735 5510 Ve-

2120 5547 2285 5590 strum
2308 5537 2641 5592 desiderium.
2674 5538 2730 5594 Id
2755 5547 2858 5605 est,
2890 5541 2956 5595 ad
2999 5543 3136 5597 bona
3179 5542 3556 5612 perpetranda,
3599 5546 3732 5600 vel

2119 5641 2338 5706 preplcr
2362 5631 2645 5686 adventurm
2680 5647 2876 5687 meum.
2934 5633 3166 5688 Vestrum
3210 5650 3498 5689 mavorem.
3547 5631 3736 5692 Pro-
