3982 6198
248 220 349 280 173

1334 206 1668 262 COLLEC'I‘.
1710 206 1777 257 IN
1821 201 2041 259 EPIST.
2078 198 2122 255 Il
2162 201 2250 253 Al)
2285 194 2443 255 (ΞΟΠ.

3390 191 3491 247 174

243 342 366 406 pter
390 332 645 402 poena.
675 323 764 381 vel
787 321 1091 378 absentiam
1135 333 1330 374 meam.
1394 316 1630 371 Vestram
1661 330 1823 369 (cmu-
1850 324 1899 382 Α
1928 319 2039 406 tum
2068 308 2357 406 suadentes
2378 319 2477 361 nos
2493 308 2834 406 rogaverunt,
2864 308 3226 406 ut-gratanter
3251 301 3392 371 quod
3415 303 3495 406 of-

246 405 497 477 tationent
518 432 620 487 pro
643 429 745 471 me.
771 410 831 468 ld
859 419 963 475 est,
985 410 1077 481 qui
1102 410 1219 464 vice
1265 423 1384 463 mea
1407 405 1661 461 mmulati‘
1693 405 1825 459 estis

250 511 344 565 Dei
365 504 713 564 :emulatione
741 508 1049 573 peccantes.
1084 498 1227 553 Sane
1272 496 1467 567 triplex
1494 504 1578 551 est
1603 492 1823 548 tumula-

253 603 344 665 tio,
368 606 463 653 aut
492 593 835 657 imitationis,
865 600 960 647 aut
986 587 1218 651 invidiae,
1263 596 1358 640 aut
1379 585 1501 640 zeli.
1534 584 1600 637 Et
1628 585 1823 637 contri-

251 691 383 747 stari
410 704 523 743 vos.
566 686 640 741 Et
665 685 711 741 si
739 697 827 739 me
848 680 1221 753 'pmnituisset,
1244 692 1310 732 eo
1337 677 1480 748 quod
1515 676 1703 731 durius
1733 689 1829 729 vos

253 778 634 851 corripuerim,
663 784 847 830 tamen
872 779 1053 827 vester
1075 769 1205 824 facit
1224 767 1500 838 profectus
1521 773 1582 820 ut
1608 780 1717 821 non
1742 780 1830 820 me

252 872 536 945 pmniteat.
553 865 721 933 Quasi
740 863 983 921 medicus
999 861 1173 917 dicat:
1202 859 1354 914 Licet
1383 858 1592 914 doleam
1612 864 1721 911 tam
1738 870 1828 909 ar-

255 962 403 1019 denti
450 974 541 1014 me
585 970 745 1011 usum
775 967 896 1008 esse
935 951 1180 1008 cauterio
1206 990 1221 1015 ,
1266 949 1362 1005 sed
1400 964 1543 1004 nunc
1582 947 1786 1018 gaudeo
1814 985 1828 1010 ,

255 1067 361 1108 non
392 1049 524 1121 quia
543 1030 817 1109 doluistis,
846 1043 941 1099 sed
966 1041 1095 1113 quia
1123 1040 1277 1098 dolor
1303 1040 1393 1096 ille
1430 1039 1629 1110 profuit
1654 1039 1721 1094 ad
1743 1053 1832 1093 sa-

254 1142 443 1198 Intern.

330 1227 700 1285 Pcuitentiam
724 1226 781 1279 in
809 1223 1051 1279 salutem.
1092 1223 1168 1279 Ea
1207 1230 1293 1278 est
1322 1221 1471 1276 enim
1512 1219 1831 1291 pmnitenlia

259 1320 524 1377 diabolica
548 1317 778 1373 adversa
806 1312 986 1378 saluti,
1019 1313 1066 1367 si
1094 1312 1217 1382 quis
1248 1313 1314 1368 de
1342 1313 1485 1368 bono
1521 1326 1685 1381 opere
1710 1324 1832 1378 poe-

260 1414 450 1468 niteat.
490 1405 689 1465 Satculi
729 1412 903 1458 autem
938 1402 1175 1456 tristitia.
1209 1400 1402 1458 Surculi
1444 1399 1665 1453 tristitia
1708 1405 1789 1452 est
1817 1437 1832 1461 ,

260 1510 353 1558 aut
389 1499 457 1554 de
478 1497 696 1552 amissis
723 1495 887 1550 rebus
913 1492 1168 1563 propriis,
1197 1500 1291 1547 aut
1318 1491 1385 1549 de
1424 1490 1613 1547 alienis
1636 1488 1837 1564 invasis

260 1592 464 1655 dolere,
504 1587 590 1642 vel
635 1585 704 1640 de
751 1584 975 1638 alterius
1004 1582 1264 1637 felicitate
1309 1581 1569 1652 torqueri.
1612 1577 1836 1633 Mortem

261 1653 526 1752 operatur.
554 1677 613 1731 1d
638 1684 743 1739 est,
773 1673 1151 1744 desperatione
1177 1672 1442 1742 torqueri,
1475 1668 1557 1724 vel
1606 1676 1836 1723 mortem
1867 1653 1913 1712 Β

264 1771 459 1826 animat
484 1782 502 1821 :
530 1764 833 1822 secundum
880 1762 1049 1818 Deum
1089 1770 1272 1817 autem
1325 1760 1547 1816 tristitia
1589 1766 1693 1823 est,
1725 1759 1840 1814 sive

264 1880 382 1928 sua,
409 1863 530 1918 sive
546 1859 726 1914 aliena
748 1857 934 1927 lugere
972 1855 1284 1911 commissa.
1312 1852 1578 1920 Quantam
1606 1851 1755 1922 eﬁicit
1784 1851 1840 1904 in

261 1955 403 2009 nobis
430 1948 863 2007 sollicitudinem.
904 1945 963 2000 Id
997 1952 1101 2012 est,
1138 1954 1199 1999 ut
1223 1943 1480 2009 caveatis,
1530 1957 1598 1998 ne
1634 1941 1703 1997 de
1730 1943 1843 1997 ἐω-

264 2052 381 2098 tero
398 2038 664 2113 peccetis.
698 2036 803 2093 Sed
823 2036 1233 2091 excusationem.
1273 2034 1332 2090 Id
1374 2042 1480 2099 est,
1502 2048 1613 2089 non
1650 2047 1841 2101 super-

263 2131 430 2197 biam,
457 2136 557 2184 aut
575 2132 964 2195 contemptum,
989 2123 1084 2179 sed
1110 2123 1557 2179 satisfactionem.
1586 2121 1692 2178 Sed
1711 2122 1847 2177 indi-

264 2223 589 2295 gnationem.
619 2218 677 2273 Id
707 2227 814 2283 est,
855 2216 1143 2272 adversum
1184 2221 1493 2286 peccantes,
1525 2230 1632 2270 non
1674 2215 1845 2285 negli-

264 2316 525 2390 gentiam.
551 2311 661 2368 Sed
696 2312 955 2366 timorem.
992 2308 1051 2366 ld
1079 2317 1182 2374 est,
1206 2309 1454 2364 timorem
1475 2308 1596 2374 Dei,
1622 2323 1728 2362 non
1759 2321 1844 2361 εε-

266 2408 582 2464 curitatem.
603 2400 710 2457 Sed
743 2400 1025 2456 desideria.
1051 2399 1272 2455 Scilicet
1310 2399 1576 2454 bonorum
1596 2411 1842 2466 operum,

266 2512 372 2552 non
403 2493 711 2550 fastidium.
734 2489 837 2547 Sed
859 2488 1263 2545 mulationem.
1289 2486 1347 2543 Id
1364 2496 1470 2553 est,
1504 2495 1692 2547 contra
1718 2501 1848 2557 pee-

268 2593 480 2650 cantes,
509 2595 580 2638 ne
611 2580 756 2636 ultra
779 2586 1025 2651 peccent,
1056 2593 1162 2633 non
1188 2577 1583 2634 remissionem.
1608 2576 1715 2639 Sed
1735 2577 1849 2631 vin-

266 2675 483 2731 dictam.
504 2671 565 2728 Id
590 2679 700 2739 εει,
733 2685 840 2727 non
863 2668 1078 2726 veniam
1102 2681 1282 2737 noxas,
1311 2667 1406 2724 sed
1431 2667 1726 2729 vindictam
1761 2681 1850 2721 sa-

268 2765 501 2820 lutarem
535 2764 591 2818 in
622 2778 746 2817 eum
792 2762 887 2831 qui
930 2761 1072 2816 inter
1094 2775 1192 2816 vos
1236 2769 1517 2830 peccatum
1553 2758 1845 2819 commisit.

337 2855 672 2912 Exhibuistis
691 2870 779 2909 vos
802 2852 1241 2908 incantaminatos
1266 2867 1377 2905 esse
1402 2851 1630 2919 negotio.
1655 2848 1713 2904 Id
1744 2858 1848 2915 est,

269 2955 497 3020 peccato
546 2946 710 3015 illius,
760 2942 853 3013 qui
899 2957 1124 2998 uxorem
1169 2941 1341 3012 patris
1389 2940 1676 3011 stupravit.
1726 2939 1850 2995 Ideo

274 3037 688 3095 incontaminati
713 3036 867 3100 estis,
883 3034 1009 3105 quia
1031 3048 1155 3089 eum
1183 3031 1543 3103 corripuistis.
1566 3030 1690 3097 Ideo
1712 3045 1845 3088 con-

273 3128 427 3185 solati
457 3142 670 3191 sumus,
698 3127 824 3181 dum
851 3139 948 3180 vos
970 3131 1151 3179 castos
1172 3122 1415 3194 probatis
1441 3135 1562 3177 esse
1609 3121 1845 3191 negotio.

275 3218 448 3290 lagis
480 3218 648 3288 gavisi
684 3232 864 3272 sumus
891 3232 1047 3287 super
1073 3215 1327 3286 gaudium
1360 3213 1485 3268 Titi.
1516 3214 1575 3272 In
1604 3214 1710 3269 hoc
1735 3228 1850 3268 am—

273 3309 416 3380 plius
438 3306 698 3381 gratulati
726 3321 932 3372 sumus,
962 3307 1090 3376 quia
1115 3306 1192 3360 ita
1239 3320 1270 3360 a
1308 3304 1459 3360 vobis
1493 3302 1600 3373 Titi
1628 3304 1851 3375 spiritus

273 3409 357 3456 est
384 3397 650 3464 refectus,
676 3406 736 3453 ut
766 3411 1039 3467 nunquam
1066 3397 1132 3452 de
1162 3395 1279 3465 ejus
1308 3402 1489 3451 mente
1517 3395 1739 3466 possitis
1767 3409 1852 3449 re-

275 3489 515 3545 cedere:
557 3485 835 3558 profectus
878 3486 1075 3558 quippe
1116 3484 1501 3555 discipulorum
1549 3483 1851 3555 spiritualia

275 3580 472 3651 gaudia
515 3586 643 3634 sunt
697 3578 1103 3651 magistrorum.
1148 3575 1218 3630 Et
1245 3577 1292 3631 si
1338 3575 1464 3648 quid
1498 3574 1638 3645 apud
1678 3573 1848 3627 illum.

276 3673 440 3742 Quasi
468 3672 681 3743 peritus
708 3670 952 3727 medicus
977 3672 1073 3735 ait,
1096 3671 1189 3741 qui
1217 3670 1413 3724 vulnus
1434 3670 1548 3740 jam
1573 3683 1741 3738 prope
1765 3684 1854 3724 sa-

1924 401 2168 459 fcrebant
2190 400 2584 470 susciperemus
2607 396 2660 452 in
2688 397 3045 452 ministerium
3074 404 3407 453 sanctorum.
3426 398 3495 453 Et

1926 513 2030 549 non
2073 496 2207 548 sicut
2230 493 2570 563 speravimus.
2602 489 2848 560 Amplius
2873 489 3017 544 enim
3047 504 3211 559 quam
3257 491 3501 561 speravi-

1927 598 2047 639 mus
2073 581 2337 637 fecerunt.
2371 579 2478 632 Ita.
2508 578 2566 633 Id
2592 585 2698 643 est,
2722 578 2776 632 in
2801 584 3012 632 tantum
3063 578 3301 634 aemulati
3348 589 3493 640 sunt,

1928 682 1984 726 ut
2012 686 2312 744 rogaremus
2336 669 2527 723 Titum.
2558 668 2628 722 Et
2664 668 2904 722 scientia.
2937 667 3179 725 Scientia
3216 678 3301 725 est
3325 669 3498 726 Deum

1930 780 2109 826 nosse,
2139 765 2310 818 virtus
2334 778 2467 818 vero
2489 762 2687 818 colere.
2713 761 2868 816 Sicut
2886 775 3017 833 ergo
3044 761 3098 815 in
3127 761 3322 817 itinere
3354 760 3500 816 cele-

1928 858 2137 913 brando
2154 856 2289 911 nihil
2316 856 2539 925 prodest
2573 855 2716 909 viam
2750 869 2931 919 nosse,
2960 854 3066 910 nisi
3088 861 3316 910 conatus
3338 869 3404 909 ac
3422 854 3504 909 vi-

1934 961 2020 1000 res
2040 954 2325 1015 suppetant
2346 944 2675 1006 ambulandi,
2708 944 2780 997 ita
2806 957 2934 999 vere
2961 942 3187 998 scientia
3220 942 3352 997 nihil
3378 957 3505 1013 pro-

1934 1034 2071 1099 dest,
2098 1035 2142 1089 si
2165 1034 2338 1089 virtus
2356 1035 2584 1104 propria
2611 1032 2846 1087 deficiat.

2008 1157 2076 1213 Ut
2099 1177 2163 1214 ea:
2208 1165 2305 1213 hac
2352 1161 2545 1230 gratia.
2597 1159 2653 1213 Id
2682 1168 2784 1223 est,
2832 1156 3089 1217 facienda:
3129 1160 3506 1241 eleemosynm.

1937 1247 2239 1302 Abundetis.
2265 1249 2320 1302 Id
2341 1257 2442 1313 est,
2466 1264 2534 1302 ne
2559 1260 2679 1302 cum
2710 1251 2765 1302 in
2790 1250 2911 1305 aliis
2945 1252 3195 1318 vincatis,
3231 1254 3284 1308 in
3307 1254 3412 1309 hoc
3440 1256 3510 1309 ab

1937 1338 2058 1393 aliis
2086 1339 2432 1409 superemini.
2471 1337 2592 1392 Non
2624 1340 2775 1409 quasi
2805 1342 3067 1407 imperans
3096 1342 3233 1397 dico.
3262 1344 3375 1401 Hoc
3404 1354 3509 1408 est,

1940 1449 2045 1488 non
2086 1434 2306 1501 impero,
2341 1447 2442 1486 nec
2465 1432 2644 1503 exigo,
2684 1434 2779 1486 sed
2817 1434 3105 1488 consilium
3142 1436 3231 1502 do,
3270 1444 3333 1492 ut
3371 1438 3515 1493 sicut

1942 1522 1993 1575 in
2020 1521 2204 1577 multis
2231 1520 2461 1576 formam
2481 1521 2603 1577 aliis
2629 1522 2955 1589 prmbuistis,
2983 1523 3055 1577 ita
3083 1532 3138 1578 et
3162 1525 3213 1579 in
3233 1524 3336 1582 isto
3353 1541 3517 1597 opere

1941 1609 2246 1680 praebeatis.
2278 1610 2376 1664 Est
2406 1610 2551 1664 enim
2575 1611 2811 1682 ingenita
2839 1613 3013 1683 pietas
3048 1612 3104 1668 in
3152 1614 3327 1682 vobis,
3362 1625 3422 1670 ut
3447 1618 3517 1671 ab

1944 1701 2063 1756 aliis
2113 1716 2231 1755 eam
2281 1702 2490 1756 discere
2534 1715 2642 1756 non
2683 1700 2989 1773 indigeatis.
3028 1704 3139 1770 Qui
3171 1717 3382 1777 propter
3428 1724 3517 1762 ros

1940 1815 2140 1870 pauper
2157 1799 2329 1869 factus
2352 1808 2447 1853 est.
2479 1798 2621 1870 Ergo
2648 1798 2694 1852 si
2728 1799 2842 1869 ipse
2884 1795 3145 1854 Dominus
3193 1816 3290 1856 vos
3325 1801 3520 1859 divites

1942 1889 2099 1944 bonis
2128 1888 2438 1944 caelestibus
2468 1887 2617 1953 fecit,
2651 1889 2730 1944 sic
2760 1896 2814 1943 et
2853 1889 3028 1958 ipsum
3053 1904 3153 1944 vos
3178 1888 3377 1954 ditata;
3416 1891 3519 1962 ipsi

1943 1977 2085 2030 enim
2143 1978 2301 2031 datur
2349 1977 2608 2046 quidquid
2667 1978 2783 2049 ejus
2844 1974 3171 2049 pauperibus
3219 1981 3520 2051 porrigitur

1946 2065 2159 2136 (Matth.
2194 2067 2341 2139 xxv).
2376 2067 2443 2120 Et
2464 2067 2761 2123 consilium.
2812 2069 2869 2124 Id
2896 2077 2999 2136 est,
3030 2068 3335 2141 imperium.
3372 2071 3520 2128 Sicut

1943 2167 1992 2210 et
2017 2156 2144 2211 velle
2177 2159 2421 2229 cmpistis.
2452 2157 2701 2215 Ostendit
2727 2160 2989 2230 quosdam
3018 2177 3179 2232 posse
3206 2162 3386 2220 facere
3413 2180 3523 2219 non

1945 2250 2208 2316 volentes,
2232 2268 2357 2306 cum
2385 2261 2479 2307 aut
2507 2253 2887 2323 importunitas
2925 2256 3181 2325 petentis,
3210 2265 3305 2312 aut
3342 2264 3526 2313 aucto-

1945 2343 2080 2396 ritas
2107 2344 2469 2413 prmcipientis
2494 2346 2755 2417 exegerit.
2787 2341 2913 2402 Non
2957 2348 3094 2402 enim
3116 2358 3173 2402 ut
3203 2349 3324 2404 aliis
3352 2351 3419 2404 sit
3444 2366 3525 2405 re-

1945 2434 2142 2487 missio.
2180 2433 2295 2489 Non
2330 2434 2473 2501 dico,
2522 2445 2584 2491 ut
2610 2437 2761 2493 vobis
2788 2438 2921 2493 nihil
2963 2439 3213 2505 servetis,
3265 2441 3359 2496 sed
3381 2443 3526 2512 quod

1945 2527 2189 2596 utrisque
2228 2526 2477 2583 sufﬁciat.
2528 2528 2635 2584 Sed
2669 2546 2734 2584 ea:
2763 2529 3078 2601 wgualitate.
3121 2531 3323 2586 Omnes
3375 2533 3523 2589 enim

1947 2618 2226 2688 aequaliter
2281 2620 2504 2686 dabunt,
2564 2620 2610 2675 si
2657 2618 3027 2690 unusquisque
3066 2628 3273 2676 tantum
3308 2622 3527 2678 dederit

1948 2720 2208 2780 quantum
2234 2720 2430 2783 potest.
2462 2711 2635 2768 Aliter
2666 2727 2681 2766 :
2713 2711 2800 2767 Ea:
2821 2711 3139 2784 mqualitate,
3174 2713 3276 2769 hoc
3296 2723 3525 2783 cst,quo

1948 2803 2109 2858 modo
2152 2817 2247 2857 vos
2289 2801 2503 2858 illorum
2557 2802 2739 2857 vivitis
2789 2800 3186 2873 spiritualibus,
3227 2803 3300 2857 ita
3346 2812 3402 2859 et
3447 2804 3522 2860 illi

1950 2893 2145 2949 vestris
2178 2894 2487 2950 carnalibus
2515 2893 2782 2948 fruantur.
2818 2892 2990 2949 Aliter
3017 2913 3031 2947 :
3064 2894 3151 2950 Ea:
3193 2896 3526 2968 mqualitate.

1876 2998 1921 3059 ρ
1952 2983 2005 3038 id
2027 2992 2131 3049 est,
2158 2993 2219 3039 ut
2250 2984 2402 3039 vobis
2428 2992 2483 3038 et
2521 2982 2627 3038 illis
2652 2981 2905 3052 sulliciat,
2930 2984 3004 3040 ita
3043 2986 3374 3045 distribuite.
3397 2986 3530 3043 Illo-

1952 3092 2068 3129 rum
2088 3075 2430 3131 abundantia.
2460 3075 2518 3131 ω
2545 3085 2648 3142 εει,
2679 3077 2925 3133 doctrina
2964 3086 3019 3134 et
3045 3080 3310 3136 oratione.

2022 3206 2091 3262 Ut
2125 3207 2221 3277 ﬁat
2253 3209 2549 3279 inqualitas.
2592 3209 2649 3266 Id
2696 3219 2799 3277 est,
2827 3210 3145 3268 sutile-lentia
3198 3213 3444 3284 utrisque
3472 3211 3528 3268 in

1951 3300 2318 3370 spiritualibus
2342 3309 2396 3357 et
2424 3302 2730 3358 carnalibus
2750 3302 2936 3359 bonis.
2972 3301 3120 3359 Sicut
3144 3304 3398 3375 scriptum
3425 3311 3524 3357 est.

1952 3393 2067 3449 Hoc
2097 3393 2165 3449 de
2185 3408 2380 3449 manna
2426 3394 2522 3450 Dei
2554 3395 2773 3459 dicitur,
2796 3395 2939 3466 quod
2965 3394 3196 3466 populus
3221 3393 3432 3463 accepit
3471 3392 3525 3446 in

1950 3484 2165 3541 deserto
2188 3505 2203 3540 :
2231 3484 2386 3555 cujus
2408 3486 2656 3559 exemplo
2675 3487 2954 3551 docemur,
2970 3485 3112 3556 quod
3137 3484 3313 3541 omnis
3335 3496 3527 3552 super-

1954 3576 2282 3632 abundantia
2331 3587 2553 3647 generet
2599 3592 2813 3633 vermes
2860 3595 2873 3629 :
2909 3576 3069 3631 simul
3119 3583 3176 3630 et
3226 3573 3532 3631 ostenditur

1953 3684 2074 3738 quae
2112 3670 2253 3724 Deus
2290 3669 2383 3722 dat
2406 3670 2658 3724 omnibus
2685 3669 2908 3739 mqualia
2933 3682 3055 3723 esse
3089 3668 3306 3732 debere,
3325 3674 3382 3721 et
3402 3681 3532 3737 pro-

275 3772 464 3820 natnm
490 3762 707 3819 blandis
732 3763 1079 3818 unctionibus
1105 3762 1270 3826 fovet,
1298 3769 1358 3815 ut
1384 3760 1597 3821 facilius
1626 3759 1852 3815 cauterii
1952 3768 2075 3828 pter
2102 3758 2261 3827 hujus
2291 3758 2587 3814 testimonii
2610 3759 2988 3813 auctoritatem
3034 3756 3150 3811 vult
3174 3757 3331 3812 nobis
3380 3756 3531 3826 Apo-

277 3864 470 3909 ustnra
526 3860 769 3909 sanetur.
825 3851 1088 3918 Quoniam
1139 3868 1259 3906 cum
1308 3852 1513 3907 timore.
1572 3850 1858 3904 Timebant
1955 3850 2125 3906 stolas
2147 3850 2439 3920 praesentia
2468 3849 2652 3905 omnia
2679 3862 2802 3904 esse
2831 3847 3161 3911 communia,
3208 3854 3270 3901 ut
3303 3847 3531 3918 perfecti

278 3947 424 4002 enim
460 3945 790 4001 contristare
817 3959 979 4014 quem
1006 3942 1326 3998 dilexerant.
1355 3941 1573 3997 Gaudeo
1620 3940 1759 4012 quod
1802 3942 1857 3993 in
1957 3942 2257 3997 doctrinam
2283 3956 2392 3996 non
2419 3941 2772 4005 abscondant,
2804 3950 2858 3995 et
2877 3940 3143 3996 habentes
3169 3939 3528 3996 substantiam

279 4036 521 4092 curribus
553 4034 760 4105 conﬁdo
784 4037 840 4090 in
878 4035 1037 4090 vobis.
1070 4034 1194 4090 Ideo
1242 4033 1474 4105 gaudeo,
1504 4033 1630 4103 quia
1676 4034 1856 4088 omnia
1956 4033 2141 4088 mundi
2171 4047 2277 4088 non
2308 4033 2576 4104 denegent
2610 4032 2695 4088 eis
2738 4032 2964 4088 victum.
2997 4031 3251 4089 Eandem
3280 4032 3537 4090 sollicita-

278 4140 397 4195 quae
417 4127 487 4181 de
509 4124 669 4179 vobis
691 4124 871 4189 audio,
903 4123 1067 4180 credo
1092 4131 1147 4177 ct
1178 4121 1394 4177 confido
1421 4136 1551 4178 vera
1579 4135 1722 4177 esse.
1958 4124 2151 4178 dinem.
2178 4122 2233 4178 Id
2258 4131 2362 4187 est,
2396 4137 2558 4191 quam
2602 4122 2794 4177 habeo.
2840 4121 3282 4178 Consolationem.
3315 4122 3372 4178 Id
3417 4131 3532 4188 est,

870 4213 1098 4272 CAPUT
1131 4213 1264 4269 VIII.
1959 4213 2391 4268 exhortationem
2423 4215 2489 4267 ad
2516 4213 2819 4268 docendum
2860 4228 2978 4267 vos.
3009 4211 3242 4284 Accepit.
3273 4213 3329 4268 Id
3357 4224 3462 4280 est,
3505 4229 3536 4268 a

350 4305 552 4361 Notam
582 4314 758 4359 autem
787 4304 924 4374 facio
953 4305 1114 4361 tabis.
1145 4303 1298 4360 Nunc
1318 4305 1506 4375 incipit
1524 4304 1590 4361 de
1627 4304 1859 4360 eleemo-
1887 4351 1938 4375 π
1964 4303 2096 4367 Deo,
2138 4302 2221 4356 vel
2275 4318 2306 4357 a
2336 4303 2512 4359 nobis.
2564 4301 2672 4359 Sed
2699 4320 2816 4357 cum
2846 4301 3121 4357 sollicitior
3145 4312 3295 4358 esset.
3327 4305 3384 4360 Id
3431 4314 3535 4372 est,

280 4394 452 4463 synis,
484 4402 542 4448 et
573 4392 639 4447 ad
661 4351 1058 4448 aemdlationem
1090 4351 1723 4464 Macedonumrprovocat
1745 4408 1858 4448 eos.
1885 4351 1941 4411 Β
1940 4402 1951 4413 ‘
1965 4393 2056 4464 qui
2090 4392 2320 4448 aliorum
2342 4392 2712 4464 eieemosynas
2749 4392 3030 4448 aemulatus
3054 4400 3157 4448 εει.
3185 4351 3533 4450 Destinatam:

281 4484 523 4539 Gratiam
544 4482 781 4538 Domini.
809 4483 866 4539 Id
894 4492 999 4549 est,
1024 4484 1444 4555 eleemosynarn.
1470 4483 1537 4538 In
1549 4483 1729 4556 multis
1748 4501 1867 4555 pro-
1964 4483 2021 4538 Id
2049 4492 2154 4549 est,
2183 4483 2538 4554 propositam,
2569 4498 2667 4538 seu
2695 4489 2955 4553 aptatam.
2985 4482 3285 4539 Devitontes
3313 4484 3430 4540 hoc.
3458 4483 3536 4541 Ne

284 4576 457 4631 Latus.
487 4574 550 4630 In
599 4574 765 4642 fame,
803 4591 924 4645 qua:
983 4574 1121 4630 facta
1147 4583 1234 4632 est
1261 4576 1361 4632 sub
1384 4575 1611 4631 Claudio
1632 4574 1861 4630 Caesare.
1964 4574 2087 4644 quis
2105 4574 2252 4629 dicat
2290 4591 2303 4626 :
2334 4573 2613 4641 Quomodo
2652 4573 2902 4630 Christus
2926 4574 3100 4646 legem
3124 4574 3385 4645 implevit,
3413 4591 3534 4630 cum

287 4663 567 4735 Profunda
586 4673 888 4735 paupertas.
917 4663 972 4719 Id
1001 4672 1104 4730 est,
1129 4664 1319 4720 nimia.
1350 4663 1417 4719 In
1446 4664 1641 4719 diuitiis
1666 4663 1868 4735 simpli-
1965 4680 2074 4720 non
2117 4664 2395 4721 videamus
2438 4664 2776 4720 Christianos
2806 4673 3014 4720 tantum
3044 4664 3440 4738 cleemosynam
3468 4667 3557 4721 fu-‘

286 4755 481 4808 citatis.
509 4754 736 4809 Multum
765 4755 983 4825 quidem
1018 4769 1283 4826 pauperes
1307 4763 1434 4811 sunt
1458 4756 1513 4811 in
1547 4765 1761 4813 terrena
1783 4756 1865 4811 fa-
1966 4771 2112 4823 cere,
2143 4765 2344 4828 quanta
2374 4755 2492 4812 fieri
2516 4756 2570 4812 in
2600 4756 2719 4829 lege
2739 4765 3004 4827 praecepta
3029 4758 3147 4814 est?
3174 4756 3420 4814 Misimus
3443 4776 3541 4813 au-

287 4843 514 4911 cultate,
540 4845 637 4899 sed
684 4845 736 4898 in
761 4859 953 4916 magna
977 4845 1327 4916 simplicitate
1345 4854 1471 4902 sunt
1515 4847 1730 4915 divites,
1767 4865 1865 4904 cu-
1969 4857 2069 4901 tem
2095 4864 2214 4902 cum
2247 4846 2375 4901 illis.
2417 4845 2475 4901 ld
2514 4855 2620 4914 est,
2663 4847 2787 4903 Tito
2836 4858 2889 4902 et
2916 4847 3079 4903 Luca.
3106 4847 3176 4902 Et
3204 4847 3420 4916 fratrem
3449 4865 3541 4903 no-

287 4931 504 5001 pientes
526 4931 652 5002 plus
678 4932 810 4989 dare
831 4949 997 5005 quam
1025 4934 1171 5004 quod
1199 4935 1457 5001 habeant,
1485 4950 1551 4990 ac
1577 4947 1864 5008 propterea
1966 4949 2155 4995 struas.
2190 4937 2419 5006 Quidam
2444 4940 2547 4995 hoc
2560 4939 2626 4995 de
2653 4939 2844 5008 Apollo
2866 4946 3114 4994 asserunt
3134 4938 3355 4995 dictum.
3383 4939 3540 4994 Nunc

288 5022 432 5077 Deus
457 5023 634 5093 magis
676 5023 921 5078 animum
947 5025 1173 5095 probat,
1211 5038 1374 5093 quam
1395 5025 1540 5093 quod
1572 5027 1869 5098 porrigitur
1970 5047 2088 5085 vero
2120 5028 2285 5084 multo
2310 5028 2683 5084 sollicitiorcm.
2717 5028 2850 5083 Eum
2870 5028 3182 5099 probamus,
3206 5027 3541 5088 conﬁdentes

286 5110 509 5165 dextera
563 5109 667 5179 Qui
711 5113 856 5168 enim
884 5122 1146 5182 quantum
1174 5119 1356 5183 potest
1380 5112 1531 5177 facit,
1579 5122 1748 5169 totum
1788 5115 1871 5170 fa-
1971 5122 2097 5192 quia
2134 5131 2312 5176 vestra
2339 5119 2641 5176 obedientia
2679 5125 3018 5189 provocetur,
3047 5117 3166 5174 sive
3187 5134 3348 5190 quam
3385 5122 3541 5177 audi-

286 5204 380 5259 cit.
409 5203 555 5271 Quia
583 5206 874 5262 secundum
899 5208 1141 5262 uirtutem
1173 5206 1524 5262 testimonium
1548 5206 1656 5262 illis
1684 5208 1863 5276 reddo,
1975 5213 2056 5268 vit
2092 5227 2123 5267 a
2173 5212 2318 5276 'I‘ito,
2361 5211 2474 5265 sive
2507 5224 2612 5278 qua
2647 5222 2742 5277 per
2765 5222 2824 5262 se
2853 5208 2967 5277 ipse
3008 5217 3092 5263 est
3118 5210 3396 5280 probatus.
3423 5210 3545 5267 Siue

285 5306 335 5349 et
358 5314 525 5368 supra
569 5299 814 5354 virtutem
836 5297 1123 5354 voluntarii
1163 5298 1397 5369 fuerunt.
1427 5296 1624 5355 Verbis
1658 5298 1869 5371 praepd-
1974 5318 2069 5373 pro
2101 5301 2237 5356 Tito.
2266 5298 2417 5367 Quod
2441 5298 2573 5353 dicit
2597 5298 2701 5352 hoc
2722 5306 2827 5361 est,
2863 5306 2922 5352 ut
2963 5306 3072 5353 tam
3109 5299 3214 5355 Titi
3244 5314 3405 5356 causa
3451 5305 3545 5371 qui

286 5394 448 5447 steris
484 5393 593 5450 hoc
632 5392 789 5459 dicit,
843 5389 1195 5448 testiinonium
1239 5391 1346 5447 illis
1383 5393 1565 5456 reddo,
1609 5393 1866 5462 quaniam
1975 5406 2162 5446 eorum
2185 5388 2542 5444 obedientiam
2573 5386 2990 5453 collaudaverat,
3018 5403 3179 5457 quam
3227 5401 3417 5444 eorum
3447 5389 3540 5460 qui

287 5484 589 5540 secundum
626 5485 889 5540 virtutem
939 5485 1223 5546 facientes,
1273 5499 1434 5554 supra
1475 5484 1729 5537 virtutem
1780 5498 1871 5537 vo-
1977 5481 2043 5535 ad
2069 5482 2215 5549 ipsos
2242 5477 2453 5532 fuerant
2481 5479 2686 5549 pariter
2714 5478 2987 5542 destinati,
3034 5479 3103 5532 ita
3132 5494 3189 5534 se
3215 5480 3541 5548 exhibeant,

287 5570 506 5630 luntarii
545 5573 788 5630 fuerunt.
824 5573 955 5629 Cum
994 5574 1174 5631 multis
1201 5574 1436 5647 precibus
1479 5583 1706 5627 orantes.
1740 5573 1868 5627 Μαι.
1978 5581 2037 5626 ut
2072 5580 2124 5624 et
2148 5569 2429 5624 chat-itatis
2458 5569 2848 5636 sinceritatem,
2878 5579 2930 5623 et
2962 5572 3390 5643 apostolimcpro
3415 5575 3548 5645 ipSts
