  <div class='ocr_page' id='page_1' title='image "/cluster/home/n/w/nwhite01/storage/ocr_20150623/103/hvd.32044054759691/093.png"; bbox 0 0 3982 6198; ppageno 0'>
   <div class='ocr_carea' id='block_1_1' title="bbox 453 199 2004 300">
    <p class='ocr_par' dir='ltr' id='par_1_1' title="bbox 453 199 2004 300">
     <span class='ocr_line' id='line_1_1' title="bbox 453 199 2004 300; baseline -0.006 -3"><span class='ocrx_word' id='word_1_1' title='bbox 453 245 550 300; x_wconf 75' lang='grc'><strong>175</strong></span> <span class='ocrx_word' id='word_1_2' title='bbox 1387 199 1400 210; x_wconf 72' lang='grc'><em>’</em></span> <span class='ocrx_word' id='word_1_3' title='bbox 1805 234 2004 290; x_wconf 64' lang='lat' dir='ltr'><strong>suum</strong></span> 
     </span>
    </p>
   </div>
   <div class='ocr_carea' id='block_1_2' title="bbox 2108 199 2305 300">
    <p class='ocr_par' dir='ltr' id='par_1_2' title="bbox 2111 230 2305 288">
     <span class='ocr_line' id='line_1_2' title="bbox 2111 230 2305 288; baseline -0.026 -1"><span class='ocrx_word' id='word_1_4' title='bbox 2111 230 2305 288; x_wconf 83' lang='lat' dir='ltr'><strong>SCOTI</strong></span> 
     </span>
    </p>
   </div>
   <div class='ocr_carea' id='block_1_3' title="bbox 3566 226 3674 280">
    <p class='ocr_par' dir='ltr' id='par_1_3' title="bbox 3566 226 3674 280">
     <span class='ocr_line' id='line_1_3' title="bbox 3566 226 3674 280; baseline 0.009 -2"><span class='ocrx_word' id='word_1_5' title='bbox 3566 226 3674 280; x_wconf 76' lang='grc'><strong>176</strong></span> 
     </span>
    </p>
   </div>
   <div class='ocr_carea' id='block_1_4' title="bbox 444 334 3675 437">
    <p class='ocr_par' dir='ltr' id='par_1_4' title="bbox 444 334 3675 437">
     <span class='ocr_line' id='line_1_4' title="bbox 444 334 3675 437; baseline -0.009 -21"><span class='ocrx_word' id='word_1_6' title='bbox 444 351 626 437; x_wconf 60' lang='lat' dir='ltr'><strong>gloriaé</strong></span> <span class='ocrx_word' id='word_1_7' title='bbox 663 362 941 414; x_wconf 70' lang='lat' dir='ltr'><strong>veritatem</strong></span> <span class='ocrx_word' id='word_1_8' title='bbox 978 359 1031 412; x_wconf 88' lang='lat' dir='ltr'><strong>in</strong></span> <span class='ocrx_word' id='word_1_9' title='bbox 1078 363 1368 424; x_wconf 76' lang='lat' dir='ltr'><strong>conSper-tu</strong></span> <span class='ocrx_word' id='word_1_10' title='bbox 1414 351 1652 406; x_wconf 89' lang='lat' dir='ltr'><strong>omnium</strong></span> <span class='ocrx_word' id='word_1_11' title='bbox 1688 348 2000 419; x_wconf 88' lang='lat' dir='ltr'><strong>comproba-</strong></span> <span class='ocrx_word' id='word_1_12' title='bbox 2029 351 2080 409; x_wconf 83' lang='grc' dir='ltr'><strong>Α</strong></span> <span class='ocrx_word' id='word_1_13' title='bbox 2175 343 2277 409; x_wconf 90' lang='lat' dir='ltr'><strong>Qui</strong></span> <span class='ocrx_word' id='word_1_14' title='bbox 2309 343 2363 394; x_wconf 87' lang='lat' dir='ltr'><strong>in</strong></span> <span class='ocrx_word' id='word_1_15' title='bbox 2386 339 2518 409; x_wconf 79' lang='lat' dir='ltr'><strong>facie</strong></span> <span class='ocrx_word' id='word_1_16' title='bbox 2555 339 2764 408; x_wconf 79' lang='lat' dir='ltr'><strong>quidem</strong></span> <span class='ocrx_word' id='word_1_17' title='bbox 2789 336 3002 391; x_wconf 78' lang='lat' dir='ltr'><strong>humilis</strong></span> <span class='ocrx_word' id='word_1_18' title='bbox 3031 352 3165 389; x_wconf 90' lang='lat' dir='ltr'><strong>sum.</strong></span> <span class='ocrx_word' id='word_1_19' title='bbox 3199 334 3427 405; x_wconf 83' lang='lat' dir='ltr'><strong>Semper</strong></span> <span class='ocrx_word' id='word_1_20' title='bbox 3452 344 3675 390; x_wconf 84' lang='lat' dir='ltr'><strong>sancto-</strong></span> 
     </span>
    </p>
   </div>
   <div class='ocr_carea' id='block_1_5' title="bbox 1044 534 1395 593">
    <p class='ocr_par' dir='ltr' id='par_1_5' title="bbox 1044 534 1395 593">
     <span class='ocr_line' id='line_1_5' title="bbox 1044 534 1395 593; baseline -0.014 0"><span class='ocrx_word' id='word_1_21' title='bbox 1044 536 1270 593; x_wconf 84' lang='lat' dir='ltr'><strong>CAPUT</strong></span> <span class='ocrx_word' id='word_1_22' title='bbox 1307 534 1395 589; x_wconf 73' lang='lat' dir='ltr'><strong>IX.</strong></span> 
     </span>
    </p>
   </div>
   <div class='ocr_carea' id='block_1_6' title="bbox 512 621 2005 692">
    <p class='ocr_par' dir='ltr' id='par_1_6' title="bbox 512 621 2005 692">
     <span class='ocr_line' id='line_1_6' title="bbox 512 621 2005 692; baseline -0.012 -1"><span class='ocrx_word' id='word_1_23' title='bbox 512 637 595 691; x_wconf 69' lang='lat' dir='ltr'><strong>Ex</strong></span> <span class='ocrx_word' id='word_1_24' title='bbox 614 632 937 688; x_wconf 70' lang='lat' dir='ltr'><strong>abundantia</strong></span> <span class='ocrx_word' id='word_1_25' title='bbox 967 638 1041 684; x_wconf 86' lang='lat' dir='ltr'><strong>est</strong></span> <span class='ocrx_word' id='word_1_26' title='bbox 1067 629 1193 682; x_wconf 80' lang='lat' dir='ltr'><strong>milii</strong></span> <span class='ocrx_word' id='word_1_27' title='bbox 1221 626 1460 681; x_wconf 86' lang='lat' dir='ltr'><strong>scribere.</strong></span> <span class='ocrx_word' id='word_1_28' title='bbox 1489 622 1548 677; x_wconf 91' lang='lat' dir='ltr'><strong>Id</strong></span> <span class='ocrx_word' id='word_1_29' title='bbox 1576 631 1679 687; x_wconf 88' lang='lat' dir='ltr'><strong>est,</strong></span> <span class='ocrx_word' id='word_1_30' title='bbox 1703 621 1822 692; x_wconf 89' lang='lat' dir='ltr'><strong>plus</strong></span> <span class='ocrx_word' id='word_1_31' title='bbox 1842 633 2005 690; x_wconf 86' lang='lat' dir='ltr'><strong>quam</strong></span> 
     </span>
    </p>
   </div>
   <div class='ocr_carea' id='block_1_7' title="bbox 441 711 2000 794">
    <p class='ocr_par' dir='ltr' id='par_1_7' title="bbox 441 711 2000 794">
     <span class='ocr_line' id='line_1_7' title="bbox 441 711 2000 794; baseline -0.013 -14"><span class='ocrx_word' id='word_1_32' title='bbox 441 725 652 794; x_wconf 79' lang='lat' dir='ltr'><strong>scripsi.</strong></span> <span class='ocrx_word' id='word_1_33' title='bbox 678 723 878 775; x_wconf 87' lang='lat' dir='ltr'><strong>Parata</strong></span> <span class='ocrx_word' id='word_1_34' title='bbox 905 727 998 773; x_wconf 84' lang='lat' dir='ltr'><strong>est.</strong></span> <span class='ocrx_word' id='word_1_35' title='bbox 1029 717 1212 780; x_wconf 59' lang='lat' dir='ltr'><strong>ld-est,</strong></span> <span class='ocrx_word' id='word_1_36' title='bbox 1241 715 1306 769; x_wconf 86' lang='lat' dir='ltr'><strong>ad</strong></span> <span class='ocrx_word' id='word_1_37' title='bbox 1330 713 1562 769; x_wconf 84' lang='lat' dir='ltr'><strong>dandam</strong></span> <span class='ocrx_word' id='word_1_38' title='bbox 1585 711 2000 780; x_wconf 85' lang='lat' dir='ltr'><strong>eleemosynam.</strong></span> 
     </span>
    </p>
   </div>
   <div class='ocr_carea' id='block_1_8' title="bbox 440 797 2000 871">
    <p class='ocr_par' dir='ltr' id='par_1_8' title="bbox 440 797 2000 871">
     <span class='ocr_line' id='line_1_8' title="bbox 440 797 2000 871; baseline -0.013 -3"><span class='ocrx_word' id='word_1_39' title='bbox 440 815 510 871; x_wconf 86' lang='lat' dir='ltr'><strong>Et</strong></span> <span class='ocrx_word' id='word_1_40' title='bbox 540 822 708 867; x_wconf 85' lang='lat' dir='ltr'><strong>vestra</strong></span> <span class='ocrx_word' id='word_1_41' title='bbox 745 809 1028 864; x_wconf 77' lang='lat' dir='ltr'><strong>(rtnulatio.</strong></span> <span class='ocrx_word' id='word_1_42' title='bbox 1077 807 1135 861; x_wconf 92' lang='lat' dir='ltr'><strong>Id</strong></span> <span class='ocrx_word' id='word_1_43' title='bbox 1165 813 1248 860; x_wconf 88' lang='lat' dir='ltr'><strong>est</strong></span> <span class='ocrx_word' id='word_1_44' title='bbox 1270 845 1284 868; x_wconf 91' lang='lat'><strong>,</strong></span> <span class='ocrx_word' id='word_1_45' title='bbox 1315 802 1566 858; x_wconf 76' lang='lat' dir='ltr'><strong>imitatio.</strong></span> <span class='ocrx_word' id='word_1_46' title='bbox 1599 799 1741 853; x_wconf 85' lang='lat' dir='ltr'><strong>Nam</strong></span> <span class='ocrx_word' id='word_1_47' title='bbox 1783 797 2000 850; x_wconf 83' lang='lat' dir='ltr'><strong>Achaia.</strong></span> 
     </span>
    </p>
   </div>
   <div class='ocr_carea' id='block_1_9' title="bbox 441 886 2006 972">
    <p class='ocr_par' dir='ltr' id='par_1_9' title="bbox 441 886 2006 972">
     <span class='ocr_line' id='line_1_9' title="bbox 441 886 2006 972; baseline -0.012 -16"><span class='ocrx_word' id='word_1_48' title='bbox 441 903 572 956; x_wconf 87' lang='lat' dir='ltr'><strong>Tota</strong></span> <span class='ocrx_word' id='word_1_49' title='bbox 606 898 913 972; x_wconf 81' lang='lat' dir='ltr'><strong>provincia,</strong></span> <span class='ocrx_word' id='word_1_50' title='bbox 957 895 1110 963; x_wconf 84' lang='lat' dir='ltr'><strong>cujus</strong></span> <span class='ocrx_word' id='word_1_51' title='bbox 1147 901 1307 962; x_wconf 89' lang='lat' dir='ltr'><strong>caput</strong></span> <span class='ocrx_word' id='word_1_52' title='bbox 1339 891 1494 956; x_wconf 89' lang='lat' dir='ltr'><strong>estis,</strong></span> <span class='ocrx_word' id='word_1_53' title='bbox 1540 904 1638 959; x_wconf 89' lang='lat' dir='ltr'><strong>per</strong></span> <span class='ocrx_word' id='word_1_54' title='bbox 1671 902 1768 941; x_wconf 88' lang='lat' dir='ltr'><strong>vos</strong></span> <span class='ocrx_word' id='word_1_55' title='bbox 1807 886 1875 940; x_wconf 89' lang='lat' dir='ltr'><strong>ad</strong></span> <span class='ocrx_word' id='word_1_56' title='bbox 1903 887 2006 939; x_wconf 89' lang='lat' dir='ltr'><strong>hoc</strong></span> 
     </span>
    </p>
   </div>
   <div class='ocr_carea' id='block_1_10' title="bbox 442 976 2006 1056">
    <p class='ocr_par' dir='ltr' id='par_1_10' title="bbox 442 976 2006 1056">
     <span class='ocr_line' id='line_1_10' title="bbox 442 976 2006 1056; baseline -0.013 -9"><span class='ocrx_word' id='word_1_57' title='bbox 442 989 796 1046; x_wconf 75' lang='lat' dir='ltr'><strong>ministerium</strong></span> <span class='ocrx_word' id='word_1_58' title='bbox 818 993 1108 1056; x_wconf 87' lang='lat' dir='ltr'><strong>provocata</strong></span> <span class='ocrx_word' id='word_1_59' title='bbox 1123 991 1224 1038; x_wconf 89' lang='lat' dir='ltr'><strong>est.</strong></span> <span class='ocrx_word' id='word_1_60' title='bbox 1255 981 1320 1034; x_wconf 90' lang='lat' dir='ltr'><strong>In</strong></span> <span class='ocrx_word' id='word_1_61' title='bbox 1348 982 1447 1033; x_wconf 82' lang='lat' dir='ltr'><strong>hac</strong></span> <span class='ocrx_word' id='word_1_62' title='bbox 1471 988 1636 1049; x_wconf 87' lang='lat' dir='ltr'><strong>parte.</strong></span> <span class='ocrx_word' id='word_1_63' title='bbox 1663 976 1719 1030; x_wconf 98' lang='lat' dir='ltr'><strong>Id</strong></span> <span class='ocrx_word' id='word_1_64' title='bbox 1740 981 1841 1039; x_wconf 89' lang='lat' dir='ltr'><strong>est,</strong></span> <span class='ocrx_word' id='word_1_65' title='bbox 1873 988 2006 1044; x_wconf 71' lang='lat' dir='ltr'><strong>prae-</strong></span> 
     </span>
    </p>
   </div>
   <div class='ocr_carea' id='block_1_11' title="bbox 439 1066 2003 1152">
    <p class='ocr_par' dir='ltr' id='par_1_11' title="bbox 439 1066 2003 1152">
     <span class='ocr_line' id='line_1_11' title="bbox 439 1066 2003 1152; baseline -0.013 -16"><span class='ocrx_word' id='word_1_66' title='bbox 439 1081 688 1152; x_wconf 74' lang='lat' dir='ltr'><strong>parandzc</strong></span> <span class='ocrx_word' id='word_1_67' title='bbox 718 1079 1091 1146; x_wconf 73' lang='lat' dir='ltr'><strong>eleemosynaz.</strong></span> <span class='ocrx_word' id='word_1_68' title='bbox 1118 1073 1503 1127; x_wconf 88' lang='lat' dir='ltr'><strong>Erubescamus</strong></span> <span class='ocrx_word' id='word_1_69' title='bbox 1535 1085 1648 1122; x_wconf 89' lang='lat' dir='ltr'><strong>nos.</strong></span> <span class='ocrx_word' id='word_1_70' title='bbox 1679 1066 1734 1120; x_wconf 90' lang='lat' dir='ltr'><strong>Id</strong></span> <span class='ocrx_word' id='word_1_71' title='bbox 1771 1074 1874 1130; x_wconf 91' lang='lat' dir='ltr'><strong>est,</strong></span> <span class='ocrx_word' id='word_1_72' title='bbox 1904 1076 2003 1133; x_wconf 88' lang='lat' dir='ltr'><strong>ego</strong></span> 
     </span>
    </p>
   </div>
   <div class='ocr_carea' id='block_1_12' title="bbox 438 1156 2002 1228">
    <p class='ocr_par' dir='ltr' id='par_1_12' title="bbox 438 1156 2002 1228">
     <span class='ocr_line' id='line_1_12' title="bbox 438 1156 2002 1228; baseline -0.013 -1"><span class='ocrx_word' id='word_1_73' title='bbox 438 1183 492 1228; x_wconf 88' lang='lat' dir='ltr'><strong>et</strong></span> <span class='ocrx_word' id='word_1_74' title='bbox 513 1173 684 1227; x_wconf 89' lang='lat' dir='ltr'><strong>Titus.</strong></span> <span class='ocrx_word' id='word_1_75' title='bbox 732 1168 883 1222; x_wconf 82' lang='lat' dir='ltr'><strong>Hanc</strong></span> <span class='ocrx_word' id='word_1_76' title='bbox 933 1165 1355 1221; x_wconf 77' lang='lat' dir='ltr'><strong>benedictionem.</strong></span> <span class='ocrx_word' id='word_1_77' title='bbox 1400 1161 1524 1215; x_wconf 88' lang='lat' dir='ltr'><strong>Ideo</strong></span> <span class='ocrx_word' id='word_1_78' title='bbox 1574 1156 2002 1212; x_wconf 90' lang='lat' dir='ltr'><strong>benedictionem</strong></span> 
     </span>
    </p>
   </div>
   <div class='ocr_carea' id='block_1_13' title="bbox 438 1245 2006 1330">
    <p class='ocr_par' dir='ltr' id='par_1_13' title="bbox 438 1245 2006 1330">
     <span class='ocr_line' id='line_1_13' title="bbox 438 1245 2006 1330; baseline -0.011 -14"><span class='ocrx_word' id='word_1_79' title='bbox 438 1262 833 1330; x_wconf 83' lang='lat' dir='ltr'><strong>elccmosynam</strong></span> <span class='ocrx_word' id='word_1_80' title='bbox 873 1264 1052 1321; x_wconf 85' lang='lat' dir='ltr'><strong>vocat,</strong></span> <span class='ocrx_word' id='word_1_81' title='bbox 1078 1271 1147 1310; x_wconf 89' lang='lat' dir='ltr'><strong>ne</strong></span> <span class='ocrx_word' id='word_1_82' title='bbox 1182 1267 1348 1324; x_wconf 86' lang='lat' dir='ltr'><strong>parva</strong></span> <span class='ocrx_word' id='word_1_83' title='bbox 1385 1250 1508 1314; x_wconf 88' lang='lat' dir='ltr'><strong>ﬁat;</strong></span> <span class='ocrx_word' id='word_1_84' title='bbox 1549 1247 1692 1318; x_wconf 88' lang='lat' dir='ltr'><strong>quod</strong></span> <span class='ocrx_word' id='word_1_85' title='bbox 1717 1249 1861 1301; x_wconf 91' lang='lat' dir='ltr'><strong>enim</strong></span> <span class='ocrx_word' id='word_1_86' title='bbox 1913 1245 2006 1300; x_wconf 89' lang='lat' dir='ltr'><strong>bc-</strong></span> 
     </span>
    </p>
   </div>
   <div class='ocr_carea' id='block_1_14' title="bbox 437 1337 2004 1415">
    <p class='ocr_par' dir='ltr' id='par_1_14' title="bbox 437 1337 2004 1415">
     <span class='ocr_line' id='line_1_14' title="bbox 437 1337 2004 1415; baseline -0.01 -9"><span class='ocrx_word' id='word_1_87' title='bbox 437 1351 719 1415; x_wconf 88' lang='lat' dir='ltr'><strong>nedicitur,</strong></span> <span class='ocrx_word' id='word_1_88' title='bbox 751 1349 817 1403; x_wconf 89' lang='lat' dir='ltr'><strong>ad</strong></span> <span class='ocrx_word' id='word_1_89' title='bbox 845 1345 1232 1402; x_wconf 78' lang='lat' dir='ltr'><strong>abundantiam</strong></span> <span class='ocrx_word' id='word_1_90' title='bbox 1262 1339 1756 1398; x_wconf 88' lang='lat' dir='ltr'><strong>benedieitur.ldeo</strong></span> <span class='ocrx_word' id='word_1_91' title='bbox 1777 1337 2004 1393; x_wconf 90' lang='lat' dir='ltr'><strong>benedi-</strong></span> 
     </span>
    </p>
   </div>
   <div class='ocr_carea' id='block_1_15' title="bbox 437 1439 1484 1506">
    <p class='ocr_par' dir='ltr' id='par_1_15' title="bbox 437 1439 1484 1506">
     <span class='ocr_line' id='line_1_15' title="bbox 437 1439 1484 1506; baseline -0.011 -9"><span class='ocrx_word' id='word_1_92' title='bbox 437 1445 544 1497; x_wconf 87' lang='lat' dir='ltr'><strong>ctio</strong></span> <span class='ocrx_word' id='word_1_93' title='bbox 574 1441 852 1496; x_wconf 89' lang='lat' dir='ltr'><strong>abundans</strong></span> <span class='ocrx_word' id='word_1_94' title='bbox 881 1439 1218 1506; x_wconf 88' lang='lat' dir='ltr'><strong>eleemosyna</strong></span> <span class='ocrx_word' id='word_1_95' title='bbox 1244 1442 1484 1489; x_wconf 81' lang='lat' dir='ltr'><strong>vocatur.</strong></span> 
     </span>
    </p>
   </div>
   <div class='ocr_carea' id='block_1_16' title="bbox 508 1518 2006 1589">
    <p class='ocr_par' dir='ltr' id='par_1_16' title="bbox 508 1518 2006 1589">
     <span class='ocr_line' id='line_1_16' title="bbox 508 1518 2006 1589; baseline -0.01 -2"><span class='ocrx_word' id='word_1_96' title='bbox 508 1532 623 1588; x_wconf 82' lang='lat' dir='ltr'><strong>Sive</strong></span> <span class='ocrx_word' id='word_1_97' title='bbox 643 1531 776 1584; x_wconf 86' lang='lat' dir='ltr'><strong>hanc</strong></span> <span class='ocrx_word' id='word_1_98' title='bbox 805 1527 1225 1582; x_wconf 78' lang='lat' dir='ltr'><strong>benedictionem.</strong></span> <span class='ocrx_word' id='word_1_99' title='bbox 1269 1525 1326 1578; x_wconf 95' lang='lat' dir='ltr'><strong>Id</strong></span> <span class='ocrx_word' id='word_1_100' title='bbox 1366 1531 1470 1589; x_wconf 83' lang='lat' dir='ltr'><strong>est,</strong></span> <span class='ocrx_word' id='word_1_101' title='bbox 1502 1521 1842 1577; x_wconf 88' lang='lat' dir='ltr'><strong>benedictam</strong></span> <span class='ocrx_word' id='word_1_102' title='bbox 1895 1518 2006 1572; x_wconf 90' lang='lat' dir='ltr'><strong>Deo</strong></span> 
     </span>
    </p>
   </div>
   <div class='ocr_carea' id='block_1_17' title="bbox 437 1608 2007 1688">
    <p class='ocr_par' dir='ltr' id='par_1_17' title="bbox 437 1608 2007 1688">
     <span class='ocr_line' id='line_1_17' title="bbox 437 1608 2007 1688; baseline -0.011 -10"><span class='ocrx_word' id='word_1_103' title='bbox 437 1629 912 1688; x_wconf 84' lang='lat' dir='ltr'><strong>consecratamque</strong></span> <span class='ocrx_word' id='word_1_104' title='bbox 953 1615 1368 1686; x_wconf 86' lang='lat' dir='ltr'><strong>elecmosynam.</strong></span> <span class='ocrx_word' id='word_1_105' title='bbox 1396 1611 1482 1667; x_wconf 86' lang='lat' dir='ltr'><strong>Sic</strong></span> <span class='ocrx_word' id='word_1_106' title='bbox 1522 1610 1674 1682; x_wconf 87' lang='lat' dir='ltr'><strong>quasi</strong></span> <span class='ocrx_word' id='word_1_107' title='bbox 1703 1608 2007 1663; x_wconf 88' lang='lat' dir='ltr'><strong>benedictio-</strong></span> 
     </span>
    </p>
   </div>
   <div class='ocr_carea' id='block_1_18' title="bbox 436 1699 2007 1772">
    <p class='ocr_par' dir='ltr' id='par_1_18' title="bbox 436 1699 2007 1772">
     <span class='ocr_line' id='line_1_18' title="bbox 436 1699 2007 1772; baseline -0.009 -6"><span class='ocrx_word' id='word_1_108' title='bbox 436 1730 569 1766; x_wconf 84' lang='lat' dir='ltr'><strong>nem.</strong></span> <span class='ocrx_word' id='word_1_109' title='bbox 609 1711 687 1766; x_wconf 92' lang='lat' dir='ltr'><strong>Ita</strong></span> <span class='ocrx_word' id='word_1_110' title='bbox 723 1710 869 1764; x_wconf 86' lang='lat' dir='ltr'><strong>enim</strong></span> <span class='ocrx_word' id='word_1_111' title='bbox 909 1706 1212 1762; x_wconf 82' lang='lat' dir='ltr'><strong>benedictio</strong></span> <span class='ocrx_word' id='word_1_112' title='bbox 1241 1704 1360 1768; x_wconf 90' lang='lat' dir='ltr'><strong>erit,</strong></span> <span class='ocrx_word' id='word_1_113' title='bbox 1394 1703 1438 1758; x_wconf 90' lang='lat' dir='ltr'><strong>si</strong></span> <span class='ocrx_word' id='word_1_114' title='bbox 1487 1709 1640 1772; x_wconf 88' lang='lat' dir='ltr'><strong>grato</strong></span> <span class='ocrx_word' id='word_1_115' title='bbox 1684 1701 1864 1755; x_wconf 90' lang='lat' dir='ltr'><strong>animo</strong></span> <span class='ocrx_word' id='word_1_116' title='bbox 1912 1699 2007 1753; x_wconf 92' lang='lat' dir='ltr'><strong>tri-</strong></span> 
     </span>
    </p>
   </div>
   <div class='ocr_carea' id='block_1_19' title="bbox 433 1789 1999 1861">
    <p class='ocr_par' dir='ltr' id='par_1_19' title="bbox 433 1789 1999 1861">
     <span class='ocr_line' id='line_1_19' title="bbox 433 1789 1999 1861; baseline -0.008 -7"><span class='ocrx_word' id='word_1_117' title='bbox 433 1802 647 1856; x_wconf 84' lang='lat' dir='ltr'><strong>buatur.</strong></span> <span class='ocrx_word' id='word_1_118' title='bbox 702 1797 940 1851; x_wconf 79' lang='lat' dir='ltr'><strong>Hilarem</strong></span> <span class='ocrx_word' id='word_1_119' title='bbox 983 1795 1118 1849; x_wconf 86' lang='lat' dir='ltr'><strong>enim</strong></span> <span class='ocrx_word' id='word_1_120' title='bbox 1164 1794 1397 1847; x_wconf 78' lang='lat' dir='ltr'><strong>datorem</strong></span> <span class='ocrx_word' id='word_1_121' title='bbox 1439 1791 1607 1861; x_wconf 77' lang='lat' dir='ltr'><strong>diligit</strong></span> <span class='ocrx_word' id='word_1_122' title='bbox 1638 1791 1777 1844; x_wconf 91' lang='lat' dir='ltr'><strong>Deus</strong></span> <span class='ocrx_word' id='word_1_123' title='bbox 1810 1789 1999 1861; x_wconf 86' lang='lat' dir='ltr'><strong>(Eccli.</strong></span> 
     </span>
    </p>
   </div>
   <div class='ocr_carea' id='block_1_20' title="bbox 435 1879 2003 1960">
    <p class='ocr_par' dir='ltr' id='par_1_20' title="bbox 435 1879 2003 1960">
     <span class='ocr_line' id='line_1_20' title="bbox 435 1879 2003 1960; baseline -0.007 -17"><span class='ocrx_word' id='word_1_124' title='bbox 435 1889 621 1960; x_wconf 73' lang='lat' dir='ltr'><strong>xxxv).</strong></span> <span class='ocrx_word' id='word_1_125' title='bbox 644 1887 854 1941; x_wconf 82' lang='lat' dir='ltr'><strong>Avarus</strong></span> <span class='ocrx_word' id='word_1_126' title='bbox 878 1888 1058 1939; x_wconf 78' lang='lat' dir='ltr'><strong>antem</strong></span> <span class='ocrx_word' id='word_1_127' title='bbox 1079 1882 1326 1938; x_wconf 84' lang='lat' dir='ltr'><strong>hilariter</strong></span> <span class='ocrx_word' id='word_1_128' title='bbox 1351 1881 1480 1936; x_wconf 91' lang='lat' dir='ltr'><strong>dare</strong></span> <span class='ocrx_word' id='word_1_129' title='bbox 1510 1896 1616 1936; x_wconf 91' lang='lat' dir='ltr'><strong>non</strong></span> <span class='ocrx_word' id='word_1_130' title='bbox 1640 1881 1806 1936; x_wconf 88' lang='lat' dir='ltr'><strong>novit.</strong></span> <span class='ocrx_word' id='word_1_131' title='bbox 1847 1879 2003 1933; x_wconf 83' lang='lat' dir='ltr'><strong>Nunc</strong></span> 
     </span>
    </p>
   </div>
   <div class='ocr_carea' id='block_1_21' title="bbox 433 1969 2004 2039">
    <p class='ocr_par' dir='ltr' id='par_1_21' title="bbox 433 1969 2004 2039">
     <span class='ocr_line' id='line_1_21' title="bbox 433 1969 2004 2039; baseline -0.004 -8"><span class='ocrx_word' id='word_1_132' title='bbox 433 1977 938 2032; x_wconf 82' lang='lat' dir='ltr'><strong>circumventionem.</strong></span> <span class='ocrx_word' id='word_1_133' title='bbox 980 1973 1037 2029; x_wconf 91' lang='lat' dir='ltr'><strong>Id</strong></span> <span class='ocrx_word' id='word_1_134' title='bbox 1076 1981 1177 2038; x_wconf 90' lang='lat' dir='ltr'><strong>est,</strong></span> <span class='ocrx_word' id='word_1_135' title='bbox 1223 1971 1634 2026; x_wconf 82' lang='lat' dir='ltr'><strong>fraudationem.</strong></span> <span class='ocrx_word' id='word_1_136' title='bbox 1697 1969 1798 2036; x_wconf 92' lang='lat' dir='ltr'><strong>Qui</strong></span> <span class='ocrx_word' id='word_1_137' title='bbox 1849 1985 2004 2039; x_wconf 86' lang='lat' dir='ltr'><strong>parce</strong></span> 
     </span>
    </p>
   </div>
   <div class='ocr_carea' id='block_1_22' title="bbox 434 2061 2004 2137">
    <p class='ocr_par' dir='ltr' id='par_1_22' title="bbox 434 2061 2004 2137">
     <span class='ocr_line' id='line_1_22' title="bbox 434 2061 2004 2137; baseline -0.007 -12"><span class='ocrx_word' id='word_1_138' title='bbox 434 2073 676 2125; x_wconf 78' lang='lat' dir='ltr'><strong>seminat.</strong></span> <span class='ocrx_word' id='word_1_139' title='bbox 705 2069 818 2124; x_wconf 85' lang='lat' dir='ltr'><strong>Hoc</strong></span> <span class='ocrx_word' id='word_1_140' title='bbox 844 2075 948 2134; x_wconf 90' lang='lat' dir='ltr'><strong>est,</strong></span> <span class='ocrx_word' id='word_1_141' title='bbox 974 2066 1066 2137; x_wconf 90' lang='lat' dir='ltr'><strong>qui</strong></span> <span class='ocrx_word' id='word_1_142' title='bbox 1097 2079 1258 2136; x_wconf 87' lang='lat' dir='ltr'><strong>parce</strong></span> <span class='ocrx_word' id='word_1_143' title='bbox 1287 2073 1342 2119; x_wconf 91' lang='lat' dir='ltr'><strong>et</strong></span> <span class='ocrx_word' id='word_1_144' title='bbox 1366 2079 1528 2118; x_wconf 84' lang='lat' dir='ltr'><strong>avare</strong></span> <span class='ocrx_word' id='word_1_145' title='bbox 1556 2063 1746 2118; x_wconf 83' lang='lat' dir='ltr'><strong>tribuit</strong></span> <span class='ocrx_word' id='word_1_146' title='bbox 1775 2061 2004 2117; x_wconf 84' lang='lat' dir='ltr'><strong>eleemo-</strong></span> 
     </span>
    </p>
   </div>
   <div class='ocr_carea' id='block_1_23' title="bbox 435 2152 2000 2235">
    <p class='ocr_par' dir='ltr' id='par_1_23' title="bbox 435 2152 2000 2235">
     <span class='ocr_line' id='line_1_23' title="bbox 435 2152 2000 2235; baseline -0.009 -16"><span class='ocrx_word' id='word_1_147' title='bbox 435 2180 644 2235; x_wconf 82' lang='lat' dir='ltr'><strong>synam.</strong></span> <span class='ocrx_word' id='word_1_148' title='bbox 693 2159 861 2215; x_wconf 85' lang='lat' dir='ltr'><strong>Parce</strong></span> <span class='ocrx_word' id='word_1_149' title='bbox 907 2169 954 2213; x_wconf 90' lang='lat' dir='ltr'><strong>et</strong></span> <span class='ocrx_word' id='word_1_150' title='bbox 986 2166 1156 2212; x_wconf 83' lang='lat' dir='ltr'><strong>metet.</strong></span> <span class='ocrx_word' id='word_1_151' title='bbox 1209 2155 1268 2211; x_wconf 91' lang='lat' dir='ltr'><strong>Id</strong></span> <span class='ocrx_word' id='word_1_152' title='bbox 1300 2163 1404 2222; x_wconf 94' lang='grc' dir='ltr'>εει,</span> <span class='ocrx_word' id='word_1_153' title='bbox 1439 2155 1661 2224; x_wconf 70' lang='lat' dir='ltr'><strong>prmmia</strong></span> <span class='ocrx_word' id='word_1_154' title='bbox 1713 2153 1767 2206; x_wconf 91' lang='lat' dir='ltr'><strong>in</strong></span> <span class='ocrx_word' id='word_1_155' title='bbox 1800 2152 2000 2207; x_wconf 84' lang='lat' dir='ltr'><strong>futuro.</strong></span> 
     </span>
    </p>
   </div>
   <div class='ocr_carea' id='block_1_24' title="bbox 435 2241 2006 2325">
    <p class='ocr_par' dir='ltr' id='par_1_24' title="bbox 435 2241 2006 2325">
     <span class='ocr_line' id='line_1_24' title="bbox 435 2241 2006 2325; baseline -0.009 -16"><span class='ocrx_word' id='word_1_156' title='bbox 435 2256 502 2309; x_wconf 91' lang='lat' dir='ltr'><strong>Et</strong></span> <span class='ocrx_word' id='word_1_157' title='bbox 534 2254 624 2325; x_wconf 88' lang='lat' dir='ltr'><strong>qui</strong></span> <span class='ocrx_word' id='word_1_158' title='bbox 671 2252 891 2306; x_wconf 79' lang='lat' dir='ltr'><strong>seminat</strong></span> <span class='ocrx_word' id='word_1_159' title='bbox 921 2251 985 2303; x_wconf 84' lang='lat' dir='ltr'><strong>in&#39;</strong></span> <span class='ocrx_word' id='word_1_160' title='bbox 1025 2246 1395 2302; x_wconf 79' lang='lat' dir='ltr'><strong>benedictione.</strong></span> <span class='ocrx_word' id='word_1_161' title='bbox 1439 2245 1538 2300; x_wconf 84' lang='lat' dir='ltr'><strong>Hie</strong></span> <span class='ocrx_word' id='word_1_162' title='bbox 1581 2250 1820 2314; x_wconf 87' lang='lat' dir='ltr'><strong>apparet,</strong></span> <span class='ocrx_word' id='word_1_163' title='bbox 1861 2241 2006 2312; x_wconf 89' lang='lat' dir='ltr'><strong>quod</strong></span> 
     </span>
    </p>
   </div>
   <div class='ocr_carea' id='block_1_25' title="bbox 434 2328 2002 2403">
    <p class='ocr_par' dir='ltr' id='par_1_25' title="bbox 434 2328 2002 2403">
     <span class='ocr_line' id='line_1_25' title="bbox 434 2328 2002 2403; baseline -0.011 -3"><span class='ocrx_word' id='word_1_164' title='bbox 434 2345 488 2399; x_wconf 91' lang='lat' dir='ltr'><strong>in</strong></span> <span class='ocrx_word' id='word_1_165' title='bbox 515 2346 617 2400; x_wconf 86' lang='lat' dir='ltr'><strong>hoc</strong></span> <span class='ocrx_word' id='word_1_166' title='bbox 651 2342 770 2396; x_wconf 87' lang='lat' dir='ltr'><strong>loco</strong></span> <span class='ocrx_word' id='word_1_167' title='bbox 805 2338 1108 2395; x_wconf 85' lang='lat' dir='ltr'><strong>benedictio</strong></span> <span class='ocrx_word' id='word_1_168' title='bbox 1156 2333 1541 2391; x_wconf 85' lang='lat' dir='ltr'><strong>abundantiam</strong></span> <span class='ocrx_word' id='word_1_169' title='bbox 1587 2331 1873 2403; x_wconf 89' lang='lat' dir='ltr'><strong>signiﬁcat.</strong></span> <span class='ocrx_word' id='word_1_170' title='bbox 1906 2328 2002 2383; x_wconf 89' lang='lat' dir='ltr'><strong>Se-</strong></span> 
     </span>
    </p>
   </div>
   <div class='ocr_carea' id='block_1_26' title="bbox 434 2421 2005 2502">
    <p class='ocr_par' dir='ltr' id='par_1_26' title="bbox 434 2421 2005 2502">
     <span class='ocr_line' id='line_1_26' title="bbox 434 2421 2005 2502; baseline -0.01 -14"><span class='ocrx_word' id='word_1_171' title='bbox 434 2435 663 2488; x_wconf 87' lang='lat' dir='ltr'><strong>cundum</strong></span> <span class='ocrx_word' id='word_1_172' title='bbox 698 2429 1019 2502; x_wconf 87' lang='lat' dir='ltr'><strong>propositum</strong></span> <span class='ocrx_word' id='word_1_173' title='bbox 1051 2427 1243 2482; x_wconf 86' lang='lat' dir='ltr'><strong>cordis.</strong></span> <span class='ocrx_word' id='word_1_174' title='bbox 1279 2425 1336 2480; x_wconf 90' lang='lat' dir='ltr'><strong>Id</strong></span> <span class='ocrx_word' id='word_1_175' title='bbox 1371 2432 1477 2488; x_wconf 88' lang='lat' dir='ltr'><strong>est,</strong></span> <span class='ocrx_word' id='word_1_176' title='bbox 1498 2421 1852 2485; x_wconf 85' lang='lat' dir='ltr'><strong>voluntarius,</strong></span> <span class='ocrx_word' id='word_1_177' title='bbox 1897 2434 2005 2473; x_wconf 88' lang='lat' dir='ltr'><strong>non</strong></span> 
     </span>
    </p>
   </div>
   <div class='ocr_carea' id='block_1_27' title="bbox 433 2511 2006 2578">
    <p class='ocr_par' dir='ltr' id='par_1_27' title="bbox 433 2511 2006 2578">
     <span class='ocr_line' id='line_1_27' title="bbox 433 2511 2006 2578; baseline -0.01 0"><span class='ocrx_word' id='word_1_178' title='bbox 433 2530 671 2578; x_wconf 85' lang='lat' dir='ltr'><strong>coaetus.</strong></span> <span class='ocrx_word' id='word_1_179' title='bbox 704 2519 940 2574; x_wconf 77' lang='lat' dir='ltr'><strong>Hilarem</strong></span> <span class='ocrx_word' id='word_1_180' title='bbox 964 2518 1101 2571; x_wconf 88' lang='lat' dir='ltr'><strong>enim</strong></span> <span class='ocrx_word' id='word_1_181' title='bbox 1141 2516 1393 2569; x_wconf 88' lang='lat' dir='ltr'><strong>datorem.</strong></span> <span class='ocrx_word' id='word_1_182' title='bbox 1440 2511 1746 2568; x_wconf 90' lang='lat' dir='ltr'><strong>Secundum</strong></span> <span class='ocrx_word' id='word_1_183' title='bbox 1790 2517 2006 2566; x_wconf 91' lang='lat' dir='ltr'><strong>senten-</strong></span> 
     </span>
    </p>
   </div>
   <div class='ocr_carea' id='block_1_28' title="bbox 434 2599 1995 2672">
    <p class='ocr_par' dir='ltr' id='par_1_28' title="bbox 434 2599 1995 2672">
     <span class='ocr_line' id='line_1_28' title="bbox 434 2599 1995 2672; baseline -0.012 -2"><span class='ocrx_word' id='word_1_184' title='bbox 434 2616 564 2669; x_wconf 89' lang='lat' dir='ltr'><strong>tiam</strong></span> <span class='ocrx_word' id='word_1_185' title='bbox 593 2611 894 2668; x_wconf 89' lang='lat' dir='ltr'><strong>Salomonis</strong></span> <span class='ocrx_word' id='word_1_186' title='bbox 919 2628 931 2663; x_wconf 92' lang='lat'><strong>:</strong></span> <span class='ocrx_word' id='word_1_187' title='bbox 963 2608 1030 2662; x_wconf 90' lang='lat' dir='ltr'><strong>In</strong></span> <span class='ocrx_word' id='word_1_188' title='bbox 1057 2607 1197 2661; x_wconf 88' lang='lat' dir='ltr'><strong>omni</strong></span> <span class='ocrx_word' id='word_1_189' title='bbox 1226 2606 1349 2659; x_wconf 86' lang='lat' dir='ltr'><strong>dato</strong></span> <span class='ocrx_word' id='word_1_190' title='bbox 1376 2603 1595 2658; x_wconf 82' lang='lat' dir='ltr'><strong>hilarem</strong></span> <span class='ocrx_word' id='word_1_191' title='bbox 1611 2602 1772 2672; x_wconf 83' lang='lat' dir='ltr'><strong>facito</strong></span> <span class='ocrx_word' id='word_1_192' title='bbox 1794 2599 1995 2654; x_wconf 88' lang='lat' dir='ltr'><strong>vultum</strong></span> 
     </span>
    </p>
   </div>
   <div class='ocr_carea' id='block_1_29' title="bbox 433 2690 2007 2763">
    <p class='ocr_par' dir='ltr' id='par_1_29' title="bbox 433 2690 2007 2763">
     <span class='ocr_line' id='line_1_29' title="bbox 433 2690 2007 2763; baseline -0.011 -3"><span class='ocrx_word' id='word_1_193' title='bbox 433 2717 600 2760; x_wconf 87' lang='lat' dir='ltr'><strong>tuum.</strong></span> <span class='ocrx_word' id='word_1_194' title='bbox 635 2704 828 2758; x_wconf 87' lang='lat' dir='ltr'><strong>Potens</strong></span> <span class='ocrx_word' id='word_1_195' title='bbox 864 2711 938 2755; x_wconf 86' lang='lat' dir='ltr'><strong>est</strong></span> <span class='ocrx_word' id='word_1_196' title='bbox 961 2699 1122 2753; x_wconf 85' lang='lat' dir='ltr'><strong>Deus.</strong></span> <span class='ocrx_word' id='word_1_197' title='bbox 1148 2698 1260 2753; x_wconf 86' lang='lat' dir='ltr'><strong>Hoc</strong></span> <span class='ocrx_word' id='word_1_198' title='bbox 1285 2697 1436 2763; x_wconf 89' lang='lat' dir='ltr'><strong>dicit,</strong></span> <span class='ocrx_word' id='word_1_199' title='bbox 1466 2711 1536 2750; x_wconf 88' lang='lat' dir='ltr'><strong>ne</strong></span> <span class='ocrx_word' id='word_1_200' title='bbox 1562 2693 1796 2763; x_wconf 87' lang='lat' dir='ltr'><strong>inopiam</strong></span> <span class='ocrx_word' id='word_1_201' title='bbox 1825 2690 2007 2746; x_wconf 89' lang='lat' dir='ltr'><strong>formi-</strong></span> 
     </span>
    </p>
   </div>
   <div class='ocr_carea' id='block_1_30' title="bbox 432 2781 2000 2864">
    <p class='ocr_par' dir='ltr' id='par_1_30' title="bbox 432 2781 2000 2864">
     <span class='ocr_line' id='line_1_30' title="bbox 432 2781 2000 2864; baseline -0.011 -11"><span class='ocrx_word' id='word_1_202' title='bbox 432 2797 641 2852; x_wconf 89' lang='lat' dir='ltr'><strong>darent.</strong></span> <span class='ocrx_word' id='word_1_203' title='bbox 674 2792 948 2864; x_wconf 81' lang='lat' dir='ltr'><strong>Dispersit.</strong></span> <span class='ocrx_word' id='word_1_204' title='bbox 977 2791 1036 2847; x_wconf 90' lang='lat' dir='ltr'><strong>Id</strong></span> <span class='ocrx_word' id='word_1_205' title='bbox 1073 2799 1178 2854; x_wconf 91' lang='lat' dir='ltr'><strong>est,</strong></span> <span class='ocrx_word' id='word_1_206' title='bbox 1208 2789 1408 2854; x_wconf 89' lang='lat' dir='ltr'><strong>divisit,</strong></span> <span class='ocrx_word' id='word_1_207' title='bbox 1436 2794 1496 2841; x_wconf 91' lang='lat' dir='ltr'><strong>ut</strong></span> <span class='ocrx_word' id='word_1_208' title='bbox 1520 2783 1702 2840; x_wconf 89' lang='lat' dir='ltr'><strong>multis</strong></span> <span class='ocrx_word' id='word_1_209' title='bbox 1735 2781 2000 2853; x_wconf 87' lang='lat' dir='ltr'><strong>proﬁciat.</strong></span> 
     </span>
    </p>
   </div>
   <div class='ocr_carea' id='block_1_31' title="bbox 431 2872 2004 2954">
    <p class='ocr_par' dir='ltr' id='par_1_31' title="bbox 431 2872 2004 2954">
     <span class='ocr_line' id='line_1_31' title="bbox 431 2872 2004 2954; baseline -0.01 -13"><span class='ocrx_word' id='word_1_210' title='bbox 431 2885 650 2941; x_wconf 71' lang='lat' dir='ltr'><strong>Iustitia</strong></span> <span class='ocrx_word' id='word_1_211' title='bbox 676 2884 790 2954; x_wconf 82' lang='lat' dir='ltr'><strong>ejus</strong></span> <span class='ocrx_word' id='word_1_212' title='bbox 821 2891 1015 2936; x_wconf 86' lang='lat' dir='ltr'><strong>manet.</strong></span> <span class='ocrx_word' id='word_1_213' title='bbox 1049 2881 1226 2947; x_wconf 82' lang='lat' dir='ltr'><strong>Quare</strong></span> <span class='ocrx_word' id='word_1_214' title='bbox 1263 2878 1548 2947; x_wconf 87' lang='lat' dir='ltr'><strong>justitiam,</strong></span> <span class='ocrx_word' id='word_1_215' title='bbox 1580 2884 1635 2930; x_wconf 89' lang='lat' dir='ltr'><strong>et</strong></span> <span class='ocrx_word' id='word_1_216' title='bbox 1658 2890 1764 2928; x_wconf 92' lang='lat' dir='ltr'><strong>non</strong></span> <span class='ocrx_word' id='word_1_217' title='bbox 1793 2872 2004 2928; x_wconf 91' lang='lat' dir='ltr'><strong>miseri-</strong></span> 
     </span>
    </p>
   </div>
   <div class='ocr_carea' id='block_1_32' title="bbox 434 2963 1999 3041">
    <p class='ocr_par' dir='ltr' id='par_1_32' title="bbox 434 2963 1999 3041">
     <span class='ocr_line' id='line_1_32' title="bbox 434 2963 1999 3041; baseline -0.009 -11"><span class='ocrx_word' id='word_1_218' title='bbox 434 2976 672 3030; x_wconf 89' lang='lat' dir='ltr'><strong>cordiam</strong></span> <span class='ocrx_word' id='word_1_219' title='bbox 723 2973 888 3028; x_wconf 88' lang='lat' dir='ltr'><strong>dicit?</strong></span> <span class='ocrx_word' id='word_1_220' title='bbox 935 2971 1072 3038; x_wconf 85' lang='lat' dir='ltr'><strong>Quia</strong></span> <span class='ocrx_word' id='word_1_221' title='bbox 1117 2969 1442 3041; x_wconf 80' lang='lat' dir='ltr'><strong>pauperibus</strong></span> <span class='ocrx_word' id='word_1_222' title='bbox 1476 2968 1604 3021; x_wconf 90' lang='lat' dir='ltr'><strong>dare</strong></span> <span class='ocrx_word' id='word_1_223' title='bbox 1655 2963 1862 3033; x_wconf 88' lang='lat' dir='ltr'><strong>justum</strong></span> <span class='ocrx_word' id='word_1_224' title='bbox 1897 2970 1999 3018; x_wconf 90' lang='lat' dir='ltr'><strong>est.</strong></span> 
     </span>
    </p>
   </div>
   <div class='ocr_carea' id='block_1_33' title="bbox 2107 425 3675 504">
    <p class='ocr_par' dir='ltr' id='par_1_33' title="bbox 2107 425 3675 504">
     <span class='ocr_line' id='line_1_33' title="bbox 2107 425 3675 504; baseline -0.006 -14"><span class='ocrx_word' id='word_1_225' title='bbox 2107 451 2228 491; x_wconf 84' lang='lat' dir='ltr'><strong>rum</strong></span> <span class='ocrx_word' id='word_1_226' title='bbox 2250 432 2529 504; x_wconf 84' lang='lat' dir='ltr'><strong>praesentia</strong></span> <span class='ocrx_word' id='word_1_227' title='bbox 2567 439 2786 500; x_wconf 84' lang='lat' dir='ltr'><strong>prepter</strong></span> <span class='ocrx_word' id='word_1_228' title='bbox 2825 428 3046 483; x_wconf 87' lang='lat' dir='ltr'><strong>nimiam</strong></span> <span class='ocrx_word' id='word_1_229' title='bbox 3089 428 3445 483; x_wconf 76' lang='lat' dir='ltr'><strong>humilitatem</strong></span> <span class='ocrx_word' id='word_1_230' title='bbox 3492 425 3675 481; x_wconf 87' lang='lat' dir='ltr'><strong>minus</strong></span> 
     </span>
    </p>
   </div>
   <div class='ocr_carea' id='block_1_34' title="bbox 2105 518 3672 594">
    <p class='ocr_par' dir='ltr' id='par_1_34' title="bbox 2105 518 3672 594">
     <span class='ocr_line' id='line_1_34' title="bbox 2105 518 3672 594; baseline -0.004 -14"><span class='ocrx_word' id='word_1_231' title='bbox 2105 524 2524 594; x_wconf 87' lang='lat' dir='ltr'><strong>intelligentibus</strong></span> <span class='ocrx_word' id='word_1_232' title='bbox 2544 527 2723 591; x_wconf 82' lang='lat' dir='ltr'><strong>potest</strong></span> <span class='ocrx_word' id='word_1_233' title='bbox 2734 535 2851 576; x_wconf 88' lang='lat' dir='ltr'><strong>esse</strong></span> <span class='ocrx_word' id='word_1_234' title='bbox 2865 519 3212 589; x_wconf 88' lang='lat' dir='ltr'><strong>contemptui.</strong></span> <span class='ocrx_word' id='word_1_235' title='bbox 3236 518 3501 574; x_wconf 86' lang='lat' dir='ltr'><strong>Absentes</strong></span> <span class='ocrx_word' id='word_1_236' title='bbox 3520 532 3672 583; x_wconf 85' lang='lat' dir='ltr'><strong>vero,</strong></span> 
     </span>
    </p>
   </div>
   <div class='ocr_carea' id='block_1_35' title="bbox 2105 609 3677 680">
    <p class='ocr_par' dir='ltr' id='par_1_35' title="bbox 2105 609 3677 680">
     <span class='ocr_line' id='line_1_35' title="bbox 2105 609 3677 680; baseline -0.003 -12"><span class='ocrx_word' id='word_1_237' title='bbox 2105 614 2150 668; x_wconf 91' lang='lat' dir='ltr'><strong>si</strong></span> <span class='ocrx_word' id='word_1_238' title='bbox 2176 627 2398 668; x_wconf 87' lang='lat' dir='ltr'><strong>necesse</strong></span> <span class='ocrx_word' id='word_1_239' title='bbox 2421 611 2602 675; x_wconf 90' lang='lat' dir='ltr'><strong>fuerit,</strong></span> <span class='ocrx_word' id='word_1_240' title='bbox 2631 610 2963 665; x_wconf 88' lang='lat' dir='ltr'><strong>conﬁdenter</strong></span> <span class='ocrx_word' id='word_1_241' title='bbox 2994 625 3146 663; x_wconf 91' lang='lat' dir='ltr'><strong>suam</strong></span> <span class='ocrx_word' id='word_1_242' title='bbox 3174 609 3414 664; x_wconf 88' lang='lat' dir='ltr'><strong>indicant</strong></span> <span class='ocrx_word' id='word_1_243' title='bbox 3438 617 3677 680; x_wconf 84' lang='lat' dir='ltr'><strong>potesta-</strong></span> 
     </span>
    </p>
   </div>
   <div class='ocr_carea' id='block_1_36' title="bbox 2107 699 3678 771">
    <p class='ocr_par' dir='ltr' id='par_1_36' title="bbox 2107 699 3678 771">
     <span class='ocr_line' id='line_1_36' title="bbox 2107 699 3678 771; baseline -0.003 -14"><span class='ocrx_word' id='word_1_244' title='bbox 2107 711 2238 766; x_wconf 92' lang='lat' dir='ltr'><strong>tem,</strong></span> <span class='ocrx_word' id='word_1_245' title='bbox 2255 703 2344 771; x_wconf 91' lang='lat' dir='ltr'><strong>qui</strong></span> <span class='ocrx_word' id='word_1_246' title='bbox 2368 709 2660 770; x_wconf 65' lang='lat' dir='ltr'><strong>praesentes</strong></span> <span class='ocrx_word' id='word_1_247' title='bbox 2680 701 2760 754; x_wconf 91' lang='lat' dir='ltr'><strong>sic</strong></span> <span class='ocrx_word' id='word_1_248' title='bbox 2775 709 2898 754; x_wconf 88' lang='lat' dir='ltr'><strong>sunt</strong></span> <span class='ocrx_word' id='word_1_249' title='bbox 2919 700 3074 768; x_wconf 89' lang='lat' dir='ltr'><strong>quasi</strong></span> <span class='ocrx_word' id='word_1_250' title='bbox 3095 699 3225 753; x_wconf 86' lang='lat' dir='ltr'><strong>nihil</strong></span> <span class='ocrx_word' id='word_1_251' title='bbox 3247 700 3455 768; x_wconf 78' lang='lat' dir='ltr'><strong>possint</strong></span> <span class='ocrx_word' id='word_1_252' title='bbox 3475 700 3678 754; x_wconf 87' lang='lat' dir='ltr'><strong>habere</strong></span> 
     </span>
    </p>
   </div>
   <div class='ocr_carea' id='block_1_37' title="bbox 2104 789 3678 858">
    <p class='ocr_par' dir='ltr' id='par_1_37' title="bbox 2104 789 3678 858">
     <span class='ocr_line' id='line_1_37' title="bbox 2104 789 3678 858; baseline -0.003 -12"><span class='ocrx_word' id='word_1_253' title='bbox 2104 793 2386 856; x_wconf 88' lang='lat' dir='ltr'><strong>virtutum,</strong></span> <span class='ocrx_word' id='word_1_254' title='bbox 2413 791 2457 846; x_wconf 93' lang='lat' dir='ltr'><strong>si</strong></span> <span class='ocrx_word' id='word_1_255' title='bbox 2503 797 2682 845; x_wconf 89' lang='lat' dir='ltr'><strong>tamen</strong></span> <span class='ocrx_word' id='word_1_256' title='bbox 2723 790 2856 844; x_wconf 88' lang='lat' dir='ltr'><strong>nihil</strong></span> <span class='ocrx_word' id='word_1_257' title='bbox 2896 790 3273 843; x_wconf 87' lang='lat' dir='ltr'><strong>vindicandum</strong></span> <span class='ocrx_word' id='word_1_258' title='bbox 3306 789 3579 858; x_wconf 80' lang='lat' dir='ltr'><strong>reperiant</strong></span> <span class='ocrx_word' id='word_1_259' title='bbox 3620 790 3678 842; x_wconf 91' lang='lat' dir='ltr'><strong>in</strong></span> 
     </span>
    </p>
   </div>
   <div class='ocr_carea' id='block_1_38' title="bbox 2105 879 3682 951">
    <p class='ocr_par' dir='ltr' id='par_1_38' title="bbox 2105 879 3682 951">
     <span class='ocr_line' id='line_1_38' title="bbox 2105 879 3682 951; baseline -0.003 -14"><span class='ocrx_word' id='word_1_260' title='bbox 2105 881 2384 950; x_wconf 80' lang='lat' dir='ltr'><strong>subjectis.</strong></span> <span class='ocrx_word' id='word_1_261' title='bbox 2423 881 2628 935; x_wconf 84' lang='lat' dir='ltr'><strong>Audere</strong></span> <span class='ocrx_word' id='word_1_262' title='bbox 2672 881 2729 933; x_wconf 89' lang='lat' dir='ltr'><strong>in</strong></span> <span class='ocrx_word' id='word_1_263' title='bbox 2775 880 2997 951; x_wconf 87' lang='lat' dir='ltr'><strong>aliquos.</strong></span> <span class='ocrx_word' id='word_1_264' title='bbox 3038 880 3325 934; x_wconf 76' lang='lat' dir='ltr'><strong>Vindicare</strong></span> <span class='ocrx_word' id='word_1_265' title='bbox 3361 879 3417 933; x_wconf 88' lang='lat' dir='ltr'><strong>in</strong></span> <span class='ocrx_word' id='word_1_266' title='bbox 3445 893 3682 948; x_wconf 84' lang='lat' dir='ltr'><strong>peccan—</strong></span> 
     </span>
    </p>
   </div>
   <div class='ocr_carea' id='block_1_39' title="bbox 2105 982 2206 1027">
    <p class='ocr_par' dir='ltr' id='par_1_39' title="bbox 2105 982 2206 1027">
     <span class='ocr_line' id='line_1_39' title="bbox 2105 982 2206 1027; baseline -0.02 0"><span class='ocrx_word' id='word_1_267' title='bbox 2105 982 2206 1027; x_wconf 89' lang='lat' dir='ltr'><strong>tes.</strong></span> 
     </span>
    </p>
   </div>
   <div class='ocr_carea' id='block_1_40' title="bbox 2177 1060 3679 1131">
    <p class='ocr_par' dir='ltr' id='par_1_40' title="bbox 2177 1060 3679 1131">
     <span class='ocr_line' id='line_1_40' title="bbox 2177 1060 3679 1131; baseline -0.001 -17"><span class='ocrx_word' id='word_1_268' title='bbox 2177 1060 2281 1126; x_wconf 89' lang='lat' dir='ltr'><strong>Qui</strong></span> <span class='ocrx_word' id='word_1_269' title='bbox 2327 1061 2656 1115; x_wconf 87' lang='lat' dir='ltr'><strong>arbitrantur</strong></span> <span class='ocrx_word' id='word_1_270' title='bbox 2692 1077 2784 1115; x_wconf 91' lang='lat' dir='ltr'><strong>nos</strong></span> <span class='ocrx_word' id='word_1_271' title='bbox 2832 1071 3081 1131; x_wconf 86' lang='lat' dir='ltr'><strong>tanquam</strong></span> <span class='ocrx_word' id='word_1_272' title='bbox 3134 1062 3417 1114; x_wconf 88' lang='lat' dir='ltr'><strong>secundum</strong></span> <span class='ocrx_word' id='word_1_273' title='bbox 3463 1076 3679 1114; x_wconf 89' lang='lat' dir='ltr'><strong>carnem</strong></span> 
     </span>
    </p>
   </div>
   <div class='ocr_carea' id='block_1_41' title="bbox 2103 1147 3680 1220">
    <p class='ocr_par' dir='ltr' id='par_1_41' title="bbox 2103 1147 3680 1220">
     <span class='ocr_line' id='line_1_41' title="bbox 2103 1147 3680 1220; baseline -0.001 -15"><span class='ocrx_word' id='word_1_274' title='bbox 2103 1151 2447 1205; x_wconf 80' lang='lat' dir='ltr'><strong>ambulemus.</strong></span> <span class='ocrx_word' id='word_1_275' title='bbox 2478 1152 2579 1218; x_wconf 87' lang='lat' dir='ltr'><strong>Qui</strong></span> <span class='ocrx_word' id='word_1_276' title='bbox 2607 1159 2798 1220; x_wconf 88' lang='lat' dir='ltr'><strong>putant</strong></span> <span class='ocrx_word' id='word_1_277' title='bbox 2823 1167 2917 1206; x_wconf 90' lang='lat' dir='ltr'><strong>eos</strong></span> <span class='ocrx_word' id='word_1_278' title='bbox 2957 1152 3168 1206; x_wconf 65' lang='lat' dir='ltr'><strong>caeteris</strong></span> <span class='ocrx_word' id='word_1_279' title='bbox 3199 1152 3507 1206; x_wconf 87' lang='lat' dir='ltr'><strong>hominibus</strong></span> <span class='ocrx_word' id='word_1_280' title='bbox 3541 1147 3680 1204; x_wconf 84' lang='lat' dir='ltr'><strong>nihil</strong></span> 
     </span>
    </p>
   </div>
   <div class='ocr_carea' id='block_1_42' title="bbox 2104 1242 3676 1313">
    <p class='ocr_par' dir='ltr' id='par_1_42' title="bbox 2104 1242 3676 1313">
     <span class='ocr_line' id='line_1_42' title="bbox 2104 1242 3676 1313; baseline 0 -17"><span class='ocrx_word' id='word_1_281' title='bbox 2104 1242 2334 1313; x_wconf 82' lang='lat' dir='ltr'><strong>amplius</strong></span> <span class='ocrx_word' id='word_1_282' title='bbox 2363 1243 2563 1297; x_wconf 87' lang='lat' dir='ltr'><strong>habere</strong></span> <span class='ocrx_word' id='word_1_283' title='bbox 2602 1243 2835 1297; x_wconf 88' lang='lat' dir='ltr'><strong>virtutis.</strong></span> <span class='ocrx_word' id='word_1_284' title='bbox 2871 1243 2939 1296; x_wconf 87' lang='lat' dir='ltr'><strong>In</strong></span> <span class='ocrx_word' id='word_1_285' title='bbox 2963 1259 3118 1296; x_wconf 88' lang='lat' dir='ltr'><strong>carne</strong></span> <span class='ocrx_word' id='word_1_286' title='bbox 3148 1244 3284 1296; x_wconf 91' lang='lat' dir='ltr'><strong>enim</strong></span> <span class='ocrx_word' id='word_1_287' title='bbox 3325 1242 3676 1296; x_wconf 80' lang='lat' dir='ltr'><strong>ambulantes.</strong></span> 
     </span>
    </p>
   </div>
   <div class='ocr_carea' id='block_1_43' title="bbox 2102 1333 3679 1402">
    <p class='ocr_par' dir='ltr' id='par_1_43' title="bbox 2102 1333 3679 1402">
     <span class='ocr_line' id='line_1_43' title="bbox 2102 1333 3679 1402; baseline 0.002 -15"><span class='ocrx_word' id='word_1_288' title='bbox 2102 1333 2160 1388; x_wconf 88' lang='lat' dir='ltr'><strong>In</strong></span> <span class='ocrx_word' id='word_1_289' title='bbox 2190 1347 2417 1402; x_wconf 90' lang='lat' dir='ltr'><strong>corpore</strong></span> <span class='ocrx_word' id='word_1_290' title='bbox 2461 1334 2709 1389; x_wconf 83' lang='lat' dir='ltr'><strong>videmur</strong></span> <span class='ocrx_word' id='word_1_291' title='bbox 2751 1335 3018 1400; x_wconf 89' lang='lat' dir='ltr'><strong>incedere,</strong></span> <span class='ocrx_word' id='word_1_292' title='bbox 3058 1336 3153 1390; x_wconf 90' lang='lat' dir='ltr'><strong>sed</strong></span> <span class='ocrx_word' id='word_1_293' title='bbox 3192 1343 3252 1389; x_wconf 92' lang='lat' dir='ltr'><strong>ut</strong></span> <span class='ocrx_word' id='word_1_294' title='bbox 3291 1335 3388 1390; x_wconf 90' lang='lat' dir='ltr'><strong>Dei</strong></span> <span class='ocrx_word' id='word_1_295' title='bbox 3441 1335 3679 1392; x_wconf 84' lang='lat' dir='ltr'><strong>ministri</strong></span> 
     </span>
    </p>
   </div>
   <div class='ocr_carea' id='block_1_44' title="bbox 2104 1423 3680 1497">
    <p class='ocr_par' dir='ltr' id='par_1_44' title="bbox 2104 1423 3680 1497">
     <span class='ocr_line' id='line_1_44' title="bbox 2104 1423 3680 1497; baseline 0.003 -19"><span class='ocrx_word' id='word_1_296' title='bbox 2104 1423 2462 1493; x_wconf 78' lang='lat' dir='ltr'><strong>Spiritualiter</strong></span> <span class='ocrx_word' id='word_1_297' title='bbox 2488 1425 2801 1481; x_wconf 85' lang='lat' dir='ltr'><strong>militamus.</strong></span> <span class='ocrx_word' id='word_1_298' title='bbox 2826 1425 2990 1481; x_wconf 84' lang='lat' dir='ltr'><strong>Arma</strong></span> <span class='ocrx_word' id='word_1_299' title='bbox 3013 1429 3207 1497; x_wconf 88' lang='lat' dir='ltr'><strong>quippe</strong></span> <span class='ocrx_word' id='word_1_300' title='bbox 3229 1427 3437 1483; x_wconf 68' lang='lat' dir='ltr'><strong>militia:</strong></span> <span class='ocrx_word' id='word_1_301' title='bbox 3476 1437 3680 1484; x_wconf 73' lang='lat' dir='ltr'><strong>nostra:</strong></span> 
     </span>
    </p>
   </div>
   <div class='ocr_carea' id='block_1_45' title="bbox 2103 1513 3680 1581">
    <p class='ocr_par' dir='ltr' id='par_1_45' title="bbox 2103 1513 3680 1581">
     <span class='ocr_line' id='line_1_45' title="bbox 2103 1513 3680 1581; baseline 0.004 -14"><span class='ocrx_word' id='word_1_302' title='bbox 2103 1527 2212 1568; x_wconf 90' lang='lat' dir='ltr'><strong>non</strong></span> <span class='ocrx_word' id='word_1_303' title='bbox 2238 1521 2364 1569; x_wconf 91' lang='lat' dir='ltr'><strong>sunt</strong></span> <span class='ocrx_word' id='word_1_304' title='bbox 2387 1514 2530 1570; x_wconf 89' lang='lat' dir='ltr'><strong>facta</strong></span> <span class='ocrx_word' id='word_1_305' title='bbox 2557 1516 2621 1570; x_wconf 91' lang='lat' dir='ltr'><strong>de</strong></span> <span class='ocrx_word' id='word_1_306' title='bbox 2646 1513 2812 1581; x_wconf 89' lang='lat' dir='ltr'><strong>ferro,</strong></span> <span class='ocrx_word' id='word_1_307' title='bbox 2836 1532 2936 1572; x_wconf 90' lang='lat' dir='ltr'><strong>nec</strong></span> <span class='ocrx_word' id='word_1_308' title='bbox 2964 1533 3122 1572; x_wconf 88' lang='lat' dir='ltr'><strong>manu</strong></span> <span class='ocrx_word' id='word_1_309' title='bbox 3151 1517 3385 1572; x_wconf 90' lang='lat' dir='ltr'><strong>hominis</strong></span> <span class='ocrx_word' id='word_1_310' title='bbox 3413 1518 3680 1573; x_wconf 76' lang='lat' dir='ltr'><strong>fabricata</strong></span> 
     </span>
    </p>
   </div>
   <div class='ocr_carea' id='block_1_46' title="bbox 2109 1605 3682 1676">
    <p class='ocr_par' dir='ltr' id='par_1_46' title="bbox 2109 1605 3682 1676">
     <span class='ocr_line' id='line_1_46' title="bbox 2109 1605 3682 1676; baseline 0.005 -20"><span class='ocrx_word' id='word_1_311' title='bbox 2109 1612 2260 1668; x_wconf 89' lang='lat' dir='ltr'><strong>sunt,</strong></span> <span class='ocrx_word' id='word_1_312' title='bbox 2312 1605 2406 1659; x_wconf 89' lang='lat' dir='ltr'><strong>sed</strong></span> <span class='ocrx_word' id='word_1_313' title='bbox 2456 1606 2694 1675; x_wconf 87' lang='lat' dir='ltr'><strong>potentia</strong></span> <span class='ocrx_word' id='word_1_314' title='bbox 2741 1606 2860 1671; x_wconf 90' lang='lat' dir='ltr'><strong>Dei,</strong></span> <span class='ocrx_word' id='word_1_315' title='bbox 2909 1607 2999 1675; x_wconf 89' lang='lat' dir='ltr'><strong>qui</strong></span> <span class='ocrx_word' id='word_1_316' title='bbox 3041 1606 3160 1676; x_wconf 88' lang='lat' dir='ltr'><strong>plus</strong></span> <span class='ocrx_word' id='word_1_317' title='bbox 3209 1609 3376 1662; x_wconf 88' lang='lat' dir='ltr'><strong>verbo</strong></span> <span class='ocrx_word' id='word_1_318' title='bbox 3407 1609 3682 1674; x_wconf 89' lang='lat' dir='ltr'><strong>valemus,</strong></span> 
     </span>
    </p>
   </div>
   <div class='ocr_carea' id='block_1_47' title="bbox 2033 1695 3684 1768">
    <p class='ocr_par' dir='ltr' id='par_1_47' title="bbox 2033 1695 3684 1768">
     <span class='ocr_line' id='line_1_47' title="bbox 2033 1695 3684 1768; baseline 0.004 -20"><span class='ocrx_word' id='word_1_319' title='bbox 2033 1699 2080 1758; x_wconf 88' lang='lat' dir='ltr'><strong>B</strong></span> <span class='ocrx_word' id='word_1_320' title='bbox 2107 1708 2266 1763; x_wconf 89' lang='lat' dir='ltr'><strong>quam</strong></span> <span class='ocrx_word' id='word_1_321' title='bbox 2289 1695 2380 1749; x_wconf 90' lang='lat' dir='ltr'><strong>alii</strong></span> <span class='ocrx_word' id='word_1_322' title='bbox 2420 1697 2669 1752; x_wconf 88' lang='lat' dir='ltr'><strong>homines</strong></span> <span class='ocrx_word' id='word_1_323' title='bbox 2698 1699 2865 1752; x_wconf 91' lang='lat' dir='ltr'><strong>armis</strong></span> <span class='ocrx_word' id='word_1_324' title='bbox 2901 1699 3175 1767; x_wconf 88' lang='lat' dir='ltr'><strong>corporeis</strong></span> <span class='ocrx_word' id='word_1_325' title='bbox 3209 1708 3454 1768; x_wconf 89' lang='lat' dir='ltr'><strong>possunt.</strong></span> <span class='ocrx_word' id='word_1_326' title='bbox 3483 1700 3566 1754; x_wconf 79' lang='lat' dir='ltr'><strong>Ad</strong></span> <span class='ocrx_word' id='word_1_327' title='bbox 3587 1702 3684 1755; x_wconf 86' lang='lat' dir='ltr'><strong>de-</strong></span> 
     </span>
    </p>
   </div>
   <div class='ocr_carea' id='block_1_48' title="bbox 2102 1786 3682 1844">
    <p class='ocr_par' dir='ltr' id='par_1_48' title="bbox 2102 1786 3682 1844">
     <span class='ocr_line' id='line_1_48' title="bbox 2102 1786 3682 1844; baseline 0.003 -6"><span class='ocrx_word' id='word_1_328' title='bbox 2102 1786 2434 1839; x_wconf 86' lang='lat' dir='ltr'><strong>structionem</strong></span> <span class='ocrx_word' id='word_1_329' title='bbox 2483 1787 2850 1840; x_wconf 87' lang='lat' dir='ltr'><strong>munitionum.</strong></span> <span class='ocrx_word' id='word_1_330' title='bbox 2895 1787 3140 1841; x_wconf 83' lang='lat' dir='ltr'><strong>Muniunt</strong></span> <span class='ocrx_word' id='word_1_331' title='bbox 3173 1789 3317 1842; x_wconf 86' lang='lat' dir='ltr'><strong>enim</strong></span> <span class='ocrx_word' id='word_1_332' title='bbox 3355 1795 3409 1842; x_wconf 88' lang='lat' dir='ltr'><strong>et</strong></span> <span class='ocrx_word' id='word_1_333' title='bbox 3440 1789 3682 1844; x_wconf 83' lang='lat' dir='ltr'><strong>circum-</strong></span> 
     </span>
    </p>
   </div>
   <div class='ocr_carea' id='block_1_49' title="bbox 2102 1873 3684 1951">
    <p class='ocr_par' dir='ltr' id='par_1_49' title="bbox 2102 1873 3684 1951">
     <span class='ocr_line' id='line_1_49' title="bbox 2102 1873 3684 1951; baseline 0.004 -23"><span class='ocrx_word' id='word_1_334' title='bbox 2102 1876 2231 1928; x_wconf 88' lang='lat' dir='ltr'><strong>dant</strong></span> <span class='ocrx_word' id='word_1_335' title='bbox 2274 1873 2581 1929; x_wconf 89' lang='lat' dir='ltr'><strong>doctrinam</strong></span> <span class='ocrx_word' id='word_1_336' title='bbox 2625 1892 2779 1932; x_wconf 88' lang='lat' dir='ltr'><strong>suam</strong></span> <span class='ocrx_word' id='word_1_337' title='bbox 2807 1877 2928 1932; x_wconf 88' lang='lat' dir='ltr'><strong>falsi</strong></span> <span class='ocrx_word' id='word_1_338' title='bbox 2969 1879 3219 1934; x_wconf 90' lang='lat' dir='ltr'><strong>doctores</strong></span> <span class='ocrx_word' id='word_1_339' title='bbox 3266 1881 3462 1936; x_wconf 90' lang='lat' dir='ltr'><strong>astutia</strong></span> <span class='ocrx_word' id='word_1_340' title='bbox 3510 1895 3684 1951; x_wconf 86' lang='lat' dir='ltr'><strong>argu-</strong></span> 
     </span>
    </p>
   </div>
   <div class='ocr_carea' id='block_1_50' title="bbox 2102 1965 3686 2036">
    <p class='ocr_par' dir='ltr' id='par_1_50' title="bbox 2102 1965 3686 2036">
     <span class='ocr_line' id='line_1_50' title="bbox 2102 1965 3686 2036; baseline 0.004 -18"><span class='ocrx_word' id='word_1_341' title='bbox 2102 1965 2427 2033; x_wconf 84' lang='lat' dir='ltr'><strong>mentisque,</strong></span> <span class='ocrx_word' id='word_1_342' title='bbox 2459 1981 2579 2035; x_wconf 57' lang='lat' dir='ltr'><strong>quae</strong></span> <span class='ocrx_word' id='word_1_343' title='bbox 2623 1967 2767 2021; x_wconf 88' lang='lat' dir='ltr'><strong>aries</strong></span> <span class='ocrx_word' id='word_1_344' title='bbox 2818 1967 3144 2036; x_wconf 87' lang='lat' dir='ltr'><strong>apostolicus</strong></span> <span class='ocrx_word' id='word_1_345' title='bbox 3201 1969 3430 2024; x_wconf 88' lang='lat' dir='ltr'><strong>destruit</strong></span> <span class='ocrx_word' id='word_1_346' title='bbox 3478 1971 3686 2024; x_wconf 85' lang='lat' dir='ltr'><strong>virtute</strong></span> 
     </span>
    </p>
   </div>
   <div class='ocr_carea' id='block_1_51' title="bbox 2101 2054 3685 2128">
    <p class='ocr_par' dir='ltr' id='par_1_51' title="bbox 2101 2054 3685 2128">
     <span class='ocr_line' id='line_1_51' title="bbox 2101 2054 3685 2128; baseline 0.005 -21"><span class='ocrx_word' id='word_1_347' title='bbox 2101 2054 2291 2122; x_wconf 67' lang='lat' dir='ltr'><strong>gratiae</strong></span> <span class='ocrx_word' id='word_1_348' title='bbox 2334 2055 2650 2122; x_wconf 88' lang='lat' dir='ltr'><strong>spiritualis,</strong></span> <span class='ocrx_word' id='word_1_349' title='bbox 2703 2057 2841 2111; x_wconf 87' lang='lat' dir='ltr'><strong>sicut</strong></span> <span class='ocrx_word' id='word_1_350' title='bbox 2869 2065 2924 2112; x_wconf 89' lang='lat' dir='ltr'><strong>et</strong></span> <span class='ocrx_word' id='word_1_351' title='bbox 2970 2058 3119 2112; x_wconf 91' lang='lat' dir='ltr'><strong>illum</strong></span> <span class='ocrx_word' id='word_1_352' title='bbox 3158 2057 3368 2128; x_wconf 81' lang='lat' dir='ltr'><strong>Magum</strong></span> <span class='ocrx_word' id='word_1_353' title='bbox 3404 2061 3521 2115; x_wconf 84' lang='lat' dir='ltr'><strong>vias</strong></span> <span class='ocrx_word' id='word_1_354' title='bbox 3571 2062 3685 2115; x_wconf 89' lang='lat' dir='ltr'><strong>Do-</strong></span> 
     </span>
    </p>
   </div>
   <div class='ocr_carea' id='block_1_52' title="bbox 2101 2143 3687 2218">
    <p class='ocr_par' dir='ltr' id='par_1_52' title="bbox 2101 2143 3687 2218">
     <span class='ocr_line' id='line_1_52' title="bbox 2101 2143 3687 2218; baseline 0.005 -22"><span class='ocrx_word' id='word_1_355' title='bbox 2101 2143 2234 2197; x_wconf 89' lang='lat' dir='ltr'><strong>mini</strong></span> <span class='ocrx_word' id='word_1_356' title='bbox 2277 2145 2679 2200; x_wconf 85' lang='lat' dir='ltr'><strong>subvertentem</strong></span> <span class='ocrx_word' id='word_1_357' title='bbox 2706 2147 2979 2215; x_wconf 84' lang='lat' dir='ltr'><strong>perversis</strong></span> <span class='ocrx_word' id='word_1_358' title='bbox 3023 2147 3477 2218; x_wconf 86' lang='lat' dir='ltr'><strong>disputationibus</strong></span> <span class='ocrx_word' id='word_1_359' title='bbox 3512 2150 3687 2205; x_wconf 86' lang='lat' dir='ltr'><strong>verbo</strong></span> 
     </span>
    </p>
   </div>
   <div class='ocr_carea' id='block_1_53' title="bbox 2103 2233 2323 2290">
    <p class='ocr_par' dir='ltr' id='par_1_53' title="bbox 2103 2233 2323 2290">
     <span class='ocr_line' id='line_1_53' title="bbox 2103 2233 2323 2290; baseline 0 -2"><span class='ocrx_word' id='word_1_360' title='bbox 2103 2233 2323 2290; x_wconf 87' lang='lat' dir='ltr'><strong>delevit.</strong></span> 
     </span>
    </p>
   </div>
   <div class='ocr_carea' id='block_1_54' title="bbox 2173 2325 3681 2398">
    <p class='ocr_par' dir='ltr' id='par_1_54' title="bbox 2173 2325 3681 2398">
     <span class='ocr_line' id='line_1_54' title="bbox 2173 2325 3681 2398; baseline 0.004 -20"><span class='ocrx_word' id='word_1_361' title='bbox 2173 2325 2244 2378; x_wconf 85' lang='lat' dir='ltr'><strong>Et</strong></span> <span class='ocrx_word' id='word_1_362' title='bbox 2275 2341 2479 2380; x_wconf 88' lang='lat' dir='ltr'><strong>omnem</strong></span> <span class='ocrx_word' id='word_1_363' title='bbox 2527 2326 2877 2382; x_wconf 85' lang='lat' dir='ltr'><strong>altitudinem.</strong></span> <span class='ocrx_word' id='word_1_364' title='bbox 2921 2328 2979 2382; x_wconf 84' lang='lat' dir='ltr'><strong>Id</strong></span> <span class='ocrx_word' id='word_1_365' title='bbox 3020 2337 3124 2392; x_wconf 89' lang='lat' dir='ltr'><strong>est,</strong></span> <span class='ocrx_word' id='word_1_366' title='bbox 3164 2329 3492 2398; x_wconf 85' lang='lat' dir='ltr'><strong>superbiam.</strong></span> <span class='ocrx_word' id='word_1_367' title='bbox 3531 2328 3681 2397; x_wconf 85' lang='lat' dir='ltr'><strong>Quid</strong></span> 
     </span>
    </p>
   </div>
   <div class='ocr_carea' id='block_1_55' title="bbox 2103 2415 3688 2488">
    <p class='ocr_par' dir='ltr' id='par_1_55' title="bbox 2103 2415 3688 2488">
     <span class='ocr_line' id='line_1_55' title="bbox 2103 2415 3688 2488; baseline 0.003 -19"><span class='ocrx_word' id='word_1_368' title='bbox 2103 2415 2248 2470; x_wconf 90' lang='lat' dir='ltr'><strong>enim</strong></span> <span class='ocrx_word' id='word_1_369' title='bbox 2278 2424 2388 2469; x_wconf 88' lang='lat' dir='ltr'><strong>tam</strong></span> <span class='ocrx_word' id='word_1_370' title='bbox 2411 2417 2721 2487; x_wconf 89' lang='lat' dir='ltr'><strong>superbum,</strong></span> <span class='ocrx_word' id='word_1_371' title='bbox 2746 2432 2905 2486; x_wconf 89' lang='lat' dir='ltr'><strong>quam</strong></span> <span class='ocrx_word' id='word_1_372' title='bbox 2927 2418 3121 2472; x_wconf 84' lang='lat' dir='ltr'><strong>divinis</strong></span> <span class='ocrx_word' id='word_1_373' title='bbox 3143 2419 3512 2473; x_wconf 87' lang='lat' dir='ltr'><strong>contradicere</strong></span> <span class='ocrx_word' id='word_1_374' title='bbox 3541 2435 3688 2488; x_wconf 68' lang='lat' dir='ltr'><strong>prac-</strong></span> 
     </span>
    </p>
   </div>
   <div class='ocr_carea' id='block_1_56' title="bbox 2105 2495 3680 2578">
    <p class='ocr_par' dir='ltr' id='par_1_56' title="bbox 2105 2495 3680 2578">
     <span class='ocr_line' id='line_1_56' title="bbox 2105 2495 3680 2578; baseline 0.002 -18"><span class='ocrx_word' id='word_1_375' title='bbox 2105 2507 2318 2575; x_wconf 88' lang='lat' dir='ltr'><strong>ceptis?</strong></span> <span class='ocrx_word' id='word_1_376' title='bbox 2350 2505 2481 2571; x_wconf 70' lang='lat' dir='ltr'><strong>Quae</strong></span> <span class='ocrx_word' id='word_1_377' title='bbox 2501 2517 2624 2562; x_wconf 86' lang='lat' dir='ltr'><strong>sunt</strong></span> <span class='ocrx_word' id='word_1_378' title='bbox 2651 2495 2934 2563; x_wconf 76' lang='lat' dir='ltr'><strong>secundum</strong></span> <span class='ocrx_word' id='word_1_379' title='bbox 2961 2509 3149 2578; x_wconf 77' lang='lat' dir='ltr'><strong>faciem</strong></span> <span class='ocrx_word' id='word_1_380' title='bbox 3175 2509 3356 2564; x_wconf 71' lang='lat' dir='ltr'><strong>videte.</strong></span> <span class='ocrx_word' id='word_1_381' title='bbox 3389 2508 3680 2565; x_wconf 79' lang='lat' dir='ltr'><strong>Manifesta</strong></span> 
     </span>
    </p>
   </div>
   <div class='ocr_carea' id='block_1_57' title="bbox 2102 2596 3678 2672">
    <p class='ocr_par' dir='ltr' id='par_1_57' title="bbox 2102 2596 3678 2672">
     <span class='ocr_line' id='line_1_57' title="bbox 2102 2596 3678 2672; baseline 0.006 -23"><span class='ocrx_word' id='word_1_382' title='bbox 2102 2603 2187 2649; x_wconf 88' lang='lat' dir='ltr'><strong>est</strong></span> <span class='ocrx_word' id='word_1_383' title='bbox 2214 2597 2292 2651; x_wconf 89' lang='lat' dir='ltr'><strong>rei</strong></span> <span class='ocrx_word' id='word_1_384' title='bbox 2327 2598 2589 2667; x_wconf 88' lang='lat' dir='ltr'><strong>probatio,</strong></span> <span class='ocrx_word' id='word_1_385' title='bbox 2620 2607 2673 2654; x_wconf 88' lang='lat' dir='ltr'><strong>et</strong></span> <span class='ocrx_word' id='word_1_386' title='bbox 2703 2599 2958 2655; x_wconf 81' lang='lat' dir='ltr'><strong>facillima</strong></span> <span class='ocrx_word' id='word_1_387' title='bbox 2988 2600 3283 2656; x_wconf 89' lang='lat' dir='ltr'><strong>intellectu.</strong></span> <span class='ocrx_word' id='word_1_388' title='bbox 3317 2600 3442 2656; x_wconf 84' lang='lat' dir='ltr'><strong>Sive</strong></span> <span class='ocrx_word' id='word_1_389' title='bbox 3468 2596 3535 2657; x_wconf 87' lang='lat' dir='ltr'><strong>ab</strong></span> <span class='ocrx_word' id='word_1_390' title='bbox 3564 2603 3678 2672; x_wconf 84' lang='lat' dir='ltr'><strong>by-</strong></span> 
     </span>
    </p>
   </div>
   <div class='ocr_carea' id='block_1_58' title="bbox 2101 2685 3685 2762">
    <p class='ocr_par' dir='ltr' id='par_1_58' title="bbox 2101 2685 3685 2762">
     <span class='ocr_line' id='line_1_58' title="bbox 2101 2685 3685 2762; baseline 0.005 -24"><span class='ocrx_word' id='word_1_391' title='bbox 2101 2685 2326 2754; x_wconf 88' lang='lat' dir='ltr'><strong>pocritis</strong></span> <span class='ocrx_word' id='word_1_392' title='bbox 2357 2701 2455 2742; x_wconf 88' lang='lat' dir='ltr'><strong>vos</strong></span> <span class='ocrx_word' id='word_1_393' title='bbox 2493 2695 2700 2755; x_wconf 89' lang='lat' dir='ltr'><strong>cavete,</strong></span> <span class='ocrx_word' id='word_1_394' title='bbox 2743 2690 2838 2759; x_wconf 90' lang='lat' dir='ltr'><strong>qui</strong></span> <span class='ocrx_word' id='word_1_395' title='bbox 2883 2691 2936 2744; x_wconf 92' lang='lat' dir='ltr'><strong>in</strong></span> <span class='ocrx_word' id='word_1_396' title='bbox 2971 2692 3223 2760; x_wconf 58' lang='lat' dir='ltr'><strong>praisenti</strong></span> <span class='ocrx_word' id='word_1_397' title='bbox 3261 2691 3579 2762; x_wconf 77' lang='lat' dir='ltr'><strong>gloriantur.</strong></span> <span class='ocrx_word' id='word_1_398' title='bbox 3615 2693 3685 2747; x_wconf 90' lang='lat' dir='ltr'><strong>Si</strong></span> 
     </span>
    </p>
   </div>
   <div class='ocr_carea' id='block_1_59' title="bbox 2101 2775 3685 2852">
    <p class='ocr_par' dir='ltr' id='par_1_59' title="bbox 2101 2775 3685 2852">
     <span class='ocr_line' id='line_1_59' title="bbox 2101 2775 3685 2852; baseline 0.006 -23"><span class='ocrx_word' id='word_1_399' title='bbox 2101 2775 2218 2845; x_wconf 81' lang='lat' dir='ltr'><strong>quis</strong></span> <span class='ocrx_word' id='word_1_400' title='bbox 2251 2777 2470 2846; x_wconf 75' lang='lat' dir='ltr'><strong>conﬁdit</strong></span> <span class='ocrx_word' id='word_1_401' title='bbox 2503 2794 2558 2832; x_wconf 86' lang='lat' dir='ltr'><strong>se</strong></span> <span class='ocrx_word' id='word_1_402' title='bbox 2587 2778 2783 2834; x_wconf 83' lang='lat' dir='ltr'><strong>Christi</strong></span> <span class='ocrx_word' id='word_1_403' title='bbox 2805 2797 2932 2834; x_wconf 88' lang='lat' dir='ltr'><strong>esse.</strong></span> <span class='ocrx_word' id='word_1_404' title='bbox 2956 2780 3126 2837; x_wconf 86' lang='lat' dir='ltr'><strong>Nemo</strong></span> <span class='ocrx_word' id='word_1_405' title='bbox 3153 2790 3263 2837; x_wconf 89' lang='lat' dir='ltr'><strong>tam</strong></span> <span class='ocrx_word' id='word_1_406' title='bbox 3295 2783 3490 2838; x_wconf 89' lang='lat' dir='ltr'><strong>stultus</strong></span> <span class='ocrx_word' id='word_1_407' title='bbox 3517 2799 3685 2852; x_wconf 90' lang='lat' dir='ltr'><strong>quam</strong></span> 
     </span>
    </p>
   </div>
   <div class='ocr_carea' id='block_1_60' title="bbox 2103 2867 3684 2944">
    <p class='ocr_par' dir='ltr' id='par_1_60' title="bbox 2103 2867 3684 2944">
     <span class='ocr_line' id='line_1_60' title="bbox 2103 2867 3684 2944; baseline 0.005 -23"><span class='ocrx_word' id='word_1_408' title='bbox 2103 2867 2196 2936; x_wconf 88' lang='lat' dir='ltr'><strong>qui</strong></span> <span class='ocrx_word' id='word_1_409' title='bbox 2230 2882 2289 2923; x_wconf 91' lang='lat' dir='ltr'><strong>se</strong></span> <span class='ocrx_word' id='word_1_410' title='bbox 2321 2868 2493 2923; x_wconf 90' lang='lat' dir='ltr'><strong>solum</strong></span> <span class='ocrx_word' id='word_1_411' title='bbox 2520 2885 2736 2925; x_wconf 89' lang='lat' dir='ltr'><strong>servum</strong></span> <span class='ocrx_word' id='word_1_412' title='bbox 2764 2871 2966 2928; x_wconf 84' lang='lat' dir='ltr'><strong>Christi</strong></span> <span class='ocrx_word' id='word_1_413' title='bbox 2989 2889 3106 2929; x_wconf 88' lang='lat' dir='ltr'><strong>esse</strong></span> <span class='ocrx_word' id='word_1_414' title='bbox 3147 2875 3423 2944; x_wconf 78' lang='lat' dir='ltr'><strong>gloriatur.</strong></span> <span class='ocrx_word' id='word_1_415' title='bbox 3449 2873 3507 2930; x_wconf 86' lang='lat' dir='ltr'><strong>Si</strong></span> <span class='ocrx_word' id='word_1_416' title='bbox 3535 2877 3684 2930; x_wconf 82' lang='lat' dir='ltr'><strong>enim</strong></span> 
     </span>
    </p>
   </div>
   <div class='ocr_carea' id='block_1_61' title="bbox 2104 2955 3690 3036">
    <p class='ocr_par' dir='ltr' id='par_1_61' title="bbox 2104 2955 3690 3036">
     <span class='ocr_line' id='line_1_61' title="bbox 2104 2955 3690 3036; baseline 0.007 -27"><span class='ocrx_word' id='word_1_417' title='bbox 2104 2955 2455 3032; x_wconf 80' lang='lat' dir='ltr'><strong>abundantius</strong></span> <span class='ocrx_word' id='word_1_418' title='bbox 2475 2959 2731 3029; x_wconf 84' lang='lat' dir='ltr'><strong>gloriatus</strong></span> <span class='ocrx_word' id='word_1_419' title='bbox 2758 2961 2927 3029; x_wconf 65' lang='lat' dir='ltr'><strong>luero.</strong></span> <span class='ocrx_word' id='word_1_420' title='bbox 2955 2961 3067 3017; x_wconf 81' lang='lat' dir='ltr'><strong>Hoc</strong></span> <span class='ocrx_word' id='word_1_421' title='bbox 3103 2972 3207 3030; x_wconf 89' lang='lat' dir='ltr'><strong>est,</strong></span> <span class='ocrx_word' id='word_1_422' title='bbox 3238 2973 3292 3018; x_wconf 93' lang='lat' dir='ltr'><strong>et</strong></span> <span class='ocrx_word' id='word_1_423' title='bbox 3325 2965 3370 3018; x_wconf 91' lang='lat' dir='ltr'><strong>si</strong></span> <span class='ocrx_word' id='word_1_424' title='bbox 3397 2979 3481 3019; x_wconf 90' lang='lat' dir='ltr'><strong>me</strong></span> <span class='ocrx_word' id='word_1_425' title='bbox 3506 2967 3690 3036; x_wconf 82' lang='lat' dir='ltr'><strong>magis</strong></span> 
     </span>
    </p>
   </div>
   <div class='ocr_carea' id='block_1_62' title="bbox 432 3037 3689 3133">
    <p class='ocr_par' dir='ltr' id='par_1_62' title="bbox 432 3037 3689 3133">
     <span class='ocr_line' id='line_1_62' title="bbox 432 3037 3689 3133; baseline 0.002 -29"><span class='ocrx_word' id='word_1_426' title='bbox 432 3066 567 3120; x_wconf 56' lang='lat' dir='ltr'><strong>Nam</strong></span> <span class='ocrx_word' id='word_1_427' title='bbox 597 3075 648 3119; x_wconf 71' lang='grc' dir='ltr'><strong>ιε</strong></span> <span class='ocrx_word' id='word_1_428' title='bbox 673 3071 904 3133; x_wconf 51' lang='lat' dir='ltr'><strong>oportet,</strong></span> <span class='ocrx_word' id='word_1_429' title='bbox 935 3037 997 3116; x_wconf 54' lang='grc' dir='ltr'><strong>ιίι</strong></span> <span class='ocrx_word' id='word_1_430' title='bbox 1024 3037 1167 3132; x_wconf 58' lang='grc' dir='ltr'><strong>(μω</strong></span> <span class='ocrx_word' id='word_1_431' title='bbox 1195 3037 1337 3115; x_wconf 64' lang='lat' dir='ltr'><strong>ﬁcus</strong></span> <span class='ocrx_word' id='word_1_432' title='bbox 1363 3060 1458 3113; x_wconf 61' lang='lat' dir='ltr'><strong>tibi</strong></span> <span class='ocrx_word' id='word_1_433' title='bbox 1486 3058 1656 3130; x_wconf 67' lang='lat' dir='ltr'><strong>graus</strong></span> <span class='ocrx_word' id='word_1_434' title='bbox 1681 3056 1849 3123; x_wconf 61' lang='lat' dir='ltr'><strong>dedit,</strong></span> <span class='ocrx_word' id='word_1_435' title='bbox 1870 3071 2004 3127; x_wconf 70' lang='lat' dir='ltr'><strong>pan-</strong></span> <span class='ocrx_word' id='word_1_436' title='bbox 2033 3037 2077 3099; x_wconf 90' lang='lat' dir='ltr'><strong>C</strong></span> <span class='ocrx_word' id='word_1_437' title='bbox 2107 3054 2427 3116; x_wconf 85' lang='lat' dir='ltr'><strong>potestatem</strong></span> <span class='ocrx_word' id='word_1_438' title='bbox 2451 3063 2482 3102; x_wconf 89' lang='lat' dir='ltr'><strong>a</strong></span> <span class='ocrx_word' id='word_1_439' title='bbox 2507 3048 2724 3105; x_wconf 85' lang='lat' dir='ltr'><strong>Christo</strong></span> <span class='ocrx_word' id='word_1_440' title='bbox 2751 3051 3024 3121; x_wconf 87' lang='lat' dir='ltr'><strong>accepisse</strong></span> <span class='ocrx_word' id='word_1_441' title='bbox 3053 3053 3242 3108; x_wconf 82' lang='lat' dir='ltr'><strong>dixero</strong></span> <span class='ocrx_word' id='word_1_442' title='bbox 3265 3069 3422 3123; x_wconf 89' lang='lat' dir='ltr'><strong>quam</strong></span> <span class='ocrx_word' id='word_1_443' title='bbox 3454 3062 3689 3109; x_wconf 73' lang='lat' dir='ltr'><strong>czeteros</strong></span> 
     </span>
    </p>
   </div>
   <div class='ocr_carea' id='block_1_63' title="bbox 432 3147 2002 3223">
    <p class='ocr_par' dir='ltr' id='par_1_63' title="bbox 432 3147 2002 3223">
     <span class='ocr_line' id='line_1_63' title="bbox 432 3147 2002 3223; baseline -0.006 -13"><span class='ocrx_word' id='word_1_444' title='bbox 432 3155 652 3223; x_wconf 80' lang='lat' dir='ltr'><strong>poribus</strong></span> <span class='ocrx_word' id='word_1_445' title='bbox 689 3161 746 3206; x_wconf 89' lang='lat' dir='ltr'><strong>tu</strong></span> <span class='ocrx_word' id='word_1_446' title='bbox 777 3152 947 3222; x_wconf 82' lang='lat' dir='ltr'><strong>gratis</strong></span> <span class='ocrx_word' id='word_1_447' title='bbox 972 3151 1086 3205; x_wconf 91' lang='lat' dir='ltr'><strong>des.</strong></span> <span class='ocrx_word' id='word_1_448' title='bbox 1130 3149 1225 3204; x_wconf 82' lang='lat' dir='ltr'><strong>Jus</strong></span> <span class='ocrx_word' id='word_1_449' title='bbox 1249 3149 1394 3203; x_wconf 91' lang='lat' dir='ltr'><strong>enim</strong></span> <span class='ocrx_word' id='word_1_450' title='bbox 1441 3156 1544 3213; x_wconf 90' lang='lat' dir='ltr'><strong>est,</strong></span> <span class='ocrx_word' id='word_1_451' title='bbox 1575 3155 1636 3201; x_wconf 92' lang='lat' dir='ltr'><strong>ut</strong></span> <span class='ocrx_word' id='word_1_452' title='bbox 1670 3147 1765 3201; x_wconf 91' lang='lat' dir='ltr'><strong>des</strong></span> <span class='ocrx_word' id='word_1_453' title='bbox 1809 3161 2002 3216; x_wconf 85' lang='lat' dir='ltr'><strong>egeno,</strong></span> 
     </span>
    </p>
   </div>
   <div class='ocr_carea' id='block_1_64' title="bbox 434 3236 2007 3315">
    <p class='ocr_par' dir='ltr' id='par_1_64' title="bbox 434 3236 2007 3315">
     <span class='ocr_line' id='line_1_64' title="bbox 434 3236 2007 3315; baseline -0.004 -17"><span class='ocrx_word' id='word_1_454' title='bbox 434 3245 525 3314; x_wconf 90' lang='lat' dir='ltr'><strong>qui</strong></span> <span class='ocrx_word' id='word_1_455' title='bbox 556 3253 769 3315; x_wconf 88' lang='lat' dir='ltr'><strong>partem</strong></span> <span class='ocrx_word' id='word_1_456' title='bbox 801 3241 946 3296; x_wconf 89' lang='lat' dir='ltr'><strong>illius</strong></span> <span class='ocrx_word' id='word_1_457' title='bbox 971 3249 1148 3296; x_wconf 86' lang='lat' dir='ltr'><strong>tecum</strong></span> <span class='ocrx_word' id='word_1_458' title='bbox 1168 3239 1358 3296; x_wconf 88' lang='lat' dir='ltr'><strong>babes.</strong></span> <span class='ocrx_word' id='word_1_459' title='bbox 1385 3236 1584 3292; x_wconf 82' lang='lat' dir='ltr'><strong>Manet.</strong></span> <span class='ocrx_word' id='word_1_460' title='bbox 1610 3237 1667 3291; x_wconf 91' lang='lat' dir='ltr'><strong>In</strong></span> <span class='ocrx_word' id='word_1_461' title='bbox 1693 3244 1896 3291; x_wconf 61' lang='lat' dir='ltr'><strong>{eterna</strong></span> <span class='ocrx_word' id='word_1_462' title='bbox 1919 3251 2007 3291; x_wconf 89' lang='lat' dir='ltr'><strong>re-</strong></span> 
     </span>
    </p>
   </div>
   <div class='ocr_carea' id='block_1_65' title="bbox 434 3333 744 3388">
    <p class='ocr_par' dir='ltr' id='par_1_65' title="bbox 434 3333 744 3388">
     <span class='ocr_line' id='line_1_65' title="bbox 434 3333 744 3388; baseline -0.003 -2"><span class='ocrx_word' id='word_1_463' title='bbox 434 3334 572 3388; x_wconf 89' lang='lat' dir='ltr'><strong>tribu</strong></span> <span class='ocrx_word' id='word_1_464' title='bbox 582 3333 744 3386; x_wconf 88' lang='lat' dir='ltr'><strong>tione.</strong></span> 
     </span>
    </p>
   </div>
   <div class='ocr_carea' id='block_1_66' title="bbox 506 3417 2001 3488">
    <p class='ocr_par' dir='ltr' id='par_1_66' title="bbox 506 3417 2001 3488">
     <span class='ocr_line' id='line_1_66' title="bbox 506 3417 2001 3488; baseline -0.003 -12"><span class='ocrx_word' id='word_1_465' title='bbox 506 3421 610 3488; x_wconf 89' lang='lat' dir='ltr'><strong>Qui</strong></span> <span class='ocrx_word' id='word_1_466' title='bbox 641 3430 815 3476; x_wconf 86' lang='lat' dir='ltr'><strong>autem</strong></span> <span class='ocrx_word' id='word_1_467' title='bbox 854 3420 1188 3475; x_wconf 85' lang='lat' dir='ltr'><strong>administrat</strong></span> <span class='ocrx_word' id='word_1_468' title='bbox 1213 3435 1385 3473; x_wconf 88' lang='lat' dir='ltr'><strong>semen</strong></span> <span class='ocrx_word' id='word_1_469' title='bbox 1413 3419 1710 3472; x_wconf 86' lang='lat' dir='ltr'><strong>seminanti.</strong></span> <span class='ocrx_word' id='word_1_470' title='bbox 1738 3417 1854 3472; x_wconf 84' lang='lat' dir='ltr'><strong>Hoc</strong></span> <span class='ocrx_word' id='word_1_471' title='bbox 1887 3425 2001 3483; x_wconf 87' lang='lat' dir='ltr'><strong>est,</strong></span> 
     </span>
    </p>
   </div>
   <div class='ocr_carea' id='block_1_67' title="bbox 433 3509 2004 3582">
    <p class='ocr_par' dir='ltr' id='par_1_67' title="bbox 433 3509 2004 3582">
     <span class='ocr_line' id='line_1_67' title="bbox 433 3509 2004 3582; baseline -0.002 -15"><span class='ocrx_word' id='word_1_472' title='bbox 433 3514 576 3568; x_wconf 85' lang='lat' dir='ltr'><strong>Deus</strong></span> <span class='ocrx_word' id='word_1_473' title='bbox 599 3511 691 3582; x_wconf 91' lang='lat' dir='ltr'><strong>qui</strong></span> <span class='ocrx_word' id='word_1_474' title='bbox 717 3511 865 3568; x_wconf 88' lang='lat' dir='ltr'><strong>dedit</strong></span> <span class='ocrx_word' id='word_1_475' title='bbox 886 3511 982 3565; x_wconf 90' lang='lat' dir='ltr'><strong>tibi</strong></span> <span class='ocrx_word' id='word_1_476' title='bbox 997 3511 1137 3565; x_wconf 88' lang='lat' dir='ltr'><strong>unde</strong></span> <span class='ocrx_word' id='word_1_477' title='bbox 1156 3509 1452 3580; x_wconf 85' lang='lat' dir='ltr'><strong>dispenses,</strong></span> <span class='ocrx_word' id='word_1_478' title='bbox 1481 3510 1688 3564; x_wconf 88' lang='lat' dir='ltr'><strong>esurire</strong></span> <span class='ocrx_word' id='word_1_479' title='bbox 1717 3509 2004 3565; x_wconf 88' lang='lat' dir='ltr'><strong>teminime</strong></span> 
     </span>
    </p>
   </div>
   <div class='ocr_carea' id='block_1_68' title="bbox 433 3599 2006 3671">
    <p class='ocr_par' dir='ltr' id='par_1_68' title="bbox 433 3599 2006 3671">
     <span class='ocr_line' id='line_1_68' title="bbox 433 3599 2006 3671; baseline -0.002 -14"><span class='ocrx_word' id='word_1_480' title='bbox 433 3602 730 3671; x_wconf 86' lang='lat' dir='ltr'><strong>permittet.</strong></span> <span class='ocrx_word' id='word_1_481' title='bbox 773 3601 1104 3657; x_wconf 85' lang='lat' dir='ltr'><strong>Incrementa</strong></span> <span class='ocrx_word' id='word_1_482' title='bbox 1151 3600 1359 3671; x_wconf 77' lang='lat' dir='ltr'><strong>frugum</strong></span> <span class='ocrx_word' id='word_1_483' title='bbox 1398 3600 1643 3670; x_wconf 75' lang='lat' dir='ltr'><strong>justitiae.</strong></span> <span class='ocrx_word' id='word_1_484' title='bbox 1695 3599 1900 3669; x_wconf 84' lang='lat' dir='ltr'><strong>Fruges</strong></span> <span class='ocrx_word' id='word_1_485' title='bbox 1923 3599 2006 3668; x_wconf 89' lang='lat' dir='ltr'><strong>ju-</strong></span> 
     </span>
    </p>
   </div>
   <div class='ocr_carea' id='block_1_69' title="bbox 432 3690 2003 3760">
    <p class='ocr_par' dir='ltr' id='par_1_69' title="bbox 432 3690 2003 3760">
     <span class='ocr_line' id='line_1_69' title="bbox 432 3690 2003 3760; baseline -0.001 -12"><span class='ocrx_word' id='word_1_486' title='bbox 432 3695 594 3750; x_wconf 73' lang='lat' dir='ltr'><strong>stitia:</strong></span> <span class='ocrx_word' id='word_1_487' title='bbox 615 3703 742 3750; x_wconf 85' lang='lat' dir='ltr'><strong>sunt</strong></span> <span class='ocrx_word' id='word_1_488' title='bbox 763 3693 1067 3758; x_wconf 80' lang='lat' dir='ltr'><strong>facultates,</strong></span> <span class='ocrx_word' id='word_1_489' title='bbox 1100 3708 1224 3747; x_wconf 90' lang='lat' dir='ltr'><strong>cum</strong></span> <span class='ocrx_word' id='word_1_490' title='bbox 1265 3690 1409 3760; x_wconf 88' lang='lat' dir='ltr'><strong>juste</strong></span> <span class='ocrx_word' id='word_1_491' title='bbox 1439 3691 1840 3760; x_wconf 89' lang='lat' dir='ltr'><strong>dispensantur.</strong></span> <span class='ocrx_word' id='word_1_492' title='bbox 1868 3691 2003 3746; x_wconf 91' lang='lat' dir='ltr'><strong>Cum</strong></span> 
     </span>
    </p>
   </div>
   <div class='ocr_carea' id='block_1_70' title="bbox 434 3781 2004 3856">
    <p class='ocr_par' dir='ltr' id='par_1_70' title="bbox 434 3781 2004 3856">
     <span class='ocr_line' id='line_1_70' title="bbox 434 3781 2004 3856; baseline -0.002 -18"><span class='ocrx_word' id='word_1_493' title='bbox 434 3801 564 3842; x_wconf 84' lang='lat' dir='ltr'><strong>vero</strong></span> <span class='ocrx_word' id='word_1_494' title='bbox 591 3794 685 3841; x_wconf 89' lang='lat' dir='ltr'><strong>aut</strong></span> <span class='ocrx_word' id='word_1_495' title='bbox 717 3786 899 3856; x_wconf 89' lang='lat' dir='ltr'><strong>inique</strong></span> <span class='ocrx_word' id='word_1_496' title='bbox 935 3785 1314 3849; x_wconf 89' lang='lat' dir='ltr'><strong>corraduntur,</strong></span> <span class='ocrx_word' id='word_1_497' title='bbox 1359 3790 1453 3837; x_wconf 89' lang='lat' dir='ltr'><strong>aut</strong></span> <span class='ocrx_word' id='word_1_498' title='bbox 1481 3782 1551 3836; x_wconf 88' lang='lat' dir='ltr'><strong>ad</strong></span> <span class='ocrx_word' id='word_1_499' title='bbox 1596 3783 1877 3837; x_wconf 87' lang='lat' dir='ltr'><strong>avaritiam</strong></span> <span class='ocrx_word' id='word_1_500' title='bbox 1918 3781 2004 3836; x_wconf 85' lang='lat' dir='ltr'><strong>vel</strong></span> 
     </span>
    </p>
   </div>
   <div class='ocr_carea' id='block_1_71' title="bbox 436 3872 2004 3946">
    <p class='ocr_par' dir='ltr' id='par_1_71' title="bbox 436 3872 2004 3946">
     <span class='ocr_line' id='line_1_71' title="bbox 436 3872 2004 3946; baseline -0.003 -16"><span class='ocrx_word' id='word_1_501' title='bbox 436 3877 742 3946; x_wconf 88' lang='lat' dir='ltr'><strong>superbiam</strong></span> <span class='ocrx_word' id='word_1_502' title='bbox 783 3877 1142 3946; x_wconf 88' lang='lat' dir='ltr'><strong>possidentur,</strong></span> <span class='ocrx_word' id='word_1_503' title='bbox 1192 3873 1373 3944; x_wconf 78' lang='lat' dir='ltr'><strong>fruges</strong></span> <span class='ocrx_word' id='word_1_504' title='bbox 1405 3875 1706 3944; x_wconf 80' lang='lat' dir='ltr'><strong>iniquitatis</strong></span> <span class='ocrx_word' id='word_1_505' title='bbox 1752 3873 1904 3927; x_wconf 88' lang='lat' dir='ltr'><strong>ﬁunt.</strong></span> <span class='ocrx_word' id='word_1_506' title='bbox 1935 3872 2004 3926; x_wconf 92' lang='lat' dir='ltr'><strong>In</strong></span> 
     </span>
    </p>
   </div>
   <div class='ocr_carea' id='block_1_72' title="bbox 437 3963 2004 4037">
    <p class='ocr_par' dir='ltr' id='par_1_72' title="bbox 437 3963 2004 4037">
     <span class='ocr_line' id='line_1_72' title="bbox 437 3963 2004 4037; baseline -0.004 -17"><span class='ocrx_word' id='word_1_507' title='bbox 437 3984 639 4022; x_wconf 76' lang='lat' dir='ltr'><strong>oninem</strong></span> <span class='ocrx_word' id='word_1_508' title='bbox 664 3966 1068 4037; x_wconf 85' lang='lat' dir='ltr'><strong>simplicitatem.</strong></span> <span class='ocrx_word' id='word_1_509' title='bbox 1091 3965 1162 4021; x_wconf 88' lang='lat' dir='ltr'><strong>Ut</strong></span> <span class='ocrx_word' id='word_1_510' title='bbox 1189 3965 1417 4034; x_wconf 87' lang='lat' dir='ltr'><strong>simplici</strong></span> <span class='ocrx_word' id='word_1_511' title='bbox 1446 3964 1605 4020; x_wconf 91' lang='lat' dir='ltr'><strong>oculo</strong></span> <span class='ocrx_word' id='word_1_512' title='bbox 1645 3964 1800 4020; x_wconf 55' lang='lat' dir='ltr'><strong>bonae</strong></span> <span class='ocrx_word' id='word_1_513' title='bbox 1831 3963 2004 4015; x_wconf 89' lang='lat' dir='ltr'><strong>inten-</strong></span> 
     </span>
    </p>
   </div>
   <div class='ocr_carea' id='block_1_73' title="bbox 439 4053 1998 4126">
    <p class='ocr_par' dir='ltr' id='par_1_73' title="bbox 439 4053 1998 4126">
     <span class='ocr_line' id='line_1_73' title="bbox 439 4053 1998 4126; baseline -0.005 -16"><span class='ocrx_word' id='word_1_514' title='bbox 439 4058 601 4114; x_wconf 88' lang='lat' dir='ltr'><strong>tionis</strong></span> <span class='ocrx_word' id='word_1_515' title='bbox 628 4057 884 4126; x_wconf 83' lang='lat' dir='ltr'><strong>erogetis,</strong></span> <span class='ocrx_word' id='word_1_516' title='bbox 911 4071 1032 4110; x_wconf 89' lang='lat' dir='ltr'><strong>cum</strong></span> <span class='ocrx_word' id='word_1_517' title='bbox 1058 4053 1340 4124; x_wconf 89' lang='lat' dir='ltr'><strong>multiplici</strong></span> <span class='ocrx_word' id='word_1_518' title='bbox 1367 4068 1431 4107; x_wconf 90' lang='lat' dir='ltr'><strong>ea</strong></span> <span class='ocrx_word' id='word_1_519' title='bbox 1464 4054 1651 4106; x_wconf 84' lang='lat' dir='ltr'><strong>fenore</strong></span> <span class='ocrx_word' id='word_1_520' title='bbox 1669 4059 1998 4118; x_wconf 87' lang='lat' dir='ltr'><strong>recepturos.</strong></span> 
     </span>
    </p>
   </div>
   <div class='ocr_carea' id='block_1_74' title="bbox 440 4141 2004 4215">
    <p class='ocr_par' dir='ltr' id='par_1_74' title="bbox 440 4141 2004 4215">
     <span class='ocr_line' id='line_1_74' title="bbox 440 4141 2004 4215; baseline -0.005 -13"><span class='ocrx_word' id='word_1_521' title='bbox 440 4149 563 4202; x_wconf 85' lang='lat' dir='ltr'><strong>Non</strong></span> <span class='ocrx_word' id='word_1_522' title='bbox 593 4147 761 4202; x_wconf 86' lang='lat' dir='ltr'><strong>solum</strong></span> <span class='ocrx_word' id='word_1_523' title='bbox 786 4145 1005 4215; x_wconf 88' lang='lat' dir='ltr'><strong>supplet.</strong></span> <span class='ocrx_word' id='word_1_524' title='bbox 1034 4145 1307 4215; x_wconf 82' lang='lat' dir='ltr'><strong>Duplieem</strong></span> <span class='ocrx_word' id='word_1_525' title='bbox 1327 4143 1553 4212; x_wconf 91' lang='lat' dir='ltr'><strong>potestis</strong></span> <span class='ocrx_word' id='word_1_526' title='bbox 1582 4141 1778 4195; x_wconf 90' lang='lat' dir='ltr'><strong>habere</strong></span> <span class='ocrx_word' id='word_1_527' title='bbox 1799 4155 2004 4194; x_wconf 89' lang='lat' dir='ltr'><strong>merce-</strong></span> 
     </span>
    </p>
   </div>
   <div class='ocr_carea' id='block_1_75' title="bbox 438 4231 2006 4304">
    <p class='ocr_par' dir='ltr' id='par_1_75' title="bbox 438 4231 2006 4304">
     <span class='ocr_line' id='line_1_75' title="bbox 438 4231 2006 4304; baseline -0.006 -10"><span class='ocrx_word' id='word_1_528' title='bbox 438 4241 580 4303; x_wconf 89' lang='lat' dir='ltr'><strong>dem,</strong></span> <span class='ocrx_word' id='word_1_529' title='bbox 607 4246 662 4292; x_wconf 91' lang='lat' dir='ltr'><strong>et</strong></span> <span class='ocrx_word' id='word_1_530' title='bbox 683 4236 1032 4292; x_wconf 83' lang='lat' dir='ltr'><strong>refectionem</strong></span> <span class='ocrx_word' id='word_1_531' title='bbox 1057 4243 1390 4298; x_wconf 89' lang='lat' dir='ltr'><strong>sanctorum,</strong></span> <span class='ocrx_word' id='word_1_532' title='bbox 1423 4242 1478 4290; x_wconf 91' lang='lat' dir='ltr'><strong>et</strong></span> <span class='ocrx_word' id='word_1_533' title='bbox 1507 4233 1800 4304; x_wconf 83' lang='lat' dir='ltr'><strong>gratiarum</strong></span> <span class='ocrx_word' id='word_1_534' title='bbox 1828 4232 1881 4286; x_wconf 90' lang='lat' dir='ltr'><strong>in</strong></span> <span class='ocrx_word' id='word_1_535' title='bbox 1903 4231 2006 4285; x_wconf 92' lang='lat' dir='ltr'><strong>Do-</strong></span> 
     </span>
    </p>
   </div>
   <div class='ocr_carea' id='block_1_76' title="bbox 440 4319 2004 4393">
    <p class='ocr_par' dir='ltr' id='par_1_76' title="bbox 440 4319 2004 4393">
     <span class='ocr_line' id='line_1_76' title="bbox 440 4319 2004 4393; baseline -0.005 -11"><span class='ocrx_word' id='word_1_536' title='bbox 440 4327 586 4382; x_wconf 89' lang='lat' dir='ltr'><strong>mino</strong></span> <span class='ocrx_word' id='word_1_537' title='bbox 609 4321 899 4390; x_wconf 84' lang='lat' dir='ltr'><strong>actionem,</strong></span> <span class='ocrx_word' id='word_1_538' title='bbox 927 4334 981 4380; x_wconf 90' lang='lat' dir='ltr'><strong>et</strong></span> <span class='ocrx_word' id='word_1_539' title='bbox 1009 4325 1065 4378; x_wconf 92' lang='lat' dir='ltr'><strong>in</strong></span> <span class='ocrx_word' id='word_1_540' title='bbox 1104 4324 1343 4393; x_wconf 90' lang='lat' dir='ltr'><strong>ipsorum</strong></span> <span class='ocrx_word' id='word_1_541' title='bbox 1390 4323 1636 4376; x_wconf 90' lang='lat' dir='ltr'><strong>oratione</strong></span> <span class='ocrx_word' id='word_1_542' title='bbox 1667 4322 1782 4376; x_wconf 66' lang='lat' dir='ltr'><strong>haec</strong></span> <span class='ocrx_word' id='word_1_543' title='bbox 1825 4319 2004 4374; x_wconf 90' lang='lat' dir='ltr'><strong>omnia</strong></span> 
     </span>
    </p>
   </div>
   <div class='ocr_carea' id='block_1_77' title="bbox 2109 3138 3685 3211">
    <p class='ocr_par' dir='ltr' id='par_1_77' title="bbox 2109 3138 3685 3211">
     <span class='ocr_line' id='line_1_77' title="bbox 2109 3138 3685 3211; baseline 0.006 -20"><span class='ocrx_word' id='word_1_544' title='bbox 2109 3138 2397 3206; x_wconf 81' lang='lat' dir='ltr'><strong>apestolos.</strong></span> <span class='ocrx_word' id='word_1_545' title='bbox 2431 3138 2554 3192; x_wconf 85' lang='lat' dir='ltr'><strong>Non</strong></span> <span class='ocrx_word' id='word_1_546' title='bbox 2595 3141 2912 3195; x_wconf 80' lang='lat' dir='ltr'><strong>erubescam.</strong></span> <span class='ocrx_word' id='word_1_547' title='bbox 2944 3142 3045 3208; x_wconf 84' lang='lat' dir='ltr'><strong>Qui</strong></span> <span class='ocrx_word' id='word_1_548' title='bbox 3075 3151 3130 3198; x_wconf 89' lang='lat' dir='ltr'><strong>et</strong></span> <span class='ocrx_word' id='word_1_549' title='bbox 3159 3149 3347 3198; x_wconf 76' lang='lat' dir='ltr'><strong>veram</strong></span> <span class='ocrx_word' id='word_1_550' title='bbox 3391 3144 3586 3211; x_wconf 89' lang='lat' dir='ltr'><strong>dicam,</strong></span> <span class='ocrx_word' id='word_1_551' title='bbox 3620 3153 3685 3200; x_wconf 85' lang='lat' dir='ltr'><strong>et</strong></span> 
     </span>
    </p>
   </div>
   <div class='ocr_carea' id='block_1_78' title="bbox 2107 3229 3687 3300">
    <p class='ocr_par' dir='ltr' id='par_1_78' title="bbox 2107 3229 3687 3300">
     <span class='ocr_line' id='line_1_78' title="bbox 2107 3229 3687 3300; baseline 0.005 -18"><span class='ocrx_word' id='word_1_552' title='bbox 2107 3243 2215 3283; x_wconf 88' lang='lat' dir='ltr'><strong>non</strong></span> <span class='ocrx_word' id='word_1_553' title='bbox 2261 3244 2399 3284; x_wconf 75' lang='lat' dir='ltr'><strong>mete</strong></span> <span class='ocrx_word' id='word_1_554' title='bbox 2443 3229 2652 3300; x_wconf 62' lang='lat' dir='ltr'><strong>glorias,</strong></span> <span class='ocrx_word' id='word_1_555' title='bbox 2694 3232 2790 3286; x_wconf 91' lang='lat' dir='ltr'><strong>sed</strong></span> <span class='ocrx_word' id='word_1_556' title='bbox 2833 3240 3026 3288; x_wconf 66' lang='lat' dir='ltr'><strong>vestra:</strong></span> <span class='ocrx_word' id='word_1_557' title='bbox 3090 3235 3462 3291; x_wconf 65' lang='lat' dir='ltr'><strong>aediﬁcationis</strong></span> <span class='ocrx_word' id='word_1_558' title='bbox 3511 3251 3687 3292; x_wconf 84' lang='lat' dir='ltr'><strong>causa</strong></span> 
     </span>
    </p>
   </div>
   <div class='ocr_carea' id='block_1_79' title="bbox 2107 3319 3684 3396">
    <p class='ocr_par' dir='ltr' id='par_1_79' title="bbox 2107 3319 3684 3396">
     <span class='ocr_line' id='line_1_79' title="bbox 2107 3319 3684 3396; baseline 0.005 -23"><span class='ocrx_word' id='word_1_559' title='bbox 2107 3320 2414 3388; x_wconf 86' lang='lat' dir='ltr'><strong>compulsus</strong></span> <span class='ocrx_word' id='word_1_560' title='bbox 2453 3321 2568 3376; x_wconf 64' lang='lat' dir='ltr'><strong>haec</strong></span> <span class='ocrx_word' id='word_1_561' title='bbox 2615 3319 2774 3376; x_wconf 87' lang='lat' dir='ltr'><strong>facio.</strong></span> <span class='ocrx_word' id='word_1_562' title='bbox 2813 3320 3025 3377; x_wconf 79' lang='lat' dir='ltr'><strong>Graves.</strong></span> <span class='ocrx_word' id='word_1_563' title='bbox 3059 3324 3432 3396; x_wconf 86' lang='lat' dir='ltr'><strong>Longitudine.</strong></span> <span class='ocrx_word' id='word_1_564' title='bbox 3464 3323 3684 3381; x_wconf 79' lang='lat' dir='ltr'><strong>Fortes.</strong></span> 
     </span>
    </p>
   </div>
   <div class='ocr_carea' id='block_1_80' title="bbox 2107 3410 3685 3481">
    <p class='ocr_par' dir='ltr' id='par_1_80' title="bbox 2107 3410 3685 3481">
     <span class='ocr_line' id='line_1_80' title="bbox 2107 3410 3685 3481; baseline 0.004 -17"><span class='ocrx_word' id='word_1_565' title='bbox 2107 3410 2251 3464; x_wconf 89' lang='lat' dir='ltr'><strong>Dura</strong></span> <span class='ocrx_word' id='word_1_566' title='bbox 2275 3410 2659 3481; x_wconf 87' lang='lat' dir='ltr'><strong>increpatione.</strong></span> <span class='ocrx_word' id='word_1_567' title='bbox 2692 3411 2815 3465; x_wconf 86' lang='lat' dir='ltr'><strong>Non</strong></span> <span class='ocrx_word' id='word_1_568' title='bbox 2853 3414 2990 3466; x_wconf 87' lang='lat' dir='ltr'><strong>enim</strong></span> <span class='ocrx_word' id='word_1_569' title='bbox 3024 3415 3296 3468; x_wconf 82' lang='lat' dir='ltr'><strong>audemus.</strong></span> <span class='ocrx_word' id='word_1_570' title='bbox 3337 3415 3556 3471; x_wconf 84' lang='lat' dir='ltr'><strong>Scilicet</strong></span> <span class='ocrx_word' id='word_1_571' title='bbox 3598 3417 3685 3471; x_wconf 82' lang='lat' dir='ltr'><strong>ita</strong></span> 
     </span>
    </p>
   </div>
   <div class='ocr_carea' id='block_1_81' title="bbox 2107 3498 3688 3576">
    <p class='ocr_par' dir='ltr' id='par_1_81' title="bbox 2107 3498 3688 3576">
     <span class='ocr_line' id='line_1_81' title="bbox 2107 3498 3688 3576; baseline 0.006 -24"><span class='ocrx_word' id='word_1_572' title='bbox 2107 3498 2276 3553; x_wconf 90' lang='lat' dir='ltr'><strong>Deum</strong></span> <span class='ocrx_word' id='word_1_573' title='bbox 2320 3505 2694 3564; x_wconf 80' lang='lat' dir='ltr'><strong>contemnere,</strong></span> <span class='ocrx_word' id='word_1_574' title='bbox 2739 3508 2798 3554; x_wconf 92' lang='lat' dir='ltr'><strong>ut</strong></span> <span class='ocrx_word' id='word_1_575' title='bbox 2848 3516 3188 3571; x_wconf 81' lang='lat' dir='ltr'><strong>coaequemur</strong></span> <span class='ocrx_word' id='word_1_576' title='bbox 3230 3505 3533 3575; x_wconf 85' lang='lat' dir='ltr'><strong>aliquibus,</strong></span> <span class='ocrx_word' id='word_1_577' title='bbox 3579 3509 3688 3576; x_wconf 87' lang='lat' dir='ltr'><strong>qui</strong></span> 
     </span>
    </p>
   </div>
   <div class='ocr_carea' id='block_1_82' title="bbox 2106 3589 3693 3667">
    <p class='ocr_par' dir='ltr' id='par_1_82' title="bbox 2106 3589 3693 3667">
     <span class='ocr_line' id='line_1_82' title="bbox 2106 3589 3693 3667; baseline 0.007 -24"><span class='ocrx_word' id='word_1_578' title='bbox 2106 3589 2219 3644; x_wconf 89' lang='lat' dir='ltr'><strong>suis</strong></span> <span class='ocrx_word' id='word_1_579' title='bbox 2272 3591 2480 3646; x_wconf 86' lang='lat' dir='ltr'><strong>malunt</strong></span> <span class='ocrx_word' id='word_1_580' title='bbox 2525 3591 2772 3646; x_wconf 88' lang='lat' dir='ltr'><strong>laudibus</strong></span> <span class='ocrx_word' id='word_1_581' title='bbox 2813 3607 2975 3662; x_wconf 88' lang='lat' dir='ltr'><strong>quam</strong></span> <span class='ocrx_word' id='word_1_582' title='bbox 3029 3595 3124 3649; x_wconf 90' lang='lat' dir='ltr'><strong>Dei</strong></span> <span class='ocrx_word' id='word_1_583' title='bbox 3179 3597 3351 3667; x_wconf 85' lang='lat' dir='ltr'><strong>gratia</strong></span> <span class='ocrx_word' id='word_1_584' title='bbox 3398 3613 3693 3654; x_wconf 86' lang='lat' dir='ltr'><strong>commen-</strong></span> 
     </span>
    </p>
   </div>
   <div class='ocr_carea' id='block_1_83' title="bbox 2106 3681 3694 3759">
    <p class='ocr_par' dir='ltr' id='par_1_83' title="bbox 2106 3681 3694 3759">
     <span class='ocr_line' id='line_1_83' title="bbox 2106 3681 3694 3759; baseline 0.004 -22"><span class='ocrx_word' id='word_1_585' title='bbox 2106 3681 2242 3737; x_wconf 87' lang='lat' dir='ltr'><strong>dari.</strong></span> <span class='ocrx_word' id='word_1_586' title='bbox 2273 3681 2386 3737; x_wconf 86' lang='lat' dir='ltr'><strong>Nec</strong></span> <span class='ocrx_word' id='word_1_587' title='bbox 2430 3683 2498 3737; x_wconf 92' lang='lat' dir='ltr'><strong>de</strong></span> <span class='ocrx_word' id='word_1_588' title='bbox 2539 3682 2697 3737; x_wconf 91' lang='lat' dir='ltr'><strong>nobis</strong></span> <span class='ocrx_word' id='word_1_589' title='bbox 2723 3697 3005 3752; x_wconf 86' lang='lat' dir='ltr'><strong>possumus</strong></span> <span class='ocrx_word' id='word_1_590' title='bbox 3034 3685 3234 3754; x_wconf 87' lang='lat' dir='ltr'><strong>majora</strong></span> <span class='ocrx_word' id='word_1_591' title='bbox 3266 3685 3475 3753; x_wconf 85' lang='lat' dir='ltr'><strong>jactare</strong></span> <span class='ocrx_word' id='word_1_592' title='bbox 3515 3705 3694 3759; x_wconf 89' lang='lat' dir='ltr'><strong>quam</strong></span> 
     </span>
    </p>
   </div>
   <div class='ocr_carea' id='block_1_84' title="bbox 2107 3785 2312 3827">
    <p class='ocr_par' dir='ltr' id='par_1_84' title="bbox 2107 3785 2312 3827">
     <span class='ocr_line' id='line_1_84' title="bbox 2107 3785 2312 3827; baseline -0.005 -1"><span class='ocrx_word' id='word_1_593' title='bbox 2107 3785 2312 3827; x_wconf 88' lang='lat' dir='ltr'><strong>sumus.</strong></span> 
     </span>
    </p>
   </div>
   <div class='ocr_carea' id='block_1_85' title="bbox 2176 3862 3698 3936">
    <p class='ocr_par' dir='ltr' id='par_1_85' title="bbox 2176 3862 3698 3936">
     <span class='ocr_line' id='line_1_85' title="bbox 2176 3862 3698 3936; baseline 0.007 -20"><span class='ocrx_word' id='word_1_594' title='bbox 2176 3862 2248 3917; x_wconf 87' lang='lat' dir='ltr'><strong>Et</strong></span> <span class='ocrx_word' id='word_1_595' title='bbox 2275 3874 2632 3935; x_wconf 85' lang='lat' dir='ltr'><strong>comparantes</strong></span> <span class='ocrx_word' id='word_1_596' title='bbox 2661 3867 2997 3936; x_wconf 88' lang='lat' dir='ltr'><strong>nosmetipsos</strong></span> <span class='ocrx_word' id='word_1_597' title='bbox 3027 3868 3192 3921; x_wconf 88' lang='lat' dir='ltr'><strong>nobis.</strong></span> <span class='ocrx_word' id='word_1_598' title='bbox 3214 3867 3273 3923; x_wconf 88' lang='lat' dir='ltr'><strong>Id</strong></span> <span class='ocrx_word' id='word_1_599' title='bbox 3299 3875 3400 3934; x_wconf 90' lang='lat' dir='ltr'><strong>est,</strong></span> <span class='ocrx_word' id='word_1_600' title='bbox 3427 3885 3531 3924; x_wconf 87' lang='lat' dir='ltr'><strong>non</strong></span> <span class='ocrx_word' id='word_1_601' title='bbox 3561 3887 3698 3926; x_wconf 83' lang='lat' dir='ltr'><strong>ma-</strong></span> 
     </span>
    </p>
   </div>
   <div class='ocr_carea' id='block_1_86' title="bbox 2099 3954 3705 4028">
    <p class='ocr_par' dir='ltr' id='par_1_86' title="bbox 2099 3954 3705 4028">
     <span class='ocr_line' id='line_1_86' title="bbox 2099 3954 3705 4028; baseline 0.002 -19"><span class='ocrx_word' id='word_1_602' title='bbox 2099 3954 2333 4022; x_wconf 87' lang='lat' dir='ltr'><strong>joribus,</strong></span> <span class='ocrx_word' id='word_1_603' title='bbox 2379 3957 2520 4011; x_wconf 90' lang='lat' dir='ltr'><strong>sicut</strong></span> <span class='ocrx_word' id='word_1_604' title='bbox 2564 3957 2639 4011; x_wconf 90' lang='lat' dir='ltr'><strong>illi</strong></span> <span class='ocrx_word' id='word_1_605' title='bbox 2686 3957 3705 4028; x_wconf 82' lang='lat' dir='ltr'><strong>pseudoapostoli,qui,cumnihilsint,</strong></span> 
     </span>
    </p>
   </div>
   <div class='ocr_carea' id='block_1_87' title="bbox 2105 4046 3707 4120">
    <p class='ocr_par' dir='ltr' id='par_1_87' title="bbox 2105 4046 3707 4120">
     <span class='ocr_line' id='line_1_87' title="bbox 2105 4046 3707 4120; baseline 0.004 -21"><span class='ocrx_word' id='word_1_606' title='bbox 2105 4046 2362 4116; x_wconf 87' lang='lat' dir='ltr'><strong>apostolis</strong></span> <span class='ocrx_word' id='word_1_607' title='bbox 2387 4062 2447 4102; x_wconf 91' lang='lat' dir='ltr'><strong>se</strong></span> <span class='ocrx_word' id='word_1_608' title='bbox 2491 4063 2595 4102; x_wconf 89' lang='lat' dir='ltr'><strong>non</strong></span> <span class='ocrx_word' id='word_1_609' title='bbox 2632 4049 2790 4102; x_wconf 90' lang='lat' dir='ltr'><strong>modo</strong></span> <span class='ocrx_word' id='word_1_610' title='bbox 2816 4057 3061 4116; x_wconf 66' lang='lat' dir='ltr'><strong>(equant,</strong></span> <span class='ocrx_word' id='word_1_611' title='bbox 3105 4051 3201 4104; x_wconf 88' lang='lat' dir='ltr'><strong>sed</strong></span> <span class='ocrx_word' id='word_1_612' title='bbox 3245 4050 3411 4104; x_wconf 89' lang='lat' dir='ltr'><strong>etiam</strong></span> <span class='ocrx_word' id='word_1_613' title='bbox 3455 4059 3707 4120; x_wconf 75' lang='lat' dir='ltr'><strong>antepo-</strong></span> 
     </span>
    </p>
   </div>
   <div class='ocr_carea' id='block_1_88' title="bbox 2105 4135 3710 4208">
    <p class='ocr_par' dir='ltr' id='par_1_88' title="bbox 2105 4135 3710 4208">
     <span class='ocr_line' id='line_1_88' title="bbox 2105 4135 3710 4208; baseline 0.004 -18"><span class='ocrx_word' id='word_1_614' title='bbox 2105 4144 2260 4191; x_wconf 88' lang='lat' dir='ltr'><strong>nunt.</strong></span> <span class='ocrx_word' id='word_1_615' title='bbox 2300 4135 2422 4190; x_wconf 88' lang='lat' dir='ltr'><strong>Non</strong></span> <span class='ocrx_word' id='word_1_616' title='bbox 2462 4137 2516 4191; x_wconf 87' lang='lat' dir='ltr'><strong>in</strong></span> <span class='ocrx_word' id='word_1_617' title='bbox 2545 4139 2853 4190; x_wconf 87' lang='lat' dir='ltr'><strong>immensum</strong></span> <span class='ocrx_word' id='word_1_618' title='bbox 2881 4137 3240 4207; x_wconf 87' lang='lat' dir='ltr'><strong>gloriabimur.</strong></span> <span class='ocrx_word' id='word_1_619' title='bbox 3284 4138 3342 4193; x_wconf 88' lang='lat' dir='ltr'><strong>Id</strong></span> <span class='ocrx_word' id='word_1_620' title='bbox 3382 4147 3485 4203; x_wconf 87' lang='lat' dir='ltr'><strong>est,</strong></span> <span class='ocrx_word' id='word_1_621' title='bbox 3512 4155 3710 4208; x_wconf 77' lang='lat' dir='ltr'><strong>super</strong></span> 
     </span>
    </p>
   </div>
   <div class='ocr_carea' id='block_1_89' title="bbox 2107 4225 3706 4296">
    <p class='ocr_par' dir='ltr' id='par_1_89' title="bbox 2107 4225 3706 4296">
     <span class='ocr_line' id='line_1_89' title="bbox 2107 4225 3706 4296; baseline 0.004 -16"><span class='ocrx_word' id='word_1_622' title='bbox 2107 4226 2161 4280; x_wconf 91' lang='lat' dir='ltr'><strong>id</strong></span> <span class='ocrx_word' id='word_1_623' title='bbox 2185 4228 2326 4296; x_wconf 91' lang='lat' dir='ltr'><strong>quod</strong></span> <span class='ocrx_word' id='word_1_624' title='bbox 2350 4241 2657 4296; x_wconf 86' lang='lat' dir='ltr'><strong>possumus,</strong></span> <span class='ocrx_word' id='word_1_625' title='bbox 2693 4225 2828 4280; x_wconf 89' lang='lat' dir='ltr'><strong>nihil</strong></span> <span class='ocrx_word' id='word_1_626' title='bbox 2855 4243 3013 4296; x_wconf 89' lang='lat' dir='ltr'><strong>supra</strong></span> <span class='ocrx_word' id='word_1_627' title='bbox 3040 4229 3327 4282; x_wconf 88' lang='lat' dir='ltr'><strong>humanam</strong></span> <span class='ocrx_word' id='word_1_628' title='bbox 3368 4245 3706 4289; x_wconf 77' lang='lat' dir='ltr'><strong>mensuram</strong></span> 
     </span>
    </p>
   </div>
   <div class='ocr_carea' id='block_1_90' title="bbox 2111 4315 3710 4387">
    <p class='ocr_par' dir='ltr' id='par_1_90' title="bbox 2111 4315 3710 4387">
     <span class='ocr_line' id='line_1_90' title="bbox 2111 4315 3710 4387; baseline 0.004 -16"><span class='ocrx_word' id='word_1_629' title='bbox 2111 4316 2362 4381; x_wconf 87' lang='lat' dir='ltr'><strong>facimus,</strong></span> <span class='ocrx_word' id='word_1_630' title='bbox 2388 4315 2480 4370; x_wconf 89' lang='lat' dir='ltr'><strong>sed</strong></span> <span class='ocrx_word' id='word_1_631' title='bbox 2511 4317 2566 4378; x_wconf 86' lang='lat' dir='ltr'><strong>in</strong></span> <span class='ocrx_word' id='word_1_632' title='bbox 2587 4316 2916 4385; x_wconf 86' lang='lat' dir='ltr'><strong>apostolatus</strong></span> <span class='ocrx_word' id='word_1_633' title='bbox 2944 4317 3192 4386; x_wconf 79' lang='lat' dir='ltr'><strong>gratiam,</strong></span> <span class='ocrx_word' id='word_1_634' title='bbox 3218 4326 3476 4387; x_wconf 90' lang='lat' dir='ltr'><strong>quantum</strong></span> <span class='ocrx_word' id='word_1_635' title='bbox 3522 4321 3710 4378; x_wconf 82' lang='lat' dir='ltr'><strong>nobis</strong></span> 
     </span>
    </p>
   </div>
   <div class='ocr_carea' id='block_1_91' title="bbox 438 4380 3710 4488">
    <p class='ocr_par' dir='ltr' id='par_1_91' title="bbox 438 4380 3710 4488">
     <span class='ocr_line' id='line_1_91' title="bbox 438 4380 3710 4488; baseline -0.002 -14"><span class='ocrx_word' id='word_1_636' title='bbox 438 4427 709 4488; x_wconf 87' lang='lat' dir='ltr'><strong>operatur.</strong></span> <span class='ocrx_word' id='word_1_637' title='bbox 752 4416 1073 4470; x_wconf 78' lang='lat' dir='ltr'><strong>Ministratio</strong></span> <span class='ocrx_word' id='word_1_638' title='bbox 1102 4380 1260 4482; x_wconf 68' lang='lat' dir='ltr'><strong>Ilujus</strong></span> <span class='ocrx_word' id='word_1_639' title='bbox 1287 4413 1459 4483; x_wconf 70' lang='lat' dir='ltr'><strong>oﬁicii.</strong></span> <span class='ocrx_word' id='word_1_640' title='bbox 1485 4413 1614 4480; x_wconf 75' lang='lat' dir='ltr'><strong>Qua:</strong></span> <span class='ocrx_word' id='word_1_641' title='bbox 1640 4411 1805 4467; x_wconf 84' lang='lat' dir='ltr'><strong>etiam</strong></span> <span class='ocrx_word' id='word_1_642' title='bbox 1832 4411 2004 4466; x_wconf 84' lang='lat' dir='ltr'><strong>abun-</strong></span> <span class='ocrx_word' id='word_1_643' title='bbox 2031 4380 2084 4440; x_wconf 82' lang='lat' dir='ltr'><strong>D</strong></span> <span class='ocrx_word' id='word_1_644' title='bbox 2110 4408 2370 4463; x_wconf 88' lang='lat' dir='ltr'><strong>Dominus</strong></span> <span class='ocrx_word' id='word_1_645' title='bbox 2392 4407 2593 4462; x_wconf 90' lang='lat' dir='ltr'><strong>donare</strong></span> <span class='ocrx_word' id='word_1_646' title='bbox 2621 4380 2868 4475; x_wconf 80' lang='lat' dir='ltr'><strong>dignatus</strong></span> <span class='ocrx_word' id='word_1_647' title='bbox 2897 4380 2999 4472; x_wconf 66' lang='lat' dir='ltr'><strong>est,</strong></span> <span class='ocrx_word' id='word_1_648' title='bbox 3023 4424 3119 4477; x_wconf 92' lang='lat' dir='ltr'><strong>per</strong></span> <span class='ocrx_word' id='word_1_649' title='bbox 3145 4380 3304 4477; x_wconf 75' lang='lat' dir='ltr'><strong>quam</strong></span> <span class='ocrx_word' id='word_1_650' title='bbox 3335 4409 3496 4462; x_wconf 88' lang='lat' dir='ltr'><strong>etiam</strong></span> <span class='ocrx_word' id='word_1_651' title='bbox 3525 4409 3710 4469; x_wconf 85' lang='lat' dir='ltr'><strong>vobis</strong></span> 
     </span>
    </p>
   </div>
   <div class='ocr_carea' id='block_1_92' title="bbox 441 4502 2008 4578">
    <p class='ocr_par' dir='ltr' id='par_1_92' title="bbox 441 4502 2008 4578">
     <span class='ocr_line' id='line_1_92' title="bbox 441 4502 2008 4578; baseline -0.006 -14"><span class='ocrx_word' id='word_1_652' title='bbox 441 4510 527 4564; x_wconf 89' lang='lat' dir='ltr'><strong>dat</strong></span> <span class='ocrx_word' id='word_1_653' title='bbox 570 4509 806 4578; x_wconf 89' lang='lat' dir='ltr'><strong>ipsorum</strong></span> <span class='ocrx_word' id='word_1_654' title='bbox 836 4518 1131 4577; x_wconf 89' lang='lat' dir='ltr'><strong>pauperum</strong></span> <span class='ocrx_word' id='word_1_655' title='bbox 1171 4502 1418 4559; x_wconf 87' lang='lat' dir='ltr'><strong>oratione</strong></span> <span class='ocrx_word' id='word_1_656' title='bbox 1443 4519 1542 4572; x_wconf 90' lang='lat' dir='ltr'><strong>pro</strong></span> <span class='ocrx_word' id='word_1_657' title='bbox 1589 4504 1760 4559; x_wconf 91' lang='lat' dir='ltr'><strong>vobis.</strong></span> <span class='ocrx_word' id='word_1_658' title='bbox 1791 4502 2008 4556; x_wconf 88' lang='lat' dir='ltr'><strong>Deside-</strong></span> 
     </span>
    </p>
   </div>
   <div class='ocr_carea' id='block_1_93' title="bbox 441 4592 2006 4660">
    <p class='ocr_par' dir='ltr' id='par_1_93' title="bbox 441 4592 2006 4660">
     <span class='ocr_line' id='line_1_93' title="bbox 441 4592 2006 4660; baseline -0.004 -8"><span class='ocrx_word' id='word_1_659' title='bbox 441 4600 669 4652; x_wconf 79' lang='lat' dir='ltr'><strong>rantium</strong></span> <span class='ocrx_word' id='word_1_660' title='bbox 695 4613 804 4651; x_wconf 84' lang='lat' dir='ltr'><strong>vos.</strong></span> <span class='ocrx_word' id='word_1_661' title='bbox 839 4596 894 4650; x_wconf 91' lang='lat' dir='ltr'><strong>Id</strong></span> <span class='ocrx_word' id='word_1_662' title='bbox 934 4603 1035 4659; x_wconf 88' lang='lat' dir='ltr'><strong>est,</strong></span> <span class='ocrx_word' id='word_1_663' title='bbox 1069 4593 1391 4648; x_wconf 88' lang='lat' dir='ltr'><strong>amantium.</strong></span> <span class='ocrx_word' id='word_1_664' title='bbox 1425 4592 1557 4660; x_wconf 89' lang='lat' dir='ltr'><strong>Quis</strong></span> <span class='ocrx_word' id='word_1_665' title='bbox 1585 4593 1730 4648; x_wconf 86' lang='lat' dir='ltr'><strong>enim</strong></span> <span class='ocrx_word' id='word_1_666' title='bbox 1776 4608 1880 4647; x_wconf 89' lang='lat' dir='ltr'><strong>non</strong></span> <span class='ocrx_word' id='word_1_667' title='bbox 1911 4592 2006 4646; x_wconf 90' lang='lat' dir='ltr'><strong>dc-</strong></span> 
     </span>
    </p>
   </div>
   <div class='ocr_carea' id='block_1_94' title="bbox 440 4683 2008 4756">
    <p class='ocr_par' dir='ltr' id='par_1_94' title="bbox 440 4683 2008 4756">
     <span class='ocr_line' id='line_1_94' title="bbox 440 4683 2008 4756; baseline -0.006 -11"><span class='ocrx_word' id='word_1_668' title='bbox 440 4691 643 4746; x_wconf 88' lang='lat' dir='ltr'><strong>sideret</strong></span> <span class='ocrx_word' id='word_1_669' title='bbox 667 4688 826 4743; x_wconf 89' lang='lat' dir='ltr'><strong>talem</strong></span> <span class='ocrx_word' id='word_1_670' title='bbox 855 4694 1076 4756; x_wconf 84' lang='lat' dir='ltr'><strong>prepter</strong></span> <span class='ocrx_word' id='word_1_671' title='bbox 1101 4686 1330 4756; x_wconf 78' lang='lat' dir='ltr'><strong>gratiam</strong></span> <span class='ocrx_word' id='word_1_672' title='bbox 1360 4691 1415 4738; x_wconf 90' lang='lat' dir='ltr'><strong>et</strong></span> <span class='ocrx_word' id='word_1_673' title='bbox 1435 4683 1858 4739; x_wconf 89' lang='lat' dir='ltr'><strong>misericordiam</strong></span> <span class='ocrx_word' id='word_1_674' title='bbox 1877 4683 2008 4736; x_wconf 86' lang='lat' dir='ltr'><strong>cmi-</strong></span> 
     </span>
    </p>
   </div>
   <div class='ocr_carea' id='block_1_95' title="bbox 441 4775 2010 4850">
    <p class='ocr_par' dir='ltr' id='par_1_95' title="bbox 441 4775 2010 4850">
     <span class='ocr_line' id='line_1_95' title="bbox 441 4775 2010 4850; baseline -0.007 -12"><span class='ocrx_word' id='word_1_675' title='bbox 441 4782 693 4838; x_wconf 89' lang='lat' dir='ltr'><strong>nentem?</strong></span> <span class='ocrx_word' id='word_1_676' title='bbox 728 4777 940 4850; x_wconf 76' lang='lat' dir='ltr'><strong>Gratias</strong></span> <span class='ocrx_word' id='word_1_677' title='bbox 980 4787 1154 4832; x_wconf 84' lang='lat' dir='ltr'><strong>autem</strong></span> <span class='ocrx_word' id='word_1_678' title='bbox 1190 4776 1320 4830; x_wconf 88' lang='lat' dir='ltr'><strong>Deo.</strong></span> <span class='ocrx_word' id='word_1_679' title='bbox 1354 4775 1458 4843; x_wconf 90' lang='lat' dir='ltr'><strong>Qui</strong></span> <span class='ocrx_word' id='word_1_680' title='bbox 1483 4783 1686 4830; x_wconf 88' lang='lat' dir='ltr'><strong>tantam</strong></span> <span class='ocrx_word' id='word_1_681' title='bbox 1707 4775 1863 4831; x_wconf 89' lang='lat' dir='ltr'><strong>nobis</strong></span> <span class='ocrx_word' id='word_1_682' title='bbox 1887 4789 2010 4844; x_wconf 81' lang='lat' dir='ltr'><strong>gra—</strong></span> 
     </span>
    </p>
   </div>
   <div class='ocr_carea' id='block_1_96' title="bbox 440 4870 1506 4944">
    <p class='ocr_par' dir='ltr' id='par_1_96' title="bbox 440 4870 1506 4944">
     <span class='ocr_line' id='line_1_96' title="bbox 440 4870 1506 4944; baseline -0.005 -16"><span class='ocrx_word' id='word_1_683' title='bbox 440 4877 571 4930; x_wconf 87' lang='lat' dir='ltr'><strong>tiam</strong></span> <span class='ocrx_word' id='word_1_684' title='bbox 595 4875 797 4944; x_wconf 86' lang='lat' dir='ltr'><strong>pietate</strong></span> <span class='ocrx_word' id='word_1_685' title='bbox 833 4887 930 4928; x_wconf 88' lang='lat' dir='ltr'><strong>sua</strong></span> <span class='ocrx_word' id='word_1_686' title='bbox 956 4870 1099 4926; x_wconf 88' lang='lat' dir='ltr'><strong>ferre</strong></span> <span class='ocrx_word' id='word_1_687' title='bbox 1129 4870 1380 4940; x_wconf 85' lang='lat' dir='ltr'><strong>dignatus</strong></span> <span class='ocrx_word' id='word_1_688' title='bbox 1407 4877 1506 4924; x_wconf 89' lang='lat' dir='ltr'><strong>est.</strong></span> 
     </span>
    </p>
   </div>
   <div class='ocr_carea' id='block_1_97' title="bbox 1058 4981 1392 5041">
    <p class='ocr_par' dir='ltr' id='par_1_97' title="bbox 1058 4981 1392 5041">
     <span class='ocr_line' id='line_1_97' title="bbox 1058 4981 1392 5041; baseline -0.012 -1"><span class='ocrx_word' id='word_1_689' title='bbox 1058 4983 1284 5041; x_wconf 81' lang='lat' dir='ltr'><strong>CAPUT</strong></span> <span class='ocrx_word' id='word_1_690' title='bbox 1324 4981 1392 5038; x_wconf 79' lang='grc' dir='ltr'><strong>Χ.</strong></span> 
     </span>
    </p>
   </div>
   <div class='ocr_carea' id='block_1_98' title="bbox 511 5051 2005 5128">
    <p class='ocr_par' dir='ltr' id='par_1_98' title="bbox 511 5051 2005 5128">
     <span class='ocr_line' id='line_1_98' title="bbox 511 5051 2005 5128; baseline -0.005 -16"><span class='ocrx_word' id='word_1_691' title='bbox 511 5057 632 5128; x_wconf 82' lang='lat' dir='ltr'><strong>Ipse</strong></span> <span class='ocrx_word' id='word_1_692' title='bbox 657 5066 831 5112; x_wconf 85' lang='lat' dir='ltr'><strong>autem</strong></span> <span class='ocrx_word' id='word_1_693' title='bbox 851 5074 944 5128; x_wconf 86' lang='lat' dir='ltr'><strong>ego</strong></span> <span class='ocrx_word' id='word_1_694' title='bbox 976 5056 1200 5110; x_wconf 86' lang='lat' dir='ltr'><strong>Paulus.</strong></span> <span class='ocrx_word' id='word_1_695' title='bbox 1233 5055 1334 5121; x_wconf 80' lang='lat' dir='ltr'><strong>Qui</strong></span> <span class='ocrx_word' id='word_1_696' title='bbox 1361 5054 1512 5123; x_wconf 90' lang='lat' dir='ltr'><strong>prius</strong></span> <span class='ocrx_word' id='word_1_697' title='bbox 1558 5052 1741 5122; x_wconf 80' lang='lat' dir='ltr'><strong>rogavi</strong></span> <span class='ocrx_word' id='word_1_698' title='bbox 1769 5051 1963 5104; x_wconf 86' lang='lat' dir='ltr'><strong>fratres</strong></span> <span class='ocrx_word' id='word_1_699' title='bbox 1990 5090 2005 5114; x_wconf 93' lang='lat'><strong>,</strong></span> 
     </span>
    </p>
   </div>
   <div class='ocr_carea' id='block_1_99' title="bbox 445 5140 2004 5210">
    <p class='ocr_par' dir='ltr' id='par_1_99' title="bbox 445 5140 2004 5210">
     <span class='ocr_line' id='line_1_99' title="bbox 445 5140 2004 5210; baseline -0.006 -9"><span class='ocrx_word' id='word_1_700' title='bbox 445 5157 502 5201; x_wconf 89' lang='lat' dir='ltr'><strong>ut</strong></span> <span class='ocrx_word' id='word_1_701' title='bbox 530 5148 670 5202; x_wconf 91' lang='lat' dir='ltr'><strong>irent</strong></span> <span class='ocrx_word' id='word_1_702' title='bbox 697 5157 750 5204; x_wconf 90' lang='lat' dir='ltr'><strong>et</strong></span> <span class='ocrx_word' id='word_1_703' title='bbox 772 5150 1248 5210; x_wconf 88' lang='lat' dir='ltr'><strong>obsecrareutvos,</strong></span> <span class='ocrx_word' id='word_1_704' title='bbox 1273 5145 1376 5198; x_wconf 89' lang='lat' dir='ltr'><strong>hoc</strong></span> <span class='ocrx_word' id='word_1_705' title='bbox 1405 5150 1582 5196; x_wconf 88' lang='lat' dir='ltr'><strong>autem</strong></span> <span class='ocrx_word' id='word_1_706' title='bbox 1601 5156 1698 5210; x_wconf 90' lang='lat' dir='ltr'><strong>per</strong></span> <span class='ocrx_word' id='word_1_707' title='bbox 1721 5140 2004 5209; x_wconf 88' lang='lat' dir='ltr'><strong>meipsum,</strong></span> 
     </span>
    </p>
   </div>
   <div class='ocr_carea' id='block_1_100' title="bbox 447 5233 2004 5310">
    <p class='ocr_par' dir='ltr' id='par_1_100' title="bbox 447 5233 2004 5310">
     <span class='ocr_line' id='line_1_100' title="bbox 447 5233 2004 5310; baseline -0.009 -13"><span class='ocrx_word' id='word_1_708' title='bbox 447 5258 552 5297; x_wconf 90' lang='lat' dir='ltr'><strong>nou</strong></span> <span class='ocrx_word' id='word_1_709' title='bbox 593 5253 690 5310; x_wconf 86' lang='lat' dir='ltr'><strong>per</strong></span> <span class='ocrx_word' id='word_1_710' title='bbox 731 5238 946 5294; x_wconf 88' lang='lat' dir='ltr'><strong>fratres.</strong></span> <span class='ocrx_word' id='word_1_711' title='bbox 1003 5239 1227 5293; x_wconf 86' lang='lat' dir='ltr'><strong>Obsecro</strong></span> <span class='ocrx_word' id='word_1_712' title='bbox 1274 5253 1358 5290; x_wconf 83' lang='lat' dir='ltr'><strong>vos</strong></span> <span class='ocrx_word' id='word_1_713' title='bbox 1404 5250 1495 5304; x_wconf 84' lang='lat' dir='ltr'><strong>per</strong></span> <span class='ocrx_word' id='word_1_714' title='bbox 1535 5233 2004 5287; x_wconf 85' lang='lat' dir='ltr'><strong>mansuetudinem.</strong></span> 
     </span>
    </p>
   </div>
   <div class='ocr_carea' id='block_1_101' title="bbox 445 5323 2012 5398">
    <p class='ocr_par' dir='ltr' id='par_1_101' title="bbox 445 5323 2012 5398">
     <span class='ocr_line' id='line_1_101' title="bbox 445 5323 2012 5398; baseline -0.007 -10"><span class='ocrx_word' id='word_1_715' title='bbox 445 5334 520 5388; x_wconf 84' lang='lat' dir='ltr'><strong>Ea</strong></span> <span class='ocrx_word' id='word_1_716' title='bbox 574 5346 671 5388; x_wconf 87' lang='lat' dir='ltr'><strong>vos</strong></span> <span class='ocrx_word' id='word_1_717' title='bbox 714 5327 1129 5387; x_wconf 88' lang='lat' dir='ltr'><strong>mansuetudine</strong></span> <span class='ocrx_word' id='word_1_718' title='bbox 1174 5342 1327 5398; x_wconf 85' lang='lat' dir='ltr'><strong>rogo,</strong></span> <span class='ocrx_word' id='word_1_719' title='bbox 1355 5340 1461 5396; x_wconf 87' lang='lat' dir='ltr'><strong>qua</strong></span> <span class='ocrx_word' id='word_1_720' title='bbox 1490 5323 1735 5378; x_wconf 84' lang='lat' dir='ltr'><strong>Christus</strong></span> <span class='ocrx_word' id='word_1_721' title='bbox 1785 5336 1907 5377; x_wconf 88' lang='lat' dir='ltr'><strong>cum</strong></span> <span class='ocrx_word' id='word_1_722' title='bbox 1953 5337 2012 5377; x_wconf 89' lang='lat' dir='ltr'><strong>se</strong></span> 
     </span>
    </p>
   </div>
   <div class='ocr_carea' id='block_1_102' title="bbox 421 5413 2014 5494">
    <p class='ocr_par' dir='ltr' id='par_1_102' title="bbox 421 5413 2014 5494">
     <span class='ocr_line' id='line_1_102' title="bbox 421 5413 2014 5494; baseline -0.01 -13"><span class='ocrx_word' id='word_1_723' title='bbox 421 5433 626 5494; x_wconf 75' lang='lat' dir='ltr'><strong>-posset</strong></span> <span class='ocrx_word' id='word_1_724' title='bbox 655 5425 721 5478; x_wconf 90' lang='lat' dir='ltr'><strong>de</strong></span> <span class='ocrx_word' id='word_1_725' title='bbox 746 5419 1024 5491; x_wconf 77' lang='lat' dir='ltr'><strong>iniuriosis</strong></span> <span class='ocrx_word' id='word_1_726' title='bbox 1047 5419 1254 5484; x_wconf 89' lang='lat' dir='ltr'><strong>ulcisci,</strong></span> <span class='ocrx_word' id='word_1_727' title='bbox 1283 5418 1471 5480; x_wconf 90' lang='lat' dir='ltr'><strong>noluit,</strong></span> <span class='ocrx_word' id='word_1_728' title='bbox 1494 5423 1557 5470; x_wconf 89' lang='lat' dir='ltr'><strong>ut</strong></span> <span class='ocrx_word' id='word_1_729' title='bbox 1583 5414 1667 5468; x_wconf 88' lang='lat' dir='ltr'><strong>vel</strong></span> <span class='ocrx_word' id='word_1_730' title='bbox 1694 5428 1818 5469; x_wconf 90' lang='lat' dir='ltr'><strong>sero</strong></span> <span class='ocrx_word' id='word_1_731' title='bbox 1845 5413 2014 5468; x_wconf 89' lang='lat' dir='ltr'><strong>corri-</strong></span> 
     </span>
    </p>
   </div>
   <div class='ocr_carea' id='block_1_103' title="bbox 446 5503 2010 5585">
    <p class='ocr_par' dir='ltr' id='par_1_103' title="bbox 446 5503 2010 5585">
     <span class='ocr_line' id='line_1_103' title="bbox 446 5503 2010 5585; baseline -0.008 -18"><span class='ocrx_word' id='word_1_732' title='bbox 446 5521 720 5585; x_wconf 80' lang='lat' dir='ltr'><strong>gerentur.</strong></span> <span class='ocrx_word' id='word_1_733' title='bbox 749 5510 1100 5569; x_wconf 86' lang='lat' dir='ltr'><strong>Mansuetudo</strong></span> <span class='ocrx_word' id='word_1_734' title='bbox 1130 5519 1308 5565; x_wconf 88' lang='lat' dir='ltr'><strong>autem</strong></span> <span class='ocrx_word' id='word_1_735' title='bbox 1340 5509 1393 5562; x_wconf 90' lang='lat' dir='ltr'><strong>in</strong></span> <span class='ocrx_word' id='word_1_736' title='bbox 1434 5507 1614 5571; x_wconf 88' lang='lat' dir='ltr'><strong>corde,</strong></span> <span class='ocrx_word' id='word_1_737' title='bbox 1645 5503 1908 5560; x_wconf 87' lang='lat' dir='ltr'><strong>modestia</strong></span> <span class='ocrx_word' id='word_1_738' title='bbox 1959 5503 2010 5555; x_wconf 94' lang='lat' dir='ltr'><strong>in</strong></span> 
     </span>
    </p>
   </div>
   <div class='ocr_carea' id='block_1_104' title="bbox 446 5603 753 5659">
    <p class='ocr_par' dir='ltr' id='par_1_104' title="bbox 446 5603 753 5659">
     <span class='ocr_line' id='line_1_104' title="bbox 446 5603 753 5659; baseline 0.003 -4"><span class='ocrx_word' id='word_1_739' title='bbox 446 5603 626 5658; x_wconf 72' lang='lat' dir='ltr'><strong>verbis</strong></span> <span class='ocrx_word' id='word_1_740' title='bbox 652 5611 753 5659; x_wconf 74' lang='lat' dir='ltr'><strong>est.</strong></span> 
     </span>
    </p>
   </div>
   <div class='ocr_carea' id='block_1_105' title="bbox 2105 4499 3707 4571">
    <p class='ocr_par' dir='ltr' id='par_1_105' title="bbox 2105 4499 3707 4571">
     <span class='ocr_line' id='line_1_105' title="bbox 2105 4499 3707 4571; baseline 0.001 -16"><span class='ocrx_word' id='word_1_741' title='bbox 2105 4500 2401 4556; x_wconf 88' lang='lat' dir='ltr'><strong>Corinthiis</strong></span> <span class='ocrx_word' id='word_1_742' title='bbox 2428 4499 2855 4571; x_wconf 66' lang='lat' dir='ltr'><strong>pratdicavimus.</strong></span> <span class='ocrx_word' id='word_1_743' title='bbox 2884 4499 2991 4553; x_wconf 85' lang='lat' dir='ltr'><strong>Nec</strong></span> <span class='ocrx_word' id='word_1_744' title='bbox 3020 4499 3164 4553; x_wconf 89' lang='lat' dir='ltr'><strong>enim</strong></span> <span class='ocrx_word' id='word_1_745' title='bbox 3195 4501 3296 4554; x_wconf 89' lang='lat' dir='ltr'><strong>hoc</strong></span> <span class='ocrx_word' id='word_1_746' title='bbox 3321 4501 3491 4570; x_wconf 88' lang='lat' dir='ltr'><strong>ipsum</strong></span> <span class='ocrx_word' id='word_1_747' title='bbox 3519 4517 3707 4556; x_wconf 84' lang='lat' dir='ltr'><strong>usur-</strong></span> 
     </span>
    </p>
   </div>
   <div class='ocr_carea' id='block_1_106' title="bbox 2104 4591 3706 4663">
    <p class='ocr_par' dir='ltr' id='par_1_106' title="bbox 2104 4591 3706 4663">
     <span class='ocr_line' id='line_1_106' title="bbox 2104 4591 3706 4663; baseline 0.001 -15"><span class='ocrx_word' id='word_1_748' title='bbox 2104 4595 2324 4663; x_wconf 87' lang='lat' dir='ltr'><strong>patione</strong></span> <span class='ocrx_word' id='word_1_749' title='bbox 2353 4594 2597 4658; x_wconf 80' lang='lat' dir='ltr'><strong>fecimus,</strong></span> <span class='ocrx_word' id='word_1_750' title='bbox 2636 4593 2728 4647; x_wconf 90' lang='lat' dir='ltr'><strong>sed</strong></span> <span class='ocrx_word' id='word_1_751' title='bbox 2758 4597 3026 4660; x_wconf 66' lang='lat' dir='ltr'><strong>prrecepto</strong></span> <span class='ocrx_word' id='word_1_752' title='bbox 3051 4591 3167 4644; x_wconf 90' lang='lat' dir='ltr'><strong>Dei.</strong></span> <span class='ocrx_word' id='word_1_753' title='bbox 3196 4591 3319 4647; x_wconf 89' lang='lat' dir='ltr'><strong>Non</strong></span> <span class='ocrx_word' id='word_1_754' title='bbox 3355 4593 3489 4644; x_wconf 84' lang='lat' dir='ltr'><strong>enim</strong></span> <span class='ocrx_word' id='word_1_755' title='bbox 3525 4597 3706 4662; x_wconf 80' lang='lat' dir='ltr'><strong>quasi</strong></span> 
     </span>
    </p>
   </div>
   <div class='ocr_carea' id='block_1_107' title="bbox 2107 4682 3707 4756">
    <p class='ocr_par' dir='ltr' id='par_1_107' title="bbox 2107 4682 3707 4756">
     <span class='ocr_line' id='line_1_107' title="bbox 2107 4682 3707 4756; baseline 0.002 -18"><span class='ocrx_word' id='word_1_756' title='bbox 2107 4702 2213 4740; x_wconf 83' lang='lat' dir='ltr'><strong>non</strong></span> <span class='ocrx_word' id='word_1_757' title='bbox 2249 4687 2592 4756; x_wconf 80' lang='lat' dir='ltr'><strong>pertingentes</strong></span> <span class='ocrx_word' id='word_1_758' title='bbox 2627 4699 2786 4753; x_wconf 89' lang='lat' dir='ltr'><strong>usque</strong></span> <span class='ocrx_word' id='word_1_759' title='bbox 2817 4683 2886 4736; x_wconf 88' lang='lat' dir='ltr'><strong>ad</strong></span> <span class='ocrx_word' id='word_1_760' title='bbox 2915 4699 3021 4736; x_wconf 87' lang='lat' dir='ltr'><strong>vos.</strong></span> <span class='ocrx_word' id='word_1_761' title='bbox 3052 4682 3110 4736; x_wconf 89' lang='lat' dir='ltr'><strong>Id</strong></span> <span class='ocrx_word' id='word_1_762' title='bbox 3157 4690 3259 4747; x_wconf 89' lang='lat' dir='ltr'><strong>est,</strong></span> <span class='ocrx_word' id='word_1_763' title='bbox 3303 4698 3399 4752; x_wconf 91' lang='lat' dir='ltr'><strong>per</strong></span> <span class='ocrx_word' id='word_1_764' title='bbox 3426 4683 3520 4736; x_wconf 89' lang='lat' dir='ltr'><strong>Dei</strong></span> <span class='ocrx_word' id='word_1_765' title='bbox 3548 4699 3707 4741; x_wconf 88' lang='lat' dir='ltr'><strong>con-</strong></span> 
     </span>
    </p>
   </div>
   <div class='ocr_carea' id='block_1_108' title="bbox 2107 4774 3702 4846">
    <p class='ocr_par' dir='ltr' id='par_1_108' title="bbox 2107 4774 3702 4846">
     <span class='ocr_line' id='line_1_108' title="bbox 2107 4774 3702 4846; baseline 0.001 -15"><span class='ocrx_word' id='word_1_766' title='bbox 2107 4777 2288 4832; x_wconf 86' lang='lat' dir='ltr'><strong>silium</strong></span> <span class='ocrx_word' id='word_1_767' title='bbox 2311 4792 2374 4831; x_wconf 92' lang='lat' dir='ltr'><strong>ac</strong></span> <span class='ocrx_word' id='word_1_768' title='bbox 2402 4785 2727 4846; x_wconf 57' lang='lat' dir='ltr'><strong>praeceptum</strong></span> <span class='ocrx_word' id='word_1_769' title='bbox 2758 4774 3260 4843; x_wconf 80' lang='lat' dir='ltr'><strong>superextendimus</strong></span> <span class='ocrx_word' id='word_1_770' title='bbox 3288 4789 3408 4839; x_wconf 92' lang='lat' dir='ltr'><strong>nos,</strong></span> <span class='ocrx_word' id='word_1_771' title='bbox 3439 4775 3542 4829; x_wconf 88' lang='lat' dir='ltr'><strong>hoc</strong></span> <span class='ocrx_word' id='word_1_772' title='bbox 3570 4787 3702 4844; x_wconf 83' lang='lat' dir='ltr'><strong>est,</strong></span> 
     </span>
    </p>
   </div>
   <div class='ocr_carea' id='block_1_109' title="bbox 2112 4865 3701 4936">
    <p class='ocr_par' dir='ltr' id='par_1_109' title="bbox 2112 4865 3701 4936">
     <span class='ocr_line' id='line_1_109' title="bbox 2112 4865 3701 4936; baseline 0.003 -16"><span class='ocrx_word' id='word_1_773' title='bbox 2112 4875 2176 4920; x_wconf 88' lang='lat' dir='ltr'><strong>ut</strong></span> <span class='ocrx_word' id='word_1_774' title='bbox 2219 4867 2336 4921; x_wconf 86' lang='lat' dir='ltr'><strong>sine</strong></span> <span class='ocrx_word' id='word_1_775' title='bbox 2375 4875 2644 4936; x_wconf 64' lang='lat' dir='ltr'><strong>praecepto</strong></span> <span class='ocrx_word' id='word_1_776' title='bbox 2671 4865 2764 4919; x_wconf 89' lang='lat' dir='ltr'><strong>Dei</strong></span> <span class='ocrx_word' id='word_1_777' title='bbox 2794 4865 3025 4933; x_wconf 90' lang='lat' dir='ltr'><strong>quadam</strong></span> <span class='ocrx_word' id='word_1_778' title='bbox 3053 4866 3400 4935; x_wconf 88' lang='lat' dir='ltr'><strong>usurpatione</strong></span> <span class='ocrx_word' id='word_1_779' title='bbox 3430 4867 3701 4935; x_wconf 82' lang='lat' dir='ltr'><strong>DOSIpSOS</strong></span> 
     </span>
    </p>
   </div>
   <div class='ocr_carea' id='block_1_110' title="bbox 2114 4955 3702 5025">
    <p class='ocr_par' dir='ltr' id='par_1_110' title="bbox 2114 4955 3702 5025">
     <span class='ocr_line' id='line_1_110' title="bbox 2114 4955 3702 5025; baseline 0.002 -13"><span class='ocrx_word' id='word_1_780' title='bbox 2114 4966 2322 5014; x_wconf 84' lang='lat' dir='ltr'><strong>vestros</strong></span> <span class='ocrx_word' id='word_1_781' title='bbox 2360 4956 2625 5021; x_wconf 87' lang='lat' dir='ltr'><strong>doctores,</strong></span> <span class='ocrx_word' id='word_1_782' title='bbox 2659 4955 2986 5024; x_wconf 87' lang='lat' dir='ltr'><strong>superiores,</strong></span> <span class='ocrx_word' id='word_1_783' title='bbox 3027 4970 3089 5010; x_wconf 86' lang='lat' dir='ltr'><strong>ac</strong></span> <span class='ocrx_word' id='word_1_784' title='bbox 3130 4955 3470 5010; x_wconf 83' lang='lat' dir='ltr'><strong>sublimiorcs</strong></span> <span class='ocrx_word' id='word_1_785' title='bbox 3515 4972 3702 5025; x_wconf 81' lang='lat' dir='ltr'><strong>quam</strong></span> 
     </span>
    </p>
   </div>
   <div class='ocr_carea' id='block_1_111' title="bbox 2113 5045 3701 5115">
    <p class='ocr_par' dir='ltr' id='par_1_111' title="bbox 2113 5045 3701 5115">
     <span class='ocr_line' id='line_1_111' title="bbox 2113 5045 3701 5115; baseline -0.001 -12"><span class='ocrx_word' id='word_1_786' title='bbox 2113 5064 2212 5103; x_wconf 80' lang='lat' dir='ltr'><strong>vos</strong></span> <span class='ocrx_word' id='word_1_787' title='bbox 2259 5047 2726 5103; x_wconf 87' lang='lat' dir='ltr'><strong>constitueremus.</strong></span> <span class='ocrx_word' id='word_1_788' title='bbox 2782 5047 2918 5099; x_wconf 82' lang='lat' dir='ltr'><strong>Nam</strong></span> <span class='ocrx_word' id='word_1_789' title='bbox 2968 5061 3026 5100; x_wconf 88' lang='lat' dir='ltr'><strong>se</strong></span> <span class='ocrx_word' id='word_1_790' title='bbox 3072 5045 3357 5114; x_wconf 85' lang='lat' dir='ltr'><strong>Apostolus</strong></span> <span class='ocrx_word' id='word_1_791' title='bbox 3418 5060 3701 5115; x_wconf 57' lang='lat' dir='ltr'><strong>supercu—</strong></span> 
     </span>
    </p>
   </div>
   <div class='ocr_carea' id='block_1_112' title="bbox 2117 5136 3706 5207">
    <p class='ocr_par' dir='ltr' id='par_1_112' title="bbox 2117 5136 3706 5207">
     <span class='ocr_line' id='line_1_112' title="bbox 2117 5136 3706 5207; baseline 0.003 -16"><span class='ocrx_word' id='word_1_792' title='bbox 2117 5139 2383 5202; x_wconf 89' lang='lat' dir='ltr'><strong>tenderet,</strong></span> <span class='ocrx_word' id='word_1_793' title='bbox 2424 5137 2469 5192; x_wconf 91' lang='lat' dir='ltr'><strong>si</strong></span> <span class='ocrx_word' id='word_1_794' title='bbox 2506 5151 2610 5190; x_wconf 90' lang='lat' dir='ltr'><strong>non</strong></span> <span class='ocrx_word' id='word_1_795' title='bbox 2639 5136 2731 5190; x_wconf 92' lang='lat' dir='ltr'><strong>Dei</strong></span> <span class='ocrx_word' id='word_1_796' title='bbox 2773 5140 3043 5207; x_wconf 61' lang='lat' dir='ltr'><strong>princepto</strong></span> <span class='ocrx_word' id='word_1_797' title='bbox 3073 5137 3307 5204; x_wconf 83' lang='lat' dir='ltr'><strong>seipsum</strong></span> <span class='ocrx_word' id='word_1_798' title='bbox 3337 5151 3521 5192; x_wconf 84' lang='lat' dir='ltr'><strong>eorum</strong></span> <span class='ocrx_word' id='word_1_799' title='bbox 3566 5154 3706 5195; x_wconf 62' lang='lat' dir='ltr'><strong>ma-</strong></span> 
     </span>
    </p>
   </div>
   <div class='ocr_carea' id='block_1_113' title="bbox 2114 5225 3701 5297">
    <p class='ocr_par' dir='ltr' id='par_1_113' title="bbox 2114 5225 3701 5297">
     <span class='ocr_line' id='line_1_113' title="bbox 2114 5225 3701 5297; baseline 0.003 -16"><span class='ocrx_word' id='word_1_800' title='bbox 2114 5227 2340 5295; x_wconf 85' lang='lat' dir='ltr'><strong>gistrum</strong></span> <span class='ocrx_word' id='word_1_801' title='bbox 2368 5226 2736 5280; x_wconf 89' lang='lat' dir='ltr'><strong>constitueret.</strong></span> <span class='ocrx_word' id='word_1_802' title='bbox 2763 5225 2933 5297; x_wconf 78' lang='lat' dir='ltr'><strong>Usque</strong></span> <span class='ocrx_word' id='word_1_803' title='bbox 2959 5226 3026 5279; x_wconf 84' lang='lat' dir='ltr'><strong>ad</strong></span> <span class='ocrx_word' id='word_1_804' title='bbox 3053 5243 3142 5279; x_wconf 83' lang='lat' dir='ltr'><strong>vos</strong></span> <span class='ocrx_word' id='word_1_805' title='bbox 3165 5228 3301 5280; x_wconf 85' lang='lat' dir='ltr'><strong>enim</strong></span> <span class='ocrx_word' id='word_1_806' title='bbox 3331 5229 3701 5297; x_wconf 79' lang='lat' dir='ltr'><strong>pervenimus.</strong></span> 
     </span>
    </p>
   </div>
   <div class='ocr_carea' id='block_1_114' title="bbox 2115 5316 3710 5387">
    <p class='ocr_par' dir='ltr' id='par_1_114' title="bbox 2115 5316 3710 5387">
     <span class='ocr_line' id='line_1_114' title="bbox 2115 5316 3710 5387; baseline 0.001 -15"><span class='ocrx_word' id='word_1_807' title='bbox 2115 5317 2212 5372; x_wconf 89' lang='lat' dir='ltr'><strong>Dei</strong></span> <span class='ocrx_word' id='word_1_808' title='bbox 2257 5316 2460 5371; x_wconf 85' lang='lat' dir='ltr'><strong>scilicet</strong></span> <span class='ocrx_word' id='word_1_809' title='bbox 2511 5325 2797 5387; x_wconf 77' lang='lat' dir='ltr'><strong>praecepto.</strong></span> <span class='ocrx_word' id='word_1_810' title='bbox 2831 5319 3018 5371; x_wconf 86' lang='lat' dir='ltr'><strong>Aliter.</strong></span> <span class='ocrx_word' id='word_1_811' title='bbox 3071 5317 3193 5371; x_wconf 85' lang='lat' dir='ltr'><strong>Non</strong></span> <span class='ocrx_word' id='word_1_812' title='bbox 3244 5320 3380 5372; x_wconf 85' lang='lat' dir='ltr'><strong>enim</strong></span> <span class='ocrx_word' id='word_1_813' title='bbox 3433 5334 3710 5387; x_wconf 63' lang='lat' dir='ltr'><strong>superer-</strong></span> 
     </span>
    </p>
   </div>
   <div class='ocr_carea' id='block_1_115' title="bbox 2113 5409 3712 5478">
    <p class='ocr_par' dir='ltr' id='par_1_115' title="bbox 2113 5409 3712 5478">
     <span class='ocr_line' id='line_1_115' title="bbox 2113 5409 3712 5478; baseline 0.006 -16"><span class='ocrx_word' id='word_1_814' title='bbox 2113 5409 2393 5464; x_wconf 86' lang='lat' dir='ltr'><strong>tendimus.</strong></span> <span class='ocrx_word' id='word_1_815' title='bbox 2423 5409 2478 5463; x_wconf 88' lang='lat' dir='ltr'><strong>Id</strong></span> <span class='ocrx_word' id='word_1_816' title='bbox 2506 5418 2608 5475; x_wconf 91' lang='lat' dir='ltr'><strong>est,</strong></span> <span class='ocrx_word' id='word_1_817' title='bbox 2646 5426 2755 5465; x_wconf 89' lang='lat' dir='ltr'><strong>non</strong></span> <span class='ocrx_word' id='word_1_818' title='bbox 2801 5412 2867 5465; x_wconf 90' lang='lat' dir='ltr'><strong>ad</strong></span> <span class='ocrx_word' id='word_1_819' title='bbox 2916 5411 3049 5466; x_wconf 87' lang='lat' dir='ltr'><strong>alios</strong></span> <span class='ocrx_word' id='word_1_820' title='bbox 3094 5413 3463 5468; x_wconf 88' lang='lat' dir='ltr'><strong>transivimus.</strong></span> <span class='ocrx_word' id='word_1_821' title='bbox 3513 5411 3712 5478; x_wconf 76' lang='lat' dir='ltr'><strong>Quasi</strong></span> 
     </span>
    </p>
   </div>
   <div class='ocr_carea' id='block_1_116' title="bbox 2114 5500 3713 5570">
    <p class='ocr_par' dir='ltr' id='par_1_116' title="bbox 2114 5500 3713 5570">
     <span class='ocr_line' id='line_1_116' title="bbox 2114 5500 3713 5570; baseline 0.005 -16"><span class='ocrx_word' id='word_1_822' title='bbox 2114 5518 2219 5554; x_wconf 88' lang='lat' dir='ltr'><strong>non</strong></span> <span class='ocrx_word' id='word_1_823' title='bbox 2259 5501 2601 5570; x_wconf 69' lang='lat' dir='ltr'><strong>pet-tingentes</strong></span> <span class='ocrx_word' id='word_1_824' title='bbox 2635 5517 2794 5570; x_wconf 84' lang='lat' dir='ltr'><strong>usque</strong></span> <span class='ocrx_word' id='word_1_825' title='bbox 2823 5500 2894 5554; x_wconf 87' lang='lat' dir='ltr'><strong>ad</strong></span> <span class='ocrx_word' id='word_1_826' title='bbox 2927 5519 3032 5555; x_wconf 79' lang='lat' dir='ltr'><strong>vos.</strong></span> <span class='ocrx_word' id='word_1_827' title='bbox 3065 5503 3119 5557; x_wconf 91' lang='lat' dir='ltr'><strong>Id</strong></span> <span class='ocrx_word' id='word_1_828' title='bbox 3149 5511 3260 5568; x_wconf 90' lang='lat' dir='ltr'><strong>est,</strong></span> <span class='ocrx_word' id='word_1_829' title='bbox 3297 5512 3356 5557; x_wconf 92' lang='lat' dir='ltr'><strong>ut</strong></span> <span class='ocrx_word' id='word_1_830' title='bbox 3402 5503 3556 5558; x_wconf 87' lang='lat' dir='ltr'><strong>vobis</strong></span> <span class='ocrx_word' id='word_1_831' title='bbox 3602 5504 3713 5562; x_wconf 77' lang='lat' dir='ltr'><strong>(Ii-</strong></span> 
     </span>
    </p>
   </div>
   <div class='ocr_carea' id='block_1_117' title="bbox 2117 5590 3707 5663">
    <p class='ocr_par' dir='ltr' id='par_1_117' title="bbox 2117 5590 3707 5663">
     <span class='ocr_line' id='line_1_117' title="bbox 2117 5590 3707 5663; baseline 0.003 -18"><span class='ocrx_word' id='word_1_832' title='bbox 2117 5591 2296 5645; x_wconf 87' lang='lat' dir='ltr'><strong>missis</strong></span> <span class='ocrx_word' id='word_1_833' title='bbox 2341 5599 2501 5658; x_wconf 87' lang='lat' dir='ltr'><strong>atque</strong></span> <span class='ocrx_word' id='word_1_834' title='bbox 2558 5590 2905 5660; x_wconf 86' lang='lat' dir='ltr'><strong>imperfectis,</strong></span> <span class='ocrx_word' id='word_1_835' title='bbox 2948 5594 3100 5661; x_wconf 88' lang='lat' dir='ltr'><strong>quasi</strong></span> <span class='ocrx_word' id='word_1_836' title='bbox 3150 5610 3253 5648; x_wconf 90' lang='lat' dir='ltr'><strong>non</strong></span> <span class='ocrx_word' id='word_1_837' title='bbox 3297 5609 3393 5663; x_wconf 89' lang='lat' dir='ltr'><strong>per</strong></span> <span class='ocrx_word' id='word_1_838' title='bbox 3436 5593 3707 5655; x_wconf 82' lang='lat' dir='ltr'><strong>divinum</strong></span> 
     </span>
    </p>
   </div>
  </div>
