3982 6198
251 398 353 458 177

1323 389 1653 448 COLLECT.
1696 395 1764 448 IN
1804 395 2022 456 EPIST.
2063 396 2106 450 ll
2143 395 2234 464 AD
2273 395 2430 450 COR.

3400 393 3501 450 178

251 510 578 580 praceptum
599 499 670 570 ad
697 511 794 554 vos
815 512 922 553 non
948 497 1380 567 perveniremus,
1404 501 1471 554 ad
1497 500 1630 556 alios
1655 511 1827 557 trans-
1854 509 1902 567 Α
1930 518 2098 577 quare
2125 521 2231 560 non
2264 504 2554 574 acceperit,
2583 512 2642 558 ut
2669 504 2982 568 adversarii,
3016 504 3108 573 qui
3130 504 3384 558 docerent
3405 521 3502 576 gu-

253 611 476 654 iremus.

319 688 444 742 Non
470 686 783 742 immensum
809 679 1111 752 gloriantes.
1133 678 1462 748 immensum
1496 688 1579 735 est
1617 681 1671 735 in
1701 681 1833 736 alie—

250 782 332 835 nis
353 776 632 832 laboribus
655 771 879 842 gloriari
902 769 1132 824 aliorum
1153 768 1456 826 doctorum.
1481 769 1636 842 Spem
1658 782 1832 827 autem

250 871 495 926 habentes
520 865 794 920 crescentis
823 863 969 932 fidei.
995 861 1051 916 ld
1079 871 1183 927 est,
1214 879 1320 917 non
1351 878 1574 918 munera
1599 880 1629 917 a
1659 864 1834 930 vobis,

251 963 340 1017 sed
371 959 681 1014 mercedem
717 972 748 1010 a
778 955 890 1009 Deo
917 963 1112 1010 vestrae
1151 953 1275 1009 ﬁdei
1311 964 1709 1026 exspectamus.
1740 957 1834 1012 Se-

253 1051 480 1105 cundum
534 1046 769 1118 regulam
805 1054 1057 1099 nostram.
1102 1043 1217 1100 Hoc
1260 1053 1344 1100 est
1388 1047 1572 1116 regula
1617 1056 1829 1110 nostra,

254 1149 374 1214 post
424 1140 658 1194 aliorum
708 1135 938 1190 salutem
990 1135 1058 1188 ad
1108 1135 1241 1189 alios
1287 1137 1540 1190 transire.
1592 1135 1699 1190 Aut
1746 1151 1834 1192 se-

259 1232 498 1288 cundum
549 1227 791 1300 regulam
837 1233 1110 1292 nostram,
1148 1225 1201 1279 id
1239 1233 1351 1291 est,
1397 1242 1504 1280 non
1540 1227 1835 1291 secundum

252 1324 506 1377 alienam.

317 1410 390 1466 In
417 1410 746 1464 abundantia
771 1409 948 1463 etiam.
978 1407 1097 1462 Non
1123 1408 1268 1462 enim
1298 1423 1469 1478 usque
1508 1409 1576 1463 ad
1601 1425 1698 1464 vos
1726 1409 1836 1464 suf-

255 1504 365 1558 ﬁcit
405 1501 740 1572 pervenisse,
782 1499 879 1554 sed
905 1514 1026 1562 cum
1056 1506 1238 1560 vestra
1281 1498 1414 1558 ﬁdes
1462 1501 1731 1566 creverit,
1768 1501 1837 1554 ad

253 1601 390 1656 alios
415 1598 792 1652 transibimus.
821 1594 946 1649 Non
973 1595 1029 1648 in
1057 1594 1233 1650 aliena
1264 1595 1464 1665 regula.
1499 1595 1650 1651 Sicut
1679 1611 1838 1666 pseu-

255 1687 556 1757 doapostoli
599 1687 653 1740 in
679 1684 1002 1755 praeparatis
1025 1685 1136 1754 jam
1165 1685 1230 1740 ab
1261 1685 1384 1740 aliis
1410 1685 1709 1756 gloriantur
1737 1685 1836 1739 im-

251 1777 532 1846 pudenter.
563 1774 668 1839 Qui
701 1782 876 1836 autem
903 1771 1180 1842 gloriatur.
1205 1773 1381 1832 Etiam
1411 1774 1504 1842 qui
1537 1774 1696 1828 debet
1721 1773 1836 1843 glo-

1933 595 2063 662 lam,
2099 597 2490 664 avaritiamque
2516 602 2874 660 sectarentur,
2913 601 3215 662 quaerentes
3243 608 3340 663 per
3366 591 3502 647 Pau-

1933 688 2044 742 lum
2070 690 2275 746 aditum
2304 688 2544 742 invenire
2564 686 2823 748 lucrandi,
2860 700 2968 740 non
2995 685 3284 750 haberent;
3319 692 3378 738 ut
3416 684 3504 738 hic

1935 780 1981 834 si
2008 779 2092 833 vel
2135 792 2328 848 panem
2361 778 2652 846 acciperet,
2695 775 2772 829 illi
2815 791 3004 830 aurum
3043 775 3292 830 licentius
3325 774 3500 844 exige-

1935 877 2073 923 rent.
2105 869 2231 923 ldeo
2258 868 2398 924 tollit
2423 868 2771 923 occasionem
2792 865 3100 937 Apostolus,
3127 873 3188 919 ut
3214 865 3268 918 in
3291 865 3393 920 hoc
3414 879 3506 934 ap-

1934 968 2140 1029 pareat,
2168 959 2310 1027 quod
2330 967 2550 1028 propter
2573 958 2858 1012 Dominum
2889 956 3099 1021 docent,
3142 955 3189 1010 si
3218 971 3247 1008 a
3273 954 3506 1024 discipu-

1935 1049 2000 1104 lis
2029 1048 2161 1104 nihil
2186 1056 2462 1117 expetunt.

2007 1139 2250 1208 Operarii
2291 1139 2518 1201 subdoli.
2561 1137 2830 1198 Subdolus
2877 1143 2978 1202 est,
3025 1137 3115 1205 qui
3165 1134 3308 1189 aliud
3356 1133 3507 1203 ﬁngit

1935 1229 2061 1284 dum
2091 1228 2236 1282 aliud
2265 1229 2393 1298 agit.
2429 1228 2666 1292 Quorum
2697 1227 2818 1295 ﬁnis
2849 1225 3135 1282 secundum
3181 1243 3337 1296 opera
3371 1225 3508 1294 ipso-

1936 1335 2072 1372 rum.
2107 1318 2241 1371 Mala
2267 1334 2430 1387 opera
2461 1318 2636 1372 malus
2679 1317 2804 1371 ﬁnis
2832 1324 3130 1386 exspectat.
3162 1315 3362 1370 Iterum
3392 1315 3508 1367 dico

1934 1407 2096 1462 vobis.
2121 1404 2241 1458 Jam
2265 1407 2514 1475 superius
2553 1406 2763 1460 dixerat
2788 1423 2801 1457 :
2828 1403 3090 1459 Sustinete
3121 1421 3200 1458 me
3222 1405 3506 1465 modicum,

1936 1509 1991 1556 et
2012 1517 2120 1556 non
2156 1501 2466 1556 reddiderat
2496 1502 2777 1566 rationem,
2804 1503 2948 1570 quod
2975 1501 3091 1556 zelo
3121 1503 3216 1555 Dei
3239 1516 3332 1556 eos
3363 1500 3507 1554 zela-

1937 1600 2040 1656 ret,
2067 1599 2123 1645 et
2149 1606 2256 1646 non
2279 1592 2460 1661 gloriae
2489 1590 2757 1646 desiderio
2779 1599 2924 1646 esset
2959 1592 3026 1646 de
3055 1607 3115 1645 se
3151 1591 3352 1660 aliquid
3378 1605 3506 1644 nar-

1935 1690 2175 1745 raturus,
2207 1697 2274 1734 ne
2301 1681 2356 1734 in
2385 1680 2500 1749 ejus
2525 1682 2709 1736 odium
2741 1682 2906 1748 versi,
2928 1681 3092 1736 falsos
3127 1680 3396 1751 apostolos
3425 1689 3510 1732 5e-

1937 1780 2251 1841 querentur.

253 1845 396 1927 riari,
430 1865 488 1918 in
518 1864 748 1918 Domino
774 1861 926 1930 cujus
966 1862 1022 1916 in
1047 1877 1112 1917 eo
1153 1864 1380 1918 virtutes
1421 1871 1659 1932 operata:
1686 1873 1833 1928 sunt,
1866 1845 1911 1904 Β
2012 1861 2096 1915 Ne
2143 1861 2258 1932 quis
2284 1861 2540 1915 existimet
2586 1861 2932 1931 insipientem.
2975 1859 3054 1916 Ne
3096 1875 3183 1915 me
3224 1859 3418 1929 aliquis
3443 1874 3510 1913 ex

252 1955 532 2025 glorietur.
564 1951 736 2018 Quem
764 1951 1024 2013 Dominus
1053 1953 1400 2012 commendat.
1447 1952 1505 2008 ld
1534 1960 1645 2017 est,
1674 1953 1838 2009 virtu-

253 2049 393 2102 tibus
423 2047 709 2116 signorum
737 2051 794 2098 et
817 2044 1099 2102 doctrinm.
1196 2076 1198 2078 τ

450 2203 464 2209 _
867 2132 1094 2189 CAPUT
1134 2133 1224 2188 x1.

319 2222 542 2276 L'tinam
572 2222 918 2280 sustineretis.
947 2222 1003 2276 id
1029 2231 1143 2288 est,
1179 2223 1438 2278 sustinete
1482 2238 1569 2278 me
1597 2224 1683 2280 vel
1722 2241 1838 2280 mo-

251 2316 454 2376 dicum,
483 2313 579 2383 qui
616 2311 750 2368 alios
778 2312 1004 2374 multum
1031 2314 1302 2370 sustinere
1327 2313 1705 2369 consuevistis.
1743 2315 1837 2368 Iu-

251 2405 513 2475 sipientiaz
553 2419 702 2464 meae.
737 2403 794 2458 ld
823 2411 939 2467 est,
971 2403 1330 2473 gloriationis,
1364 2418 1485 2472 quae
1515 2404 1670 2472 quasi
1698 2418 1838 2472 quae-

252 2504 370 2557 dam
417 2499 735 2570 insipientia
780 2498 996 2554 videtur
1028 2512 1168 2553 esse.
1211 2497 1560 2567 Insipienteui
1591 2511 1649 2551 se
1675 2497 1831 2563 dicit,

253 2594 374 2662 quia
398 2592 476 2646 illi
507 2604 734 2646 necesse
757 2596 877 2658 erat
901 2589 1082 2657 aliqua
1111 2588 1178 2642 de
1203 2602 1261 2642 se
1287 2587 1492 2651 dicere,
1519 2585 1646 2644 licet
1678 2600 1834 2651 vera,

253 2692 311 2736 ut
336 2682 593 2737 ostendat
619 2696 778 2750 quam
811 2695 938 2736 vere
964 2680 1279 2749 insipientes
1314 2679 1452 2746 sint,
1486 2677 1581 2747 qui
1611 2676 1750 2733 falso
1778 2692 1838 2735 se

254 2773 494 2828 laudant.

321 2865 430 2921 Sed
462 2873 514 2920 et
546 2871 849 2934 supportate
876 2878 976 2916 me.
1007 2861 1304 2916 Stultitiam
1344 2875 1524 2918 meam
1551 2861 1834 2927 sustinete,

254 2957 376 3017 dum
410 2970 515 3024 pro
553 2969 740 3010 amore
769 2962 952 3009 vestro
975 2954 1080 3009 hoc
1105 2953 1245 3008 dico.
1277 2951 1529 3006 Emulor
1560 2953 1699 3006 enim
1724 2968 1832 3007 vos.

253 3045 368 3100 Non
418 3047 645 3100 stimulo
690 3044 880 3099 livoris
926 3042 1246 3107 inﬂammor,
1293 3041 1389 3098 sed
1434 3057 1532 3098 vos
1579 3050 1836 3111 tanquam

254 3148 407 3208 pater
453 3138 642 3192 divina
685 3135 1029 3192 aemulatione
1073 3134 1339 3200 custodio,
1381 3141 1440 3189 ut
1493 3134 1699 3204 possim
1737 3149 1835 3190 vos

255 3227 633 3282 inmaculatos
706 3225 924 3281 Christo
994 3223 1321 3294 conjungere
1346 3264 1362 3290 ,
1415 3232 1565 3279 tanto
1627 3225 1834 3296 majore

253 3319 428 3372 studio
451 3325 826 3383 conservatos,
857 3325 1061 3386 quanto
1094 3315 1306 3371 meliori
1334 3316 1466 3371 estis
1491 3330 1691 3385 sponso
1712 3317 1838 3387 jun-

256 3412 432 3482 gendi.

321 3500 507 3555 Timeo
530 3518 593 3556 ne
619 3503 754 3556 sicut
780 3517 990 3570 serpens
1017 3499 1224 3554 seduxit
1263 3499 1450 3554 Evam.
1497 3499 1652 3556 Sicut
1691 3501 1836 3556 enim

257 3605 476 3659 serpens
522 3590 728 3660 majora
761 3590 1046 3659 promisit,
1085 3597 1146 3647 ut
1194 3590 1411 3660 propria
1457 3592 1835 3658 subtraheret,

258 3683 331 3737 sic
354 3682 564 3751 majora
593 3683 835 3738 haeretici
866 3697 1030 3752 quam
1067 3697 1188 3750 qua:
1216 3683 1461 3738 doctrina
1507 3684 1710 3740 Christi
1741 3687 1839 3740 ha-

258 3770 343 3824 bet
386 3772 745 3840 promittunt,
782 3780 844 3824 ut
890 3786 1079 3827 sanam
1123 3772 1422 3828 doctrinam
1462 3785 1832 3845 corrumpant.

260 3862 493 3932 Simplex
529 3873 711 3918 autem
741 3879 934 3919 sensus
964 3873 1047 3919 est
1073 3880 1235 3920 verus
1261 3879 1476 3933 sensus,
1504 3867 1648 3921 nulla
1690 3868 1841 3923 falsi-

260 3961 368 4007 tate
397 3955 715 4008 intermixta
752 3955 1084 4025 compositus
1111 3963 1276 4026 atque
1313 3965 1620 4028 corruptus.
1659 3960 1838 4015 Alium

261 4041 544 4097 Christum.
605 4042 877 4098 Meliorem
923 4053 1109 4101 nostro
1168 4046 1468 4102 Salvatore.
1514 4049 1619 4102 Aut
1673 4049 1839 4115 alium

259 4134 518 4201 spiritum.
567 4132 683 4189 Hoc
709 4141 820 4198 est,
861 4135 906 4189 si
947 4137 1100 4190 vobis
1143 4137 1346 4207 aliquid
1377 4139 1607 4208 amplius
1651 4142 1838 4212 gratiae

260 4223 611 4287 praestiterint
633 4237 795 4292 quam
822 4238 919 4292 per
938 4239 1038 4280 nos
1062 4226 1365 4295 accepistis,
1393 4235 1541 4282 recte
1563 4242 1656 4282 eos
1687 4229 1839 4284 nobis

263 4316 496 4382 praeponi
531 4313 764 4370 forsitan
809 4317 1150 4385 pateremini.
1191 4317 1448 4373 Existimo
1478 4321 1615 4373 enim
1661 4338 1744 4375 me
1782 4323 1836 4376 in

263 4405 399 4459 nullo
419 4406 732 4473 inferiorem
753 4424 786 4460 a
802 4410 1003 4478 magnis
1035 4409 1303 4480 apostolis.
1329 4409 1541 4477 Quanto
1565 4413 1738 4482 magis
1766 4413 1835 4468 ab

263 4493 340 4548 his
362 4496 454 4562 qui
479 4495 616 4548 nihil
639 4505 784 4550 sunt.
805 4497 928 4553 Sive
955 4515 1025 4555 ne
1046 4501 1246 4568 putetis
1267 4516 1362 4555 vos
1387 4517 1550 4570 quam
1575 4503 1694 4558 illos
1713 4504 1835 4574 qui-

1863 4545 1917 4604 D

1939 1953 2093 2008 vobis
2139 1962 2292 2024 putet
2325 1955 2468 2023 quod
2508 1953 2786 2022 jactantia:
2820 1970 3004 2018 causa,
3034 1962 3091 2008 et
3135 1969 3242 2009 non
3285 1951 3510 2020 alicujus

1937 2042 2209 2114 profectus
2245 2046 2510 2115 meipsum
2541 2044 2760 2116 glorior.
2818 2043 2967 2098 Velut
3011 2045 3335 2114 insipientem
3370 2045 3511 2097 acci-

1935 2136 2061 2205 pite.
2090 2134 2203 2189 Hoc
2229 2143 2331 2201 est,
2365 2135 2545 2189 audite
2570 2150 2654 2190 me
2693 2135 2846 2204 quasi
2877 2134 3241 2204 insipientem,
3275 2150 3382 2188 non
3417 2149 3506 2188 re-

1938 2239 2066 2278 vera
2097 2225 2461 2294 insipientem,
2494 2225 2588 2280 sed
2611 2226 2765 2294 quasi
2795 2226 3160 2294 insipientem.

2010 2313 2163 2380 Quod
2207 2314 2410 2386 loquor.
2463 2315 2518 2369 ld
2553 2324 2657 2381 est,
2685 2315 2897 2372 laudem
2927 2331 3122 2378 meam.
3157 2316 3280 2370 Non
3325 2315 3510 2388 loquor

1936 2405 2222 2461 secundum
2257 2406 2444 2461 Deum.
2482 2407 2707 2464 Videtur
2735 2407 2910 2477 [Deest
2957 2409 3235 2478 insipiens,
3266 2408 3348 2463 vel
3382 2410 3508 2478 quid

1936 2494 2127 2568 simile]
2171 2510 2314 2562 esse,
2346 2505 2405 2551 ut
2439 2498 2601 2554 homo
2648 2497 2884 2566 seipsum
2933 2497 3136 2563 laudet,
3167 2498 3292 2552 licet
3323 2513 3507 2551 verum

1937 2586 2102 2652 dicat,
2142 2585 2247 2641 nisi
2293 2595 2512 2656 propter
2553 2587 2782 2654 aliorum
2812 2587 3122 2654 utilitatem,
3161 2588 3362 2656 Deique
3397 2589 3509 2656 glo-

1936 2677 2074 2734 riam
2095 2679 2198 2734 hoc
2218 2677 2397 2732 faciat.
2424 2677 2720 2742 Secundum
2747 2695 2973 2731 carnem.
2993 2678 3048 2730 ld
3077 2685 3180 2742 est,
3210 2679 3505 2731 secundum

1939 2771 2274 2828 nobilitatem
2321 2770 2613 2830 carnalem.
2656 2769 2896 2832 Libenter
2934 2769 3071 2830 enim
3103 2769 3335 2837 suﬂ'ertis
3378 2769 3508 2821 insi-

1935 2864 2152 2934 pientes.
2188 2863 2312 2918 ldeo
2337 2862 2449 2918 dixi
2477 2880 2488 2916 :
2513 2862 2742 2932 Accipite
2768 2863 2919 2936 quasi
2959 2862 3307 2932 insipientem,
3339 2861 3384 2914 si
3413 2876 3507 2915 vos

1936 2951 2173 3012 suﬂ‘ertis
2201 2953 2536 3022 insipientes,
2567 2952 2622 3006 id
2650 2959 2753 3018 est,
2784 2951 3277 3022 pseudoapostolos.
3309 2949 3366 3004 Si
3391 2953 3506 3022 quis

1936 3064 2024 3105 vos
2052 3048 2109 3102 in
2146 3048 2443 3106 servitutem
2471 3046 2676 3117 redigit.
2717 3045 2774 3102 ld
2808 3053 2912 3110 est,
2938 3045 3138 3100 veteris
3173 3044 3305 3114 legis
3332 3052 3386 3098 et
3415 3042 3509 3098 .lu-

1939 3138 2150 3195 daismi.
2195 3136 2390 3208 Siquis
2420 3136 2650 3191 devorat.
2687 3135 2746 3194 ld
2789 3143 2890 3201 est,
2924 3135 3258 3191 muneribus.
3292 3133 3353 3189 Si
3391 3135 3509 3205 quis

1939 3231 2145 3301 accipit.
2169 3230 2460 3286 Pecuniam
2485 3239 2744 3285 vestram.
2779 3228 2840 3284 Si
2860 3229 2976 3299 quis
3002 3227 3290 3282 extollitur.
3323 3225 3379 3284 id
3405 3235 3508 3290 est.

1935 3322 2158 3378 Judaica
2190 3322 2439 3393 superbia
2472 3321 2555 3377 vel
2593 3321 2853 3386 scientia,
2885 3319 2969 3375 vel
2998 3319 3064 3374 de
3109 3318 3324 3390 generis
3358 3317 3510 3372 nobi-

1935 3414 2107 3469 litate.
2151 3411 2342 3483 Siquis
2367 3413 2422 3466 in
2449 3413 2639 3482 faciem
2682 3429 2770 3467 vos
2798 3411 2971 3468 credit.
3001 3408 3114 3466 Hoc
3161 3416 3266 3473 est,
3307 3408 3355 3463 si
3385 3409 3508 3476 quis

1937 3505 2101 3562 etiam
2125 3512 2419 3574 praesentes
2447 3519 2545 3560 vos
2577 3504 2842 3573 objurgat.

2007 3593 2304 3648 Secundum
2346 3592 2720 3663 ignobilitatem
2767 3592 2904 3645 dico.
2951 3589 3262 3660 lgnobilitas
3309 3589 3509 3657 quippe

1937 3685 2170 3739 maxima
2198 3691 2300 3748 est,
2335 3683 2380 3737 si
2424 3682 2520 3736 ﬁlii
2549 3682 2643 3736 Dei
2673 3683 2740 3736 de
2769 3689 2984 3735 terrena
3031 3678 3310 3733 nobilitate
3340 3692 3400 3730 se
3422 3677 3509 3746 ja—

1937 3785 2104 3832 ctant.
2151 3774 2318 3840 Quasi
2348 3791 2440 3828 nos
2475 3775 2670 3842 inﬁrmi
2707 3775 2960 3842 fuerimus
2999 3773 3054 3825 in
3096 3772 3196 3826 hac
3231 3779 3398 3840 parte.
3449 3771 3507 3826 ld

1937 3879 2042 3934 est,
2069 3870 2224 3938 quasi
2267 3883 2368 3923 nos
2412 3868 2466 3921 in
2497 3868 2597 3921 ista
2645 3877 2800 3936 parte
2839 3866 2907 3920 ab
2940 3865 3046 3921 illis
3087 3865 3266 3920 minus
3305 3863 3510 3932 aliquid

1937 3962 2250 4016 habeamus.
2287 3957 2468 4012 Audeo
2493 3964 2541 4010 et
2571 3972 2684 4026 ego.
2710 3955 2766 4009 Id
2791 3962 2895 4020 est,
2919 3969 3136 4025 possum
3165 3953 3365 4008 audere
3398 3953 3511 4023 glo-

1937 4051 2089 4116 riari,
2115 4051 2161 4105 si
2182 4049 2326 4105 volo.
2351 4046 2562 4102 Hebrcei
2587 4056 2727 4101 sunt.
2755 4044 2810 4101 ld
2827 4042 2943 4111 est,
2965 4044 3202 4113 linguam
3226 4043 3510 4099 Hebraeum

1937 4142 2155 4198 habent.
2183 4138 2440 4194 Israelita:
2469 4147 2608 4192 sunt.
2635 4138 2758 4192 Ideo
2799 4137 2968 4201 addit,
2993 4137 3120 4204 quia
3149 4137 3372 4190 multum
3398 4134 3510 4204 glo-

1939 4231 2219 4286 riabantur
2248 4230 2302 4284 in
2324 4229 2429 4283 hoc
2453 4227 2690 4292 nomine,
2719 4223 2871 4294 cujus
2894 4226 3268 4296 interpretatio
3294 4233 3394 4289 est,
3431 4223 3514 4277 vir

1938 4322 2126 4377 videns
2145 4323 2333 4376 Deum.

2011 4411 2078 4466 Ut
2113 4415 2286 4466 minus
2334 4412 2562 4481 sapiens.
2612 4408 2918 4464 Notandum
2971 4407 3017 4463 si
3055 4407 3176 4475 quis
3204 4406 3271 4460 de
3309 4405 3511 4459 Clu-isti

1942 4504 2132 4559 saltem
2182 4503 2484 4557 ministerio
2509 4501 2790 4571 glorietur,
2831 4515 2940 4554 non
2987 4498 3258 4568 sapienter
3285 4497 3386 4551 hoc
3432 4495 3511 4549 fa-

263 4583 355 4638 bus
385 4585 585 4640 Petrus
615 4594 670 4639 et
709 4589 891 4642 caeteri
932 4591 1160 4658 apostoli
1187 4592 1619 4660 prmdicaverunt
1663 4596 1840 4653 minus
1863 4583 1915 4604 ³¹
1941 4592 2066 4648 εἰει.
2093 4591 2160 4646 1η
2189 4591 2454 4646 laboribus
2482 4589 2743 4660 plurimis.
2770 4589 3010 4656 Quorum
3047 4588 3256 4659 species
3286 4603 3508 4643 enume-

263 4675 458 4746 aliquid
499 4680 800 4748 accepisse.
839 4677 943 4735 Sed
971 4698 1076 4736 non
1117 4685 1353 4738 scientia.
1396 4683 1468 4740 Ut
1507 4686 1840 4756 pseudoapo-

265 4767 404 4830 stoli,
432 4769 526 4837 qui
555 4785 679 4824 cum
710 4771 822 4828 siut
841 4771 1068 4828 scientia
1094 4774 1366 4844 imperiti,
1391 4776 1448 4830 in
1475 4791 1724 4833 sermone
1754 4787 1838 4833 tu-

262 4856 403 4910 mido
428 4857 754 4928 gloriantur.

325 4947 393 5000 In
418 4950 662 5004 omnibus
682 4962 858 5004 autem
886 4953 1150 5023 manifesti
1175 4971 1377 5010 sumus.
1409 4955 1659 5013 Ostendit
1698 4959 1832 5013 intc-

251 5040 508 5108 gritatem
540 5056 718 5105 suam,
747 5057 856 5111 qua
885 5047 1179 5101 secundum
1209 5049 1378 5102 Deum
1403 5051 1586 5104 omnia
1623 5051 1833 5119 fecerit,

250 5145 380 5182 cum
416 5145 521 5185 nec
570 5132 860 5187 avaritiam
889 5150 992 5190 nec
1025 5136 1228 5204 gulam,
1278 5153 1379 5194 nec
1409 5139 1636 5209 gloriam
1664 5143 1731 5195 ab
1757 5143 1836 5196 eis

245 5218 550 5287 aliquando
588 5223 886 5288 quaesierit.
916 5226 981 5280 At
1012 5229 1246 5298 nunquid
1287 5241 1557 5299 peccatum
1595 5232 1733 5300 feci?
1778 5233 1836 5288 Si

243 5308 394 5361 forte
428 5309 534 5363 hoc
564 5311 738 5364 solum
771 5315 1010 5382 peccavi,
1051 5316 1144 5384 qui
1173 5325 1395 5385 propter
1421 5333 1518 5373 vos
1547 5327 1601 5373 et
1648 5320 1834 5376 illicita

240 5407 309 5452 es
353 5413 618 5453 concessa
669 5405 994 5472 contempsi.
1045 5405 1141 5459 Est
1185 5409 1374 5461 veritas
1403 5405 1598 5464 Christi
1643 5413 1697 5465 in
1735 5429 1831 5465 me.

237 5488 409 5542 Sicut
435 5488 690 5546 Christus
713 5494 857 5561 quod
896 5494 1062 5554 semel
1089 5496 1278 5550 statuit
1307 5513 1414 5552 non
1455 5501 1704 5564 mutavit,
1737 5517 1836 5557 nec

1942 4693 2044 4738 rat.
2075 4683 2142 4737 In
2160 4682 2348 4753 plagis.
2390 4681 2543 4737 Sicut
2579 4696 2749 4737 etesus
2786 4689 2869 4737 est
2896 4681 2950 4735 in
2980 4681 3160 4736 Creta.
3189 4677 3364 4748 Supra
3393 4693 3506 4730 mo—

1939 4775 2082 4827 dum.
2111 4771 2468 4828 Fortitudinis
2507 4786 2659 4826 ωερε.
2699 4770 2766 4824 In
2792 4771 3064 4825 mortibus.
3105 4768 3162 4824 Id
3189 4776 3290 4833 est,
3314 4782 3506 4834 exspe—

1937 4865 2170 4918 ctatione
2191 4863 2397 4918 mortis.

2010 4956 2294 5026 Quinquies
2318 4955 2703 5026 quadragenas.
2739 4955 3035 5024 Quinquies
3056 4951 3351 5022 ﬁagellatus
3386 4964 3507 5003 sum

1938 5048 2290 5116 quadraginta
2331 5048 2765 5117 percussionibus
2785 5047 2937 5115 juxta
2985 5045 3176 5113 legem,
3207 5057 3317 5097 non
3362 5043 3506 5096 enim

1937 5136 2107 5205 plaga:
2143 5138 2438 5192 secundum
2494 5137 2666 5207 legem
2715 5133 3185 5205 quadragesimum
3224 5146 3508 5187 numerum

1937 5226 2222 5282 excedunt.
2255 5226 2370 5281 Una
2408 5229 2596 5280 minus.
2628 5227 2684 5280 Id
2710 5234 2812 5290 est,
2838 5239 3002 5279 causa
3033 5223 3330 5279 nobilitatis
3354 5238 3507 5285 mem,

1939 5317 2064 5386 quia
2112 5331 2231 5371 mos
2274 5325 2392 5370 erat
2435 5317 2575 5384 apud
2603 5315 2837 5380 Judazos,
2888 5323 2948 5370 ut
2989 5317 3129 5371 servi
3155 5314 3506 5385 quadraginta

1974 5407 2397 5470 ercussionibus,
2443 5406 2597 5460 liberi
2649 5421 2778 5460 vero
2825 5407 3046 5474 triginta
3083 5416 3136 5460 et
3177 5419 3370 5458 novem
3409 5403 3508 5459 ﬁa-

1939 5497 2268 5569 gellarentur
2294 5495 2497 5565 plagis;
2542 5494 2776 5564 quinque
2804 5496 3012 5550 vicibus
3061 5494 3298 5562 trigenas
3330 5501 3387 5547 et
3412 5507 3510 5548 no-

229 5589 336 5634 est
366 5580 662 5650 aliquando
693 5584 971 5650 mentitus,
1017 5587 1099 5642 sic
1135 5587 1350 5642 faciam.
1405 5588 1536 5644 Hcce
1569 5590 1834 5659 gloriatio.
1939 5604 2123 5654 venas,
2145 5589 2297 5660 quasi
2319 5599 2692 5660 transgressor
2727 5589 2860 5658 legis
2883 5586 3088 5655 accepi,
3116 5586 3241 5657 quia
3267 5586 3352 5642 lex
3375 5601 3508 5656 qua-

227 5671 300 5726 ιδ
335 5680 443 5736 εει,
474 5674 614 5728 nihil
641 5690 672 5730 a
700 5674 855 5730 vobis
891 5676 1206 5747 recipiendi.
1249 5677 1394 5732 Deus
1419 5681 1536 5733 scit.
1564 5679 1716 5746 Quod
1740 5696 1839 5735 vos
1940 5681 2185 5749 draginta
2210 5682 2398 5738 diebus
2425 5683 2479 5736 in
2509 5691 2692 5737 monte
2721 5680 2848 5736 Sina
2881 5680 3004 5735 data
3031 5686 3136 5734 est.

227 5761 436 5832 diligo.
493 5761 560 5818 Ut
604 5774 872 5833 amputem
905 5766 1245 5824 occasionem.
1277 5769 1468 5826 Reddit
1495 5769 1582 5824 hic
1618 5785 1834 5824 causam
2019 5770 2114 5824 Ter
2145 5771 2298 5843 virgis
2323 5790 2485 5829 ca'sus
2515 5790 2646 5827 simi.
2681 5773 2735 5828 Id
2770 5779 2918 5839 cst,a
2951 5772 3214 5843 gentibus.
3246 5767 3413 5822 Semel
3427 5767 3507 5821 lac
