3982 6198
474 440 581 493 ΠΣ)

1850 441 2118 498 SEDULII
2159 441 2352 498 SCOTI
3613 451 3699 508 I80

467 556 679 621 pitlttltts
717 568 855 606 smn.
884 549 938 605 Id
983 559 1080 614 cst,
1125 569 1152 604 a
1181 549 1380 604 Iudaeis
1411 553 1463 604 in
1505 553 1771 622 Lycaonia
1802 553 2038 616 civitate,
2068 555 2118 613 Α
2145 563 2203 606 ιιι
2235 555 2429 608 merito
2474 554 2605 608 mihi
2635 563 2776 609 esset
2818 555 3068 610 stimulus
3107 555 3464 622 necessarius,
3490 560 3581 629 qui
3627 577 3704 620 me

470 649 609 701 sicut
653 645 708 698 in
752 643 974 698 Actibus
1020 643 1383 710 apostolorum
1429 644 1640 715 legitur.
1677 643 1932 698 Periculis
1984 647 2039 698 in

469 737 694 790 civitate.
740 734 794 789 Id
825 744 929 798 est,
968 733 1302 788 Hierusalem
1353 750 1381 787 a
1422 734 1816 789 contribulibus
1857 734 2036 788 illatis.

472 825 726 881 Periculis
773 827 829 880 in
857 825 1011 880 mari.
1051 825 1108 880 Id
1150 834 1253 889 est,
1286 827 1342 880 in
1377 827 1678 880 minoribus
1709 827 2043 895 tempestati-

469 919 590 980 bus,
617 930 860 984 quasque
888 929 1048 984 supra
1075 915 1205 968 dixi.
1242 913 1308 967 In
1349 913 1500 982 falsis
1515 914 1786 983 fratribus.
1816 914 1916 980 Qui
1947 931 2044 970 no-

467 1019 637 1064 stram
668 1008 953 1078 explorare
978 1007 1409 1061 subintroierunt
1441 1007 1764 1060 libertatem.
1807 1005 1873 1058 In
1899 1005 2044 1059 labo-

468 1099 629 1152 ribus.
676 1098 732 1152 Id
783 1106 885 1161 est,
926 1113 1202 1150 manuum.
1236 1097 1303 1150 In
1351 1098 1591 1150 miseriis.
1633 1097 1687 1151 Id
1731 1105 1831 1161 est,
1866 1097 2040 1166 inopia

468 1187 574 1241 cibi
610 1195 668 1241 et
708 1186 1035 1240 vestimenti.
1071 1185 1137 1239 In
1178 1187 1318 1255 fame
1343 1196 1391 1238 et
1431 1187 1536 1239 siti.
1588 1187 1662 1240 Ex
1695 1187 2038 1241 necessitate.

469 1279 536 1332 In
554 1279 781 1348 jejunio.
807 1279 885 1332 Ex
919 1279 1210 1333 voluntate.
1239 1276 1443 1332 Praeter
1470 1278 1562 1331 illa
1583 1295 1700 1348 qua:
1723 1281 2041 1333 extrinsecus

469 1378 606 1421 sunt.
635 1367 693 1423 Id
714 1378 816 1433 est,
848 1382 967 1437 quae
994 1383 1090 1437 per
1116 1369 1565 1422 consuetudinem
1593 1369 1795 1422 leviora
1820 1385 1942 1424 esse
1967 1371 2042 1422 vi-

469 1459 667 1512 dentur
701 1476 713 1510 :
749 1460 800 1511 in
850 1459 1069 1527 proprio
1099 1458 1241 1511 enim
1280 1473 1507 1527 corpore
1554 1459 1810 1512 sustinuit
1855 1460 2044 1527 pne-di-

469 1559 574 1614 cta,
619 1567 726 1605 non
766 1550 844 1604 sic
896 1550 1191 1618 supposita.
1227 1549 1492 1603 Instantia
1537 1566 1671 1604 mea.
1703 1549 1760 1604 Id
1805 1557 1910 1614 est,
1938 1567 2041 1619 qua

469 1642 609 1696 iusto
637 1654 870 1710 semper,
901 1647 959 1693 ut
982 1654 1173 1694 omnes
1211 1639 1433 1694 audiant
1458 1639 1795 1712 evangelium
1829 1649 1882 1695 et
1924 1655 2042 1695 cre-

469 1731 617 1786 danL

538 1819 669 1886 Quis
694 1821 1012 1890 inﬁrmatur.
1043 1820 1174 1876 Cum
1207 1821 1604 1876 inﬁrmantibus
1630 1823 1893 1886 inlirmor,
1915 1839 2038 1878 cum

2145 644 2418 698 hominem
2445 657 2565 698 esse
2595 658 2808 714 semper
2829 646 3180 700 demonstrat.

2214 734 2442 803 Angelus
2485 733 2719 790 Satanw.
2764 734 2889 790 Sive
2914 736 3177 802 diabolus,
3221 741 3312 810 qui
3344 741 3708 802 tribulationes

2143 832 2198 877 et
2219 824 2406 894 plagas
2431 824 2747 890 suscitabat,
2776 825 2889 880 sive
2919 825 3073 881 dolor
3096 829 3309 898 capitis,
3338 832 3430 900 qui
3461 830 3705 901 Satanas,

2143 915 2226 968 vel
2249 916 2552 970 contrarius
2581 917 2798 970 sanitati
2828 917 3030 972 dicitur
3056 933 3176 974 esse
3202 938 3215 973 :
3241 921 3326 976 vel
3353 922 3438 977 Iex
3469 924 3519 977 in
3550 939 3709 980 mem-

2142 1003 2254 1058 bris
2285 1004 2458 1073 posita
2496 1006 2599 1076 legi
2635 1007 2830 1062 mentis
2869 1023 2980 1062 suae
3005 1011 3301 1076 contraria,
3332 1014 3397 1068 de
3439 1029 3545 1084 qua
3591 1016 3708 1072 alibi

2144 1095 2275 1148 dicit
2301 1113 2315 1148 :
2356 1094 2514 1149 Video
2543 1097 2704 1150 aliam
2726 1097 2888 1167 legem
2911 1100 2966 1152 in
2995 1101 3237 1154 membris
3266 1103 3414 1158 meis.

2215 1185 2418 1254 Suﬁicit
2444 1187 2538 1240 tibi
2557 1190 2747 1257 gratia.
2780 1189 2836 1243 Id
2864 1197 2965 1254 est,
2997 1191 3064 1246 ad
3090 1207 3176 1246 me
3202 1194 3632 1265 gloriﬁcandum,
3660 1211 3710 1256 et

2145 1275 2211 1328 ad
2239 1276 2525 1330 utilitatem
2551 1277 2864 1343 multorum,
2896 1281 3100 1350 tibique
3137 1298 3168 1336 a
3195 1285 3414 1340 stimulo
3438 1289 3507 1342 ad
3538 1301 3712 1359 prote-

2144 1368 2395 1435 gendum.
2423 1367 2610 1422 Gratia
2636 1385 2770 1422 mea.
2795 1369 2852 1424 Id
2875 1380 2978 1436 est,
3011 1374 3184 1442 gratia
3205 1378 3536 1444 apostolatus
3556 1397 3710 1450 quam

2145 1455 2336 1509 donavi
2368 1456 2483 1511 tibi.
2522 1456 2663 1509 Nam
2691 1459 2874 1512 virtus.
2904 1459 2961 1514 Id
2982 1470 3086 1526 est,
3124 1464 3340 1528 animae,
3367 1467 3452 1520 vel
3491 1471 3710 1526 sanandi

2144 1542 2295 1598 alios.
2339 1543 2405 1597 In
2451 1544 2773 1612 inﬁmitate.
2802 1547 2859 1600 Id
2894 1556 2995 1612 est,
3029 1551 3226 1604 carnis.
3261 1550 3503 1608 Libenter
3542 1557 3714 1628 itaque

2145 1631 2430 1701 gloriabor.
2468 1632 2524 1687 Id
2555 1642 2657 1698 est,
2709 1644 2993 1706 postquam
3025 1640 3250 1708 cognovi
3289 1643 3542 1710 prodesse
3575 1649 3714 1715 quod

2146 1739 2342 1778 nocere
2370 1725 2650 1792 putabam.
2689 1723 2757 1778 In
2784 1726 3129 1781 contumeliis.
3173 1728 3289 1783 Non
3317 1731 3372 1784 in
3404 1733 3712 1792 honoribus.

2147 1814 2213 1867 In
2239 1816 2562 1869 necessitate.
2593 1815 2710 1870 Non
2737 1817 2792 1870 in
2817 1817 2949 1884 Otio,
2996 1819 3092 1874 sed
3125 1821 3179 1874 in
3209 1825 3528 1882 necessitate
3559 1827 3716 1884 famis

469 1912 820 1982 pereuntibus
847 1912 1026 1982 perire
1050 1927 1137 1966 me
1173 1912 1470 1980 compatior
1492 1929 1506 1978 ;
1531 1912 1610 1966 sic
1641 1928 1770 1965 uror
1798 1913 2038 1982 tristitia,
2073 1893 2118 1950 Β
2145 1915 2199 1959 el
2229 1906 2365 1960 silis.

471 2012 529 2056 nt
558 2002 736 2057 animo
767 2002 956 2056 ardere
993 2016 1079 2056 me
1111 2002 1360 2057 sentiam.

542 2092 672 2158 Quis
708 2091 1121 2146 scandalizatur.
1150 2092 1207 2146 Id
1235 2102 1336 2156 est,
1377 2094 1578 2158 animo,
1615 2093 1740 2158 ﬁde,
1770 2109 1952 2164 Opere.
1982 2096 2042 2151 Si

469 2182 686 2252 gloriari
714 2190 931 2251 oportet.
975 2181 1092 2236 Jam
1142 2181 1186 2236 si
1217 2182 1435 2252 gloriari
1477 2197 1699 2237 necesse
1732 2192 1835 2248 est,
1868 2184 1922 2238 in
1959 2185 2043 2239 his

469 2287 588 2340 qua!
625 2285 732 2326 non
770 2272 837 2326 ad
879 2271 1142 2337 ltctitiam,
1177 2272 1271 2326 sed
1315 2272 1382 2324 ad
1413 2271 1842 2326 meliorationem
1877 2272 2044 2341 pertio

471 2372 598 2418 nent
621 2363 910 2433 gloriabor.
942 2361 1279 2430 Inﬁrmitatis
1305 2377 1451 2415 meae.
1494 2361 1694 2416 Omnes
1735 2364 2041 2433 superiores

471 2453 822 2508 necessitates
856 2467 965 2507 uno
996 2451 1329 2506 infirmitatis
1355 2451 1576 2507 nomine
1596 2451 1946 2517 deﬁniuntur,
1978 2468 2043 2507 eo

471 2547 612 2618 quod
641 2547 890 2603 humana:
918 2547 1271 2603 imbecillitati
1307 2547 1409 2602 ista
1442 2548 1787 2617 praevaleant.

545 2637 655 2692 Scit
692 2635 834 2709 quod
878 2653 981 2692 non
1018 2639 1258 2693 mentior.
1292 2639 1426 2695 Rem
1457 2641 1612 2710 quasi
1663 2639 1932 2695 dillicilem
1971 2641 2045 2696 di-

469 2736 676 2791 cturus,
713 2725 853 2795 quod
869 2724 1038 2781 Judaei
1059 2736 1248 2782 contra
1271 2742 1392 2782 eum
1419 2729 1582 2784 etiam
1606 2729 1880 2799 principes
1901 2728 2044 2784 Gen-

473 2819 606 2872 tium
648 2817 1033 2885 concitassent,
1069 2826 1195 2873 ante
1234 2819 1486 2889 implorat
1511 2820 1879 2875 testimonium
1923 2819 2039 2886 Dei,

471 2922 538 2962 ne
554 2907 830 2977 jactantize
853 2916 1155 2977 putaretur,
1177 2910 1321 2979 quod
1343 2909 1604 2965 adversus
1627 2925 1750 2964 eum
1775 2910 1938 2964 etiam
1963 2925 2045 2964 re-

471 3013 575 3067 gna
615 2999 970 3062 surrexerint,
1011 3005 1067 3053 et
1112 2999 1246 3054 nihil
1274 2999 1549 3069 potuerint
1571 2998 1888 3069 praivalere.
1918 2997 2044 3054 Haec

472 3095 651 3142 autem
679 3088 858 3142 omnia
890 3088 1012 3143 ideo
1035 3089 1355 3155 dinumerat,
1385 3097 1446 3143 ut
1473 3089 1721 3144 ostendat
1744 3089 1871 3158 quid
1903 3089 2045 3143 inter

471 3195 626 3235 veros
655 3177 925 3250 falsosque
954 3179 1223 3248 apostolos
1247 3179 1480 3235 intersit.
1515 3179 1620 3233 Aut
1651 3179 1852 3235 idcirco
1874 3180 2041 3234 Deum

2216 1993 2323 2048 Pro
2355 1994 2578 2050 Christo.
2611 1997 2728 2053 Non
2758 2013 2859 2068 pro
2891 1999 3073 2070 aliquo
3117 2002 3366 2059 crimine.
3403 2003 3536 2059 Cum
3563 2008 3717 2076 inﬁr-

2145 2091 2415 2149 mor,tunc
2442 2095 2622 2155 potens
2666 2103 2802 2139 sum.
2827 2086 3057 2142 Maxima
3081 2093 3322 2159 potentia
3346 2102 3428 2148 est
3456 2094 3720 2154 inﬁrmari

2143 2187 2240 2240 pro
2275 2171 2512 2238 Christo,
2545 2181 2599 2228 et
2626 2191 2834 2246 magna:
2854 2178 3053 2233 divitiae
3083 2181 3344 2252 indigere.
3377 2183 3480 2239 Vos
3503 2203 3584 2241 me
3605 2205 3719 2242 coe-

2143 2263 2309 2332 gistis.
2352 2263 2408 2318 Id
2437 2272 2541 2328 est,
2575 2274 2635 2320 ut
2665 2280 2751 2319 me
2781 2265 3062 2336 gloriarer,
3091 2270 3216 2324 dum
3245 2274 3720 2344 pseudoapostolos

2145 2366 2264 2405 sese
2291 2352 2585 2422 gloriantes
2621 2357 2920 2424 recepistis.
2949 2356 3335 2416 Commendari.
3364 2364 3422 2418 Id
3449 2376 3554 2433 est,
3600 2369 3719 2423 lau-

2144 2441 2282 2494 dari.
2318 2439 2469 2495 Nihil
2511 2443 2681 2498 minus
2715 2445 2813 2514 fui.
2848 2446 3060 2502 Virtute
3089 2458 3143 2503 et
3180 2450 3426 2508 doctrina
3476 2470 3588 2510 non
3637 2474 3721 2511 so-

2145 2530 2255 2585 lum
2306 2547 2366 2586 se
2413 2533 2878 2602 pseudoapostolis
2929 2538 3164 2605 excellit,
3209 2542 3305 2595 sed
3355 2543 3521 2598 etiam
3563 2545 3724 2602 bonis

2143 2623 2465 2692 coaequavit,
2491 2639 2559 2679 ne
2600 2624 2746 2680 aliud
2770 2636 3077 2696 quaererent
3099 2644 3260 2699 quam
3296 2635 3439 2701 quod
3484 2635 3602 2704 ipse
3633 2639 3726 2693 do-

2143 2722 2350 2768 cuerat.

2214 2804 2331 2859 Etsi
2354 2806 2484 2861 nihil
2517 2823 2653 2861 sum.
2690 2807 2795 2863 Pro
2839 2810 3142 2867 humilitate
3180 2813 3284 2869 hoc
3315 2815 3486 2872 dicit:
3521 2819 3633 2886 vel,
3669 2829 3726 2877 et

2144 2895 2188 2950 si
2234 2894 2368 2949 nihil
2415 2912 2556 2962 sum,
2588 2905 2648 2951 ut
2688 2900 3150 2970 pseudoapostolis
3199 2905 3428 2960 videtur.
3467 2907 3536 2962 In
3578 2912 3726 2965 omni

2142 2985 2414 3053 patientia.
2438 2985 2497 3040 In
2522 2987 2626 3042 hoc
2649 3000 2892 3058 apparet,
2919 2993 3060 3060 quod
3097 3007 3194 3062 per
3216 2996 3533 3063 patientiam
3564 3001 3727 3071 signa

2144 3072 2300 3128 ﬁunt

2222 3167 2534 3224 Virtutibus.
2581 3170 2638 3225 Id
2677 3181 2779 3237 est,
2823 3175 3163 3231 sanitatibus.
3211 3177 3334 3233 Non
3361 3182 3572 3250 gravari
3613 3200 3727 3237 vos.

472 3277 664 3324 testem
711 3269 944 3335 invocat,
973 3277 1033 3324 ut
1058 3269 1293 3325 visiones
1329 3285 1463 3340 quas
1507 3278 1796 3340 sequenter
1822 3271 2041 3340 exponit

2158 3260 2203 3315 ld
2224 3269 2327 3327 est,
2361 3278 2466 3315 non
2499 3263 2769 3332 accipiens
2794 3282 2824 3320 a
2853 3267 3006 3322 vobis
3032 3268 3294 3338 stipendia
3331 3272 3533 3327 militiae
3563 3290 3726 3331 meae.

473 3361 784 3437 credantur.

548 3449 868 3523 Prcepositus
892 3455 1076 3521 gentis.
1105 3454 1161 3508 Id
1195 3465 1300 3516 est.
1327 3456 1648 3525 przrpositus
1675 3457 1850 3526 gentis
1874 3457 2041 3519 illius,

472 3543 562 3596 ubi
587 3550 836 3614 regnaret
853 3541 1076 3598 Aretha.
1105 3543 1174 3597 Et
1195 3561 1285 3615 per
1309 3544 1605 3614 fenestram.
1641 3546 1696 3600 Id
1727 3554 1828 3610 est,
1855 3547 2043 3601 domus

472 3634 798 3690 adhaerentis
828 3649 1002 3690 muro.

1072 3727 1297 3783 CAPUT
1335 3727 1447 3783 XII.

550 3819 669 3874 Non
698 3819 899 3890 expedit
925 3822 1071 3875 mihi.
1126 3821 1181 3876 Id
1211 3831 1315 3887 est,
1355 3823 1613 3877 nonmihi
1643 3823 1876 3893 expedit,
1916 3823 2041 3891 quia

471 3909 565 3978 qui
594 3911 918 3964 necessitate
953 3912 1268 3981 compellor,
1309 3914 1401 3968 sed
1428 3915 1578 3968 vobis
1607 3914 1658 3967 in
1695 3929 1780 3967 me
1805 3912 2041 3983 glorian-

473 3999 616 4053 tibus
645 4008 832 4054 contra
861 4001 1164 4054 haereticos.

555 4087 768 4142 Veniam
793 4098 965 4142 autem
1014 4089 1083 4142 ad
1107 4090 1343 4144 visiones.
1373 4091 1496 4145 Ideo
1526 4093 1627 4145 hoc
1656 4093 1805 4154 dicit,
1837 4093 2043 4160 nequis

473 4177 520 4229 ei
547 4176 805 4245 obiiceret
839 4193 850 4228 :
883 4175 1021 4242 Quid
1050 4176 1104 4231 in
1132 4179 1219 4233 his
1257 4178 1526 4250 gloriaris,
1557 4196 1680 4234 cum
1727 4181 1891 4234 multa
1935 4182 2044 4234 sint

476 4263 682 4335 ﬂagella
711 4267 1049 4335 peccatoris?
1074 4267 1155 4322 Ad
1180 4269 1417 4324 visiones.
1446 4269 1574 4336 Qum
1606 4271 1657 4324 in
1687 4271 1890 4324 somnis
1913 4271 2039 4324 vidi.

475 4355 543 4409 Et
574 4353 930 4411 revelationes.
961 4357 1177 4428 Absque
1199 4374 1406 4414 somno.
1427 4359 1655 4413 Domini.
1680 4359 1792 4414 Sibi
1824 4359 2043 4414 infirmi-

477 4455 614 4500 tates
643 4455 878 4516 reputat,
907 4447 1135 4503 Domino
1162 4448 1397 4503 visiones
1432 4449 1672 4504 ascribit.

545 4535 672 4590 Seio
704 4536 983 4592 hominem.
1015 4537 1127 4593 Hoc
1156 4539 1222 4594 de
1249 4555 1306 4595 se
1335 4539 1652 4595 humilitatis
1677 4555 1859 4603 causa,
1889 4541 2040 4608 quasi

473 4629 527 4682 in
567 4628 790 4683 alterius
833 4643 1064 4699 persona
1114 4630 1369 4700 loquitur.
1415 4631 1532 4685 Sive
1555 4633 1607 4685 ."n
1656 4648 1898 4700 corpore,
1930 4641 2035 4686 etc.

471 4717 702 4773 Putabat
727 4719 872 4789 quod
899 4719 954 4774 in
986 4734 1212 4788 corpore
1238 4729 1358 4775 erat
1395 4721 1518 4790 quia
1556 4737 1660 4776 non
1691 4721 1859 4775 sensit
1898 4737 2041 4774 mor-

477 4820 582 4866 tem
609 4827 622 4862 :
654 4809 878 4880 putabat
896 4823 955 4865 se
998 4818 1152 4864 extra
1200 4825 1395 4879 corpus
1439 4810 1624 4875 fuisse,
1667 4826 1766 4880 pro
1809 4810 2040 4865 excelsi-

475 4912 605 4964 tate,
635 4909 795 4973 atque
837 4901 1105 4957 evidentia
1144 4902 1386 4957 visionis.
1430 4902 1661 4956 Tertium
1699 4901 1903 4956 caelum.
1937 4903 2038 4958 Ubi

476 4992 731 5063 angelicae
753 4993 980 5047 virtutes
1005 4992 1368 5055 continentur,
1413 4992 1752 5064 intelligitur.

547 5084 613 5136 Et
642 5085 753 5138 scio
775 5085 1034 5139 hominem
1061 5084 1384 5154 hujusmodi.
1423 5083 1574 5151 Quod
1600 5087 1796 5139 iterum
1827 5087 2040 5154 repetit,

475 5173 706 5225 ostendit
726 5174 885 5228 aliam
909 5173 1170 5230 visionem
1193 5171 1379 5228 fuisse.
1407 5171 1474 5225 In
1498 5171 1824 5242 paradisum.
1856 5172 1910 5226 Id
1938 5180 2041 5236 est,

475 5260 622 5326 Adte,
651 5261 733 5316 vel
755 5263 1047 5319 caelestem.

555 5350 724 5406 Verba
743 5352 1004 5407 inaudita.
1035 5354 1091 5409 Id
1119 5364 1226 5421 est,
1255 5355 1369 5411 sive
1388 5369 1508 5425 quae
1543 5352 1671 5408 nulli
1701 5351 1782 5408 I'as
1801 5361 1882 5409 est
1914 5354 2040 5419 dici,

477 5446 588 5499 sive
611 5459 730 5514 quae
758 5442 1088 5512 impossibile
1114 5457 1196 5498 est
1224 5448 1512 5500 humanam
1552 5454 1798 5499 naturam
1827 5459 2038 5514 capere.

477 5531 652 5586 Pareo
682 5542 874 5586 autem.
906 5530 1042 5599 Quia
1073 5531 1344 5588 sulliciunt
1368 5535 1672 5599 manifesta,
1705 5535 1866 5589 etiam
1893 5535 1940 5588 si
1964 5550 2048 5588 ce-

2146 3349 2351 3405 Donate
2375 3353 2522 3406 mihi.
2552 3353 2760 3410 lronice
2795 3356 3050 3425 loquitur.
3080 3359 3213 3413 Ecce
3253 3364 3410 3416 tertio
3436 3364 3532 3416 hoc
3561 3381 3734 3432 para-

2145 3450 2228 3494 tus
2259 3458 2376 3496 sum
2401 3445 2572 3498 venire
2603 3445 2671 3498 ad
2698 3462 2803 3500 vos.
2832 3447 3016 3502 Primo
3043 3449 3112 3506 ad
3156 3451 3276 3505 illos
3310 3454 3471 3514 venit,
3503 3457 3734 3522 quando

2145 3531 2278 3600 ipsis
2321 3535 2737 3602 prmsentialiter
2781 3538 3125 3606 pratdicavit;
3159 3543 3397 3596 secundo
3426 3544 3598 3598 voluit
3652 3547 3738 3599 ire

2144 3641 2265 3679 cum
2298 3627 2472 3694 prima
2496 3628 2740 3697 epistola,
2771 3629 2856 3684 vel
2882 3646 2980 3699 per
3004 3631 3173 3700 ipsam
3199 3634 3484 3702 epistolam
3510 3653 3525 3700 ;-
3562 3640 3736 3693 tertio

2143 3718 2285 3787 quod
2308 3726 2530 3788 paratus
2556 3727 2675 3772 erat
2697 3720 2775 3774 ire
2797 3735 2920 3774 cum
2947 3722 3050 3775 hac
3073 3723 3320 3790 epistola,
3350 3727 3433 3780 vel
3456 3743 3558 3796 per
3582 3729 3739 3786 hanc

2143 3807 2447 3876 epistolam,
2473 3809 2617 3877 quod
2643 3809 2974 3865 credibilius.

2218 3897 2322 3952 Sed
2348 3914 2457 3952 ros.
2487 3897 2742 3965 Quaarens
2769 3900 3000 3955 salutem
3021 3910 3278 3957 vestram.
3313 3903 3428 3974 Ego
3453 3916 3638 3961 autem
3667 3909 3745 3964 li-

2145 3992 2323 4045 benter
2374 3993 2690 4062 impendant.
2736 3993 2850 4049 Hoc
2899 4003 3014 4059 est,
3063 3995 3322 4065 quidquid
3374 3999 3549 4052 habeo
3594 4000 3740 4056 boni

2143 4081 2395 4149 exempli,
2420 4089 2476 4136 et
2514 4082 2714 4138 laboris
2739 4085 3143 4153 praedicationis
3172 4101 3324 4148 meae,
3357 4086 3642 4155 impendo,
3677 4089 3741 4144 id

2143 4179 2245 4237 est,
2279 4172 2448 4226 solvo.
2487 4172 2553 4225 Et
2590 4172 2865 4243 plusquam
2895 4190 3107 4244 possum
3151 4174 3436 4244 impendar.
3469 4174 3742 4232 Perfecta

2143 4263 2286 4317 enim
2311 4263 2528 4318 dilectio
2553 4279 2659 4317 non
2689 4263 2859 4318 solum
2885 4271 3055 4318 totum
3077 4265 3219 4334 quod
3251 4265 3409 4319 habet
3433 4264 3740 4335 impendit,

2143 4354 2236 4406 sed
2267 4353 2430 4406 etiam
2458 4352 2688 4406 libenter
2712 4353 2825 4422 ipsa
2853 4354 3360 4424 superimpenditur,
3403 4355 3447 4408 si
3491 4371 3745 4413 necesse

2143 4453 2242 4498 cst.
2278 4442 2409 4498 Dolo
2451 4459 2536 4496 vos
2579 4443 2737 4512 cepi?
2781 4444 2878 4498 Est
2907 4445 3279 4514 interrogatio.
3315 4445 3418 4498 Per
3451 4448 3642 4501 omnia
3676 4465 3743 4504 se

2145 4545 2358 4605 purgat,
2393 4535 2628 4604 ipsorum
2669 4550 2880 4606 semper
2927 4537 3310 4591 conscientiam
3344 4544 3534 4591 testem
3567 4539 3747 4595 invo-

2144 4643 2294 4681 cans.

2218 4717 2474 4786 Nunquid
2503 4717 2813 4771 circumi-eui
2839 4719 2965 4771 vos?
2989 4717 3045 4772 Id
3073 4727 3177 4783 est,
3201 4719 3444 4788 nunquid
3465 4718 3677 4788 aliquis
3705 4737 3744 4776 a

2144 4809 2297 4863 vobis
2332 4809 2554 4863 abstulit
2587 4808 2654 4862 ad
2680 4823 2765 4862 me
2802 4808 3219 4877 perferendum?
3265 4810 3464 4863 Eodem
3503 4812 3741 4880 spiritu.

2145 4900 2198 4954 Id
2225 4907 2326 4962 est,
2377 4907 2584 4953 sancto.
2631 4897 2843 4952 Eisdem
2886 4900 3129 4968 vestigiis.
3178 4900 3236 4954 Id
3282 4908 3384 4965 est,
3429 4901 3741 4968 exemplis.

2149 4988 2288 5053 Quid
2317 5005 2619 5042 excusemus
2644 5005 2756 5042 nos.
2787 4988 2844 5042 Id
2866 4996 2968 5053 est,
3004 5005 3294 5058 purgemus
3327 5006 3424 5045 nos
3446 4998 3500 5043 et
3542 4990 3752 5046 laude-

2147 5095 2286 5143 mus,
2320 5088 2378 5133 ut
2401 5080 2554 5134 vobis
2577 5078 2906 5147 placeamus,
2936 5093 3043 5132 non
3065 5094 3247 5133 coram
3286 5080 3416 5132 Deo.

2217 5171 2284 5224 In
2325 5172 2599 5240 prementia
2643 5171 2761 5224 Dei.
2789 5170 2985 5234 Patris,
3032 5183 3192 5236 quem
3229 5167 3416 5222 fallere
3463 5170 3750 5237 impossi-

2144 5263 2250 5316 bile
2276 5270 2376 5316 est.
2410 5262 2477 5316 In
2512 5261 2736 5318 Christo.
2765 5263 2822 5316 Id
2851 5262 3051 5335 esttin
3083 5275 3316 5329 persona
3343 5261 3545 5317 Christi
3592 5263 3747 5320 ideo

2145 5355 2482 5408 mendacium
2511 5369 2618 5409 non
2649 5355 2938 5423 loquimur.

2218 5442 2286 5495 Et
2308 5459 2399 5512 ego
2423 5444 2706 5497 inveniara
2741 5444 2883 5496 vobis
2909 5441 3114 5514 qualem
3157 5459 3262 5496 non
3293 5443 3466 5498 uultis.
3500 5441 3602 5496 Vel
3644 5457 3765 5500 se-

2146 5549 2308 5588 verus
2349 5533 2402 5587 iu
2447 5533 2721 5587 vindicta:
2754 5533 2845 5588 hic
2901 5542 3080 5588 autem
3126 5532 3506 5588 blandimentis
3552 5532 3763 5591 mine

477 5621 656 5675 lentur
678 5620 910 5686 occulta,
949 5637 1017 5677 ne
1064 5621 1187 5690 quis
1212 5624 1484 5679 existimet
1525 5640 1612 5680 me
1657 5625 1929 5696 angelum,
1962 5625 2045 5679 vel
2141 5623 2456 5692 junguntur.
2501 5621 2883 5677 Contentiones.
2917 5623 3259 5678 Prteferendo
3281 5623 3564 5692 magistros
3602 5638 3764 5676 ma-

480 5711 645 5767 Deum
672 5722 811 5770 esse,
856 5725 962 5765 non
1005 5711 1298 5765 hominem.
1334 5709 1400 5764 Et
1424 5729 1485 5766 ne
1519 5715 1825 5784 magnitudo
1855 5714 2046 5768 revela-

479 5803 676 5859 ttunutu
713 5797 929 5857 extollat
971 5816 1068 5859 me.
1111 5799 1321 5866 Quanta
1366 5804 1564 5870 [uitatis
1603 5819 1722 5857 esse
1753 5821 1870 5873 qua:
1907 5806 2041 5871 celo,

2148 5714 2351 5784 gistris.
2367 5711 2776 5767 Aimulationes.
2816 5712 3083 5768 Minorum
3115 5722 3302 5769 contra
3323 5711 3568 5780 majores.
3595 5713 3768 5768 Ani.

2150 5805 2431 5859 mesitates.
2455 5803 2726 5858 Elationcs
2752 5803 3073 5859 animorum.
3099 5803 3474 5859 Dissensiones.
3501 5802 3554 5858 In
3590 5815 3764 5861 coro
