3982 6198
244 344 324 406 181
1297 349 1624 409 COLLECT.
1667 352 1735 407 IN
1773 354 1991 410 EPIST.
2032 356 2124 410 AD
2159 355 2406 413 GALAT.

3370 363 3473 418 182

236 465 399 520 dibus.
426 457 603 532 Super
629 461 987 519 immunditia.
1011 463 1068 519 Id
1089 473 1194 532 est,
1219 467 1579 527 fornicatione
1605 482 1790 526 contra
1819 480 1871 537 Α
1895 471 2220 528 vindicando
2250 473 2305 527 in
2335 489 2430 529 vos
2457 488 2554 528 nos
2585 473 2838 542 reprobos
2860 472 3050 540 videri,
3084 482 3262 527 tamen
3291 481 3351 527 ut
3377 490 3473 532 vos

235 567 494 612 naturam.
550 553 618 608 Et
649 554 1022 622 fornicatione.
1086 558 1384 616 Adulterio.
1437 562 1793 632 Impudicitia.

233 648 283 702 lu
315 645 769 718 consanguineos.

809 735 1035 793 CAPUT
1076 739 1209 794 XIII.

292 826 531 882 Pradixi
577 824 737 880 enim.
767 825 824 880 In
855 828 1027 897 prima
1063 830 1309 899 epistola.
1351 831 1419 884 Et
1457 834 1704 902 prtedico.
1733 835 1790 888 In

231 918 316 970 hac
341 915 599 985 epistola,
631 923 923 984 antequam
963 919 1172 973 veniam
1217 919 1283 973 ad
1322 935 1436 974 vos.
1464 920 1567 986 Qui
1609 924 1662 976 in
1712 940 1792 977 me

229 1005 448 1076 loquitur
475 1004 737 1063 Christus.
787 1005 888 1072 Qui
938 1015 1116 1077 potest
1148 1008 1202 1062 in
1236 1024 1331 1064 vos
1355 1011 1649 1076 vindicare,
1690 1015 1792 1068 nisi

229 1096 594 1166 paenitentiam
619 1097 812 1166 agatis.
840 1096 964 1152 Non
989 1099 1307 1167 inﬁrmatur.
1337 1101 1392 1157 Id
1414 1111 1515 1167 est,
1542 1106 1596 1160 in
1623 1108 1794 1162 vindi-

230 1194 298 1236 cta
333 1200 508 1253 super
549 1199 667 1248 vos,
703 1183 787 1238 vel
826 1185 878 1238 in
910 1187 1219 1255 virtutibus,
1248 1206 1385 1260 quas
1429 1203 1682 1262 operatus
1709 1207 1792 1252 est

232 1274 273 1325 in
288 1272 457 1326 vobis.
489 1270 632 1325 Nam
653 1275 751 1327 etsi
773 1275 1077 1343 cruciﬁxus.
1097 1277 1248 1344 Quod
1264 1282 1553 1338 cruciﬁxus
1573 1295 1676 1353 est,
1704 1305 1794 1344 no-

231 1373 334 1416 stra:
368 1363 712 1418 infirmitatis
745 1373 849 1430 est,
877 1373 928 1418 ct
951 1368 1092 1434 quod
1115 1368 1269 1434 vivit,
1299 1387 1410 1426 suae
1441 1374 1658 1431 virtutis
1685 1386 1788 1433 est.

287 1451 394 1505 Sed
433 1453 660 1506 rircmus
688 1470 809 1506 cum
860 1471 919 1508 eo
958 1472 1022 1509 ea:
1056 1458 1244 1512 virtute
1267 1460 1384 1514 Dei.
1429 1462 1590 1519 Dabit
1639 1468 1792 1524 nobis

233 1544 496 1609 virtutem,
534 1554 590 1598 ut
639 1545 912 1614 possimus
942 1547 1216 1605 vindicare
1260 1551 1312 1604 in
1339 1568 1470 1608 vos:
1501 1557 1584 1610 vel
1617 1556 1670 1611 in
1699 1560 1792 1614 illo

227 1633 452 1686 vivemus
487 1633 542 1686 in
575 1632 758 1688 futura
785 1634 1136 1693 beatitudine.
1170 1638 1230 1694 Si
1255 1643 1375 1695 estis
1409 1645 1463 1697 in
1500 1645 1626 1712 ﬁde.
1661 1647 1792 1715 Quze

228 1737 306 1789 per
334 1722 690 1778 dilectionem
733 1735 1009 1794 operatur.
1045 1727 1167 1782 Non
1205 1740 1260 1783 ut
1289 1749 1383 1786 nos
1403 1735 1609 1802 probati
1635 1755 1794 1807 appa-

1901 560 2045 630 quod
2074 561 2273 616 bonum
2314 571 2396 618 est
2436 562 2667 618 faciatis.
2713 562 2837 616 Non
2881 564 3018 617 enim
3063 579 3336 632 possumus
3373 563 3477 616 ali-

1898 653 2023 723 quid
2063 654 2312 708 adversus
2353 654 2639 709 veritatem.
2678 654 2811 710 Cum
2861 669 2958 710 vos
3007 668 3116 708 non
3166 654 3473 711 metueritis

1897 744 2213 808 vindictam,
2245 760 2408 814 super
2429 760 2524 800 vos
2557 745 2687 799 dare
2713 760 2819 800 non
2843 758 3149 813 possumus.

1973 828 2271 886 Gaudemus
2299 834 2436 886 enim
2465 851 2584 887 cum
2613 850 2706 889 nos
2728 834 2925 903 inﬁrmi
2949 833 3226 903 fuerimus.
3260 833 3319 890 Si
3360 850 3467 890 non

1896 923 1967 977 sit
1995 938 2212 980 necesse
2252 934 2310 979 ut
2335 934 2520 981 nostra
2547 927 2718 982 virtus
2745 937 3022 997 appareat,
3045 928 3186 982 sicut
3208 926 3354 985 Petri
3377 945 3466 1000 ap-

1896 1013 2076 1081 paruit
2105 1013 2160 1068 in
2185 1013 2412 1079 Anania,
2443 1024 2498 1070 et
2519 1015 2766 1086 Saphira.

1970 1103 2300 1173 Inﬁrmatur.
2337 1105 2452 1160 Non
2495 1107 2671 1163 dando
2712 1108 3024 1164 vindictam.
3064 1106 3169 1164 Vos
3196 1109 3281 1162 hic
3309 1109 3469 1180 fortes

1894 1195 2036 1246 estis.
2070 1193 2125 1248 Id
2155 1205 2261 1259 est,
2300 1195 2355 1248 in
2383 1195 2508 1262 fide,
2548 1205 2602 1251 et
2627 1197 2682 1252 in
2724 1197 2880 1254 bonis
2907 1197 3180 1269 Operibus.
3229 1195 3468 1254 Vestram

1895 1285 2413 1339 consummationem.
2444 1285 2503 1340 Id
2545 1294 2649 1353 est,
2686 1286 3096 1358 perfectionem.
3135 1286 3204 1342 In
3237 1275 3472 1358 adiﬁca-

1894 1378 2105 1432 tionem.
2141 1379 2210 1435 Ut
2239 1397 2333 1435 vos
2377 1382 2442 1437 de
2473 1391 2668 1439 caetero
2709 1386 3025 1451 emendetis,
3058 1395 3112 1442 et
3155 1385 3244 1440 alii
3281 1385 3469 1441 formi-

1895 1468 2026 1524 dent
2049 1485 2289 1538 peccare.
2322 1472 2389 1526 Et
2415 1490 2519 1528 non
2545 1475 2599 1528 in
2625 1475 3043 1531 destructionem.
3077 1477 3161 1533 Ad
3180 1493 3340 1548 quam
3363 1479 3467 1533 sibi

1894 1558 2328 1629 pseudoapostoli
2367 1570 2689 1631 potestatem
2737 1565 3057 1634 suscipiunt.
3104 1565 3358 1622 Gaudete.
3406 1565 3465 1621 In

1895 1648 2306 1704 tcntationibus.
2355 1647 2587 1719 Perfecti
2637 1663 2814 1708 estote.
2864 1653 2920 1708 In
2975 1654 3134 1710 bonis
3188 1655 3460 1724 operibus.

1893 1737 2034 1792 Deus
2058 1740 2220 1808 pacis.
2252 1740 2353 1807 Qui
2382 1750 2466 1796 est
2507 1758 2630 1812 pax.
2661 1743 2728 1797 Et
2759 1744 3072 1800 dilectionis.
3101 1745 3200 1813 Qui
3227 1754 3310 1802 est
3335 1747 3465 1802 dile-

227 1830 429 1867 rcamus.
476 1813 536 1868 Si
583 1815 732 1869 enim
777 1816 980 1886 aliquid
1023 1819 1148 1873 mali
1175 1818 1434 1887 feceritis,
1480 1839 1579 1879 nos
1615 1827 1784 1882 vindi-
1815 1828 1861 1886 B
1890 1828 1998 1882 ctio
2033 1836 2087 1882 et
2128 1829 2384 1886 Charitas.
2425 1829 2493 1886 In
2523 1836 2699 1888 osculo
2735 1843 2936 1888 sancto.
2969 1834 3027 1890 Id
3071 1843 3170 1901 est,
3204 1850 3311 1891 non
3340 1836 3465 1892 sub-

225 1905 371 1958 cando
400 1905 796 1975 apparebimus
820 1907 1060 1977 probati;
1103 1909 1197 1964 sed
1241 1911 1507 1968 malumus
1549 1913 1632 1968 vel
1675 1931 1784 1970 non

1891 1919 2033 1974 dolo.

226 2051 3460 2082 Μ

1715 2166 1986 2277 ιν.

1103 2374 1208 2453 IN
1270 2373 1848 2455 EPISTOLAM
1904 2379 2036 2456 AD
2095 2375 2574 2458 GALATAS.

721 2609 951 2666 CAPUT
985 2609 1274 2667 PRIMUM.

276 2725 470 2780 Paulus
498 2722 779 2794 apostolus
809 2739 913 2778 non
944 2722 1008 2776 ab
1033 2723 1348 2777 hominibus.
1387 2723 1502 2779 Hoc
1536 2731 1640 2790 est,
1675 2739 1784 2778 non

214 2819 275 2873 ab
293 2819 521 2872 humana
551 2816 998 2886 prmsumptione,
1027 2826 1085 2869 ut
1113 2815 1299 2871 dicunt
1324 2815 1419 2869 illi.
1456 2815 1568 2871 Hoc
1594 2824 1785 2872 contra

214 2923 296 2962 eos
319 2909 404 2976 qui
443 2906 684 2960 Paulum
717 2906 906 2960 dicunt
937 2905 1116 2960 subito
1139 2905 1453 2976 prorupisse
1477 2906 1530 2960 in
1569 2913 1788 2976 aposto-

212 2997 383 3062 latum,
413 2997 505 3051 vel
531 3012 562 3050 a
600 2993 901 3063 majoribus
943 2994 1268 3049 ordinatum.
1294 2995 1436 3065 Ergo
1466 3008 1572 3048 non
1602 2993 1670 3048 ab
1695 2995 1788 3050 ho-

212 3090 450 3155 minibus,
485 3087 573 3142 vel
603 3103 702 3158 per
726 3086 996 3156 apostolos
1025 3086 1178 3141 alios.

271 3178 450 3251 Neque
489 3195 585 3249 per
614 3177 892 3231 hominem.
930 3177 1000 3232 Ut
1027 3177 1205 3231 Aaron
1239 3192 1336 3248 per
1362 3176 1602 3249 Moysen.
1635 3176 1779 3245 Qua~

209 3281 314 3327 tuor
341 3282 474 3328 sunt
502 3271 872 3342 apostolorum
898 3285 1115 3340 genera.
1141 3268 1338 3336 Unum,
1365 3269 1507 3340 quod
1530 3287 1689 3341 neque
1713 3271 1776 3324 ab

203 3365 520 3427 hominibus,
572 3378 736 3432 neque
773 3377 866 3432 per
904 3360 1164 3414 hominem
1211 3369 1308 3428 est,
1344 3361 1434 3414 sed
1467 3378 1561 3432 per
1594 3361 1777 3415 Jesum

203 3454 466 3509 Christum
506 3463 556 3508 et
599 3453 769 3506 Deum
801 3449 1036 3517 Patrem,
1065 3459 1126 3505 ut
1169 3451 1338 3506 Isaias
1367 3462 1420 3508 et
1446 3454 1625 3509 caeteri
1655 3469 1779 3524 pro-

200 3547 394 3616 pheta,
429 3554 489 3598 et
512 3545 627 3613 ipse
664 3541 884 3596 Paulus.
922 3541 1104 3607 Aliud,
1129 3542 1271 3612 quod
1312 3558 1343 3597 a
1389 3543 1518 3609 Deo,
1558 3543 1650 3599 sed
1681 3559 1779 3613 per

202 3639 499 3700 hominem,
532 3645 592 3688 ut
631 3631 789 3688 Iesus
815 3632 957 3689 filius
984 3634 1131 3690 Nave
1161 3650 1194 3689 a
1223 3637 1352 3701 Deo,
1383 3637 1475 3690 sed
1505 3652 1601 3705 per
1635 3635 1778 3707 Moy-

201 3742 305 3782 sen.
353 3727 634 3790 Tertium,
662 3725 805 3795 quod
855 3724 924 3778 ab
953 3726 1282 3793 hominibus,
1331 3735 1387 3781 et
1428 3742 1537 3781 non
1580 3742 1610 3780 a
1641 3727 1772 3792 Deo,

200 3833 310 3872 cum
333 3817 424 3872 vel
452 3817 739 3870 hominum
770 3813 953 3870 favore
979 3815 1173 3884 aliquis
1202 3816 1505 3882 ordinatur,
1530 3823 1591 3869 ut
1631 3831 1774 3869 nunc

200 3912 442 3965 videmus
473 3909 739 3980 plurimos
761 3923 866 3963 non
894 3907 1119 3977 judicio,
1159 3910 1253 3965 sed
1281 3910 1562 3980 redempto
1591 3909 1775 3965 favore

195 4002 329 4071 vulgi
362 4001 417 4054 in
466 4000 832 4054 sacerdotium
861 4000 1160 4071 subrogari.
1191 3999 1477 4068 Quartum,
1503 4003 1646 4072 quod
1676 4017 1775 4057 ne-

195 4106 291 4158 que
316 4107 349 4145 a
391 4090 535 4154 Deo,
566 4105 739 4160 neque
775 4091 842 4144 ab
872 4091 1107 4159 homine,
1153 4109 1326 4164 neque
1350 4109 1446 4164 per
1472 4095 1766 4163 hominem,

192 4184 277 4235 sed
306 4198 340 4235 a
370 4182 688 4251 semetipso,
720 4191 780 4234 ut
803 4196 992 4236 omnes
1020 4183 1505 4255 pseudoprophctaa
1526 4194 1582 4240 et
1613 4202 1774 4257 pseu-

195 4272 522 4343 doapustoli.

255 4363 366 4417 Sed
389 4381 489 4433 per
526 4363 708 4417 Iesum
737 4362 1019 4418 Christum.
1066 4364 1167 4433 Qui
1206 4366 1425 4422 Petrum
1449 4377 1503 4424 et
1543 4378 1770 4427 cazteros

1881 2613 1958 2666 sic
1980 2620 2087 2665 tam
2108 2611 2212 2666 cito
2231 2612 2634 2682 transferimini,
2659 2617 2724 2671 ab
2745 2633 2806 2674 eo
2831 2621 2921 2691 qui
2946 2637 3031 2676 vos
3051 2623 3246 2680 vocavit
3261 2626 3315 2680 in
3333 2642 3457 2698 gra-

1881 2701 2010 2754 tiam
2034 2699 2229 2754 Christi
2246 2701 2303 2754 in
2329 2701 2477 2755 aliud
2499 2706 3041 2775 evangeliumNcscio
3069 2726 3188 2782 qua:
3207 2727 3304 2770 vos
3325 2731 3457 2771 aura

1882 2807 1913 2846 a
1941 2790 2062 2846 fidei
2086 2791 2409 2847 rectitudine
2432 2793 2683 2850 deﬂectit.
2716 2794 2868 2862 Quod
2896 2817 3000 2857 non
3022 2811 3099 2858 est
3123 2801 3290 2859 aliud.
3317 2803 3453 2862 Nam

1881 2881 2217 2953 evangelium
2248 2896 2436 2937 verum
2487 2884 2631 2940 aliud
2658 2900 2778 2943 esse
2807 2904 2912 2945 non
2943 2899 3144 2962 potest,
3171 2895 3276 2951 nisi
3304 2895 3459 2953 Chri-

1880 2975 1949 3029 sti
1980 2992 1993 3028 :
2023 2973 2166 3043 quod
2187 2975 2332 3029 enim
2363 2976 2576 3030 veritati
2598 2980 2950 3048 contrarium,
2978 2985 3314 3058 evangelium
3345 3004 3452 3042 non

1806 3079 1851 3141 ρ
1880 3072 1964 3119 est
1995 3064 2300 3119 dicendum.
2328 3064 2400 3118 Et
2433 3066 2611 3121 volunt
2633 3080 2864 3126 avertere
2888 3073 3209 3146 evangelium
3239 3072 3455 3133 Christi.

1885 3154 2233 3225 Evangelium
2264 3155 2331 3209 ad
2379 3155 2552 3227 legem
2591 3167 2866 3227 revocant,
2895 3163 3019 3218 dum
3062 3164 3298 3222 litteram
3338 3177 3458 3224 tan-

1882 3249 1996 3296 tum
2044 3252 2374 3314 sequuntur;
2427 3249 2728 3316 posteriora
2773 3251 2826 3305 in
2880 3250 3072 3309 faciem
3125 3266 3348 3326 ponunt,
3400 3269 3454 3314 ct

1879 3337 2022 3405 quod
2044 3336 2098 3390 in
2138 3335 2297 3402 facie,
2323 3346 2447 3406 post
2475 3348 2684 3412 tergum
2720 3339 2945 3398 faciunt.
2980 3345 3086 3402 Sed
3105 3357 3154 3402 et
3178 3349 3226 3405 si
3244 3365 3358 3407 nos.
3395 3350 3450 3406 Id

1878 3431 1983 3491 est,
2009 3425 2586 3497 evangelizaverimus.

1952 3541 2268 3597 Anathema.
2309 3543 2629 3601 Detestatio.
2679 3548 2826 3605 Sicut
2864 3553 3229 3622 pra‘diximus.
3256 3553 3312 3610 Id
3345 3566 3446 3621 cst,

1875 3636 2199 3704 praecedenti
2233 3639 2560 3694 testimonio.
2585 3640 2653 3694 Et
2675 3658 2810 3696 nunc
2832 3645 3018 3698 iterum
3040 3645 3175 3700 dico.
3202 3645 3335 3714 Quia
3364 3663 3450 3706 re-

1874 3725 2100 3793 petitum
2145 3725 2336 3782 fortius
2371 3731 2796 3785 commendatur.
2846 3732 3005 3788 Modo
3042 3737 3178 3789 enim
3221 3737 3449 3795 homini-

1875 3815 1969 3868 bus
2002 3815 2221 3880 suadeo,
2266 3834 2334 3870 an
2362 3815 2507 3871 Deo?
2534 3818 2645 3872 Hoc
2671 3830 2774 3884 est,
2812 3823 3051 3889 nunquid
3084 3833 3306 3894 propter
3349 3827 3448 3884 ho-

1874 3904 2048 3958 mines
2069 3919 2166 3959 vos
2192 3905 2414 3971 suadeo,
2450 3907 2592 3976 quod
2621 3915 2842 3977 propter
2864 3910 3208 3967 traditionem
3233 3913 3444 3974 Judteo-

1875 4008 1994 4049 rum
2027 4002 2152 4049 ante
2197 3994 2503 4052 faciebam?
2549 3996 2845 4054 Ostendere
2869 4000 2982 4055 vult
3011 4017 3070 4058 se
3112 4005 3232 4060 odia
3274 4007 3448 4064 homi-

1873 4099 2000 4137 num
2032 4100 2141 4138 non
2173 4083 2470 4151 timentem,
2501 4086 2671 4142 libere
2701 4085 2990 4145 defendere
3019 4093 3318 4151 veritatem.

1945 4174 2004 4229 Si
2045 4174 2216 4228 adhuc
2268 4173 2560 4229 hominibus
2607 4172 2887 4248 placerem.
2929 4177 2987 4234 Id
3023 4191 3128 4247 est,
3176 4184 3222 4239 si
3249 4182 3446 4241 Iudicis

1871 4262 2162 4334 placerem.
2217 4259 2412 4317 Christi
2455 4281 2633 4319 seruus
2688 4283 2791 4320 non
2831 4284 3016 4322 essem.
3062 4270 3197 4338 Quia
3240 4289 3447 4332 assere-

1872 4369 1987 4408 rem
2015 4354 2186 4422 lcgcm
2207 4362 2261 4409 et
2293 4354 2344 4408 in
2370 4354 2473 4410 ilde
2495 4357 2758 4426 evangelii
2780 4357 2997 4413 Christo
3026 4376 3130 4415 non
3161 4366 3440 4421 servirem.

192 4454 460 4520 apostolos
484 4453 670 4524 elegit.
700 4453 765 4507 Et
793 4454 961 4509 Deum
989 4453 1224 4522 Patrem,
1247 4460 1336 4528 qui
1363 4461 1629 4514 suscitavit
1653 4478 1770 4514 eum
1797 4449 1849 4507 D
1877 4443 2015 4510 Quia
2042 4463 2146 4500 non
2181 4457 2255 4501 est
2281 4448 2565 4502 secundant
2594 4450 2872 4505 hominem.
2901 4451 2956 4506 Id
2984 4461 3085 4518 est,
3116 4456 3237 4524 quia
3270 4472 3444 4528 neque

190 4560 218 4593 ι
250 4545 502 4597 mortuis.
537 4544 654 4611 Quo
681 4545 982 4600 ostenditur
1007 4563 1114 4602 una
1139 4551 1382 4618 operatio
1402 4549 1578 4605 Patris
1598 4561 1654 4605 et
1679 4550 1768 4606 Fi-

193 4633 260 4686 lii.
286 4634 396 4699 Qui
422 4636 699 4689 suscitavit
728 4653 845 4690 eum
885 4655 917 4690 a
952 4641 1191 4694 mortuis.
1222 4639 1347 4696 Ideo
1381 4653 1768 4698 commemorat

191 4721 350 4777 DCIII!)
381 4725 630 4789 Patrem,
655 4726 747 4796 qui
777 4727 1057 4782 suscitavit
1082 4743 1206 4784 eum
1245 4746 1275 4784 a
1319 4733 1566 4797 mortuis,
1595 4741 1653 4787 ut
1674 4749 1770 4802 per

191 4815 328 4869 hunc
352 4816 616 4869 virtutem
649 4817 730 4870 sui
757 4819 1090 4886 apostolatus
1138 4822 1500 4887 commendet,
1537 4823 1662 4878 dum
1700 4827 1768 4880 ab

189 4904 300 4972 ipso
321 4905 492 4960 Patre
537 4907 736 4962 missus
776 4916 878 4962 est.
913 4906 1098 4964 Gratia
1120 4910 1281 4964 vobis.
1315 4911 1449 4978 Quia
1476 4915 1644 4983 gratis
1675 4931 1770 4970 no-

183 4995 264 5049 bis
302 4997 588 5050 donantur
613 5005 854 5066 peccata.
878 4996 934 5051 In
957 4998 1062 5053 hoc
1085 4999 1360 5066 subaudis,
1386 5019 1569 5071 precor
1591 5005 1769 5058 multi-

180 5087 422 5152 plicetur.
453 5087 528 5140 Et
553 5104 677 5157 pax.
721 5087 838 5156 Qua
867 5090 1107 5145 remissis
1139 5091 1387 5146 omnibus
1414 5093 1623 5149 delictis
1653 5094 1770 5150 fue-

179 5189 302 5230 rant
327 5178 674 5232 reconciliati
704 5179 835 5234 Deo.
867 5177 971 5244 Qui
1012 5196 1066 5234 se
1104 5180 1264 5234 dedit.
1295 5180 1543 5237 Ostendit
1568 5184 1769 5240 beneﬁ-

176 5271 255 5321 cia
282 5269 529 5334 Christi,
559 5271 756 5340 quibus
783 5272 1092 5326 existebant
1130 5273 1350 5344 ingrati,
1397 5276 1452 5328 in
1489 5275 1604 5347 lege
1647 5293 1765 5346 qua:

169 5360 568 5425 peccatoribus
598 5360 723 5414 data
752 5361 930 5415 fuerat
961 5361 1142 5417 vivere
1175 5364 1474 5434 cupientes.
1515 5367 1594 5420 De
1627 5385 1768 5437 pra!-

171 5451 308 5500 zanti
337 5448 532 5502 seculi
568 5449 728 5504 malo.
756 5449 815 5504 Id
844 5457 949 5514 est,
983 5450 1048 5504 de
1075 5452 1230 5507 malis
1255 5454 1437 5509 steculi
1465 5459 1717 5526 operibus
1747 5479 1760 5513 :

167 5541 413 5594 leundas
438 5539 588 5593 enim
621 5541 794 5596 bonus
820 5547 928 5595 est.
967 5539 1264 5597 Secundum
1297 5544 1610 5601 voluntatem
1643 5548 1761 5602 Dei.

163 5628 216 5679 ll
253 5639 370 5695 est,
400 5645 516 5684 non
547 5632 842 5686 secundum
878 5630 1192 5686 facultatem
1231 5642 1285 5688 et
1332 5637 1524 5690 merita
1555 5646 1758 5692 nostra.

159 5723 359 5776 Arnen.
411 5720 707 5778 Conclusio
739 5722 1099 5793 praecedentis
1137 5724 1360 5796 prologi.
1416 5725 1585 5781 Miror
1620 5729 1760 5798 quod

1874 4550 1904 4588 a
1954 4551 2040 4590 me
2079 4536 2227 4591 ﬁnxi.
2265 4537 2445 4610 Neque
2482 4541 2697 4594 edoctus
2729 4559 2862 4595 sum.
2910 4543 3090 4613 Neque
3131 4547 3324 4617 aliquis
3357 4567 3444 4607 me

1872 4625 2055 4682 docuit
2078 4638 2137 4682 ut
2162 4629 2517 4700 intelligercm
2542 4632 2850 4700 parabolas,
2873 4643 2929 4689 et
2955 4636 3185 4692 obscura
3214 4653 3445 4712 evange-

1871 4717 1948 4771 lii.
1993 4717 2098 4773 Sed
2135 4737 2228 4790 per
2274 4722 2637 4778 reuelationem
2683 4725 2811 4780 Iesu
2853 4724 3066 4783 Christi.
3114 4729 3170 4784 In
3206 4733 3294 4787 via
3339 4734 3443 4788 Da-

1872 4810 2057 4872 masci,
2087 4811 2166 4864 vel
2196 4810 2430 4880 Spiritus
2459 4815 2631 4868 sancti
2659 4816 3007 4873 revelatione.
3042 4818 3278 4874 Audistis
3302 4823 3438 4876 enim

1871 4904 2307 4956 conversationem
2353 4920 2539 4957 meam.
2564 4903 2859 4962 Ostendere
2899 4909 3014 4963 vult
3050 4911 3174 4983 quia
3211 4910 3442 4966 firmiter

1871 4993 2102 5046 tenuerit
2147 4991 2500 5057 Judaismum,
2554 5004 2611 5049 et
2651 4995 2879 5053 fideliter
2917 5014 3016 5068 pro
3057 5001 3436 5058 traditionibus

1870 5082 2088 5137 Patrum
2137 5086 2526 5156 expugnaverit
2575 5087 2871 5142 Eeclesi‘am
2913 5106 2926 5141 :
2968 5097 3029 5143 ut
3073 5089 3435 5162 intelligamus

1869 5187 1991 5227 eum
2015 5190 2123 5228 non
2150 5176 2390 5244 potuisse
2418 5177 2541 5231 inde
2566 5177 2800 5233 humano
2822 5179 3069 5248 consilio,
3098 5183 3202 5238 nisi
3228 5185 3435 5242 revela-

1870 5265 2013 5318 tione
2042 5265 2220 5318 divina
2243 5265 2502 5335 separari.

1941 5353 2202 5420 Quoniam
2215 5373 2372 5426 supra
2389 5355 2618 5410 modum.
2635 5355 2875 5414 Aliorum
2889 5372 3319 5430 persecutorum.
3333 5363 3436 5421 Pa-

1867 5461 2132 5504 ternarum
2169 5450 2532 5504 traditionum.
2555 5450 2610 5505 Id
2643 5461 2748 5519 est,
2775 5469 2880 5509 non
2902 5455 2998 5511 Dei
3040 5459 3432 5516 mandatorum.

1869 5541 1972 5606 Qui
2017 5557 2096 5594 me
2140 5543 2444 5612 segregavit.
2479 5542 2536 5599 Id
2574 5553 2680 5612 est,
2711 5547 2892 5619 elegit.
2935 5548 3013 5604 Ab
3044 5560 3189 5605 utero
3225 5554 3428 5608 matris.

1869 5633 2020 5688 Unde
2047 5641 2288 5703 apparet,
2319 5635 2461 5704 quod
2486 5639 2734 5706 quamvis
2762 5654 2869 5694 non
2896 5639 2964 5696 ab
2989 5650 3142 5697 utero
3166 5645 3346 5700 statim
3379 5646 3430 5700 in

1868 5725 2218 5794 apes-tolutim]
2243 5735 2460 5782 vocatus
2480 5737 2582 5796 cst,
2600 5737 2777 5786 tamen
2801 5731 2852 5787 in
2871 5737 3205 5802 prtescicntia
3232 5738 3426 5793 electu;
