3982 6198
1809 290 2078 349 SEDULEI
2120 290 2313 348 SCOTI

2264 192 2283 227 \

3564 298 3660 355 184

427 413 527 456 est.
562 402 628 455 Et
668 401 756 456 hic
789 402 1066 471 qumritur,
1115 417 1214 465 cur
1245 396 1444 457 Paulus
1466 404 1533 458 ab
1562 410 1713 457 utero
1749 417 2001 473 segrega-
2030 407 2074 464 Α
2103 402 2444 474 evangelium.
2475 402 2588 459 Non
2619 406 2778 461 didici
2798 415 3026 469 tantum,
3056 405 3149 460 sed
3177 404 3401 460 contuli.
3425 404 3665 464 Seorsum

431 500 514 545 tus
560 490 855 546 Ecclesium
888 491 1252 560 persequitur,
1279 500 1335 546 et
1369 491 1561 547 Petrus
1589 508 1618 547 a
1643 492 1861 547 Christo
1887 492 1997 548 ele-

428 590 565 645 ctus,
597 578 827 649 abnegat
863 576 1136 634 Christum
1165 600 1177 633 :
1211 579 1417 636 scilicet
1459 590 1519 635 ut
1546 581 1722 637 sciant
1761 583 1995 651 cumpati

428 669 654 725 infirmis
679 710 694 734 ,
735 677 793 724 et
832 676 894 723 ut
938 666 1250 725 ostenderet
1310 671 1613 740 exemplum
1666 672 1997 743 poenitentia:

429 773 553 830 με.
597 756 692 832 [Id
720 766 814 825 est,
843 773 944 829 per
994 759 1250 832 gratiam]
1298 760 1527 818 dicendo
1556 781 1568 816 :
1597 759 1780 829 Saule,
1812 762 1995 830 Saule,

436 850 526 919 qui
553 850 718 904 etiam
747 865 834 905 me
863 849 916 904 in
944 852 1285 921 praescicntia
1316 852 1385 907 ab
1416 864 1573 910 utero
1598 865 1997 926 segregaverat,

427 944 680 1011 quoniam
704 948 764 997 ut
791 934 964 998 voluit
985 936 1114 999 fecit
1142 947 1286 1015 quod
1316 947 1522 1002 sciebat
1545 963 1666 1004 esse
1700 944 1961 1005 futurum.

495 1035 562 1088 In
584 1050 682 1089 me.
718 1034 775 1089 Id
804 1041 908 1101 est,
937 1050 1036 1105 per
1062 1050 1168 1090 me.
1206 1035 1331 1090 Non
1362 1038 1595 1109 acquievi
1622 1041 1771 1094 carni
1797 1049 1847 1095 et
1872 1058 1998 1096 san-

426 1129 590 1199 guini.
644 1125 769 1183 Sive
809 1135 870 1183 ut
906 1142 1006 1197 ego
1042 1140 1109 1184 eo
1138 1129 1334 1186 melius
1377 1131 1584 1186 habens
1630 1146 1737 1186 non
1776 1133 1999 1201 contuli,

429 1218 507 1273 rel
537 1218 670 1273 nihil
697 1220 765 1274 ab
790 1217 1045 1287 apoStolls
1071 1220 1254 1286 didici,
1290 1226 1351 1275 ut
1374 1221 1464 1276 alii
1484 1228 1695 1291 putant.
1727 1222 1842 1278 Non
1874 1240 2000 1279 con-

428 1309 547 1363 tulit
592 1308 749 1378 plane
784 1308 985 1365 Paulus
1036 1319 1159 1381 post
1199 1310 1582 1367 mvelationem
1630 1312 1831 1369 Christi
1879 1330 2001 1370 cum

427 1414 592 1455 carne
620 1407 675 1454 et
701 1401 984 1470 sanguine,
1020 1401 1143 1470 quia
1185 1399 1356 1457 noluit
1382 1404 1707 1472 margaritas
1739 1402 2005 1473 projicere

427 1501 553 1546 ante
579 1506 789 1561 porcos,
819 1489 915 1547 sed
945 1492 1203 1562 paulatim
1232 1494 1296 1548 de
1318 1507 1481 1549 carne
1508 1501 1563 1549 et
1590 1496 1851 1567 sanguine
1878 1514 2003 1552 ver—

426 1581 492 1634 tit
519 1583 573 1635 in
611 1582 879 1651 spiritum.
917 1578 1025 1637 Aut
1063 1598 1167 1637 non
1206 1584 1437 1654 acquievi
1474 1587 1623 1639 carni
1651 1595 1701 1640 et
1735 1589 2003 1659 sanguini,

429 1672 482 1727 id
512 1681 615 1740 est,
638 1670 862 1727 Iudaico
889 1674 1092 1743 generi.
1113 1672 1297 1745 Neque
1331 1676 1445 1729 veni
1470 1676 1527 1730 in
1570 1675 1904 1731 Hierusalem
1936 1678 2005 1732 ad

2098 502 2289 546 autem.
2308 491 2362 547 Id
2376 500 2481 558 est,
2504 500 2713 547 secreto
2740 506 2838 560 per
2861 491 3073 547 Judreos
3102 492 3275 547 adhuc
3308 493 3664 563 judaizantes.

2100 582 2184 637 Ne
2214 583 2348 652 forte
2386 583 2443 637 in
2467 598 2686 638 vacuum
2722 595 3003 639 currerent.
3052 582 3396 641 Judaizantes
3423 599 3669 657 amputa-

2096 675 2229 730 bant
2268 673 2575 730 libertatem
2618 684 2880 740 nostram,
2926 676 3018 745 qui
3061 690 3169 731 non
3205 688 3393 734 sumus
3422 679 3524 735 sub
3557 680 3673 753 lege

2098 764 2549 820 circumcisionis.
2585 763 2785 830 Quibus
2813 766 2883 819 ad
2917 766 3098 819 horam
3128 769 3395 822 cessimus.
3441 768 3541 837 Qui
3572 786 3673 826 nec

2100 851 2281 905 Titum
2329 852 2785 908 circumcidimus.
2840 853 2973 908 Male
3030 854 3083 907 in
3134 853 3346 911 Latinis
3396 858 3675 914 codicibus

2098 940 2317 1011 legitur,
2353 942 2539 1013 quibus
2569 942 2639 996 ad
2666 942 2848 996 horam
2892 944 3155 998 cessimus.
3185 942 3401 1016 [Grmce
3438 947 3629 1019 legitur
3657 969 3670 1004 :

2098 1031 2187 1094 Οἷς
2212 1032 2321 1089 οὐδέ
2359 1036 2490 1108 πρὸς·
2517 1036 2653 1109 ὥραν
2694 1032 2892 1105 εἴξαμεν
2932 1043 2992 1109 τῇ
3034 1037 3287 1112 ὑποταγῇ.
3326 1034 3520 1102 Quales
3570 1039 3673 1093 ali-

2098 1123 2309 1194 quando
2343 1123 2558 1192 fuerint.
2605 1124 2830 1191 Quando
2861 1139 2953 1180 eos
2981 1125 3241 1180 Dominus
3270 1142 3364 1181 sua
3390 1131 3676 1197 praesentia

2101 1215 2301 1269 docuit.
2332 1212 2485 1268 Nihil
2518 1231 2651 1269 mea.
2686 1215 2963 1270 Dontriua.
3002 1215 3244 1271 Interest.
3284 1217 3341 1273 Id
3360 1228 3464 1286 est,
3490 1220 3675 1287 refert,

2102 1302 2185 1357 vel
2209 1304 2392 1358 distat.
2424 1301 2566 1358 Deus
2598 1305 2735 1358 enim
2768 1321 3043 1374 personam
3071 1307 3295 1362 hominis
3336 1326 3439 1363 non
3470 1312 3676 1383 accipit.

2102 1394 2238 1460 Quia
2277 1410 2379 1449 nec
2415 1403 2630 1465 tempus
2663 1397 2975 1467 prmjudicat
3009 1397 3155 1465 fidei,
3191 1416 3292 1455 nec
3325 1416 3558 1471 persona
3603 1404 3680 1458 la-

2102 1484 2240 1538 bori.
2277 1484 2535 1540 Deateras
2572 1486 2844 1540 dederunt.
2890 1487 3043 1555 Quod
3080 1495 3163 1543 est
3200 1489 3411 1561 signum
3447 1494 3600 1563 pacis
3628 1503 3682 1547 et

2104 1571 2351 1627 unitatis.
2387 1570 2792 1629 Consenserunt
2816 1576 2960 1629 enim
2991 1576 3062 1639 ita
3092 1592 3192 1632 nos
3226 1578 3421 1634 docere
3456 1580 3678 1636 debere.

2106 1661 2243 1718 lilii
2268 1674 2315 1719 et
2338 1662 2621 1720 Barnabte.
2653 1665 2828 1721 Ambo
2853 1667 2996 1721 enim
3023 1667 3175 1722 missi
3204 1677 3377 1734 erant,
3407 1678 3467 1724 ut
3494 1668 3686 1726 Genti-

427 1772 777 1817 antecessores
817 1780 958 1819 meos
1005 1763 1289 1836 apostolos.
1330 1765 1388 1821 Id
1432 1775 1537 1833 est,
1595 1768 1661 1823 ad
1696 1768 2003 1823 dicendum.
2034 1763 2082 1823 Β
2108 1762 2215 1817 bus
2236 1762 2611 1831 ριέεᾱίρπειιῐ.
2652 1761 2876 1816 Tantum
2909 1773 2966 1817 ut
3007 1780 3293 1835 pauperum
3327 1782 3578 1821 memores
3605 1784 3687 1822 es-

425 1853 533 1908 Sed
578 1854 684 1908 abii
734 1855 792 1908 in
819 1854 1090 1920 Arabiam,
1130 1864 1179 1909 et
1217 1871 1448 1912 reversus
1494 1874 1612 1912 sum
1665 1856 2001 1916 Damascum.

427 1944 701 2010 Quaeritur
741 1946 1010 2013 quomodo
1050 1946 1251 2002 Paulus
1278 1947 1410 2002 dicit
1450 1962 1511 2005 se
1549 1962 1656 2004 non
1697 1950 1912 2006 venisse
1949 1949 2004 2005 in

427 2034 877 2106 Hierosolymam,
900 2035 1023 2090 dua:
1052 2034 1214 2108 [quae]
1246 2052 1376 2093 vero
1400 2036 1556 2093 facta:
1576 2046 1702 2093 sunt
1723 2038 1773 2093 ei
1799 2039 2007 2095 insidia:

427 2129 483 2183 in
504 2129 767 2183 Damasco
790 2127 927 2199 (Act.
945 2128 1046 2199 ix).
1064 2129 1187 2185 Ideo
1206 2145 1336 2201 ergo
1366 2130 1541 2186 Lucas
1562 2133 1908 2202 praetermisit
1940 2133 2009 2189 de

424 2222 648 2284 Arabia,
674 2221 801 2291 quia
835 2221 970 2275 nihil
993 2221 1214 2291 dignum
1242 2220 1471 2276 forsitan
1496 2223 1548 2277 in
1582 2221 1780 2277 Arabia
1804 2223 2006 2281 Paulus

426 2310 780 2380 perpetravit.
808 2310 911 2365 Sed
930 2310 1035 2364 abii
1057 2310 1110 2364 in
1140 2311 1410 2366 Arabiam.
1442 2311 1549 2368 Sed
1577 2312 1643 2368 de
1665 2312 1928 2370 Damasco
1950 2314 2005 2368 in

426 2399 683 2456 Arabiam
723 2399 795 2455 ivi
829 2401 1096 2471 protinus,
1133 2401 1469 2457 ut-docerem
1504 2403 1650 2473 quod
1684 2403 1817 2459 mihi
1844 2420 1875 2458 a
1904 2404 2010 2461 Do—

426 2488 575 2544 mino
601 2488 782 2544 fuerat
808 2489 1124 2546 revelatum.

497 2579 709 2659 Deinde.
727 2589 841 2648 post
876 2582 1161 2636 triennium
1194 2583 1312 2636 veni
1333 2581 1775 2655 Hierosolymam.
1812 2585 2009 2642 Osten-

426 2670 508 2725 dit
534 2682 593 2725 se
620 2684 730 2725 non
768 2670 1064 2742 indiguisse
1098 2672 1300 2737 doceri,
1348 2672 1442 2744 qui
1475 2671 1590 2741 jam
1620 2674 1791 2731 tribus
1816 2674 2009 2745 pradi-

430 2770 653 2818 eaverat
679 2761 854 2817 annis.
885 2760 1072 2818 Videre
1099 2762 1337 2819 Petrum.
1360 2762 1418 2818 Id
1439 2772 1544 2831 est,
1571 2765 1788 2821 videndi
1810 2767 2004 2837 gratia,

425 2868 536 2908 non
572 2853 833 2909 discendi.
865 2852 934 2907 Et
970 2855 1143 2910 mansi
1172 2855 1313 2925 apud
1335 2872 1455 2913 eum
1481 2855 1660 2911 diebus
1689 2857 2003 2927 quindecim.

431 2947 652 3018 Septem
676 2956 731 3003 et
756 2956 879 3003 octo
902 2948 1173 3020 signiﬁcat
1189 2947 1356 3004 Vetus
1378 2956 1435 3005 et
1459 2948 1667 3004 Novum
1691 2949 2008 3005 Testamen-

430 3051 577 3105 tum,
627 3051 851 3110 propter
896 3041 1205 3107 sabbatum,
1252 3047 1311 3096 et
1354 3048 1604 3097 octavum
1644 3040 1786 3097 diem
1825 3057 2007 3098 resur-

430 3129 691 3185 rectionis
717 3130 1031 3186 Dominicac.

500 3219 680 3274 Alium
737 3230 913 3275 autem
961 3222 1254 3293 apostolum
1306 3239 1411 3278 non
1460 3223 1587 3278 vidi.
1639 3223 1718 3279 Ne
1769 3223 1840 3279 ab
1886 3224 2009 3280 aliis

431 3309 646 3367 discere
668 3311 963 3368 videretur.
990 3312 1112 3368 Nisi
1148 3311 1405 3369 Iacobum
1425 3314 1645 3384 fratrem
1670 3313 1902 3369 Domini.
1931 3314 2009 3371 Ne

431 3408 611 3455 autem
663 3400 753 3456 hic
805 3401 1066 3458 Jacobum
1120 3413 1279 3474 putes
1332 3402 1504 3458 tilium
1556 3403 1839 3470 Zebedtei,
1891 3403 2009 3475 lege

431 3493 599 3548 Actus
627 3493 1016 3563 apostolorum,
1062 3495 1153 3565 qui
1177 3492 1290 3564 jam
1339 3494 1407 3550 ab
1451 3494 1663 3550 Herode
1702 3494 1881 3549 fuerat
1914 3510 2010 3565 pc-

432 3592 704 3654 remptus;
734 3584 813 3639 sic
838 3585 981 3640 enim
1010 3585 1062 3640 in
1083 3585 1307 3641 Actibus
1335 3585 1529 3657 legitur
1555 3604 1567 3639 :
1601 3585 1744 3639 Misit
1773 3584 2007 3642 Herodes

434 3690 525 3730 rex
549 3691 759 3742 manus,
799 3683 856 3730 ut
882 3677 1126 3750 afﬂigeret
1155 3677 1409 3749 quosdam
1436 3676 1500 3732 de
1518 3676 1776 3733 Ecclesia.
1804 3677 2009 3735 Occidit

435 3777 610 3822 autem
649 3767 907 3824 Iacobum
952 3767 1170 3839 fratrem
1214 3767 1441 3824 Joannis
1473 3767 1650 3840 gladio
1691 3767 1843 3841 (Act.
1872 3768 2006 3843 xu).

437 3861 698 3916 Eusebius
722 3861 777 3915 in
799 3860 938 3917 libro
965 3860 1200 3919 secundo
1227 3860 1583 3917 Ilistoriarum
1615 3861 1774 3917 dicit:
1808 3860 2010 3917 Deinde

431 3950 747 4006 occiderunt
768 3950 937 4006 Judaei
964 3950 1244 4017 Iacobum,
1277 3955 1370 4023 qui
1407 3953 1689 4008 dicebatur
1717 3952 1886 4008 frater
1907 3955 2012 4009 Do-

436 4045 589 4110 mini,
633 4060 732 4114 pro
771 4060 837 4100 eo
866 4044 1010 4113 quod
1036 4053 1181 4099 esset
1226 4044 1368 4100 filius
1399 4044 1596 4114 Ioseph
1620 4085 1634 4109 ,
1682 4046 1773 4114 qui
1808 4046 2008 4101 Christi

433 4138 587 4205 quasi
610 4144 768 4206 pater
795 4134 1113 4199 habebatur,
1155 4136 1410 4204 quoniam
1444 4135 1769 4204 desponsata
1807 4137 1858 4192 ci
1895 4136 2009 4191 fue-

434 4233 518 4278 rat
539 4225 689 4294 virgo
712 4222 900 4277 Maria.
920 4222 1089 4289 llunc,
1113 4224 1312 4294 inquit,
1333 4222 1614 4292 Iacobum,
1630 4227 1720 4298 qui
1749 4234 1803 4282 et
1825 4225 2011 4282 Justus

433 4315 842 4386 cognominatus
881 4321 966 4371 est
1010 4315 1078 4370 ab
1116 4314 1386 4385 antiquis,
1424 4316 1687 4372 virtutum
1727 4319 1920 4374 merito
1956 4327 2011 4374 et

435 4406 661 4478 insignis
694 4408 818 4463 vita:
861 4407 1162 4478 privilegio,
1209 4408 1445 4478 primum
1482 4409 1724 4466 historia:
1771 4410 2009 4466 tradide-

433 4466 571 4553 ι·υηῖ
620 4466 921 4569 suscepisse
983 4466 1242 4556 Ecblesid:
1300 4514 1419 4569 quae
1478 4499 1868 4573 Hierosolymis
1926 4510 2011 4558 est
2032 4466 2086 4523 D

432 4591 636 4647 sedem.

508 4681 640 4749 Quae
667 4692 843 4738 autem
867 4683 1036 4738 scribo
1066 4684 1207 4739 vobis
1225 4724 1240 4751 ,
1280 4700 1396 4739 ecce
1422 4700 1601 4737 coram
1621 4682 1732 4737 Deo
1756 4685 1881 4754 quia
1909 4701 2013 4739 non

432 4775 674 4829 mentior.
698 4775 828 4842 Quae
858 4775 1036 4830 scribo
1060 4791 1188 4831 vera
1213 4785 1356 4842 sunt,
1393 4783 1448 4832 ct
1479 4775 1587 4831 Deo
1625 4783 1858 4831 testante
1885 4790 2015 4830 con-

435 4865 611 4920 ﬁrmo.
641 4863 805 4918 Eram
836 4875 1011 4919 autem
1041 4866 1249 4936 ignotus
1280 4866 1434 4935 facie.
1479 4864 1595 4920 Iloc
1620 4865 1739 4919 ideo
1767 4865 1918 4928 dicit,
1948 4879 2013 4918 ne

434 4956 557 5026 quis
584 4964 802 5026 putaret
829 4971 950 5011 cum
994 4955 1063 5011 ab
1100 4955 1208 5011 illis
1252 4957 1592 5027 evangelium
1625 4955 1897 5009 didicisse.
1946 4952 2016 5007 Et

437 5050 491 5100 in
522 5064 601 5102 me
636 5048 974 5120 magniﬁcare
1013 5047 1203 5102 Deum.
1252 5046 1356 5114 Qui
1394 5046 1540 5103 solus
1576 5053 1753 5117 potest
1799 5045 1901 5100 hoc
1943 5044 2020 5098 ef-

435 5136 623 5192 ﬁcere.

1064 5230 1425 5307 CAPUTIL‘

508 5322 706 5378 Deinde
752 5331 867 5391 post
915 5340 1080 5380 annos
1125 5323 1522 5397 quatuordecim
1571 5324 1758 5375 iterum
1806 5318 2016 5374 ascendi

437 5412 879 5486 Hierosolymam.
926 5416 1192 5483 Quoniam
1232 5416 1299 5471 de
1335 5415 1591 5472 oneribus
1614 5412 1749 5485 legis
1791 5410 2017 5483 quaestio

435 5507 774 5563 movebatur.

505 5594 636 5649 Cum
682 5598 952 5654 Barnaba.
998 5600 1055 5655 Id
1090 5608 1195 5663 est,
1246 5599 1587 5655 circumciso.
1643 5598 1712 5653 Et
1756 5597 1891 5652 Tito.
1934 5596 2013 5650 Ex

438 5686 697 5742 Sentibus
739 5690 1058 5758 pra-patiam
1109 5689 1356 5744 habente.
1403 5687 1471 5742 Et
1517 5689 1711 5743 contuli
1758 5705 1874 5742 cum
1908 5686 2011 5741 illis

2107 1869 2302 1907 scmus.
2352 1852 2451 1907 Vel
2473 1861 2783 1909 sanctorum
2812 1855 2903 1923 qui
2937 1863 3091 1910 erant
3135 1853 3539 1927 Hierosolymis,
3590 1859 3687 1928 qui

2108 1945 2289 2001 omnia
2327 1961 2425 2000 sua
2454 1945 2836 2001 distribuentes
2864 1945 2930 2001 ad
2961 1947 3330 2017 apostolorum
3359 1950 3521 2019 pedes
3560 1964 3661 2019 pre

2108 2040 2183 2093 tia
2211 2038 2570 2109 dcponebant,
2612 2038 2698 2093 vel
2729 2053 2955 2109 quorum
2986 2040 3126 2094 bona
3159 2038 3376 2095 fuerant
3414 2054 3445 2093 a
3483 2038 3688 2097 Iudaeis

2108 2132 2317 2198 invasa,
2335 2132 2476 2187 sicut
2492 2131 2720 2202 legimus
2740 2131 2808 2185 ad
2839 2131 3110 2187 Hebrzeos.
3127 2130 3230 2187 Sed
3250 2149 3369 2186 cum
3393 2134 3613 2188 venisset
3638 2143 3690 2187 et

2110 2219 2326 2276 Petrus.
2349 2219 2665 2276 Galatarum
2687 2221 2974 2277 infirmitas
2991 2236 3113 2277 eum
3138 2222 3415 2293 compellit
3435 2236 3685 2289 narrare,

2109 2313 2251 2384 quod
2278 2327 2384 2369 non
2409 2312 2584 2369 solum
2613 2312 2795 2367 caeteri
2832 2312 3061 2381 apostoli
3093 2312 3228 2368 nihil
3259 2313 3309 2368 ei
3334 2313 3686 2380 contulerint,

2108 2416 2210 2458 nec
2235 2404 2412 2459 minor
2437 2403 2517 2459 eis
2541 2401 2733 2468 fuerat,
2767 2403 2861 2458 sed
2896 2404 3010 2473 ipse
3044 2403 3100 2458 in
3134 2403 3297 2458 Petro
3326 2402 3529 2473 aliquid
3566 2419 3691 2458 cor-

2108 2495 2271 2560 rexit,
2319 2495 2414 2565 qui
2461 2494 2713 2564 princeps
2757 2493 3123 2563 apostolorum
3171 2492 3290 2548 fuit.
3338 2492 3512 2547 Aliter
3559 2494 3692 2548 licet

2109 2583 2329 2640 dextras
2374 2583 2681 2640 concordia:
2721 2591 2777 2638 et
2804 2582 2955 2653 pacis
2990 2582 3128 2638 mihi
3171 2582 3452 2648 dederunt,
3503 2590 3691 2639 tamen

2106 2672 2271 2729 Petro
2302 2674 2497 2739 restiti,
2536 2672 2723 2728 videns
2751 2673 2894 2743 quod
2922 2680 3108 2728 contra
3146 2672 3419 2745 Evangelii
3443 2674 3691 2745 regulam

2108 2772 2312 2839 ageret.
2347 2764 2461 2823 Hoc
2496 2774 2679 2822 autem
2707 2774 2880 2821 totum
2920 2767 3030 2838 agit
3069 2772 3129 2820 ut
3168 2765 3411 2821 ostendat
3446 2778 3505 2818 se
3544 2779 3691 2818 nun-

2107 2872 2269 2926 quam
2313 2857 2743 2913 circumcisionis
2785 2854 2954 2913 fuisse
2994 2856 3282 2924 factorem,
3327 2855 3469 2928 quod
3496 2855 3568 2911 de
3599 2855 3694 2912 illo

2106 2945 2228 3003 falsi
2259 2947 2486 3019 apostoli
2512 2945 2910 3020 contingebant.

2179 3032 2442 3103 Quoniam
2471 3037 2886 3108 reprehensibilis
2907 3048 3037 3093 erat.
3064 3036 3119 3093 Id
3146 3045 3249 3103 est,
3285 3036 3476 3109 dignus
3504 3052 3697 3107 repro—

2032 3127 2077 3189 C
2108 3130 2389 3187 hensione.
2418 3129 2550 3185 Cum
2579 3122 2828 3185 Gentibus
2851 3128 3221 3184 manducabat.
3264 3127 3336 3185 Ut
3358 3129 3413 3183 in
3440 3143 3570 3182 vase
3598 3129 3697 3184 de-

2108 3228 2485 3277 monstratum.
2536 3216 2606 3275 Et
2627 3216 2953 3275 simulationi
2990 3218 3127 3291 ejus.
3164 3221 3221 3276 Id
3246 3229 3348 3285 est,
3386 3220 3693 3290 hypocrisi.

2109 3312 2237 3366 dum
2272 3311 2416 3366 aliud
2449 3324 2632 3366 coram
2672 3310 2783 3366 Deo
2812 3308 3083 3377 credebat,
3119 3318 3175 3367 et
3202 3310 3347 3366 aliud
3370 3325 3556 3366 coram
3586 3311 3695 3367 ho-

2108 3405 2343 3459 minibus
2363 3403 2579 3474 agebat.

2179 3493 2266 3548 Ita
2299 3503 2347 3547 et
2367 3488 2662 3548 Barnabas.
2698 3491 2797 3560 Qui
2826 3501 2955 3549 tunc
2986 3509 3197 3549 mecum
3219 3493 3286 3549 ad
3322 3493 3522 3551 Gentes
3560 3495 3699 3549 mis-

2108 3599 2201 3640 sus
2236 3581 2432 3638 fuerat.
2481 3581 2610 3636 Dixi
2634 3579 2791 3637 Petro
2834 3600 3012 3638 coram
3058 3585 3314 3639 omnibus.
3366 3578 3505 3639 Dum
3543 3587 3699 3641 enim

2109 3694 2289 3734 coram
2326 3678 2577 3734 omnibus
2614 3676 2770 3748 culpa
2810 3680 3099 3734 commissa
3135 3678 3257 3745 fuit,
3292 3696 3477 3736 coram
3511 3684 3702 3738 omni-

2108 3770 2209 3824 bus
2237 3770 2388 3840 argui
2427 3768 2632 3824 dcbuit.
2669 3768 2795 3825 Ideo
2830 3777 3010 3824 autem
3050 3770 3152 3825 hoc
3190 3769 3347 3836 dixit,
3391 3778 3454 3825 ut
3485 3769 3700 3829 Judaeis

2110 3860 2177 3915 de
2215 3860 2624 3916 circumcisione
2669 3859 2938 3932 superbia,
2991 3868 3044 3916 et
3084 3858 3344 3915 Gentibus
3388 3859 3701 3930 desperatio

2110 3950 2407 4007 tolleretur.
2438 3950 2497 4008 Si
2526 3962 2582 4007 tu
2612 3970 2729 4008 cum
2760 3952 2832 4008 sis
2859 3952 3081 4007 Judtrus
3101 3952 3358 4023 gentiliter
3385 3952 3529 4006 vivis.
3580 3951 3703 4009 Hoc

2110 4049 2214 4108 est,
2239 4042 2285 4096 si
2318 4050 2374 4096 tu
2399 4056 2505 4097 non
2537 4051 2689 4098 tenes
2710 4043 2855 4113 quod
2880 4051 3040 4098 natus
3064 4057 3143 4109 es,
3175 4043 3441 4112 quomodo
3463 4041 3586 4098 illos
3616 4042 3702 4097 fa-

2110 4133 2190 4188 cis
2229 4142 2416 4188 tenere
2465 4133 2609 4202 quod
2647 4133 2762 4188 nati
2798 4149 2906 4188 non
2947 4132 3108 4189 sunt?
3151 4132 3430 4188 Rationem
3482 4132 3696 4200 reddit,

2109 4238 2219 4278 non
2248 4222 2501 4291 iniuriam
2530 4221 2676 4277 facit.

2182 4312 2473 4368 Gentiliter.
2521 4312 2580 4368 Id
2617 4322 2723 4379 est,
2760 4328 2869 4369 non
2891 4312 3142 4377 Iudaice,
3184 4312 3287 4367 hoc
3319 4319 3431 4377 est,
3470 4326 3582 4365 non
3619 4328 3694 4367 ex

2109 4408 2366 4479 eperibus
2390 4406 2544 4477 legis,
2589 4407 2685 4463 sed
2711 4407 2824 4463 sola
2852 4406 2975 4462 fide.
3010 4405 3101 4462 Sic
3128 4414 3183 4461 et
3206 4405 3406 4462 Gentes
3436 4406 3606 4461 vitam
3638 4407 3697 4462 in

2113 4500 2329 4555 Christo
2373 4499 2643 4556 invenisse
2691 4507 2744 4555 tu
2777 4500 2939 4556 nosti.
2988 4500 3260 4566 Quomodo
3310 4497 3495 4555 Gentes
3546 4502 3697 4572 cogis

2111 4589 2445 4644 Judaisare?
2471 4590 2528 4645 ld
2559 4598 2663 4655 est,
2693 4590 2820 4644 dum
2848 4597 2901 4646 te
2928 4590 3203 4647 subtrahis
3226 4600 3481 4660 tanquam
3507 4606 3539 4646 a
3564 4608 3700 4663 pec-

2114 4680 2408 4735 catoribus.
2438 4677 2748 4733 Judaizare.
2778 4674 2835 4732 Id
2864 4687 2968 4746 est,
3006 4679 3268 4736 honorem
3294 4679 3426 4738 dare
3450 4681 3691 4737 circum-

2115 4770 2326 4834 cisioni,
2360 4778 2415 4825 et
2442 4768 2677 4824 litteram
2703 4768 3008 4825 observare.
3041 4768 3157 4825 Nos
3196 4779 3388 4825 natura
3410 4769 3609 4837 Juda’i,
3642 4781 3697 4826 et

2116 4878 2221 4916 non
2253 4878 2318 4915 ex
2352 4860 2599 4916 Gentibus
2637 4869 2946 4931 peccatores.
2986 4858 3117 4926 Nos,
3163 4860 3354 4929 inquit,
3403 4875 3502 4929 ego
3540 4869 3596 4915 et
3630 4870 3695 4914 tu

2118 4952 2311 5019 Petre;
2350 4951 2494 5007 illius
2520 4952 2737 5006 miscuit
2775 4966 3061 5022 personam
3087 4958 3144 5006 et
3171 4967 3344 5013 suam,
3381 4966 3450 5006 ne
3488 4950 3565 5004 illi
3607 4947 3698 5004 ιι-

2120 5059 2244 5119 cere
2282 5044 2554 5099 videretur
2586 5045 2858 5116 iniuriam.
2898 5043 3256 5114 Hieronymus
3295 5043 3360 5097 de
3400 5044 3504 5098 hac
3536 5058 3694 5113 qua:-

2120 5136 2294 5191 stione
2337 5135 2489 5201 dicit,
2542 5136 2684 5205 quod
2718 5135 2986 5190 subtiliter
3026 5136 3129 5190 hoc
3160 5132 3289 5188 fecit
3320 5132 3540 5199 Paulus,
3580 5150 3695 5190 non

2120 5241 2247 5280 vere
2286 5223 2448 5279 Petro
2486 5227 2816 5289 resistendo,
2855 5225 2950 5281 sed
2989 5226 3045 5279 in
3076 5223 3251 5280 forma
3280 5225 3555 5294 vituperat
3587 5225 3698 5282 Pe-

2120 5326 2285 5383 trum,
2336 5316 2472 5372 alios
2509 5332 2607 5386 per
2652 5333 2774 5373 eum
2824 5318 3175 5372 observantes
3215 5315 3451 5370 litteram
3492 5331 3697 5386 percu-

2119 5408 2317 5462 tiendo.
2348 5406 2465 5471 Cur.
2489 5408 2633 5463 enim
2659 5407 2747 5462 ille
2768 5407 3035 5476 vituperet
3057 5406 3275 5461 Petrum
3302 5406 3697 5463 consentiendo

2116 5497 2336 5564 Judazis,
2383 5498 2510 5553 dum
2548 5500 2665 5569 ipse
2703 5485 3039 5554 circumcidit
3079 5495 3417 5552 Timotheum
3458 5510 3556 5565 per
3592 5492 3698 5557 Ju-

2118 5590 2295 5644 dacos?
2338 5587 2668 5659 Augustinus
2708 5574 2838 5643 vero
2882 5587 3106 5654 asserit,
3150 5585 3294 5657 quod
3330 5599 3456 5639 vere
3490 5582 3696 5639 Paulus

2117 5681 2337 5739 Petrum
2382 5678 2760 5751 reprehendit,
2796 5695 2863 5735 nc
2935 5678 3128 5735 falsum
3164 5678 3235 5734 sit
3267 5674 3408 5748 quod
3439 5673 3695 5745 superius
