3982 6198
204 212 211 217 ’
279 262 409 323 iss-

1346 260 1678 320 COLLECT.
1714 263 1784 320 lN
1823 263 2042 321 EPIST.
2082 263 2174 318 AD
2210 264 2462 320 GALAT.

3428 271 3531 330 {86

274 379 334 434 in
356 378 465 433 hac
488 371 732 446 Epistola
760 371 939 428 dixit:
966 370 1097 438 Quis
1126 380 1299 428 autem
1341 375 1512 430 scribo
1545 376 1706 442 vobis,
1737 393 1852 432 ecce
1877 382 1931 440 Α
1954 385 2127 430 tamen
2152 375 2208 430 in
2237 376 2340 431 hoc
2383 390 2491 431 non
2533 375 2829 432 dubitantis
2870 392 3049 445 sermo
3085 387 3188 446 est,
3225 381 3322 439 sed
3356 384 3536 452 potius

274 483 457 524 coram
505 464 620 518 Deo
654 462 796 535 quod
835 479 939 518 non
984 463 1211 516 mentior
1234 476 1253 515 :
1285 477 1392 518 non
1434 464 1578 519 enim
1621 467 1696 521 ita
1741 466 1857 521 lau—

276 556 443 612 dandi
466 562 598 610 sunt
639 552 815 610 sancti
840 552 941 607 viri
970 560 1031 606 ut
1055 549 1336 623 frangatur
1362 551 1662 623 Scriptura.
1705 553 1858 610 Sicut

275 648 370 703 alii
400 646 592 701 dicunt
635 644 857 699 Petrum
908 643 1078 698 Deum
1121 657 1228 698 non
1277 658 1535 712 negasse,
1572 652 1627 700 et
1656 646 1709 700 in
1753 646 1858 702 hoc

279 737 601 793 mendacem
649 733 859 789 iaciunt
902 731 1235 787 Salvatorcm
1287 733 1554 790 dicentem
1586 753 1600 788 :
1634 734 1734 790 Ter
1776 753 1857 790 me

280 828 515 898 negabis.
546 824 809 892 Quoniam
843 839 946 877 non
976 822 1303 893 justiﬁcatur
1335 823 1489 877 homo
1515 841 1580 878 ex
1618 826 1856 895 operibus

280 922 426 993 legis,
456 920 544 974 vel
566 918 826 983 sabbatis,
855 925 913 973 et
936 916 1366 980 circumcisione,
1400 916 1713 984 ceterisque
1740 931 1858 985 quas

279 1030 388 1069 non
417 1028 520 1083 per
546 1011 847 1082 justitiam,
885 1009 982 1063 sed
1019 1008 1090 1063 ad
1113 1007 1467 1063 edomandam
1500 1006 1682 1077 populi
1711 1006 1860 1062 duri-

282 1107 411 1161 tiam
441 1114 570 1160 sunt
599 1102 873 1158 mandata.
904 1099 1031 1155 Sive
1057 1113 1163 1152 non
1191 1096 1543 1170 justiﬁcatur,
1585 1098 1688 1152 hoc
1714 1097 1859 1153 scili-

280 1204 364 1249 cet
392 1204 637 1265 tempore
657 1192 794 1248 Novi
823 1188 1173 1247 Testamenti.

350 1285 474 1339 Nisi
509 1302 603 1355 per
638 1284 800 1353 ﬁdem
836 1282 967 1338 Iesu
1008 1279 1223 1337 Christi.
1268 1280 1403 1337 Nam
1442 1280 1767 1351 patriarchae
1802 1288 1859 1336 et

279 1376 561 1455 propheta
586 1391 696 1430 non
722 1391 791 1432 ex
816 1376 1072 1446 operibus
1107 1375 1258 1445 legis,
1291 1376 1387 1430 sed
1418 1388 1486 1429 ex
1529 1374 1633 1429 ﬁde
1661 1372 1860 1441 justiﬁ-

280 1473 389 1528 cati
414 1480 560 1526 sunt.
586 1470 793 1525 Inventi
818 1487 999 1525 sumus
1025 1478 1074 1523 et
1103 1469 1203 1539 ipsi
1235 1476 1553 1538 peccatores.
1583 1466 1720 1520 Dum
1756 1480 1860 1520 nec

282 1560 413 1630 ipsis
442 1560 698 1631 operibus
727 1558 859 1629 legis
875 1556 1202 1627 justiﬁcatur
1229 1558 1410 1612 homo.
1454 1554 1711 1626 Nunquid
1737 1570 1858 1624 ergo

281 1649 525 1705 Christus
563 1650 804 1704 minister
836 1650 1034 1719 peccati
1074 1650 1192 1703 est?
1234 1647 1348 1703 Hoc
1381 1655 1490 1714 est,
1530 1647 1578 1702 si
1620 1648 1719 1701 hos
1757 1659 1859 1715 pro

1960 464 2351 532 conﬁrmantis,
2394 466 2692 521 secundum
2718 466 2849 522 illud
2877 485 2890 521 :
2923 467 2981 522 Si
3022 478 3195 525 tamen
3220 473 3424 541 justum
3458 485 3534 530 est

1958 562 2097 631 apud
2122 562 2293 616 Deum
2335 562 2614 619 retribuere
2640 565 2721 618 his
2746 566 2836 636 qui
2870 566 3008 620 vobis
3044 565 3276 620 tribuant
3316 564 3537 620 tribula-

1957 651 2171 707 tionem.
2220 649 2485 722 Operatur
2512 655 2723 709 virtutes
2758 655 2813 709 in
2843 655 3005 710 vobis.
3039 655 3291 711 Ostendit
3315 655 3535 712 Galatas

1957 754 2181 814 accepto
2207 758 2307 813 per
2330 744 2490 799 ﬁdem
2518 744 2722 815 Spiritu
2759 759 2948 803 sancto
2978 734 3115 803 dena
3142 750 3396 804 habuisse
3425 751 3535 803 vir-

1958 840 2150 899 tutum,
2179 834 2264 888 vel
2304 835 2642 904 prophetiam
2674 844 2729 891 et
2758 852 2956 907 genera
2993 837 3316 906 linguarum.
3353 836 3537 892 Credi-

1957 922 2033 976 dit
2059 922 2326 977 Abraham
2351 922 2481 988 Deo,
2513 933 2560 977 et
2588 933 2883 990 reputatum
2921 935 2997 980 est
3029 926 3109 980 illi
3147 927 3216 980 ad
3244 928 3534 996 justitiam.

1958 1011 2076 1068 Non
2106 1013 2241 1071 dixit
2270 1024 2529 1084 Operatus
2559 1024 2644 1071 est
2669 1032 2768 1087 per
2793 1017 2984 1088 legem,
3016 1019 3111 1073 sed
3137 1019 3253 1073 sola
3283 1019 3388 1075 ﬁde
3414 1035 3537 1075 cre-

1959 1101 2113 1169 didit,
2157 1105 2261 1160 boc
2298 1114 2411 1170 est,
2459 1107 2603 1175 quod
2639 1108 2774 1161 exiit
2814 1108 2879 1163 de
2921 1116 3065 1163 terra
3107 1123 3206 1163 sua
3244 1110 3299 1163 in
3332 1118 3537 1164 terram

1959 1207 2120 1262 quam
2152 1193 2465 1263 ignorabat;
2514 1198 2657 1264 quod
2688 1194 2878 1252 Saram
2905 1198 3322 1268 nonagenariam
3346 1207 3407 1253 et
3424 1206 3538 1253 ste-

1960 1281 2114 1336 rilem
2149 1283 2381 1341 credidit
2411 1300 2533 1340 esse
2561 1287 2894 1355 parituram;
2927 1288 3068 1357 quod
3106 1289 3161 1342 in
3197 1288 3350 1345 lsaac
3378 1303 3539 1342 voca-

1959 1379 2111 1427 retur
2138 1373 2241 1428 sibi
2272 1388 2480 1440 semen,
2511 1384 2567 1430 et
2595 1378 2739 1445 quod
2763 1378 2959 1432 obtulit
2994 1378 3160 1432 lilium
3188 1394 3363 1434 suum.
3397 1377 3538 1433 Pro-

1958 1461 2137 1517 videns
2158 1463 2255 1517 hoc
2267 1462 2566 1534 Scriptura.
2587 1464 2706 1519 Non
2731 1467 2875 1534 quod
2902 1475 3263 1522 atramentum
3290 1477 3346 1523 et
3370 1483 3541 1522 mem-

1960 1553 2162 1620 brana,
2199 1570 2320 1624 qua:
2356 1555 2694 1611 insensuales
2746 1563 2892 1621 sunt,
2938 1558 3148 1626 possint
3183 1558 3364 1614 futura
3400 1574 3541 1627 prm-

1961 1661 2203 1709 uoscere,
2234 1647 2329 1702 sed
2356 1649 2501 1717 quod
2528 1647 2764 1719 Spiritum
2792 1659 3034 1714 sanctus,
3059 1660 3113 1705 et
3140 1666 3330 1706 sensus
3359 1652 3451 1720 qui
3484 1653 3537 1706 in

281 1741 478 1810 quibus
522 1754 717 1810 passus
750 1748 857 1805 est,
897 1753 1007 1795 non
1048 1737 1299 1802 absolvit,
1331 1744 1589 1807 tanquam
1627 1749 1737 1790 non
1765 1748 1856 1787 va-
1888 1728 1936 1787 B
1962 1736 2146 1792 littera
2174 1737 2324 1803 latet,
2359 1738 2541 1793 futura
2566 1740 2884 1809 praedicant.
2918 1740 2983 1793 In
3011 1751 3074 1794 te.
3106 1740 3219 1795 Non
3248 1742 3364 1813 lege
3396 1761 3409 1796 :
3443 1744 3539 1798 sed

281 1830 399 1887 lens
426 1831 728 1902 indulgere.

349 1922 465 1991 Ego
494 1922 636 1976 enim
668 1937 762 1992 per
789 1920 954 1991 legem
986 1919 1086 1991 legi
1110 1928 1348 1975 mortuus
1374 1934 1510 1974 sum.
1549 1915 1655 1972 Per
1690 1915 1866 1986 legem

280 2010 507 2075 Christi,
547 2010 653 2081 legi
684 2010 904 2075 litteras,
941 2010 1056 2066 sive
1086 2023 1185 2079 per
1222 2009 1396 2078 ipsam
1422 2006 1724 2064 venientem
1760 2006 1865 2076 ipsi

284 2109 536 2155 mortuus
581 2116 728 2167 sum,
767 2100 898 2169 quia
942 2100 1055 2169 ipsa
1096 2113 1158 2155 se
1195 2106 1527 2156 cessaturam
1569 2111 1690 2152 esse
1726 2111 1869 2166 prte-

282 2192 435 2246 dixit.
469 2189 542 2245 Ut
567 2191 680 2246 Deo
700 2193 893 2247 vivam.
924 2190 1026 2258 Qui
1054 2192 1227 2262 legem
1259 2206 1412 2247 suam
1447 2191 1742 2246 innovavit.

349 2280 484 2336 Cum
514 2281 725 2337 Christo
746 2282 1032 2352 cruciﬁxus
1052 2299 1191 2343 sum.
1218 2281 1325 2348 Qui
1347 2280 1598 2337 omnibus
1627 2278 1868 2349 peccatis

282 2370 481 2440 quibus
529 2370 620 2426 lex
661 2370 787 2426 data
813 2382 921 2438 est,
960 2388 1080 2429 sum
1117 2380 1385 2429 mortuus.
1427 2371 1569 2440 Ergo
1604 2370 1692 2426 lex
1733 2370 1867 2426 mihi

284 2461 507 2515 minime
531 2462 867 2517 necessaria.
907 2461 1034 2517 Vivo
1061 2471 1258 2519 autem.
1292 2460 1427 2517 Vivo
1459 2460 1549 2515 hic
1571 2459 1682 2514 vita
1710 2458 1870 2529 spiri-

285 2551 434 2605 tuali.
459 2550 590 2605 lam
614 2568 718 2605 non
745 2568 860 2622 ego.
883 2551 941 2609 id
968 2560 1073 2617 est,
1102 2562 1258 2608 vetus
1286 2552 1470 2616 homo,
1499 2552 1584 2605 vel
1613 2565 1719 2604 non
1746 2563 1868 2605 mea

284 2638 566 2693 facultate.
590 2637 661 2692 lu
678 2639 785 2708 ﬁde
801 2641 915 2695 vivo
934 2638 1068 2693 Filii
1079 2638 1198 2694 Dei.
1226 2639 1285 2697 1d
1297 2647 1401 2703 est,
1430 2638 1484 2693 in
1500 2636 1612 2692 sola
1626 2637 1752 2703 ﬁde,
1770 2636 1868 2707 qui

286 2730 414 2785 nihil
436 2730 611 2785 debeo
629 2729 754 2802 legi.
780 2730 907 2786 Non
930 2731 1136 2785 irritam
1152 2731 1290 2801 facio
1310 2730 1472 2801 legem
1491 2729 1608 2784 Dei.
1628 2728 1742 2784 Hoc
1762 2736 1867 2797 est,

287 2836 390 2874 non
420 2821 598 2876 debeo
614 2820 693 2875 illi
709 2835 831 2877 esse
845 2821 902 2876 in
916 2823 1197 2893 gemitum,
1219 2822 1314 2891 qui
1329 2836 1415 2877 me
1427 2830 1639 2877 tantum
1657 2819 1868 2889 dilexit,

288 2920 344 2965 ut
368 2926 471 2980 pro
510 2925 601 2966 me
625 2911 793 2966 etiam
827 2918 1151 2971 moreretur.
1190 2912 1413 2982 Abjecta
1443 2911 1589 2967 enim
1620 2918 1676 2967 et
1714 2912 1867 2968 irrita

286 3003 454 3072 gratia
494 3009 601 3067 est,
649 3002 696 3056 si
736 3002 871 3061 mihi
919 3002 1034 3058 sola
1072 3015 1182 3058 non
1223 3002 1444 3058 sufﬁcit.
1483 3002 1700 3058 irritam
1735 3016 1866 3074 ergo

288 3094 518 3163 gratiam
552 3092 709 3158 facit,
736 3092 830 3161 qui
868 3100 990 3162 post
1026 3093 1362 3164 evangelium
1388 3093 1522 3149 vivit
1549 3094 1602 3151 in
1623 3093 1770 3165 lege,
1809 3080 1937 3149 etC

290 3183 528 3252 peccatis
550 3190 681 3253 post
704 3182 1031 3251 baptismum
1062 3184 1391 3240 sordidatur.
1423 3183 1711 3254 Hucusque
1735 3197 1866 3239 con—

292 3288 370 3334 tra
390 3278 638 3335 Petrum.
666 3276 823 3334 Nunc
845 3278 915 3333 ad
945 3274 1168 3335 Galatas
1197 3293 1506 3336 sermonem
1534 3286 1830 3351 retorquet.

908 3387 1135 3445 CAPUT
1186 3388 1271 3444 lli.

356 3481 403 3537 0
448 3481 604 3536 stulti
645 3481 873 3546 Calatis,
919 3482 1038 3552 quis
1064 3497 1153 3537 vos
1199 3483 1476 3552 fascinavit
1517 3497 1621 3537 non
1667 3481 1872 3536 obedire

293 3572 539 3626 raritati?
562 3569 678 3626 Hoc
718 3584 824 3624 non
849 3579 936 3626 est
974 3570 1307 3626 contrarium
1345 3571 1512 3625 verbo
1550 3570 1870 3637 Salvatoris,

295 3677 396 3731 quo
421 3661 657 3716 fratrem
687 3659 894 3716 fatuum
920 3662 1102 3716 vocari
1142 3661 1417 3732 prohibuit
1445 3678 1459 3716 :
1486 3663 1577 3732 qui
1612 3677 1764 3717 more
1792 3662 1874 3716 di-

296 3753 512 3823 ligentis
557 3753 698 3808 bene
720 3753 971 3822 corripit,
1014 3754 1155 3808 sicut
1183 3752 1446 3808 Dominus
1488 3753 1620 3808 dicit
1655 3752 1762 3806 :Et
1784 3768 1872 3807 vos

295 3844 401 3897 sine
432 3841 706 3897 intellectu
730 3842 888 3909 estis,
930 3852 977 3897 et
1014 3843 1235 3897 modica:
1271 3842 1436 3912 ﬁdei.
1477 3841 1573 3898 Jus
1601 3842 1747 3897 enim
1790 3848 1876 3898 est

298 3933 578 4003 magistris
631 3941 920 4002 peccantes
958 3933 1242 4002 increpare
1280 3930 1587 4002 discipulos.
1624 3929 1753 3996 Quis
1785 3946 1875 3984 vos

299 4023 622 4094 (adurit?
671 4022 805 4090 Quis
856 4023 1013 4078 vobis
1074 4022 1298 4077 invidit?
1350 4021 1661 4077 Fuscinatio
1729 4020 1877 4076 enim

300 4112 482 4169 Grmce
528 4112 735 4168 invidia
794 4113 1197 4183 interpretatur.
1250 4113 1384 4167 Ante
1423 4128 1645 4183 quorum
1698 4109 1877 4165 oculos

303 4204 541 4257 Christus
579 4203 736 4259 Iesus
758 4205 1079 4274 proscriptus
1111 4212 1205 4258 est.
1237 4202 1333 4259 Vel
1353 4202 1549 4273 quibus
1572 4218 1674 4273 per
1702 4215 1877 4255 meam

299 4296 744 4365 pmdiutionmn
791 4297 867 4350 ita
914 4295 1260 4351 manifestata
1310 4304 1393 4351 est
1437 4295 1620 4365 passio
1657 4292 1795 4363 ejus,
1817 4304 1880 4348 ut

305 4386 414 4454 ipse
431 4395 565 4440 ante
584 4400 684 4441 vos
710 4386 1039 4448 sententiam
1072 4385 1435 4441 damnationis
1461 4385 1692 4454 excepit.
1725 4383 1793 4437 Et
1823 4388 1877 4437 tu

306 4477 438 4531 rubis
475 4476 785 4545 cruciﬁxus.
838 4475 1001 4543 Quasi
1037 4476 1179 4546 apud
1218 4489 1316 4530 vos
1346 4475 1526 4530 omnia
1561 4472 1704 4528 facta
1744 4471 1872 4528 sint.

309 4568 430 4626 Sive
463 4570 545 4626 sic
572 4588 587 4623 :
620 4568 791 4635 Quem
824 4564 954 4623 vere
981 4583 1079 4638 pro
1105 4568 1361 4623 damnato
1388 4576 1443 4621 ct
1477 4574 1689 4619 mortuo
1714 4562 1878 4617 etiam

310 4679 446 4719 nunc
468 4664 638 4719 vilem
664 4660 896 4726 habetis,
926 4662 1054 4716 dum
1078 4661 1282 4732 putatis
1307 4674 1429 4715 eum
1452 4659 1605 4713 vobis
1632 4672 1740 4712 non
1765 4655 1880 4710 suf-

313 4752 469 4808 ﬁcere
508 4755 578 4808 ad
620 4752 873 4809 salutem.
905 4751 987 4805 An
1022 4768 1089 4806 ea:
1127 4752 1313 4806 auditu
1336 4749 1501 4819 ﬁdei?
1544 4746 1604 4803 Si
1640 4747 1786 4802 enim
1810 4760 1882 4800 ex

314 4844 504 4897 merito
531 4841 657 4897 ﬁdei
702 4840 965 4913 Spiritum
1006 4852 1249 4896 sanctum
1286 4838 1607 4908 accepistis,
1633 4836 1762 4906 quid
1789 4851 1885 4890 vo—

312 4930 390 4985 bis
416 4931 508 4985 lex
539 4930 772 5002 amplius
797 4930 928 4986 dare
954 4932 1186 5000 poterit?
1208 4928 1296 4984 Sic
1321 4928 1468 4983 stulti
1491 4928 1612 4982 estis
1639 4968 1654 4993 ,
1682 4935 1738 4980 ut
1763 4941 1881 4979 eum

314 5022 499 5088 spiritu
537 5023 819 5093 ccperitis.
866 5021 1058 5093 Magna
1092 5021 1318 5076 stultitia
1360 5027 1446 5074 est
1478 5019 1531 5073 in
1571 5018 1885 5073 servitutem

318 5117 526 5172 Veteris
552 5134 583 5171 a
614 5117 859 5175 libertate
887 5116 1023 5172 Novi
1050 5114 1379 5170 Testamenti
1413 5121 1469 5168 et
1490 5113 1678 5183 gratiae
1711 5112 1887 5166 diver-

314 5216 441 5261 tere.
486 5206 648 5260 Nunc
681 5223 838 5261 came
874 5204 1332 5261 commemini.
1372 5202 1429 5256 id
1470 5209 1585 5267 est,
1622 5202 1676 5255 in
1716 5199 1887 5271 legem

313 5296 589 5352 carnalem
612 5305 823 5353 euntes.
852 5294 1023 5349 Tanta
1051 5294 1193 5366 passi
1220 5294 1344 5347 estis
1375 5294 1488 5347 sine
1519 5308 1704 5355 causa,
1728 5291 1774 5345 si
1804 5300 1890 5344 tu-

313 5407 427 5445 ιικιι
453 5398 571 5445 stne
616 5405 799 5444 causa.
838 5389 1045 5445 Galatae
1088 5388 1144 5441 in
1187 5383 1504 5441 cruciﬁxum
1538 5382 1894 5446 credentes,a

314 5478 515 5537 intimis
562 5490 624 5537 et
673 5481 939 5537 Gentibus
987 5486 1257 5534 tormenta
1298 5484 1355 5530 et
1396 5474 1680 5545 opprobria
1728 5472 1894 5527 multa

313 5574 555 5643 perpessi
581 5581 727 5628 sunt.
762 5573 904 5628 Dicit
939 5584 1070 5642 ergo
1094 5577 1246 5624 tanta
1275 5568 1391 5624 sine
1425 5581 1586 5621 causa
1622 5580 1721 5635 pro
1741 5564 1900 5620 Chri-

320 5674 401 5721 sto
445 5665 754 5735 tolerastis,
792 5665 841 5721 si
885 5672 1063 5719 tamen
1098 5678 1203 5719 non
1252 5662 1446 5719 iterum
1484 5658 1783 5730 corrigatis.
1837 5656 1897 5711 Si

1967 1827 2023 1887 in
2061 1835 2137 1896 te,
2173 1828 2279 1885 hoc
2300 1837 2403 1895 est,
2435 1830 2492 1884 in
2516 1828 2621 1884 ﬁde
2649 1837 2762 1893 tua,
2788 1831 2880 1899 qui
2903 1845 2963 1885 es
2993 1838 3158 1899 caput
3182 1832 3325 1886 ﬁdei.
3375 1830 3542 1886 Bene-

1966 1917 2205 1973 dieentur
2238 1934 2415 1975 omnes
2459 1930 2635 1990 gentes
2667 1919 2685 1990 (
2708 1920 2838 1975 Gen.
2881 1920 3055 1992 xm).
3099 1921 3216 1977 Non
3260 1937 3365 1976 una
3407 1937 3541 1993 gens

1967 2015 2181 2065 tantum
2230 2007 2476 2076 Iudaica,
2525 2010 2619 2065 sed
2646 2026 2837 2067 omnes
2865 2020 3072 2083 gentes.
3112 2009 3222 2067 Sub
3265 2010 3541 2077 maledicto

1966 2106 2109 2152 sunt.
2150 2096 2289 2164 Quia
2329 2098 2406 2153 ita
2444 2100 2727 2167 prmvaluit
2772 2100 3106 2155 consuetudo
3144 2101 3433 2170 peccandi,
3480 2111 3542 2156 ut

1967 2203 2126 2245 nemo
2164 2190 2280 2260 jam
2321 2188 2568 2260 perﬁciat
2606 2190 2802 2261 legem,
2841 2192 2983 2246 sicut
3017 2190 3211 2246 Petrus
3253 2190 3544 2260 Apostolus

1967 2280 2045 2337 ait
2075 2296 2088 2334 :
2118 2278 2273 2345 Quod
2295 2297 2457 2347 neque
2485 2288 2660 2351 putres
2680 2282 2875 2346 nostri,
2905 2298 3070 2352 neque
3100 2299 3196 2335 nos
3215 2290 3425 2352 portare
3450 2298 3545 2352 po-

1966 2369 2164 2427 tuimus
2190 2370 2340 2443 (Act.
2373 2371 2497 2443 xv).
2529 2370 2586 2426 Si
2616 2372 2709 2440 qui
2734 2388 2865 2427 vero
2885 2370 3019 2440 justi
3053 2388 3160 2427 non
3193 2379 3354 2427 erant
3378 2372 3544 2427 male-

1972 2463 2126 2527 dicti,
2164 2479 2273 2520 non
2307 2479 2374 2520 ex
2398 2466 2653 2534 operibus
2681 2466 2835 2535 legis,
2863 2466 2955 2523 sed
2991 2466 3116 2523 ﬁdei
3149 2467 3321 2537 gratia
3353 2464 3543 2522 salvati

1968 2560 2113 2609 sunt.
2144 2550 2249 2609 Sed
2271 2554 2364 2624 qui
2389 2553 2522 2623 facit
2560 2552 2674 2609 illa.
2713 2554 2962 2610 Mandata
2996 2555 3150 2625 legis.
3190 2553 3334 2609 Vivet
3368 2555 3423 2608 in
3443 2557 3540 2609 eis.

1968 2641 2185 2698 Carnali
2227 2642 2434 2705 scilicet
2457 2643 2586 2708 vita,
2617 2644 2744 2713 quia
2771 2659 2877 2700 non
2907 2651 2992 2699 est
3017 2659 3144 2698 reus
3170 2644 3378 2708 mortis,
3412 2644 3539 2697 dum

1969 2731 2156 2801 implet
2180 2732 2434 2787 mandata
2471 2731 2627 2803 legis.
2659 2731 2899 2790 Christus
2926 2732 3140 2789 redemit
3171 2746 3263 2786 nos
3283 2730 3349 2787 de
3379 2731 3543 2786 male-

1969 2826 2110 2883 dicto
2156 2824 2302 2896 legis.
2354 2825 2550 2883 Emere
2592 2836 2647 2883 et
2684 2825 2956 2882 redimere
2994 2825 3097 2880 hoc
3134 2824 3411 2894 estzquia
3452 2824 3546 2893 qui

1969 2917 2122 2984 emit,
2167 2916 2431 2985 alienum;
2463 2916 2556 2987 qui
2590 2926 2772 2973 autem
2794 2916 3031 2983 redimit,
3058 2916 3114 2972 id
3137 2925 3244 2982 est,
3266 2915 3547 2987 proprium

1970 3013 2114 3085 quod
2150 3029 2307 3070 suum
2332 3012 2450 3078 fuit,
2476 3022 2533 3070 et
2572 3029 2727 3068 suum
2750 3028 2872 3069 esse
2899 3012 3111 3069 desivit.

2036 3104 2352 3163 Maledictus
2400 3107 2569 3161 omnis
2603 3105 2694 3176 qui
2729 3104 2916 3176 pendet
2958 3105 3016 3159 in
3060 3103 3225 3175 ligato.
3262 3101 3381 3158 Non
3425 3103 3547 3158 ideo

1968 3196 2285 3253 nuledictus
2310 3198 2438 3267 quia
2470 3198 2760 3269 pependit,
2786 3198 2880 3253 sed
2906 3196 3026 3252 ideo
3055 3196 3253 3267 pendet
3274 3197 3403 3268 quia
3432 3211 3548 3251 ma-

1969 3288 2216 3345 ledictus.
2240 3288 2339 3344 Ille
2364 3298 2524 3360 negat
2549 3288 2826 3346 Christum
2861 3288 3227 3353 maledictum,
3268 3287 3359 3358 qui
3388 3296 3549 3358 negat

1969 3391 2247 3444 Christum
2275 3396 2566 3443 mortuum.
2591 3387 2698 3454 Qui
2729 3394 2907 3441 autem
2934 3385 3225 3441 conﬁtetur
3252 3392 3547 3448 mortuum,

1970 3486 2025 3534 ct
2049 3493 2250 3550 negare
2278 3493 2386 3533 non
2416 3485 2596 3549 potest
2621 3472 2850 3533 mortem
2879 3477 2946 3531 de
2968 3481 3189 3546 peccato
3230 3487 3371 3535 esse,
3396 3478 3452 3526 et
3477 3473 3550 3526 ob

1970 3572 2074 3628 hoc
2101 3572 2269 3627 etiam
2312 3571 2486 3641 ipsum
2516 3576 2801 3640 peccatum
2822 3566 3024 3632 vocari,
3061 3564 3247 3620 audiat
3272 3564 3384 3634 ipse
3412 3562 3551 3631 Αρο·

1972 3663 2167 3720 stolum
2212 3663 2481 3718 dicentem
2513 3680 2525 3715 :
2561 3661 2678 3727 Quo
2717 3661 2872 3714 modo
2908 3668 3049 3714 vetus
3093 3657 3247 3711 homo
3280 3664 3453 3710 noster
3478 3657 3553 3709 si-

1972 3752 2082 3808 mul
2106 3770 2225 3807 cum
2246 3751 2339 3805 illo
2378 3751 2663 3820 cruciﬁxus
2696 3759 2791 3813 est,
2819 3757 2873 3803 ct
2907 3748 3164 3817 intelliget
3200 3746 3343 3816 quod
3385 3746 3551 3801 male-

1974 3844 2178 3899 dictum
2216 3838 2428 3913 Moyses
2456 3841 2657 3896 dixerit
2684 3839 2863 3912 (Deut.
2891 3837 3028 3909 xxi).
3076 3838 3304 3907 ideoque
3334 3843 3550 3892 secutus

1973 3934 2265 4004 Apostolus
2311 3933 2387 3988 ait
2429 3933 2497 3988 de
2522 3931 2741 3987 Christo
2773 3928 3009 3985 :Factus
3054 3946 3149 4000 pro
3195 3928 3341 3983 nobis
3389 3928 3552 3983 male-

1976 4025 2196 4089 dictum,
2222 4023 2363 4079 sicut
2403 4038 2512 4079 non
2543 4022 2723 4077 timuit
2746 4021 2964 4076 dicere:
2994 4020 3098 4074 Pro
3125 4019 3379 4075 omnibus
3404 4032 3553 4073 mor-

1978 4124 2102 4171 tuus
2148 4121 2253 4179 est,
2296 4114 2400 4169 hoc
2450 4121 2553 4179 est,
2599 4126 2709 4166 non
2754 4119 3006 4165 mortuus
3040 4110 3169 4180 quia
3213 4109 3549 4173 maledictus,

1978 4206 2107 4277 quia
2138 4219 2285 4260 mors
2310 4204 2424 4274 ipsa
2454 4218 2523 4257 ex
2555 4201 2847 4257 maledicto
2871 4208 2975 4265 est,
3014 4207 3070 4252 et
3092 4199 3436 4254 maledictum
3472 4206 3557 4255 est

1979 4312 2102 4355 esse
2129 4305 2433 4369 peccatum,
2464 4296 2580 4352 sive
2609 4295 2782 4365 ipsum
2821 4307 2929 4362 quo
2949 4290 3011 4345 ﬁt
3040 4297 3099 4345 ut
3133 4300 3391 4360 sequatur
3426 4307 3556 4361 Sup-

1981 4388 2219 4459 plicium,
2248 4388 2360 4443 sive
2386 4387 2561 4457 ipsum
2602 4383 2942 4455 supplicium,
2975 4380 3119 4451 quod
3146 4378 3253 4433 alio
3278 4380 3435 4434 modo
3464 4396 3562 4435 vo-

1980 4491 2136 4535 catur
2180 4485 2483 4549 pcccatum,
2529 4475 2655 4545 quia
2689 4473 2750 4528 ﬁt
2794 4488 2862 4528 ex
2903 4478 3143 4542 peccato.
3187 4469 3340 4536 Quod
3376 4478 3566 4524 autem

1980 4565 2221 4620 additum
2248 4572 2356 4628 est,
2401 4560 2591 4624 omnis,
2638 4566 2701 4614 ut
2739 4558 3009 4613 diceretur
3041 4574 3054 4609 :
3091 4554 3405 4610 Haledictus
3447 4571 3569 4609 om-i

1982 4660 2061 4715 nis
2080 4660 2171 4729 qui
2198 4657 2463 4729 pendetiu
2498 4655 2659 4725 ligno,
2693 4668 2802 4708 nou
2825 4666 2957 4707 sane
2984 4648 3193 4721 Moyses
3214 4647 3394 4703 minus
3419 4660 3563 4715 pra:-

1981 4749 2117 4804 vidit
2143 4749 2306 4803 etiam
2326 4746 2504 4816 justus
2528 4745 2584 4798 in
2618 4757 2782 4799 cruce
2822 4741 3051 4805 futuros;
3082 4739 3178 4794 sed
3204 4737 3341 4793 bene
3366 4731 3572 4802 primi--

1984 4841 2066 4896 dit
2111 4838 2399 4894 haereticos
2425 4851 2612 4892 verum
2646 4842 2875 4889 mortem
2903 4830 3117 4887 Domini
3156 4835 3477 4897 negaturos,
3505 4832 3565 4879 et

1984 4930 2107 4986 ideo
2132 4928 2375 4983 volentes
2399 4926 2467 4981 ab
2501 4927 2605 4980 hoc
2632 4924 2918 4979 maledicto
2946 4920 3222 4976 Christum
3252 4916 3560 4984 seiungere,

1991 5027 2049 5074 ut
2078 5034 2108 5072 a
2134 5018 2325 5073 mortis
2341 5017 2511 5073 etiam
2538 5016 2741 5070 unitate
2773 5008 3151 5082 sejungerent?
3180 5006 3239 5061 Si
3262 5005 3410 5061 enim
3432 5020 3573 5061 vent:

1993 5110 2083 5174 illa
2102 5125 2252 5165 mors
2279 5125 2386 5165 non
2414 5115 2549 5170 erat,
2583 5104 2787 5160 nullum
2816 5099 3162 5156 maledictum
3191 5095 3409 5151 Christo
3432 5109 3571 5151 cru-

1992 5199 2152 5255 ciﬁxo
2184 5199 2439 5270 pependit
2476 5199 2531 5251 in
2578 5196 2743 5264 ligno,
2793 5190 2920 5260 quia
2965 5203 3066 5243 nec
3099 5201 3227 5244 vere
3271 5183 3569 5242 cruciﬁxus

1993 5300 2094 5347 est.
2126 5291 2203 5346 Ac
2228 5306 2326 5360 per
2350 5290 2456 5345 hoc
2481 5286 2721 5342 additum
2758 5289 2843 5338 est
2871 5283 3061 5345 osurus,
3092 5295 3163 5334 ne
3198 5276 3448 5334 Christus
3494 5272 3572 5330 ad

1994 5399 2180 5438 veram
2216 5391 2445 5437 mortem
2489 5393 2598 5435 non
2630 5376 2904 5446 pertinere
2943 5374 3233 5434 diceretur,
3268 5369 3315 5424 si
3344 5383 3375 5421 a
3402 5365 3577 5422 male.

1994 5478 2162 5541 dicto,
2189 5474 2333 5545 quod
2361 5471 2521 5527 morti
2546 5452 2891 5537 coniunctum
2913 5470 3014 5530 est,
3040 5459 3313 5533 insipienti
3340 5457 3574 5515 honori-

1997 5563 2212 5618 ﬁcentia
2253 5568 2552 5630 separetur.
2594 5555 2664 5611 Ut
2705 5553 3130 5626 pollicitationem
3165 5549 3380 5621 spiritus
3423 5546 3572 5600 acci-

1996 5655 2203 5724 piamus
2249 5667 2341 5723 per
2363 5650 2538 5720 ﬁdem.
2574 5649 2702 5717 Quae
2726 5661 2822 5719 per
2854 5644 3057 5704 loclem
3085 5643 3233 5701 omni
3265 5639 3414 5701 carni
3439 5652 3565 5710 pro:
