3982 6198
393 297 494 356 187

1769 298 2038 355 SEDULll
2078 297 2272 356 SCOTI

3535 303 3633 360 188

393 414 557 469 missa
589 416 695 476 est,
716 408 802 465 vel
841 410 1092 465 universo
1133 407 1317 479 generi
1356 408 1610 474 humano,
1642 416 1701 461 ut
1729 426 1742 461 :
1776 407 1961 478 E/run—
1989 414 2039 470 Α
2063 409 2120 463 ld
2150 418 2252 474 est,
2275 409 2543 464 Christus.
2593 406 2740 465 Unus
2770 421 2862 466 est.
2904 411 3026 468 Ideo
3054 412 3155 469 hoc
3178 413 3400 479 addidit,
3433 431 3500 471 ne
3527 419 3648 487 quis

392 506 514 557 dam
541 501 607 556 de
627 500 814 571 spiritu
847 515 958 553 meo
995 514 1150 569 super
1179 514 1382 551 omnem
1411 515 1621 551 carnem
1654 498 1673 570 (
1702 497 1820 552 loel
1877 498 1960 570 ιι).

392 593 610 646 Fratres
639 588 927 645 secundum
970 587 1231 642 hominem
1271 587 1409 640 dico.
1451 586 1564 642 Hoc
1595 595 1698 652 est,
1730 588 1965 643 humano

391 692 519 738 utor
562 682 828 752 exemplo.
877 681 1004 737 Sive
1045 681 1331 736 secundum
1379 681 1637 736 hominem
1667 696 1686 734 :
1716 698 1839 735 nam
1873 697 1965 736 ex-

392 775 672 828 celsiorem
695 782 750 827 et
774 772 1174 844 profundiorem
1207 788 1422 828 sensum
1449 773 1623 827 habeo
1651 774 1706 826 in
1736 769 1822 827 his
1848 789 1967 843 pro-

393 863 760 928 missionibus,
809 865 852 918 si
878 864 1152 928 dicerem;
1197 871 1376 916 tamen
1408 878 1514 915 non
1549 862 1814 931 profunda
1842 878 1968 933 pro-

391 954 526 1020 iero,
553 955 646 1008 sed
672 969 792 1023 qua:
821 961 998 1022 potest
1021 953 1182 1006 homo
1215 951 1534 1022 intelligere.
1567 949 1735 1006 Nemo
1761 954 1966 1007 irritant

394 1046 540 1100 facit.
569 1045 732 1112 Quasi
750 1046 974 1100 dixisset
1007 1063 1019 1098 :
1045 1044 1101 1099 Si
1132 1045 1368 1099 hominis
1395 1053 1776 1100 testamentum
1806 1061 1967 1101 nemo

391 1137 615 1204 spernit,
669 1144 870 1205 quanto
923 1137 1093 1206 magis
1133 1135 1230 1190 Dei
1269 1145 1673 1200 testamentum,
1719 1137 1823 1192 hoc
1860 1146 1964 1202 est,

391 1226 832 1293 promissionem!
872 1226 950 1281 Ac
987 1228 1031 1282 si
1063 1228 1264 1282 diceret
1292 1247 1304 1280 :
1339 1227 1594 1293 Quamvis
1622 1228 1707 1283 lex
1737 1229 1859 1283 data
1885 1238 1968 1283 est

391 1325 681 1386 antequam
718 1317 1032 1385 impleretur
1074 1317 1379 1388 promissio,
1425 1326 1602 1372 tamen
1641 1334 1747 1373 non
1792 1321 1846 1373 in
1879 1319 1966 1375 illa

390 1409 507 1476 lege
537 1409 753 1478 impleta
784 1416 866 1462 est
896 1406 1126 1462 Abrahae
1153 1409 1459 1476 promissio,
1493 1410 1585 1464 sed
1613 1409 1679 1462 ad
1720 1411 1822 1464 hoc
1849 1417 1968 1463 tan-

390 1508 504 1551 tum
534 1498 620 1552 lex
660 1499 781 1551 data
813 1507 915 1561 est,
947 1505 1003 1550 ut
1029 1513 1122 1566 per
1155 1497 1300 1551 illam
1342 1499 1629 1563 aleremur,
1673 1502 1842 1554 donec
1866 1500 1962 1553 ad-

386 1589 596 1642 veniret
617 1588 923 1657 promissio.
952 1586 1191 1656 Simplex
1220 1595 1400 1641 autem
1438 1603 1653 1653 sensus,
1683 1589 1776 1658 qui
1801 1597 1884 1645 est
1907 1590 1961 1644 in

389 1680 492 1734 hoc
533 1677 652 1733 loco
679 1686 881 1744 textus,
913 1678 1070 1732 talem
1107 1679 1216 1732 vim
1245 1679 1427 1744 habet,
1463 1688 1522 1733 ut
1557 1679 1716 1733 docet
1739 1679 1966 1749 Aposto-

2065 507 2279 569 putaret
2302 500 2575 555 Christum
2603 501 2672 554 ab
2697 503 2902 556 unitate
2932 503 3124 558 divina:
3165 513 3368 560 natura:
3391 505 3648 574 divisum,

2065 590 2190 657 quia
2220 590 2530 644 mediatoris
2570 594 2897 660 suscepisset
2943 593 3203 649 olﬁcium.
3246 594 3351 650 Lex
3389 613 3512 668 ergo
3552 603 3649 652 ad-

2066 695 2240 733 versus
2276 682 2531 749 promissa
2571 681 2670 735 Dei
2683 682 2708 735 ν
2738 683 2891 735 absit.
2924 682 3058 750 Quia
3096 698 3197 738 nec
3241 685 3323 739 lex
3352 689 3650 756 prohibuit,

2068 777 2128 822 ut
2169 771 2432 838 promissa
2500 787 2619 840 qua:
2674 773 2930 841 praedicta
2983 782 3110 828 sunt
3162 785 3348 846 postea
3408 779 3648 848 compte-

2067 870 2273 914 rentur.

2138 950 2242 1005 Sed
2290 952 2564 1007 conclusit.
2611 954 2666 1008 ld
2701 962 2814 1017 est,
2856 957 3224 1026 deprehendit.
3280 959 3527 1017 Ostendit
3561 980 3651 1018 ar-

2067 1042 2277 1112 guendo
2306 1054 2555 1112 peccata,
2596 1047 2721 1114 quia
2752 1055 2906 1101 vetus
2939 1048 3023 1102 lex
3061 1058 3265 1117 pestem
3299 1068 3404 1105 non
3441 1054 3648 1109 detule-

2069 1139 2171 1194 rat,
2203 1131 2295 1185 sed
2329 1135 2564 1188 ostendit
2597 1137 2776 1191 omnia
2813 1140 2912 1193 sub
2939 1149 3190 1207 peccato,
3223 1141 3448 1197 dicendo
3479 1163 3491 1197 :
3522 1145 3649 1200 Non

2067 1228 2140 1272 est
2163 1221 2252 1290 qui
2279 1220 2440 1288 faciat
2470 1223 2683 1289 bonum,
2712 1241 2812 1279 non
2846 1238 2919 1280 est
2951 1245 3109 1298 usque
3146 1230 3215 1282 ad
3255 1247 3438 1296 unum,
3471 1232 3522 1285 id
3561 1243 3648 1287 est

2068 1305 2282 1363 Veteris
2309 1310 2660 1366 Testamenti.
2691 1312 2758 1366 Ut
2788 1317 3136 1385 repromissio.
3163 1318 3217 1372 Id
3245 1327 3346 1381 est,
3372 1321 3425 1373 in
3452 1323 3649 1376 semine

2070 1407 2159 1451 tuo
2201 1398 2563 1454 benedicentur
2607 1419 2782 1457 omnes
2829 1415 3023 1474 gentes.
3066 1407 3152 1460 Ea:
3191 1407 3316 1476 ﬁde.
3347 1409 3406 1464 Id
3451 1421 3554 1476 est,
3587 1421 3648 1466 ut

2069 1484 2182 1539 sola
2212 1486 2317 1540 ﬁde
2349 1489 2693 1545 salvarentur
2718 1494 3018 1549 credentes.
3047 1493 3156 1549 Sub
3183 1496 3291 1567 lege
3318 1501 3647 1554 custodieba-

2067 1591 2206 1629 mur.
2251 1575 2364 1632 Hoc
2409 1587 2512 1644 est,
2567 1583 2919 1637 servabamur
2946 1600 2976 1638 a
3007 1585 3124 1655 lege
3169 1587 3295 1642 huic
3342 1589 3484 1656 ﬁdei,
3525 1607 3647 1661 qua:

2069 1675 2188 1722 erat
2209 1683 2307 1722 suo
2336 1676 2578 1740 tempore
2622 1673 2929 1728 revelanda.
2966 1674 3233 1730 Conclusi.
3263 1678 3319 1732 ld
3352 1688 3456 1744 est,
3485 1682 3650 1737 unius

389 1770 490 1834 lus,
540 1783 645 1822 non
674 1783 832 1838 posse
873 1783 971 1838 per
1001 1767 1173 1837 legem
1203 1783 1322 1836 quae
1358 1778 1541 1837 postea
1581 1768 1706 1822 data
1743 1778 1842 1833 est,
1877 1787 1963 1825 re.
1989 1749 2036 1808 Β
2064 1763 2180 1819 Dei.
2234 1763 2422 1834 Itaque
2471 1763 2555 1818 lea:
2605 1765 2942 1836 pwdagogus.
3009 1766 3092 1822 Ad
3149 1768 3487 1839 disciplinam
3545 1791 3648 1830 nos

386 1859 696 1930 promissio,
741 1873 842 1913 nec
885 1873 1004 1928 qua:
1047 1866 1205 1912 antea
1251 1856 1392 1914 facta
1422 1867 1548 1913 sunt
1576 1861 1642 1914 ad
1685 1859 1961 1915 Abraham

387 1951 623 2016 destrui,
666 1959 722 2005 et
764 1949 1065 2021 posteriora
1110 1949 1380 2019 prioribus
1415 1950 1788 2021 praeiudicare.
1838 1951 1963 2006 Non

386 2042 597 2094 irritum
618 2041 764 2110 facit.
794 2039 851 2094 ld
880 2046 986 2104 est,
1017 2053 1138 2108 qua“:
1160 2047 1284 2108 post
1311 2046 1521 2094 tantum
1551 2041 1808 2110 temporis
1835 2043 1962 2097 data

387 2139 472 2184 est
521 2130 639 2196 lex,
689 2138 1071 2185 testamentum
1118 2127 1248 2185 illud
1293 2145 1401 2185 non
1445 2138 1626 2200 potest
1671 2147 1960 2200 evacuare,

386 2221 529 2290 quod
554 2220 825 2274 Abraham
852 2221 994 2276 Deus
1015 2221 1356 2276 conﬁrmavit
1383 2220 1438 2274 in
1459 2221 1694 2276 Christo.
1717 2222 1800 2275 Ad
1843 2239 1962 2276 eva-

387 2309 649 2365 cuandam
685 2311 1100 2380 promissionem.
1129 2311 1227 2368 Vel
1263 2320 1323 2366 ut
1354 2326 1462 2367 non
1496 2320 1682 2383 postea
1713 2312 1962 2384 implere-

389 2411 477 2454 tur
502 2401 789 2470 promissio
813 2410 936 2471 post
959 2403 1137 2456 datam
1163 2402 1352 2474 legem,
1382 2405 1532 2473 quasi
1570 2405 1624 2458 in
1651 2404 1740 2458 illa
1773 2404 1960 2474 imples

388 2500 555 2546 retur.
581 2490 711 2556 Qun:
737 2501 851 2562 post
877 2492 1282 2564 quadringentos
1308 2503 1355 2547 et
1379 2493 1594 2563 triginta
1624 2511 1788 2548 annos
1818 2495 1960 2564 facta

385 2592 460 2635 est
483 2581 585 2634 (ex.
619 2579 892 2636 Habitatio
931 2582 1161 2637 ﬁliorum
1189 2583 1385 2650 Israel,
1426 2599 1530 2654 qua
1561 2596 1880 2642 manserunt
1905 2589 1958 2642 in

387 2675 644 2746 Egypto,
681 2675 785 2730 fuit
809 2675 916 2731 450
944 2692 1228 2746 annorum,
1256 2678 1450 2748 quibus
1477 2679 1727 2748 expletis,
1769 2681 1958 2735 eadem

386 2765 472 2819 die
525 2780 775 2836 egressus
808 2775 891 2822 est
913 2768 1092 2824 omnis
1129 2771 1404 2824 exercitus
1452 2771 1664 2826 Domini
1707 2772 1772 2826 de
1812 2779 1957 2827 terra

386 2854 628 2926 Egypti,
665 2866 724 2911 ut
758 2855 1038 2926 Scriptura
1075 2867 1304 2915 testatur
1347 2861 1538 2916 Exodi.
1596 2861 1837 2929 Quorum
1877 2871 1960 2918 ta—

385 2961 509 3000 men
554 2961 818 3000 summam
864 2963 1150 3016 annorum,
1195 2952 1588 3023 chronograpbi
1632 2969 1665 3007 a
1705 2953 1772 3008 75
1815 2971 1957 3011 anno

387 3037 685 3091 nativitatis
711 3036 1003 3102 Abraham,
1033 3056 1142 3110 quo
1166 3049 1368 3095 terram
1408 3043 1842 3110 repromissionis
1877 3045 1957 3100 ln-

386 3129 568 3192 travit,
613 3138 923 3200 computant
947 3141 1235 3202 sequentes
1268 3133 1558 3190 editionem
1607 3135 1958 3207 Septuaginta

387 3218 763 3286 interpretum,
815 3234 934 3289 qua:
985 3221 1114 3276 dicit
1144 3241 1157 3276 :
1187 3221 1460 3278 Ilabitatio
1512 3236 1685 3280 autem
1724 3227 1956 3296 ﬁliorum

2062 1855 2267 1910 arctius
2287 1863 2564 1910 retentans
2588 1855 2884 1924 perfectam
2905 1856 3206 1912 doctrinam
3234 1875 3366 1915 vero
3383 1863 3646 1931 magistro

2062 1946 2396 2002 reservabat.
2429 1946 2554 2000 Non
2574 1947 2668 2001 sub
2687 1947 2973 2018 paedagogo
2998 1965 3199 2003 sumus.
3231 1949 3364 2005 Nam
3393 1953 3648 2023 perfecta:

2061 2038 2238 2093 aetatis
2267 2037 2518 2108 discipuli
2547 2053 2655 2092 non
2682 2039 2926 2110 indigent
2945 2041 3254 2112 paedagogo.
3289 2041 3480 2100 Omnes
3503 2048 3644 2100 enim

2059 2127 2162 2197 ﬁlii
2192 2127 2292 2182 Dei
2317 2129 2458 2183 estis.
2489 2128 2572 2183 Ad
2615 2129 2719 2184 hoc
2742 2129 2904 2195 valet,
2935 2145 3002 2184 ne
3033 2129 3234 2186 Gentes
3271 2133 3338 2188 de
3374 2149 3432 2188 se
3454 2135 3649 2206 despe-

2061 2228 2268 2287 rarent,
2307 2222 2436 2290 quia
2483 2236 2589 2275 non
2625 2221 3074 2276 custodiebantur
3102 2223 3202 2277 sub
3237 2224 3547 2295 paedagogo,
3591 2236 3648 2280 et

2061 2312 2183 2367 ideo
2209 2327 2268 2367 se
2299 2311 2434 2367 ﬁlios
2461 2327 2568 2366 non
2605 2319 2880 2382 putarent,
2923 2310 3019 2366 sed
3045 2326 3144 2381 per
3175 2311 3335 2367 ﬁdem
3365 2314 3639 2371 induendo

2059 2404 2336 2460 Christum
2383 2417 2570 2459 omnes
2613 2403 2751 2456 ﬁunt
2787 2402 2904 2468 ﬁlii,
2952 2417 3058 2457 non
3102 2411 3316 2469 natura,
3350 2413 3408 2457 ut
3449 2407 3644 2461 unicus

2061 2497 2154 2566 qui
2183 2497 2346 2552 etiam
2387 2495 2654 2564 sapientia
2692 2493 2790 2550 Dei
2826 2503 2941 2560 est,
2984 2501 3280 2565 praestante
3329 2494 3646 2552 mediatoris

2061 2587 2186 2653 ﬁde,
2218 2601 2380 2655 quam
2423 2586 2546 2640 ﬁdei
2584 2585 2815 2655 gratiam
2852 2600 2997 2639 nunc
3036 2586 3409 2640 indumentum
3461 2597 3642 2655 vocat,

2060 2683 2121 2730 ut
2146 2675 2364 2730 Christo
2401 2675 2573 2729 induti
2610 2674 2739 2739 sint,
2764 2674 2855 2744 qui
2885 2675 2941 2728 in
2969 2673 3243 2729 Christum
3269 2675 3641 2743 crediderunt,

2057 2774 2115 2821 et
2139 2765 2261 2820 ideo
2292 2765 2387 2819 Dei
2411 2763 2507 2818 ﬁlii
2541 2763 3195 2847 fratresque'mediatoris
3218 2763 3416 2831 eﬁ‘ecti,
3447 2767 3502 2821 in
3531 2783 3638 2838 qua

2059 2854 2166 2911 ﬁde
2191 2871 2298 2910 non
2327 2863 2413 2911 est
2439 2855 2695 2910 distantia
2718 2853 2884 2909 Judaei
2916 2870 3092 2924 neque
3119 2854 3312 2910 Grznci.

2131 2941 2255 2996 Non
2300 2952 2375 2995 est
2419 2939 2644 2994 Judtcus
2687 2957 2848 3011 neque
2889 2936 3120 2994 Grtrcus.
3159 2941 3301 2996 Ante
3335 2943 3480 2996 enim
3529 2959 3640 2999 non

2059 3033 2235 3089 solum
2279 3033 2424 3086 inter
2455 3031 2696 3086 Judaeum
2737 3040 2792 3086 et
2823 3030 3091 3095 Grzeeum,
3141 3032 3236 3086 sed
3282 3033 3446 3087 etiam
3493 3035 3642 3090 inter

2062 3129 2261 3183 tribum
2286 3135 2340 3181 et
2366 3128 2570 3181 tribum
2598 3135 2716 3181 erat
2739 3127 3027 3181 diversitas
3066 3142 3276 3198 magna.
3312 3126 3418 3182 Sed
3444 3139 3639 3183 notano

2060 3221 2204 3283 dum,
2256 3217 2400 3288 quod
2438 3219 2493 3270 in
2525 3218 2627 3271 hoc
2655 3225 2766 3272 tres
2808 3215 3159 3283 diﬁ‘erentias,
3209 3218 3422 3289 generis
3449 3218 3640 3274 videli—

385 3305 574 3371 Israel,
624 3324 782 3379 quam
827 3308 1184 3366 habitaverunt
1227 3313 1283 3368 in
1334 3313 1586 3385 Ερυριο,
1634 3326 1684 3370 et
1724 3319 1780 3373 in
1817 3328 1956 3376 ιεπα
2057 3317 2163 3374 εει,
2212 3307 2555 3373 conditionis,
2586 3316 2642 3361 et
2679 3322 2839 3362 sexus
2877 3313 3072 3376 posuit.
3123 3309 3315 3364 Omnes
3361 3311 3500 3364 enim
3545 3327 3638 3366 vos

385 3395 657 3464 Chanaan,
703 3399 803 3468 ipsi
832 3409 878 3453 et
912 3409 1084 3471 patres
1124 3419 1302 3456 eorum
1339 3406 1465 3458 anni
1503 3405 1625 3460 450.
1655 3406 1825 3474 Quam
1866 3425 1958 3465 ne-
2058 3423 2241 3460 unum.
2279 3405 2394 3458 Etsi
2422 3419 2610 3458 omnes
2641 3419 2803 3458 unum
2829 3419 3025 3473 corpus
3044 3404 3242 3459 Christi
3272 3405 3449 3460 eﬁ‘ecti
3477 3407 3634 3460 estis.

383 3489 621 3543 cessario
649 3491 974 3560 sequendam
1005 3500 1059 3545 et
1085 3492 1202 3562 ipsa
1231 3491 1499 3550 Hebraica
1541 3498 1745 3553 veritas
1775 3508 1957 3554 osten-
2055 3497 2280 3551 Abrahw
2316 3512 2490 3550 semen
2513 3495 2647 3564 ejus.
2682 3494 2751 3550 Ut
2791 3503 2900 3549 tres
2928 3495 3172 3550 haeredes
3203 3510 3308 3550 non
3335 3511 3401 3550 ex
3429 3496 3638 3551 carnali

385 3577 484 3642 dit,
512 3593 633 3648 quae
659 3587 846 3633 narrat
867 3577 1034 3635 Caath
1065 3580 1231 3636 ﬁlium
1253 3581 1404 3648 Levi,
1432 3599 1592 3654 quem
1622 3596 1805 3642 natum
1835 3604 1956 3645 esse

384 3677 596 3723 constat
615 3669 670 3723 in
695 3678 838 3726 terra
858 3670 1136 3738 Chanaan,
1164 3673 1360 3729 vixisse
1374 3691 1543 3731 annos
1560 3679 1678 3744 155,
1708 3688 1763 3734 ει
1783 3679 1955 3735 ﬁlium

385 3761 602 3814 Amram
625 3769 834 3832 patrem
855 3762 1022 3834 Moysi
1051 3780 1219 3820 annos
1237 3765 1359 3830 157,
1386 3774 1442 3820 ει
1461 3768 1636 3837 ipsum
1651 3768 1868 3840 Moysen
1885 3770 1954 3827 80

385 3849 550 3906 fuisse
602 3867 867 3907 annorum
917 3862 1156 3924 tempore
1200 3858 1522 3926 egressionis
1575 3860 1640 3914 de
1693 3859 1950 3932 Aﬁgypto,

2055 3589 2280 3654 semine,
2312 3588 2408 3642 sed
2433 3601 2499 3643 ex
2523 3586 2702 3640 divina
2733 3586 3090 3655 promissione
3119 3589 3382 3657 generati.

2671 3674 2896 3730 CAPUT
2933 3674 3021 3729 Ν.

2123 3771 2257 3826 Dico
2298 3778 2470 3823 autem
2511 3768 2746 3839 quandiu
2784 3764 3031 3836 parvulus
3059 3775 3154 3819 est.
3196 3765 3463 3821 Parvulus
3491 3767 3638 3824 ﬁlius

2054 3861 2139 3918 vel
2165 3860 2415 3931 populus,
2445 3867 2666 3929 propter
2695 3871 2856 3912 unam
2903 3854 3065 3910 ﬁdem
3113 3857 3181 3911 ad
3229 3872 3398 3910 unum
3447 3873 3637 3912 semen

383 3943 507 4010 quia
531 3943 783 3998 nimirum
808 3945 999 3998 horum
1025 3960 1292 3999 summam
1317 3963 1579 4004 annorum
1609 3959 1824 4005 constat
1850 3952 1954 4006 450
2052 3950 2286 4026 Abrahae
2315 3949 2615 4018 pertinens,
2644 3948 2739 4002 sed
2765 3946 2962 4016 partim
2992 3947 3094 4000 sub
3121 3947 3408 4017 paedagogo
3436 3946 3539 4000 fuit
3561 3962 3636 4001 ex

385 4036 608 4106 implere
652 4053 758 4091 non
803 4051 981 4105 posse.
1019 4036 1224 4091 Annuit
1263 4049 1442 4095 autem
1492 4044 1682 4098 horum
1731 4047 1954 4100 transla-

386 4128 518 4181 tioni
549 4135 603 4181 et
625 4127 933 4196 Apostolus,
962 4143 1084 4183 cum
1112 4129 1188 4183 ait
1215 4147 1229 4183 :
1258 4130 1481 4186 Abrahw
1515 4134 1668 4188 dicta
1694 4147 1816 4189 sunt
1838 4155 1954 4206 iro-

383 4216 674 4280 missiones,
716 4225 821 4272 etc.
861 4216 1088 4273 Abrahae
1117 4228 1295 4274 autem
1330 4235 1428 4289 per
1460 4226 1950 4293 repromissionem,

384 4305 437 4361 id
478 4313 576 4369 est,
607 4322 712 4362 non
738 4322 835 4378 per
877 4308 1070 4377 legem,
1117 4325 1236 4379 quae
1279 4311 1517 4366 nondum
1544 4322 1681 4378 erat,
1725 4317 1818 4370 sed
1858 4331 1955 4384 per

2054 4050 2206 4109 parte
2234 4037 2562 4103 Judzeorum,
2592 4037 2789 4107 partim
2817 4036 2916 4089 sub
2942 4034 3220 4089 elementis
3241 4035 3400 4104 hujus
3420 4035 3632 4103 mundi,

2055 4131 2250 4199 quibus
2278 4138 2531 4197 tanquam
2564 4125 3008 4198 procuratoribus
3035 4125 3344 4180 serviebant
3377 4139 3444 4178 ex
3476 4134 3637 4195 parte

2055 4221 2330 4275 Gentium.
2393 4218 2544 4274 Nihil
2605 4218 2779 4287 differt
2830 4235 2863 4270 α
2920 4233 3088 4270 seruo.
3145 4215 3280 4281 Quia
3336 4215 3478 4270 ﬁlius
3527 4217 3636 4272 sub

2057 4310 2401 4365 correctione
2456 4306 2784 4378 disciplima,
2837 4315 2922 4361 est
2961 4306 3230 4376 quomodo
3271 4320 3478 4362 servus.
3521 4305 3634 4361 Sed

385 4397 854 4467 repromissionem
896 4406 1004 4452 :ut
1037 4411 1051 4451 :
1079 4397 1148 4452 In
1203 4399 1395 4454 semine
1450 4409 1539 4453 tuo
1585 4400 1952 4456 benedicentur
1976 4400 2149 4492 Dsub
2212 4398 2567 4454 curatoribus.
2626 4396 2728 4464 Qui
2785 4398 3157 4453 litereditatem
3219 4411 3388 4467 puero
3449 4407 3636 4453 custo-

382 4506 556 4544 omnes
582 4490 788 4544 termini
818 4499 990 4544 terrm.

453 4579 591 4645 Quid
615 4580 778 4650 igitur
801 4578 922 4636 lex?
944 4589 1152 4649 propter
1178 4582 1639 4651 transgressionem
1660 4583 1828 4653 posita
1849 4594 1946 4638 est.

380 4673 424 4725 A
449 4671 620 4726 latere
647 4669 950 4724 venientem
989 4672 1340 4739 quatstionem
1367 4672 1468 4726 sibi
1506 4673 1618 4741 ipse
1652 4675 1904 4744 proponit
1932 4692 1946 4728 :

382 4761 558 4827 Quare
587 4775 715 4830 ergo
740 4759 861 4814 data
883 4767 965 4814 est
990 4759 1097 4824 lex,
1122 4760 1248 4816 dum
1273 4778 1379 4816 non
1405 4761 1494 4816 illa
1523 4765 1810 4831 promissio
1841 4773 1948 4831 est,

380 4867 482 4908 nec
515 4851 702 4921 implet
733 4849 1170 4919 promissionem,
1209 4865 1473 4920 neruoque
1503 4867 1600 4920 per
1625 4868 1743 4907 eam
1769 4853 1946 4908 salva-

382 4944 499 4998 tur?
516 4943 582 4998 ad
607 4942 750 5013 quod
778 4941 1066 5011 respondet
1095 4957 1108 4994 :
1139 4939 1245 4994 Lex
1256 4950 1467 5010 propter
1487 4943 1948 5012 transgressionem

2054 4490 2230 4544 diunt.

2123 4579 2192 4633 Et
2237 4580 2519 4634 actoribus.
2577 4578 2678 4645 Qui
2725 4594 2848 4632 eum
2889 4579 2956 4632 ad
2994 4579 3163 4633 bonos
3193 4593 3371 4632 mores
3406 4588 3629 4648 cogunt.

2050 4668 2206 4736 Item,
2241 4670 2340 4725 sub
2372 4670 2661 4734 tutoribus,
2694 4669 2776 4724 vel
2805 4669 3029 4739 angelis,
3058 4669 3141 4724 vel
3167 4670 3464 4739 prophetis,
3493 4684 3632 4738 quo-

2052 4777 2173 4815 rum
2197 4762 2380 4816 verbis
2407 4763 2462 4816 in
2497 4761 2784 4816 adventum
2819 4760 3118 4816 Salvatoris
3145 4762 3382 4831 quotidie
3407 4760 3628 4816 erudie-

2050 4853 2268 4907 bantur.

2119 4941 2230 4996 Sub
2274 4942 2536 4996 elementis
2587 4943 2745 5012 hujus
2800 4941 3003 4996 mundi.
3057 4941 3262 5009 Quibus
3318 4942 3472 5011 quasi
3521 4943 3633 4998 diis

378 5033 547 5102 posita
581 5043 678 5099 εει,
709 5042 764 5087 et
790 5032 980 5088 mortis
1017 5032 1210 5102 pignus
1253 5029 1372 5096 fuit,
1423 5032 1594 5086 donec
1622 5035 1834 5088 veniret
1869 5051 1952 5091 se-
2049 5046 2219 5100 usque
2252 5031 2319 5085 ad
2347 5031 2638 5086 adventum
2664 5030 2867 5085 Christi
2894 5031 3134 5086 Gentiles
3164 5031 3489 5086 serviebant.
3517 5031 3627 5086 Alii

379 5135 520 5176 men.
553 5121 652 5176 llic
677 5130 855 5176 autem
881 5123 1214 5192 hyperbaton
1243 5129 1347 5187 est,
1372 5137 1434 5176 ex
1463 5123 1607 5176 omni
1634 5131 1786 5192 parte
1821 5139 1951 5180 con-
2047 5122 2220 5192 legem
2262 5130 2316 5174 et
2354 5121 2568 5189 eloquia
2610 5123 3018 5191 prophetarum,
3067 5121 3262 5189 quibus
3292 5122 3450 5189 quasi
3485 5137 3626 5190 quo-

377 5210 585 5276 fusum,
625 5222 710 5266 est
737 5213 880 5266 enim
905 5214 993 5267 hic
1017 5213 1186 5268 ordo:
1219 5211 1330 5266 Lex
1355 5211 1528 5282 posita
1557 5211 1610 5265 in
1640 5228 1803 5266 manu
1839 5229 1951 5268 me-
2047 5217 2168 5270 dam
2217 5216 2502 5285 alphabeto
2543 5215 2952 5279 erudiebantur,
3003 5214 3206 5267 dicunt.
3260 5212 3485 5268 Factum
3524 5215 3624 5269 sub

378 5304 600 5359 diatoris
642 5310 860 5373 propter
886 5305 1388 5374 transgressionem,
1430 5305 1689 5373 disposita
1724 5320 1822 5372 per
1857 5321 1953 5360 an-
2046 5304 2172 5374 lege,
2209 5306 2334 5374 quia
2362 5305 2715 5360 circumcisus
2751 5314 2854 5369 est,
2887 5312 2943 5359 et
2978 5304 3154 5358 hostia
3193 5318 3292 5373 pro
3325 5304 3418 5359 illo
3441 5303 3626 5359 oblata

376 5392 540 5462 gelos.
575 5392 841 5466 Disposita
885 5407 978 5464 per
1005 5393 1234 5463 angelos.
1285 5395 1420 5461 Quia
1463 5410 1560 5465 per
1597 5395 1813 5464 angelos
1860 5396 1946 5450 lex
2046 5404 2149 5459 est,
2179 5395 2304 5463 quia
2331 5395 2375 5449 si
2405 5395 2506 5449 sub
2532 5395 2649 5464 lege
2687 5394 2862 5450 factus
2887 5411 2996 5448 non
3025 5403 3188 5459 esset,
3217 5393 3386 5450 Judaei
3416 5395 3470 5450 iu
3495 5410 3625 5450 eum

377 5482 802 5538 tninistrabatur.
849 5482 916 5537 In
941 5499 1103 5536 manu
1137 5484 1457 5538 mediatoris.
1495 5483 1629 5539 Sive
1667 5484 1857 5556 Moysi,
1886 5493 1948 5538 ut
2045 5483 2270 5537 credere
2308 5498 2414 5537 non
2464 5493 2734 5553 poterant.
2767 5483 2836 5538 Ut
2867 5484 3199 5556 adoptionem
3225 5484 3476 5554 filiorum.
3509 5483 3627 5539 Nos

374 5574 589 5643 quidam
627 5585 834 5643 putant.
867 5575 998 5630 Nam
1034 5585 1090 5629 et
1113 5575 1343 5645 Moyses,
1373 5577 1544 5641 aiunt,
1591 5578 1734 5631 inter
1774 5576 1941 5630 Deum
2046 5573 2191 5626 enim
2232 5572 2498 5627 beneﬁcio
2536 5583 2592 5628 et
2629 5574 2940 5644 dignatione
2971 5575 3355 5629 misericordia:
3379 5571 3496 5640 ejus
3523 5571 3622 5628 Dei

375 5675 432 5721 et.
468 5664 717 5737 populum
755 5665 960 5726 medius
997 5665 1127 5731 fuit;
1159 5667 1270 5721 sive
1297 5665 1516 5722 Christi.
1565 5667 1702 5720 Deus
1746 5677 1938 5721 autem.
2047 5680 2234 5720 sumus
2277 5665 2389 5718 ﬁlii.
2424 5665 2801 5733 Rcripcrcmns.
2837 5666 2949 5720 Non
2985 5666 3332 5734 accipiamus,
3364 5664 3454 5719 sed
3482 5663 3625 5718 reci-
