3982 6198
295 382 398 438 ιω

1361 379 1690 437 ῡοιιεατ.
1727 381 1797 436 IN
1833 383 2054 438 EPIST.
2095 385 2188 438 AD
2226 385 2480 441 GALA'I'.

3439 397 3538 453 190

289 502 534 571 piamus,
565 507 625 554 ut
646 497 979 569 signiﬁcaret
997 507 1056 552 et
1077 497 1179 552 hoc
1200 513 1297 553 nos
1319 498 1566 554 amisisse
1594 499 1648 553 in
1681 498 1878 557 Adam.
1905 503 1957 561 Α
1983 501 2225 556 carnales
2251 517 2350 556 vos
2376 501 2446 556 de
2469 503 2842 571 spiritualibus
2869 503 3053 561 facere
3087 517 3376 564 conantur.
3416 507 3540 566 Non

295 607 362 646 ex
397 605 508 660 quo
548 588 812 645 mortales
853 603 1061 642 sumus.
1103 587 1446 642 Clamantem.
1493 588 1603 644 Nos
1637 589 1877 646 clamare

297 682 674 737 suscitantem.
709 679 853 732 Abba
879 688 1047 749 pater.
1083 677 1424 734 Consuetudo
1451 676 1742 749 Scriptura:
1769 688 1875 745 est,

296 784 354 828 ut
391 771 684 828 Hebrzeum
716 771 944 826 verbum
973 787 1095 825 cum
1127 771 1571 840 interpretatione
1603 779 1790 841 ponat,
1817 780 1879 827 ut

299 867 351 920 in
375 863 578 919 Genesi
609 869 716 926 est,
753 861 951 915 mesech
980 860 1306 915 vernaculus.
1334 860 1449 915 Imo
1478 862 1670 932 cogniti
1696 863 1819 916 estis
1843 879 1876 916 a

299 954 430 1009 Deo.
482 953 624 1020 Quia
672 967 780 1006 non
825 951 976 1006 illum
1020 967 1116 1006 vos
1162 953 1464 1022 quaesistis,
1510 953 1604 1008 sed
1650 954 1738 1008 ille
1781 970 1876 1009 vos

297 1045 539 1116 perditos
580 1042 862 1111 requisivit
889 1060 900 1094 :
929 1057 1033 1096 non
1057 1043 1198 1110 quod
1226 1052 1353 1097 tunc
1379 1045 1718 1114 cognovisset
1755 1043 1877 1100 illos

299 1137 479 1198 Deus,
545 1132 904 1202 praecognitos
957 1131 1207 1186 videlicet
1255 1141 1380 1186 ante
1435 1133 1873 1188 constitutionem

301 1225 510 1288 mundi,
553 1225 648 1279 sed
675 1224 800 1293 quia
841 1232 971 1278 tunc
1014 1222 1118 1293 ipsi
1162 1238 1284 1278 eum
1317 1224 1459 1278 illius
1486 1240 1727 1289 munere,
1767 1241 1874 1280 non

300 1330 399 1369 suo
451 1313 649 1367 merito
686 1311 768 1366 vel
794 1309 1046 1366 facultate
1084 1321 1470 1382 cognoverant.
1508 1313 1693 1368 Maluit
1726 1314 1872 1384 Apo-

297 1403 470 1458 stolus
493 1403 700 1472 tropice
727 1402 897 1472 loqui,
925 1410 984 1457 ut
1014 1409 1140 1458 tunc
1170 1402 1237 1457 ab
1264 1403 1355 1458 illo
1379 1405 1622 1475 cognitos
1645 1405 1871 1472 diceret,

299 1509 420 1550 cum
442 1493 525 1549 eis
550 1494 986 1564 cognoscendum
1033 1510 1091 1548 se
1133 1495 1402 1566 praestitit,
1448 1505 1502 1551 et
1535 1497 1725 1551 maluit
1753 1513 1874 1553 ver-

297 1585 424 1640 bum
455 1601 614 1641 suum
641 1586 919 1656 corrigere
947 1602 1054 1655 quo
1083 1587 1220 1641 dixit
1246 1607 1257 1641 :
1289 1587 1446 1642 Nunc
1473 1598 1649 1642 autem
1678 1607 1870 1660 cogno-

297 1684 499 1729 scentes
527 1674 717 1740 Deum,
740 1675 896 1744 quasi
939 1676 1043 1730 hoc
1082 1677 1258 1731 minus
1299 1687 1446 1731 recte
1477 1678 1690 1743 dixerit,
1730 1682 1872 1750 quod

297 1765 520 1838 proprie
557 1765 792 1830 dixerat,
829 1774 885 1820 et
923 1766 1103 1821 dicere
1145 1768 1249 1820 imo
1294 1768 1487 1838 cogniti
1531 1769 1651 1822 estis
1685 1769 1749 1822 ab
1786 1786 1868 1835 ea,

299 1871 464 1927 quam
509 1856 630 1914 sine
667 1857 1011 1912 revocatione
1059 1858 1160 1913 sibi
1207 1873 1464 1927 arrogare
1532 1874 1590 1914 se
1636 1859 1873 1929 potuisse

298 1949 444 2018 quod
491 1949 572 2004 eis
607 1964 766 2020 posse
794 1949 884 2004 ille
912 1949 1228 2004 donaverat.
1265 1949 1346 2003 Ad
1379 1950 1592 2019 inﬁrma
1635 1959 1683 2004 et
1715 1967 1874 2021 egena

301 2037 575 2092 elementa.
623 2037 752 2105 Qua:
788 2053 934 2094 nunc
971 2037 1182 2094 inﬁrma
1222 2046 1275 2092 et
1304 2053 1470 2108 egena
1512 2038 1664 2104 dicit,
1711 2054 1872 2109 supe-

301 2131 413 2185 rius
448 2130 638 2185 mundi
664 2129 929 2186 elementa
968 2130 1167 2201 posuit.
1215 2129 1433 2185 lnﬁrma
1474 2139 1653 2184 autem
1688 2129 1875 2184 dicun-

300 2230 408 2285 tur,
439 2221 570 2290 quia
595 2221 727 2275 nihil
761 2229 987 2291 possunt
1020 2221 1105 2278 his
1145 2221 1238 2291 qui
1289 2236 1346 2276 se
1395 2221 1640 2276 adorant.
1685 2222 1868 2292 Egena

297 2327 452 2377 vero,
492 2315 637 2382 quod
667 2312 846 2367 divina
875 2312 1264 2382 gubernatione
1295 2321 1506 2382 egeant.
1549 2313 1671 2368 Dies
1700 2315 1874 2369 obser-

298 2403 452 2457 natis.
482 2401 622 2457 Sunt
647 2404 891 2473 quaedam
933 2418 1051 2473 quae
1091 2403 1363 2458 levissima
1390 2412 1731 2474 putarentur,
1768 2407 1872 2462 nisi

298 2494 352 2548 in
400 2492 702 2563 Scripturis
748 2495 1246 2551 demonstrarentur
1295 2496 1547 2566 opinione
1591 2499 1864 2568 graviora.

298 2583 429 2649 Quis
466 2584 767 2638 :estimaret
811 2585 955 2640 enim
998 2585 1142 2654 quod
1185 2601 1436 2656 magnum
1481 2597 1762 2657 peccatum
1804 2588 1874 2643 sit

299 2673 413 2730 dies
437 2673 735 2731 observare
758 2685 810 2731 et
835 2691 1065 2741 menses,
1095 2685 1150 2732 et
1171 2693 1340 2732 annos
1362 2687 1414 2734 et
1443 2687 1708 2748 tempora,
1734 2680 1874 2736 sicut

297 2767 588 2822 observant
636 2769 728 2838 qui
787 2769 952 2824 certis
1005 2769 1214 2836 diebus,
1265 2770 1377 2825 sive
1420 2771 1718 2838 mensibus,
1759 2772 1872 2828 sive

299 2860 478 2926 annis,
505 2861 696 2916 volunt
729 2861 810 2916 vel
841 2861 1031 2916 nolunt
1060 2861 1260 2932 aliquid
1299 2863 1571 2924 inchoare,
1625 2877 1690 2918 eo
1728 2863 1872 2932 quod

298 2952 597 3006 secundum
637 2952 909 3007 doctrinas
948 2968 1118 3008 vanas
1146 2953 1426 3008 hominum
1461 2952 1636 3008 fausta
1667 2953 1751 3009 vel
1781 2954 1870 3008 in-

299 3041 476 3095 fausta
501 3041 883 3097 existimentur
910 3050 1174 3113 tempora,
1200 3043 1303 3098 nisi
1328 3044 1451 3098 mali
1482 3042 1640 3112 hujus
1669 3044 1872 3114 magni-

297 3134 535 3188 tudinem
562 3149 630 3189 ει
663 3135 856 3191 timore
878 3135 1117 3205 Apostoli
1145 3138 1529 3206 pensaremus?
1554 3137 1646 3206 qui
1669 3137 1868 3192 talibus

296 3225 410 3279 ait:
443 3223 625 3278 Timeo
669 3240 754 3279 vos
800 3242 863 3278 nc
907 3225 1041 3294 forte
1083 3226 1194 3279 sine
1232 3243 1393 3280 causa
1430 3225 1770 3280 laboraverim
1811 3227 1867 3280 in

294 3315 458 3368 robis.
490 3313 639 3368 Nihil
670 3315 815 3370 enim
841 3314 1043 3386 profeci
1082 3331 1177 3370 vos
1219 3315 1465 3370 faciendo
1508 3313 1864 3381 Christianos,

295 3403 340 3456 si
369 3403 476 3458 ista
505 3403 704 3459 iterum
730 3405 1046 3460 observetis.

365 3493 552 3548 Estote
580 3494 714 3548 sicut
743 3503 791 3548 et
813 3508 924 3565 ego.
955 3494 1050 3549 Vel
1078 3504 1288 3550 veteres
1310 3510 1525 3552 errores
1550 3498 1863 3568 relinquite,

297 3583 442 3637 sicut
468 3590 523 3636 et
553 3597 653 3653 ego
683 3581 893 3652 reliqui,
935 3581 1020 3636 vel
1049 3583 1103 3637 in
1133 3585 1381 3639 omnibus
1421 3585 1720 3640 imitatores
1760 3587 1865 3642 mei

294 3679 488 3726 estote.
523 3669 785 3735 Quoniam
814 3680 864 3725 et
891 3688 982 3742 ego
1012 3673 1145 3726 sicut
1164 3683 1210 3726 et
1235 3689 1344 3728 vos.
1367 3674 1422 3728 Id
1442 3684 1543 3739 est,
1574 3691 1762 3730 errans
1790 3674 1865 3731 fui

294 3760 606 3830 aliquando,
642 3761 723 3816 vel
761 3761 920 3816 homo
945 3777 1062 3817 sum
1092 3763 1232 3817 sicut
1256 3772 1309 3818 et
1337 3780 1451 3820 vos.
1485 3765 1634 3819 Nihil
1663 3781 1744 3818 me
1771 3765 1864 3819 la:-

294 3853 454 3907 sistis.
488 3852 549 3907 Id
568 3861 670 3916 est,
722 3861 782 3908 nt
808 3854 1004 3909 merito
1031 3855 1293 3925 putaretis
1319 3872 1405 3910 me
1433 3857 1862 3923 inimicitiarum,

294 3956 345 3999 et
370 3962 477 4001 non
504 3945 694 4002 salutis
713 3956 908 4004 vestra:
929 3962 1093 4004 causa
1123 3949 1348 4002 moveri.
1378 3947 1546 4002 Lzedit
1571 3949 1866 4019 discipulus

296 4035 638 4104 magistrum,
661 4036 707 4091 si
737 4051 832 4107 per
858 4037 1234 4107 negligentiam
1269 4031 1421 4094 suam
1453 4048 1718 4108 praecepta
1749 4037 1867 4106 ejus

294 4125 644 4195 laboremque
692 4127 982 4195 disperdat.
1023 4125 1184 4181 Scitis
1224 4128 1347 4198 quia
1382 4143 1474 4198 per
1501 4129 1863 4198 inﬁrmitatem

296 4216 488 4270 carnis.
525 4215 619 4269 Vel
644 4217 1004 4286 passionibus,
1055 4217 1136 4272 vel
1177 4218 1361 4273 dolore
1402 4221 1679 4290 corporis;
1729 4212 1792 4277 ac
1821 4222 1865 4276 si

292 4307 534 4362 diceret:
561 4305 682 4361 Ideo
721 4307 838 4362 dico
879 4307 1021 4376 quod
1056 4324 1162 4362 non
1189 4323 1275 4364 me
1303 4308 1540 4374 lzesistis,
1580 4311 1705 4379 quia
1735 4327 1867 4380 quo-

294 4397 454 4450 modo
474 4393 630 4450 vobis
654 4397 940 4465 praedicavi
963 4398 1207 4454 inﬁrmus
1235 4398 1330 4462 fui,
1359 4406 1414 4456 et
1443 4407 1622 4454 tamen
1652 4415 1752 4455 nec
1781 4416 1867 4455 me

1974 604 2120 646 rem.
2151 592 2206 647 Id
2223 602 2332 656 est,
2357 593 2482 647 dum
2508 593 2766 650 seducere
2788 611 2882 649 vos
2905 596 3110 651 volunt.
3140 595 3208 651 Ut
3237 598 3357 654 illos
3377 617 3542 654 mu-

1973 678 2172 734 lemini.
2213 679 2272 735 Id
2317 689 2423 745 est,
2459 689 2520 734 ut
2562 683 2664 738 sub
2699 683 2830 752 jugo
2877 684 3010 754 legis
3055 688 3365 743 teneamini.
3398 687 3543 744 Cho-

1974 767 2212 820 rismata.
2249 767 2306 822 ια
2344 777 2448 833 εει,
2490 769 2648 824 dona.
2695 770 3066 825 rEmulamini.
3118 773 3176 828 ld
3219 783 3323 839 est,
3369 787 3544 832 secta-

1973 857 2127 910 mini.
2158 856 2343 911 Filioli
2385 862 2485 912 mei
2520 877 2648 930 quos
2689 862 2876 914 iterum
2925 864 3182 932 parturio.
3223 865 3279 920 Id
3315 876 3418 932 est,
3441 883 3543 938 per

1973 949 2117 1003 hanc
2146 949 2448 1018 epistolam,
2480 952 2604 1020 quia
2634 953 2785 1021 prius
2819 955 3080 1020 parturivi
3120 971 3216 1010 vos
3245 973 3343 1026 per
3377 974 3542 1014 evan-

1971 1040 2168 1109 gelium
2193 1042 2400 1112 genitos
2422 1043 2475 1096 in
2505 1043 2677 1097 lucem
2706 1045 2972 1111 veritatis,
3005 1049 3098 1102 sed
3118 1051 3294 1103 eundo
3316 1051 3368 1104 in
3395 1062 3542 1106 vete-

1972 1145 2087 1186 rem
2128 1131 2315 1204 legem,
2362 1148 2636 1202 vanasque
2682 1133 2962 1189 hominum
3005 1137 3299 1202 doctrinas,
3347 1155 3541 1194 novam

1972 1225 2160 1290 vitam,
2193 1225 2502 1297 Christique
2528 1227 2760 1283 formam
2783 1231 3122 1298 perdidistis;
3163 1233 3258 1287 sed
3281 1249 3426 1288 nunc
3445 1251 3542 1290 vos

1972 1313 2170 1368 iterum
2211 1317 2473 1384 parturio,
2512 1327 2571 1371 ut
2609 1334 2706 1388 per
2744 1321 3114 1388 paenitentiam
3158 1325 3538 1378 renascamini.

1973 1406 2042 1459 Et
2085 1417 2290 1460 mutare
2330 1425 2522 1462 vocem.
2573 1410 2631 1464 Id
2679 1419 2782 1476 est,
2830 1413 2955 1480 quia
3007 1413 3181 1484 magis
3220 1414 3339 1469 viva
3379 1430 3541 1485 quam

1971 1507 2184 1553 mortua
2214 1500 2450 1567 prodest.

2043 1587 2304 1652 Quoniam
2353 1590 2646 1658 confundor
2683 1593 2738 1646 in
2785 1593 2943 1647 vobis.
2988 1593 3368 1662 Confunditur,
3408 1599 3534 1668 quia

1974 1676 2068 1729 lilii
2108 1675 2285 1731 eﬁ‘ecti
2325 1679 2467 1731 servi
2501 1695 2618 1734 esse
2650 1690 2949 1750 coeperunt.
2986 1683 3245 1748 Quoniam
3273 1686 3537 1740 Abraham

1973 1766 2108 1819 duos
2133 1766 2271 1835 ﬁlios
2295 1766 2494 1821 habuit.
2533 1771 2691 1824 Dedit
2713 1780 2890 1825 autem
2929 1773 3168 1843 regulam
3199 1789 3266 1829 ex
3298 1777 3400 1830 hoc
3426 1775 3544 1832 loco

1901 1844 1948 1902 B
1976 1855 2285 1923 Apostolus,
2330 1856 2660 1928 intelligendi
2701 1859 3016 1930 allegoricos
3046 1864 3300 1930 rationes,
3333 1865 3545 1921 scilicet

1978 1953 2036 1998 ut
2081 1954 2332 2000 manente
2379 1947 2623 2003 historia:
2667 1950 2929 2016 veritate,
2980 1951 3177 2022 ﬁguras
3213 1953 3542 2010 Testamenti

1973 2035 2185 2091 Veteris
2232 2053 2612 2106 exponamus;
2644 2055 2769 2094 nam
2826 2056 2948 2094 cum
2998 2043 3224 2098 dixisset
3267 2045 3542 2100 Abraham

1974 2128 2110 2182 duas
2137 2144 2334 2184 uxores
2361 2131 2645 2186 verissime
2676 2131 2894 2198 habere,
2931 2141 3116 2204 postea
3146 2149 3264 2203 qua:
3298 2135 3543 2208 przeﬁgu-

1975 2217 2214 2272 raverint
2242 2217 2652 2274 demonstravit.

2046 2303 2237 2360 Unum.
2272 2307 2483 2363 Ismael.
2512 2308 2586 2364 De
2614 2309 2827 2364 ancilla.
2860 2311 2917 2366 Id
2946 2320 3048 2377 est,
3082 2313 3148 2368 de
3173 2313 3317 2385 Agar
3337 2313 3542 2385 Egyp-

1973 2397 2067 2452 tia.
2094 2397 2161 2452 Et
2193 2416 2376 2453 unum.
2415 2399 2586 2456 Isaac.
2618 2401 2901 2456 Delibera.
2937 2403 2993 2458 Id
3019 2413 3121 2470 est,
3155 2403 3312 2460 Sara.
3349 2405 3544 2460 Secun-

1971 2488 2096 2541 dum
2138 2507 2367 2544 carnem.
2406 2490 2462 2544 ld
2497 2500 2602 2556 est,
2641 2493 2938 2548 secundum
2973 2511 3127 2551 usum
3166 2499 3436 2554 carnalem
3465 2501 3541 2555 ls-

1971 2579 2112 2635 mael
2167 2589 2327 2636 natus
2378 2591 2480 2647 est,
2522 2584 2648 2652 quia
2690 2584 2962 2640 Abraham
2984 2587 3258 2643 carnalem
3288 2593 3542 2660 concupi-

1970 2669 2232 2724 scentiam
2255 2669 2307 2723 in
2321 2667 2604 2738 juventute
2629 2672 2856 2739 habens,
2874 2675 2939 2729 de
2956 2673 3176 2741 juvenili
3203 2677 3393 2731 ancilla
3417 2693 3539 2734 eum

1970 2760 2176 2832 genuit,
2202 2801 2215 2815 .
2245 2801 2259 2815 .
2285 2800 2300 2815 .
2323 2801 2338 2815 .
2367 2761 2431 2814 ,δ’
2455 2763 2597 2817 enim
2626 2765 3055 2832 repromissionis
3083 2767 3364 2821 suscitavit
3391 2768 3537 2822 illum

1970 2866 2038 2907 ex
2068 2852 2224 2906 senili
2255 2853 2645 2922 praesterilique
2688 2862 2881 2920 matre,
2931 2856 3073 2911 aliud
3110 2872 3177 2912 ex
3205 2857 3310 2912 alio
3334 2859 3538 2929 signiﬁ-

1970 2941 2174 3006 cantia,
2204 2941 2332 3009 quia
2362 2941 2454 3010 qui
2483 2941 2721 2996 litteram
2756 2944 3022 3013 sequitur,
3071 2944 3216 3000 ﬁlius
3251 2955 3334 3000 est
3360 2948 3535 3018 Agar;

1968 3037 2060 3106 qui
2105 3050 2233 3090 vero
2273 3035 2695 3106 intelligentiam
2729 3037 3093 3108 spiritualem,
3145 3038 3287 3094 ﬁlius
3331 3041 3535 3097 liberte.

1971 3125 2113 3180 Nam
2157 3127 2268 3180 ha’c
2310 3136 2431 3180 sunt
2474 3136 2800 3182 testamenta.
2846 3127 2950 3184 Per
2991 3129 3240 3185 ancillam
3273 3139 3430 3186 vetus
3455 3131 3540 3187 lex

1970 3218 2283 3288 designatur
2306 3233 2320 3272 :
2345 3234 2443 3290 per
2468 3219 2714 3286 liberam,
2741 3236 2878 3276 nova
2902 3222 3018 3287 lex;
3051 3222 3141 3276 ﬁlii
3167 3231 3345 3278 autem
3371 3224 3538 3294 Agar,

1968 3309 2064 3363 ﬁlii
2114 3309 2324 3365 Veteris
2366 3310 2499 3380 legis
2539 3319 2682 3378 sunt,
2732 3312 2784 3366 in
2832 3314 3146 3368 servitutem
3193 3315 3538 3384 generantis:

1968 3399 2063 3452 ﬁlii
2095 3408 2275 3454 autem
2315 3399 2516 3464 liberm,
2556 3400 2651 3455 ﬁlii
2690 3400 2823 3457 Novi
2854 3402 3189 3458 Testamenti
3227 3403 3538 3474 intelligun-

1971 3498 2077 3545 tur.
2131 3491 2198 3545 ln
2243 3493 2541 3546 servitutem
2587 3510 2859 3563 generous.
2905 3492 3072 3548 Judtei
3116 3501 3260 3547 metu
3289 3494 3448 3546 etiam
3483 3493 3536 3544 in

1969 3583 2218 3652 prmscnti
2251 3583 2581 3651 cogebantur
2612 3591 2672 3637 ut
2701 3585 2874 3648 snrvi;
2910 3599 3009 3637 nos
3044 3599 3171 3638 vero
3199 3582 3432 3652 prtemiis
3464 3583 3542 3635 in-

1966 3671 2204 3724 vitamur
2249 3680 2306 3724 ut
2349 3670 2523 3724 liberi.
2571 3668 2702 3725 Sina
2739 3672 2876 3725 enim
2922 3687 3069 3725 mons
3109 3681 3182 3724 est
3220 3671 3276 3724 in
3317 3669 3534 3724 Arabia.

1968 3761 2080 3817 Hoc
2104 3763 2251 3826 dicit,
2279 3763 2402 3831 quia
2430 3763 2570 3816 sicut
2591 3763 2819 3818 conﬁnis
2841 3772 2925 3818 est
2947 3764 3073 3818 Sina
3097 3772 3153 3817 et
3177 3763 3536 3830 Hierusalem,

1969 3854 2232 3907 terminus
2266 3853 2409 3907 enim
2447 3855 2618 3908 lrihus
2651 3853 2785 3907 Iuda
2820 3856 3076 3925 pertingit
3111 3855 3240 3909 Sina
3274 3864 3534 3922 montem,

1967 3943 2058 4012 qui
2096 3951 2180 3997 cst
2209 3943 2262 3996 in
2288 3952 2534 3998 extremo
2561 3944 2794 4010 Arabiae,
2837 3946 2911 3999 ita
2943 3955 3170 4016 utraque
3212 3947 3539 4002 conveniunt

1968 4037 2021 4090 in
2055 4038 2281 4106 ﬁguram
2318 4036 2488 4106 Agar,
2519 4036 2572 4090 id
2605 4045 2711 4102 est,
2749 4037 2958 4092 Veteris
3003 4039 3356 4094 Testamenti.
3396 4039 3526 4094 Sina

1968 4127 2220 4182 videlicet
2249 4127 2302 4180 in
2331 4143 2438 4197 quo
2467 4126 2554 4180 lex
2584 4127 2709 4181 data
2751 4136 2854 4194 est,
2885 4136 2940 4184 et
2969 4128 3300 4184 Hierusalem
3331 4129 3386 4183 in
3423 4145 3530 4198 qua

1967 4217 2053 4271 lex
2103 4219 2370 4273 custodita
2418 4227 2473 4273 et
2522 4219 2737 4288 impleta
2785 4227 2886 4272 εει.
2935 4217 3192 4274 Serviens.
3237 4219 3534 4274 Terrestris

1971 4307 2325 4362 Hierusalem.
2352 4306 2484 4362 Cum
2510 4309 2636 4378 ﬁliis
2662 4307 2790 4361 suis.
2819 4307 2876 4361 Id
2896 4317 2996 4373 cst,
3029 4307 3248 4364 Judzeis.
3286 4309 3417 4364 Item
3444 4323 3534 4364 se.

1970 4400 2203 4453 cundum
2249 4399 2591 4454 Ambrosium
2641 4407 2763 4468 apta
2815 4406 2899 4452 est
2948 4399 3241 4454 similitudo
3287 4401 3433 4470 Agar
3465 4399 3534 4454 ad

293 4494 422 4539 tunc
468 4485 705 4552 laesistis,
756 4501 928 4557 neque
967 4488 1265 4558 sprevistis,
1307 4488 1398 4544 sed
1433 4489 1562 4542 mihi
1597 4491 1861 4560 compassi
1889 4517 1942 4576 D
1971 4489 2138 4543 Vetus
2189 4490 2614 4555 Testamentum,
2647 4504 2711 4544 eo
2739 4487 2881 4561 quod
2921 4488 2976 4542 in
3017 4488 3106 4542 illo
3135 4490 3204 4542 sit
3239 4489 3363 4542 data
3394 4489 3532 4552 loco,

292 4579 442 4632 estis.

363 4667 431 4720 Et
474 4668 812 4722 tentationem
841 4677 1081 4724 vestram.
1120 4670 1333 4725 Tentati
1386 4679 1512 4726 sunt
1557 4671 1701 4726 enim
1741 4687 1863 4726 cum

294 4761 722 4828 persecutionem
783 4770 1058 4831 pateretur
1125 4763 1453 4833 Apostolus,
1523 4774 1701 4819 utrum
1765 4767 1859 4821 de—

294 4857 534 4904 sererent
594 4866 754 4916 eum,
799 4866 865 4904 an
917 4852 1182 4908 charitate
1239 4855 1733 4924 amplecterentur;
1806 4866 1860 4910 et

294 4939 463 4993 dicit:
495 4939 678 5008 Neque
730 4941 1033 5011 sprevistis,
1078 4950 1139 4996 ut
1178 4957 1283 4997 non
1324 4943 1667 5012 susciperetis
1712 4959 1860 4998 com-

293 5029 601 5084 munionem
632 5030 856 5099 periculi
883 5031 986 5084 mei
1015 5045 1028 5082 :
1054 5032 1274 5100 grandis
1312 5032 1492 5102 itaque
1524 5033 1748 5088 tentatio
1781 5033 1866 5086 di-

295 5120 490 5187 scipuli
519 5127 627 5184 εει,
654 5121 700 5175 si
729 5121 812 5174 vir
837 5127 1055 5180 sanctus
1078 5131 1169 5174 aut
1192 5119 1511 5188 inﬁrmctur,
1540 5131 1632 5177 aut
1653 5123 1868 5193 impune

297 5208 542 5263 lmdatnr.

363 5298 498 5363 Qua:
542 5315 666 5368 ergo
705 5307 780 5356 est
826 5299 1096 5358 beatitudo
1145 5301 1349 5355 uestra?
1382 5299 1477 5355 Vel
1505 5299 1590 5354 illa
1621 5315 1779 5369 quam
1809 5299 1862 5354 in

293 5388 443 5442 vobis
481 5389 534 5442 in
578 5389 748 5446 initiis
776 5389 1080 5454 laudabam,
1115 5406 1258 5448 nunc
1286 5390 1428 5444 nulla
1464 5398 1566 5444 est.
1601 5389 1863 5454 Quoniam

290 5478 333 5529 si
364 5478 485 5545 ﬁeri
523 5488 697 5545 posset
726 5477 904 5533 oculos
933 5479 1216 5533 eruissetis.
1260 5479 1373 5534 Hoc
1401 5480 1743 5550 hyperbolice
1770 5495 1866 5548 pro

294 5569 531 5622 maxima
591 5568 879 5624 dilectione
927 5569 1128 5623 dictum
1171 5578 1272 5626 est.
1337 5567 1524 5623 Verum
1570 5569 1867 5639 pradicaus

290 5656 446 5710 vobis.
483 5655 602 5712 Non
635 5657 896 5728 quidquid
929 5673 1136 5721 verum,
1185 5659 1279 5714 sed
1330 5665 1391 5711 ut
1438 5672 1543 5713 non
1584 5659 1866 5713 circumcio

295 5747 510 5812 dantur.
539 5748 893 5806 xEmulantur
931 5768 1036 5807 ros.
1080 5750 1135 5807 I-J
1164 5759 1268 5818 est,
1306 5751 1540 5808 invident
1575 5748 1746 5818 vobis,
1779 5751 1868 5822 qui

1972 4580 2063 4648 qui
2109 4579 2255 4634 locus
2296 4579 2361 4634 ad
2405 4587 2619 4649 gentem
2661 4580 2897 4649 pertinet
2941 4578 3105 4644 illam,
3145 4578 3288 4632 unde
3323 4587 3440 4633 erat
3480 4587 3532 4632 et

1970 4669 2116 4737 Agar
2143 4687 2154 4722 :
2186 4667 2330 4738 Agar
2359 4669 2502 4724 enim
2532 4668 2786 4739 .Egyptia
2817 4677 2954 4734 erat,
2998 4676 3052 4724 et
3096 4676 3272 4722 tamen
3304 4684 3368 4722 ex
3401 4667 3534 4722 Ara-

1969 4760 2056 4813 bia
2103 4759 2300 4824 fuerat,
2346 4759 2600 4829 quoniam
2640 4775 2744 4813 non
2796 4759 3004 4815 modica
3051 4773 3180 4830 pars
3222 4757 3440 4827 IEgypIi
3479 4757 3533 4810 in

1966 4852 2161 4906 Arabia
2204 4852 2644 4907 concludebatur.
2693 4851 2827 4905 Nam
2863 4852 3007 4922 quod
3050 4852 3220 4905 dicit:
3251 4849 3430 4920 Afﬁnis
3459 4861 3534 4903 est

1966 4941 2100 5010 ejus,
2125 4942 2216 5010 qui
2237 4958 2373 4995 nunc
2401 4951 2476 4994 est
2511 4940 2860 5005 Hierusalem,
2893 4942 2958 4995 de
2983 4938 3129 5010 Agar
3154 4940 3368 5004 dicitur,
3396 4954 3531 5010 quo-

1968 5033 2111 5086 niam
2138 5030 2224 5084 illa
2247 5047 2364 5100 qua:
2390 5033 2528 5101 apud
2550 5047 2648 5085 nos
2669 5040 2753 5085 est
2775 5029 3129 5094 Hierusalem,
3160 5029 3262 5082 hoc
3281 5037 3382 5094 est,
3409 5045 3528 5099 qua:

1967 5121 2020 5173 in
2053 5120 2247 5176 sarculo
2283 5121 2384 5176 hoc
2413 5135 2534 5174 esse
2569 5120 2800 5182 videtur,
2843 5122 3047 5186 aequam
3083 5116 3339 5170 virtutem
3368 5115 3533 5172 habet

1968 5210 2034 5263 ad
2061 5209 2224 5279 Agar.
2255 5209 2390 5263 Sara
2420 5218 2594 5263 autem
2635 5205 2968 5262 Hierusalem
3007 5207 3283 5262 cmlestem
3327 5207 3530 5278 signiﬁ-

1967 5305 2072 5353 cat.
2101 5297 2253 5364 Quod
2279 5306 2458 5351 autem
2487 5298 2615 5352 dicit
2641 5315 2651 5349 :

2038 5385 2108 5439 Et
2132 5387 2286 5440 servit
2316 5401 2433 5438 cum
2460 5385 2583 5454 ﬁliis
2606 5385 2733 5439 suis.
2766 5385 2881 5441 Non
2913 5386 2976 5440 de
3000 5385 3143 5456 Agar
3164 5385 3313 5448 dicit,
3345 5383 3439 5439 sed
3460 5382 3531 5440 ad

1968 5483 2351 5530 testamentum
2396 5475 2537 5543 quod
2571 5475 2753 5528 datum
2785 5475 2947 5530 estin
2981 5474 3109 5529 Sina
3150 5474 3345 5544 redigit
3374 5473 3522 5529 illud.

1971 5563 2102 5629 Quae
2148 5573 2322 5618 autem
2367 5581 2577 5618 sursum
2614 5575 2689 5619 est
2728 5565 3078 5620 Hierusalem.
3124 5565 3181 5619 Id
3223 5573 3324 5628 est,
3369 5579 3531 5635 quam

1969 5657 2331 5729 prmﬁguravit
2361 5655 2496 5712 Sara
2523 5673 2644 5714 cum
2676 5658 2805 5721 ﬁlio,
2836 5658 2919 5712 vel
2945 5658 3238 5729 spiritualis
3265 5657 3530 5719 Ecclesia,

1973 5765 2091 5820 quae
2141 5758 2314 5806 mater
2355 5757 2458 5815 est,
2501 5758 2608 5806 tam
2643 5748 2933 5806 Gentilium
2976 5750 3340 5812 credentium,
3371 5763 3532 5818 quam
