3982 6198
433 308 529 367 191

1812 308 2082 367 SEDULII
2128 308 2325 369 SCOTI

3561 309 3668 367 192

434 425 598 479 etiam
648 420 978 487 Iudaeorum,
1024 422 1178 491 cujus
1228 422 1322 476 lilii
1376 422 1519 477 servi
1568 436 1688 478 esse
1735 438 1838 479 nou
1868 438 1995 492 pos-
2021 419 2285 485 Asaltus,
2333 420 2581 491 regiones
2633 420 2928 486 consumit;
2984 421 3143 479 unius
3192 421 3412 491 pecudis
3456 421 3672 491 scabies

434 514 762 570 suntzhene
805 519 984 567 autem
1036 512 1185 566 addit
1241 513 1634 582 sursum,thia
1687 511 1996 577 Christiana

436 605 675 660 Ecclesia
708 618 802 673 spe
829 611 883 656 ct
917 602 1325 657 conversatione
1354 602 1561 658 caalesti
1584 602 1852 657 desiderio
1875 603 2001 658 sub—

437 694 732 755 levabatur,
755 703 812 746 ut
832 701 1009 747 nostra
1029 693 1351 747 conversatio
1375 693 1428 746 in
1451 692 1588 750 ccelis
1609 702 1682 746 est
1706 689 1872 763 (Phil.
1889 692 1995 763 tu).

436 785 677 853 Quatuor
722 785 924 853 ﬁgura},
969 791 1028 838 ut
1058 784 1307 849 historia,
1354 784 1629 853 allegoria,
1679 783 2000 855 tropologia,

438 888 699 943 auagoge,
741 874 846 928 hoc
886 872 1000 929 solo
1033 874 1252 928 nomine
1282 874 1422 942 quod
1451 882 1536 927 est
1563 873 1900 933 Hierusalem
1928 876 2003 931 si-

434 965 774 1034 gniﬁcantur.
800 964 934 1019 Nam
953 964 1244 1020 secundum
1275 965 1558 1021 historiam
1588 966 1779 1021 civitas
1801 973 1884 1022 est
1903 964 2001 1019 Ju-

433 1053 708 1120 dazorum;
769 1056 1062 1115 secundum
1110 1054 1424 1125 allegoriam
1468 1055 1709 1113 Ecclesia
1761 1054 1995 1123 Christi;

436 1144 730 1199 secundum
766 1159 1040 1215 anagogen
1077 1143 1269 1198 civitas
1311 1143 1407 1197 Dei
1443 1143 1534 1199 illa
1571 1143 1842 1209 ctelestis,
1882 1160 2002 1214 qua:

435 1241 515 1286 est
544 1242 720 1287 mater
750 1234 987 1287 omnium
1011 1241 1290 1310 nostrum;
1326 1234 1617 1288 secundum
1647 1233 2001 1305 tropologiam

436 1325 613 1377 anima
647 1324 901 1388 hominis,
933 1338 1052 1393 qua:
1087 1322 1398 1391 frequenter
1417 1324 1520 1377 hoc
1549 1324 1766 1378 nomine
1792 1333 1887 1377 aut
1919 1324 2001 1376 in.-

433 1422 704 1482 crcpatur,
750 1421 844 1467 aut
887 1412 1137 1466 laudatur
1172 1428 1203 1466 a
1242 1412 1490 1467 Domino.
1534 1411 1741 1467 La’tare
1781 1412 1996 1468 sterilis.

434 1504 547 1558 lloc
583 1505 635 1557 in
665 1505 800 1559 Isaia
829 1505 1086 1573 scriptum
1111 1511 1195 1559 est
1219 1502 1373 1574 (Isai.
1410 1503 1540 1573 Liv).
1569 1502 1685 1558 IIoc
1713 1512 1891 1559 autem
1917 1505 2001 1559 vel

433 1594 686 1649 Ecclesiae
728 1609 793 1649 ex
832 1595 1119 1659 Gentibus,
1157 1595 1239 1649 vel
1279 1594 1614 1651 Hierusalem
1641 1595 1847 1651 caelesti
1875 1612 2003 1652 con-

431 1694 685 1755 gruenter
712 1693 929 1755 aptatur
958 1704 969 1739 :
995 1694 1223 1757 utraque
1247 1688 1393 1741 enim
1421 1686 1622 1740 sterilis
1647 1694 1786 1751 erat,
1815 1687 2001 1743 Eccle-

2101 520 2274 566 totum
2322 510 2557 566 maculat
2602 524 2841 582 gregem.
2875 508 2954 563 Ita
2999 509 3249 565 doctrina
3293 524 3550 580 perversa
3602 514 3671 568 ab

2099 614 2208 657 uno
2240 599 2540 669 egrediens,
2574 598 2774 653 multos
2810 597 3014 653 invadit
3055 606 3323 655 auctores.
3365 597 3674 656 Fenncntat

2102 684 2325 762 [Ζυμοη.
2360 687 2476 744 Νοη
2507 697 2568 743 ut
2595 689 2733 743 male
2765 689 2817 743 in
2848 688 3054 744 Latinis
3091 689 3390 756 codicibus,
3437 707 3675 747 corrum-

2098 778 2195 850 pit.
2225 777 2337 848 Ego
2365 780 2570 847 conﬁdo
2605 779 2668 835 de
2701 778 2841 833 vobis
2880 779 2935 833 in
2978 779 3221 834 Domino.
3265 778 3382 833 Non
3412 795 3509 849 per
3537 796 3671 835 con—

2093 865 2382 938 jecturam,
2410 868 2503 923 sed
2529 869 2717 938 spiritu
2746 869 3062 939 prophetico
3088 872 3418 940 pronuntiat,
3450 871 3674 930 Galatas

2101 957 2171 1012 ad
2214 958 2454 1014 veritatis
2495 960 2635 1013 viam
2679 974 3011 1015 reversuros.
3051 960 3203 1015 Nihil
3231 961 3378 1016 aliud
3405 964 3571 1034 sapio.
3613 964 3675 1018 Id

2099 1056 2204 1117 est,
2236 1049 2340 1104 nisi
2374 1050 2518 1121 quod
2546 1050 2712 1106 doceo
2749 1063 2847 1120 per
2887 1051 3188 1121 epistolam.
3228 1051 3286 1106 Si
3318 1051 3675 1108 circumcisio-

2102 1157 2215 1195 nem
2243 1142 2493 1211 prtedico.
2524 1141 2640 1198 Hoc
2665 1142 2787 1199 ideo
2813 1143 2965 1209 dicit,
3010 1144 3135 1213 quia
3174 1143 3391 1213 quidam
3432 1160 3500 1199 ex
3540 1145 3673 1217 ipsis

2100 1231 2372 1299 dicebant,
2414 1233 2556 1303 quod
2586 1233 2786 1287 Paulus
2826 1234 3141 1289 observaret
3181 1233 3671 1301 circumcisionem,

2101 1320 2230 1375 dum
2264 1323 2601 1379 circumcidit
2634 1324 2999 1379 Timotheum.
3051 1321 3194 1394 Ergo
3244 1334 3551 1378 evacuatum
3595 1334 3674 1380 est

2100 1410 2411 1466 scandalum
2433 1414 2624 1469 crucis.
2652 1412 2745 1468 Vel
2766 1413 3076 1468 scandalum
3097 1412 3239 1482 quod
3256 1414 3433 1483 patior
3450 1422 3673 1484 propter

2099 1501 2535 1571 praedicationem
2563 1503 2740 1558 crucis
2765 1513 3082 1558 evacuatum
3104 1510 3207 1567 est,
3238 1502 3284 1556 si
3313 1518 3419 1557 non
3448 1517 3672 1561 crucem

2100 1591 2355 1661 praedico,
2385 1592 2478 1647 sed
2509 1593 2995 1649 circumcisionem.
3029 1590 3244 1647 Utinam
3270 1593 3667 1651 abscinduntur.

2103 1678 2217 1736 Hoc
2244 1692 2350 1747 est,
2387 1682 2592 1738 utinam
2619 1698 2649 1737 a
2673 1681 2815 1736 malo
2848 1682 2902 1736 in
2927 1682 3128 1737 bonum
3154 1690 3558 1748 convertantur,
3587 1682 3675 1738 vel

432 1778 512 1832 sia
537 1779 752 1847 quidem
790 1777 1067 1843 Gentium,
1100 1756 1242 1849 quod
1277 1796 1378 1835 nec
1412 1778 1723 1849 spirituales
1748 1796 1845 1850 per
1868 1781 1999 1850 hap.
2026 1756 2073 1816 Β
2101 1771 2304 1825 utinam
2348 1772 2476 1826 totis
2522 1773 2701 1843 potius
2747 1772 2992 1827 virilibus
3045 1774 3157 1827 suis
3201 1781 3526 1839 castrentur,
3578 1775 3672 1844 qui

435 1869 654 1923 tismum
689 1867 827 1922 titius
856 1870 964 1923 Deo
1002 1870 1239 1939 peperit;
1279 1886 1381 1926 nec
1410 1888 1517 1927 non
1544 1872 1783 1929 etnlestis
1812 1870 2000 1926 llieru-

434 1960 603 2014 salem
650 1959 965 2029 apostaticis
1012 1961 1216 2031 angelis
1256 1962 1541 2030 derelicta,
1588 1963 2002 2033 hominibusque

433 2066 601 2104 vacua
630 2065 800 2144 usque
831 2049 898 2104 ad
925 2050 1214 2106 adventum
1232 2050 1535 2109 Salvatoris
1561 2053 1764 2109 sterilis
1788 2067 2002 2123 perma-

436 2144 616 2198 nebat.

508 2233 638 2299 Qua:
676 2251 780 2289 non
818 2235 982 2305 paris.
1026 2233 1132 2289 Pro
1173 2251 1280 2291 non
1324 2235 1592 2305 pariebas.
1642 2234 1892 2305 Erumpe.
1942 2235 2001 2290 In

432 2324 704 2395 gaudium.
732 2322 801 2377 Et
830 2321 1022 2377 clama.
1050 2322 1105 2377 Id
1130 2331 1233 2387 est,
1264 2324 1316 2379 in
1344 2324 1471 2379 tuba
1499 2324 1777 2389 doctrinm,
1806 2323 1887 2379 vel
1906 2321 1998 2391 ju-

433 2413 542 2468 bilo
562 2413 760 2467 laetitiae
783 2413 1015 2468 exsulta.
1040 2414 1292 2479 θείω-ιω,
1322 2414 1374 2468 id
1396 2423 1502 2476 est,
1530 2415 1801 2471 Ecclesiae.
1830 2414 2001 2480 Quam

433 2504 568 2572 ejus,
614 2504 666 2558 id
699 2513 805 2569 est,
847 2520 1154 2576 synagogas,
1196 2504 1280 2560 vel
1324 2506 1599 2561 terrestris
1640 2504 1997 2561 Hierusalem.

435 2591 566 2658 Quae
594 2593 746 2648 habet
770 2595 961 2659 virum,
992 2594 1044 2649 id
1070 2604 1176 2660 est,
1205 2610 1512 2652 sermonem
1538 2595 1690 2667 legis.
1720 2594 2003 2667 Perseque-

432 2683 586 2737 batur
623 2699 764 2749 eum,
818 2682 873 2738 id
917 2692 1021 2749 est,
1072 2681 1343 2740 Isaaczln
1391 2683 1587 2741 Genesi
1638 2685 1854 2753 quidem
1897 2686 2003 2743 hoc

432 2773 698 2842 scriptum
724 2782 847 2829 est:
882 2772 1019 2839 Quia
1058 2773 1241 2829 luserit
1276 2792 1395 2829 cum
1427 2774 1583 2830 Isaac
1622 2773 1817 2830 Ismae'l
1844 2772 1996 2846 (Gen.

429 2865 568 2935 xm).
600 2863 705 2920 Sed
722 2865 1011 2934 Apostolus
1039 2868 1294 2933 ostendit,
1345 2883 1453 2922 non
1494 2866 1792 2936 simplicem
1823 2866 2000 2922 lusum

430 2955 619 3022 fuisse,
661 2972 821 3026 quem
852 2958 1282 3025 persecutionem
1313 2958 1548 3029 appellat
1574 2975 1586 3011 :
1613 2972 1776 3012 unum
1805 2956 1999 3013 intelli-

432 3045 597 3116 gitur,
629 3047 757 3114 quia
787 3047 1069 3105 scurrilrm
1096 3063 1222 3103 eum
1245 3056 1301 3104 et
1325 3049 1517 3111 levem,
1546 3048 1687 3105 sicut
1714 3049 1828 3119 ipse
1854 3055 1994 3115 erat,

431 3134 612 3190 facere
633 3135 904 3204 cupiebat,
925 3152 992 3190 ne
1018 3136 1091 3190 illi
1113 3145 1293 3206 posset
1315 3139 1369 3194 in
1391 3138 1705 3194 haereditate
1728 3138 1993 3207 praeferri,

431 3225 553 3294 ipeo
577 3224 851 3281 Abraham
887 3225 954 3282 de
988 3226 1253 3297 ejiciendo
1281 3242 1348 3285 eo
1393 3242 1580 3284 vocem
1610 3226 1759 3284 Sara:
1779 3228 2000 3299 jubetur

432 3315 640 3368 audire.

504 3403 804 3460 Secundum
830 3406 1091 3476 spiritum.
1134 3406 1191 3464 Id
1229 3416 1333 3475 est,
1365 3408 1660 3463 secundum
1685 3407 2001 3479 promissio-

433 3513 554 3552 nem
582 3504 637 3550 et
665 3501 921 3554 virtutem
965 3500 1205 3569 spiritus.
1248 3499 1338 3555 Ita
1376 3508 1425 3554 et
1453 3516 1609 3553 nunc.
1647 3498 1762 3555 Hoc
1788 3506 1893 3564 est,
1923 3500 2000 3555 ita

438 3596 492 3642 et
521 3588 609 3642 isti
639 3603 825 3645 servos
865 3588 965 3644 sibi
998 3588 1204 3645 similes
1230 3604 1326 3644 vos
1360 3588 1540 3644 facere
1574 3589 1834 3643 nituntur.
1877 3587 2000 3643 Non

426 3680 570 3731 enim
597 3678 762 3734 lateres
787 3680 905 3733 erit.
939 3679 1031 3735 Sic
1056 3678 1153 3734 lilii
1179 3680 1609 3736 circumcisionis
1633 3678 1896 3734 increduli
1919 3687 2002 3734 at-

428 3782 537 3836 que
563 3766 827 3833 haeretici,
857 3783 981 3822 cum
1003 3766 1129 3824 ﬁliis
1155 3768 1344 3839 gratiae
1372 3766 1507 3824 Novi
1532 3766 1864 3823 Testamenti
1887 3766 1999 3822 ha:-

431 3857 590 3911 redes
615 3872 724 3910 non
757 3865 936 3915 erunt.

1042 3947 1270 4005 CAPUT
1311 3949 1377 4005 ν.

512 4035 678 4093 State.
708 4037 766 4091 Id
792 4045 897 4102 est,
920 4038 973 4091 in
1000 4036 1103 4090 fide
1124 4037 1419 4107 Evangelii.
1445 4036 1684 4091 Christus
1706 4038 1847 4091 vobis
1872 4036 2002 4092 nihil

428 4127 682 4198 proderit.
713 4124 773 4180 Si
809 4124 981 4179 solum
1023 4125 1172 4179 iilum
1217 4125 1287 4180 ad
1324 4126 1551 4180 salutem
1586 4135 1823 4181 vestram
1857 4123 2002 4179 sulii-

427 4230 553 4269 cere
583 4230 687 4269 non
715 4213 934 4283 putetis.
968 4211 1229 4281 Quoniam
1250 4214 1452 4269 debitor
1473 4222 1548 4268 est
1571 4213 1823 4269 universae
1852 4212 1997 4285 legis.

428 4305 532 4372 Qui
569 4312 729 4375 caput
769 4319 993 4375 operum
1040 4306 1197 4378 legis,
1251 4307 1335 4361 vel
1376 4307 1844 4362 circumcisionem
1882 4322 2001 4362 sus-

434 4395 601 4465 cipit,
648 4410 873 4451 necesse
919 4404 1004 4452 est
1048 4405 1109 4452 ut
1154 4406 1352 4452 czetera
1418 4396 1657 4451 membra
1708 4397 1996 4463 sustineat,

433 4501 501 4541 ne
555 4486 916 4541 maledictioni
973 4485 1269 4556 subjaccat.
1327 4484 1441 4541 Nos
1491 4486 1626 4540 enim
1677 4487 1732 4541 in
1787 4488 1996 4558 spiritu.

431 4577 526 4635 Vel
550 4576 814 4649 spirituali
842 4576 1014 4647 gratia
1040 4584 1095 4632 et
1120 4566 1550 4643 conversatione,
1578 4592 1686 4633 non
1714 4577 1913 4633 littera.

503 4668 684 4741 Neque
724 4670 1056 4740 praeputium.
1096 4669 1154 4723 Id
1192 4675 1293 4734 est,
1343 4683 1414 4723 ne
1453 4668 1649 4739 aliquis
1675 4669 2001 4741 praeputium

416 4767 642 4815 tantum
687 4756 932 4812 sufﬁcere
972 4766 1192 4827 putaret
1248 4758 1664 4815 circumcisione
1715 4767 1996 4813 evacuata.

430 4846 750 4903 Currebatis.
775 4844 833 4902 Id
859 4854 961 4913 est,
1008 4846 1133 4902 ﬁdei
1178 4846 1449 4916 passibus.
1499 4845 1782 4902 Persuasio
1829 4857 2001 4902 vestra

431 4932 538 4993 non
560 4954 624 4992 ex
645 4955 703 4993 eo
729 4945 822 5001 est,
862 4938 952 5009 qui
980 4955 1066 4992 vos
1097 4938 1314 4992 vocavit.
1344 4935 1630 4992 Persuasio
1662 4937 1796 5002 haec,
1837 4953 2001 5008 quam

434 5043 578 5085 nunc
602 5027 905 5097 sequimini,
938 5043 1044 5082 non
1071 5034 1154 5082 est
1193 5041 1262 5081 ex
1291 5041 1357 5081 eo
1388 5026 1477 5096 qui
1510 5026 1564 5079 in
1602 5026 1867 5097 principio
1908 5043 2005 5085 vos

432 5118 680 5182 vocavit,
717 5119 809 5172 sed
843 5133 909 5174 ex
948 5118 1034 5173 his
1076 5117 1166 5188 qui
1200 5124 1388 5187 postea
1435 5131 1529 5169 vos
1575 5116 1998 5172 conturbarunt:

430 5209 548 5267 Non
581 5220 638 5264 ut
661 5212 799 5266 male
823 5213 879 5267 in
902 5211 1111 5269 Latinis
1149 5213 1425 5269 codicibus
1472 5211 1687 5282 legitur,
1729 5215 2002 5284 persuasio

431 5312 600 5359 t‘cslra
624 5302 815 5358 εει-1)εο
840 5314 936 5358 est.
967 5303 1232 5359 Modicum
1255 5304 1567 5375 fermentum
1589 5313 1749 5359 totam
1772 5322 2000 5360 massam

432 5393 729 5461 fermentat.
787 5392 866 5448 Ne
908 5394 1030 5464 quis
1085 5393 1464 5449 diceret:Cur
1510 5408 1698 5448 omnes
1751 5395 1997 5464 corripis.

432 5498 555 5537 cum
585 5499 691 5537 non
719 5499 907 5540 omnes
928 5484 1279 5539 erraverunt?
1300 5483 1544 5538 Ostendit
1569 5484 1710 5552 quod
1732 5484 2001 5539 modicum

433 5572 639 5626 erroris
682 5572 1010 5627 fermentum
1065 5579 1234 5627 totum
1273 5572 1441 5642 possit
1477 5571 1729 5628 Ecclesia:
1765 5586 1996 5628 massam

434 5680 799 5741 corrumpere.
832 5667 1003 5722 Parva
1031 5664 1260 5722 scintilla
1282 5666 1481 5721 nitnuia
1509 5666 1677 5734 urbis,
1710 5665 1999 5721 latissimos

2021 3096 2069 3162 C

2023 4446 2079 4507 Β

2101 1859 2367 1915 modicam
2404 1863 2649 1933 corporis
2674 1863 2754 1917 sui
2781 1871 2987 1933 partem
3011 1862 3325 1918 circumcidi
3349 1862 3669 1933 praedicant.

2098 1948 2292 2016 Aliter,
2331 1952 2536 2007 utinam
2567 1952 2746 2021 aliqua
2783 1952 3021 2006 vindicta
3057 1952 3191 2005 tales
3222 1968 3252 2006 a
3279 1952 3430 2008 vobis
3453 1950 3675 2022 penitus

2101 2047 2444 2110 separentur,
2475 2056 2542 2095 ne
2564 2056 2661 2096 vos
2686 2041 2829 2097 ultra
2850 2042 3191 2107 conturbent.

2182 2126 2282 2185 Vos
2311 2130 2446 2183 enim
2476 2131 2531 2184 in
2560 2129 2851 2185 libertatem
2887 2131 3053 2191 vocati
3094 2132 3237 2183 estis.
3293 2128 3477 2189 Potest
3519 2128 3674 2185 locus

2101 2218 2206 2274 iste
2231 2219 2311 2275 sic
2349 2220 2541 2277 melius
2576 2219 2874 2290 explanari,
2906 2219 3059 2290 quasi
3088 2234 3253 2272 unum
3283 2233 3477 2288 corpus
3502 2233 3562 2272 sc
3591 2217 3674 2271 in-

2101 2310 2274 2363 vicem
2305 2309 2669 2379 complectcns
2706 2318 2762 2364 et
2801 2324 2908 2363 non
2946 2308 3278 2377 discrepans.
3324 2306 3576 2373 Fratres,
3607 2306 3674 2360 de

2100 2400 2344 2454 servitute
2386 2398 2512 2469 legis
2556 2400 2722 2453 vocati
2761 2400 2903 2453 estis.
2946 2398 3004 2453 In
3042 2398 3346 2454 libertatem
3383 2397 3671 2469 evangelii.

2103 2487 2279 2544 Unum
2318 2488 2545 2542 obsecro
2582 2502 2694 2550 vos,
2738 2501 2805 2541 ne
2835 2486 3084 2542 libertate
3123 2503 3223 2557 pro
3269 2486 3487 2542 licentia
3537 2487 3675 2540 abu-

2103 2579 2294 2633 tamini
2320 2620 2335 2646 ,
2394 2566 2638 2648 detisque
2689 2579 3029 2634 occasionem
3094 2579 3246 2634 carui
3295 2588 3349 2633 et
3401 2578 3668 2642 luxurire;

2101 2668 2230 2738 quin
2281 2670 2459 2740 potius
2501 2669 2726 2735 discite,
2779 2670 2906 2739 quia
2956 2669 3179 2725 libertas
3223 2669 3337 2724 hare
3385 2667 3557 2737 major
3601 2670 3678 2723 sit

2101 2760 2353 2815 servitus.
2395 2760 2479 2814 An
2514 2759 2600 2815 lex
2630 2759 2698 2815 ab
2727 2759 2914 2815 invitis
2954 2761 3312 2830 extorquebat
3349 2758 3673 2828 obsequium

2100 2850 2239 2907 hoc?

2172 2942 2278 2996 Per
2297 2943 2608 2999 charitatem
2639 2944 2780 2999 vobis
2807 2945 3048 2999 serviatis
3077 2945 3319 2999 invicem.
3337 2943 3443 2998 Vos
3465 2948 3674 3008 autem,

2100 3032 2319 3099 fratres,
2339 3044 2628 3106 propterea
2648 3036 2941 3091 secundum
2963 3035 3133 3108 legem
3154 3034 3486 3106 spiritualem
3508 3034 3677 3088 debe-

2099 3122 2171 3178 tis
2207 3123 2407 3188 vivere,
2440 3131 2502 3178 ut
2527 3124 2794 3180 desideria
2829 3126 3010 3181 carnis
3034 3141 3142 3180 non
3177 3124 3488 3197 perﬁciatis.
3529 3124 3675 3179 Caro

2098 3216 2245 3271 enim
2282 3214 2453 3286 frigus
2496 3216 2670 3282 timet,
2716 3216 2858 3273 fame
2896 3226 3206 3272 attenuatur
3230 3226 3286 3271 et
3313 3216 3527 3288 vigiliis,
3560 3224 3669 3272 etc.

2098 3305 2143 3360 E
2170 3312 2362 3361 contra
2388 3307 2608 3377 spiritus
2635 3322 2757 3377 qua:
2794 3308 2944 3363 carni
2982 3308 3254 3363 contraria
3288 3315 3413 3364 sunt
3445 3308 3671 3377 expetit.

2098 3399 2179 3454 Ita
2220 3398 2300 3463 ﬁt,
2333 3405 2392 3452 ut
2434 3413 2544 3454 non
2589 3398 2711 3454 ideo
2749 3399 2876 3469 quia
2921 3397 3022 3453 sub
3063 3399 3323 3453 servitute
3364 3398 3499 3468 legis
3549 3411 3675 3453 esse

2100 3489 2388 3556 cessastis,
2418 3489 2619 3560 putetis
2655 3504 2752 3544 vos
2776 3504 2895 3543 esse
2924 3489 3141 3556 liberos,
3185 3490 3313 3559 quia
3349 3505 3454 3544 non
3486 3489 3675 3544 statim

2101 3578 2203 3634 etsi
2233 3578 2319 3633 lex
2347 3594 2456 3633 non
2485 3579 2711 3649 imperat
2738 3588 2931 3633 natura
2974 3579 3225 3644 cessavit,
3267 3595 3374 3634 non
3412 3580 3557 3634 enim
3598 3578 3674 3632 ita

2100 3671 2166 3727 de
2216 3671 2473 3727 servitute
2502 3671 2555 3724 in
2582 3670 2888 3726 libertatem
2933 3671 3109 3726 vocati
3158 3686 3365 3737 sumus,
3412 3678 3473 3725 ut
3515 3671 3672 3726 carni

2101 3766 2417 3821 serviamus.
2450 3763 2556 3818 Sed
2579 3780 2671 3834 per
2701 3762 3011 3817 charitatem
3051 3762 3285 3833 spiritus.
3332 3761 3389 3816 ltl
3429 3771 3533 3827 est,
3564 3778 3675 3818 non

2101 3854 2406 3927 superbiam
2437 3852 2649 3907 insinuo
2681 3852 2780 3907 sub
2805 3852 2984 3922 specie
3008 3851 3298 3917 libertatis,
3330 3853 3425 3907 sed
3453 3861 3677 3922 sponta-

2101 3960 2261 3999 neum
2291 3942 2412 3998 volo
2442 3957 2563 3998 esse
2592 3942 2896 3996 servitium.
2925 3940 3077 4007 Quod
3107 3942 3154 3996 si
3183 3941 3450 3994 mordctis.
3483 3940 3538 3995 ld
3564 3949 3674 4005 est,

2100 4034 2316 4088 oculum
2358 4033 2645 4089 reddentes
2672 4048 2772 4104 pro
2796 4032 2976 4098 oculo,
3016 4031 3100 4087 vel
3136 4031 3543 4100 blasphemiam.
3589 4030 3678 4086 Ne

2101 4127 2164 4178 ab
2192 4124 2408 4179 invicem
2439 4123 2896 4179 consummamini.
2936 4123 2994 4177 Id
3028 4132 3131 4188 est,
3185 4136 3252 4176 ne
3290 4120 3483 4190 aliquis
3511 4119 3678 4175 alicui

2101 4230 2263 4270 causa
2292 4215 2486 4270 mortis
2509 4215 2726 4271 existat.
2757 4213 2962 4285 Spiritu
2988 4212 3271 4267 ambulate.
3299 4211 3357 4266 Id
3386 4220 3487 4275 est,
3518 4212 3679 4282 spiri-

2103 4302 2335 4359 tualibus
2362 4302 2648 4359 desideriis
2676 4311 2731 4359 et
2758 4303 3032 4374 operibus.
3068 4301 3202 4356 Caro
3242 4301 3557 4379 concupiscit
3581 4303 3679 4355 ad-

2104 4410 2276 4448 versus
2329 4395 2594 4465 spiritum.
2651 4393 2771 4449 Non
2810 4395 2952 4463 quod
2995 4409 3123 4450 caro
3157 4393 3275 4448 sine
3320 4388 3498 4451 anima
3545 4408 3680 4449 con-

2103 4491 2362 4561 cupiscat,
2392 4490 2488 4546 sed
2517 4490 2632 4561 ipsa
2659 4488 2858 4556 anima,
2884 4489 3138 4559 quoniam
3175 4487 3413 4545 carnalia
3449 4487 3679 4558 cogitat,

2103 4596 2231 4636 caro
2276 4582 2475 4637 dicitur
2501 4598 2513 4633 :
2539 4581 2795 4652 quoniam
2842 4596 2973 4637 vero
3008 4581 3330 4652 spiritualia,
3376 4595 3513 4636 unus
3549 4595 3677 4636 cum

2102 4667 2215 4723 Deo
2248 4667 2310 4723 lit
2338 4668 2581 4739 spiritus.
2614 4668 2747 4725 Item
2782 4685 2906 4723 caro
2937 4669 3255 4741 concupiscit
3284 4668 3531 4722 adversus
3567 4668 3683 4739 spi-

2102 4758 2283 4824 ritum,
2323 4759 2428 4814 hoc
2455 4767 2538 4814 est
2562 4757 2858 4830 Scriptura:
2880 4773 3111 4816 carneus
3148 4758 3453 4814 intellectus
3484 4757 3681 4813 adver-

2103 4864 2197 4905 sus
2231 4851 2542 4922 allegoriam
2574 4851 2930 4923 spiritualem.
2955 4850 3014 4905 ln
3037 4851 3143 4906 hoc
3170 4850 3290 4906 loco
3313 4863 3533 4906 carnem
3567 4864 3679 4905 non

2104 4941 2399 5008 hominem,
2443 4941 2529 4997 vel
2558 4958 2665 4998 non
2691 4940 2929 4997 hominis
2957 4940 3333 5004 substantiam,
3365 4939 3459 4994 sed
3487 4938 3683 4993 volun-

2105 5040 2269 5087 tatem
2299 5034 2479 5087 carnis
2502 5040 2558 5088 et
2580 5032 2845 5088 desideria
2868 5032 3101 5104 pessima
3126 5030 3383 5085 debemus
3406 5028 3676 5098 accipere,

2106 5124 2247 5179 sicut
2283 5124 2533 5192 spiritum
2564 5137 2672 5178 non
2698 5122 2933 5193 aliquam
2964 5119 3339 5182 substantiam,
3364 5116 3460 5171 sed
3483 5117 3681 5173 anima:

2107 5213 2375 5269 desideria
2416 5213 2557 5268 bona
2595 5220 2651 5267 et
2684 5211 2984 5283 spiritualia
3015 5210 3319 5279 designare,
3346 5222 3507 5279 quem
3535 5207 3680 5265 idem

2107 5304 2391 5374 Apostolus
2411 5304 2660 5374 superius
2680 5304 2959 5358 evidenter
2978 5300 3263 5373 expressit,
3286 5301 3360 5355 ita
3383 5300 3678 5371 incipiens:

2108 5393 2239 5447 Dico
2272 5394 2387 5458 hac,
2423 5393 2611 5464 spiritu
2655 5392 2945 5459 ambulate,
2996 5404 3043 5445 et
3090 5391 3353 5445 desideria
3398 5390 3573 5446 carnis
3615 5406 3683 5444 ne

2105 5486 2411 5556 perﬁciatis.
3484 5532 3495 5540 .

2181 5573 2333 5641 Quod
2366 5577 2413 5629 si
2438 5576 2625 5646 spiritu
2648 5576 2926 5642 ducimini,
2955 5592 3057 5630 non
3084 5576 3205 5630 estis
3228 5572 3322 5629 sub
3346 5572 3454 5642 lege
3484 5568 3679 5641 Spiri-

2112 5663 2261 5732 tuali,
2290 5664 2370 5720 vel
2405 5663 2607 5737 Spiritu
2633 5673 2838 5721 sancto.
2866 5663 3152 5735 Manifesta
3175 5673 3345 5719 autem
3374 5670 3495 5716 sunt
3519 5673 3679 5730 opera
