3982 6198
260 269 366 325 195

1333 258 1665 316 COLLECT.
1706 259 1775 314 IN
1813 258 2032 314 EPIST.
2072 259 2165 314 AD
2200 260 2452 317 GALAT.

3403 263 3505 318 I94

254 382 461 438 cernis.
510 377 605 434 [Iis
640 383 852 432 tantum
890 374 1176 431 manifesta
1207 383 1355 440 sunt,
1385 375 1479 445 qui
1520 375 1575 429 in
1618 373 1835 429 Christo
1863 374 1913 431 A
1938 374 2059 429 bus.
2108 373 2295 444 Legem
2327 373 2542 429 Christi.
2589 373 2702 428 Lex
2741 373 2943 429 Christi
2982 375 3224 431 cbaritas
3246 384 3347 438 est,
3398 388 3499 431 ut:

256 472 512 527 credunt.
541 466 772 523 Plurimi
813 466 1010 536 quippe
1046 464 1329 535 gentilium
1364 465 1421 518 in
1449 464 1561 519 suis
1604 463 1836 534 ignomi-

257 561 366 615 niis
413 557 735 629 gloriantur.
787 553 889 609 Hic
936 568 1103 624 opera
1145 554 1326 609 carnis
1373 554 1546 624 magis
1582 554 1839 609 videntur

256 652 391 707 mihi
412 647 807 719 ad.simplicem
829 660 1070 711 carnem,
1083 654 1140 702 et
1161 646 1385 716 spiritus
1402 646 1833 716 intelligentiam,

254 757 425 812 quam
451 739 524 795 ad
547 753 772 795 carnem
812 736 948 807 legis
976 776 992 800 ,
1037 742 1095 791 et
1136 736 1395 804 parvulos
1420 735 1476 790 in
1505 733 1727 792 Christo
1755 750 1839 790 re-

254 829 410 884 ferri.
463 827 818 883 Adulterium.
869 823 1151 894 Superﬂue
1197 824 1252 878 in
1301 823 1509 880 Latinis
1555 824 1837 881 codicibus

254 921 473 992 legitur,
498 918 843 973 adulterium.

320 1007 659 1062 Fornicatio.
710 1007 759 1061 Δ
803 1004 1044 1075 legitimo
1088 1004 1340 1077 coniugio
1374 1004 1682 1061 declinatio.
1721 1005 1834 1060 Im-

252 1099 540 1154 munditia.
565 1097 641 1154 Ut
663 1097 890 1153 masculi
920 1098 973 1151 in
1000 1097 1270 1152 masculos
1293 1096 1684 1167 turpitudinem
1706 1113 1835 1168 ope-

255 1199 466 1246 rantes.

321 1279 588 1334 Luxuria.
624 1276 755 1344 Quae
780 1277 836 1331 in
857 1276 991 1331 duas
1028 1276 1257 1346 species,
1291 1276 1348 1331 in
1375 1276 1555 1348 gulam
1579 1285 1636 1331 et
1664 1277 1834 1332 forni—

255 1372 527 1427 cationem
569 1366 852 1423 dividitur.
887 1366 1014 1420 Irae.
1059 1366 1205 1421 Inter
1250 1367 1584 1422 iracundiam
1610 1377 1666 1422 et
1696 1369 1833 1422 iram

257 1467 361 1520 hoc
383 1464 629 1524 interest,
647 1460 792 1529 quod
820 1459 1111 1514 iracundus
1133 1470 1369 1527 semper,
1393 1460 1562 1513 iratus
1582 1475 1680 1528 pro
1704 1468 1836 1514 tem-

252 1569 386 1625 pore
405 1552 732 1608 concitatur.
755 1548 1114 1616 Quaerendum
1136 1557 1220 1603 est
1243 1532 1514 1618 quomodo
1533 1550 1649 1603 hmo
1669 1563 1834 1618 opera

254 1645 437 1700 carnis
473 1649 659 1708 vocat,
691 1652 817 1696 cum
860 1639 1028 1694 multa
1059 1654 1126 1693 ex
1155 1639 1241 1693 bis
1280 1639 1444 1693 etiam
1485 1640 1681 1692 animae
1726 1639 1835 1692 sint

1938 463 2250 518 Mandatum
2288 480 2477 519 novum
2506 464 2573 516 do
2601 463 2764 517 vobis.
2797 463 2939 519 Nam
2968 465 3013 518 si
3050 467 3166 536 quis
3206 481 3272 519 ea;
3303 464 3497 520 Israel.

1936 554 2039 622 Qui
2064 571 2124 610 se
2153 563 2310 626 putat
2336 570 2444 609 non
2484 570 2643 625 posse
2684 557 2903 619 tentari,
2950 557 3064 611 sive
3089 558 3181 626 qui
3210 557 3329 625 plus
3355 559 3420 612 de
3446 573 3505 613 se

1935 645 2173 700 laudanti
2196 662 2253 701 se
2276 662 2438 716 quam
2454 647 2801 701 conscientias
2821 647 3013 702 credit.
3032 644 3165 700 Cum
3180 648 3310 701 nihil
3322 649 3409 702 sit.
3427 649 3506 703 Eo

1937 737 2054 806 ipso
2100 752 2207 806 quo
2237 751 2500 806 arrogans
2520 744 2621 792 est.
2663 736 2877 791 Probet.
2914 737 2973 791 Id
3011 746 3125 803 est,
3158 739 3503 794 conscientia:

1936 828 2246 883 testimonio
2270 828 2561 881 examinet.
2583 826 2649 881 In
2665 828 2958 897 semetipso.
2976 827 3032 881 Id
3054 836 3157 891 est,
3179 828 3232 882 in
3253 844 3351 882 sua
3373 844 3506 883 con-

1936 918 2184 973 scientia.
2226 917 2295 971 Et
2322 934 2426 971 non
2455 918 2514 970 in
2540 916 2726 971 altera.
2764 917 2819 969 Id
2845 927 2947 981 est,
2981 919 3037 971 in
3067 917 3291 972 alterius
3316 919 3506 971 adula-

1935 1009 2100 1062 tione.
2131 1008 2335 1061 Bonum
2364 1007 2508 1061 enim
2541 1007 2764 1061 alterius
2790 1022 2895 1060 non
2928 1006 3075 1060 illum
3098 1006 3337 1075 adjuvat,
3365 1006 3508 1061 sicut

1936 1113 2038 1152 nec
2066 1098 2264 1152 malum
2292 1100 2407 1167 ejus
2445 1097 2592 1151 illum
2628 1096 2876 1151 infuscat.
2910 1094 3055 1151 Onus
3083 1114 3234 1149 suum
3252 1098 3501 1169 portabit.

1935 1187 1993 1242 Id
2014 1195 2113 1249 est,
2141 1188 2231 1255 qui
2262 1187 2524 1241 meruerit
2559 1187 2872 1250 vindictam,
2920 1186 3204 1240 sustinebit
3241 1200 3384 1249 eam,
3423 1187 3499 1240 sic

1935 1286 1990 1333 et
2012 1279 2102 1348 qui
2118 1277 2417 1347 praemium.
2444 1277 2808 1331 Communicat
2833 1286 3007 1330 autent
3031 1279 3076 1330 is
3096 1278 3186 1347 qui
3210 1279 3505 1331 catechiza-

1936 1377 2041 1422 tur.
2078 1367 2340 1436 Superius
2363 1367 2679 1437 spirituales
2701 1369 2981 1432 docuerat,
3011 1374 3070 1420 ut
3097 1368 3422 1422 instruerent
3452 1369 3505 1423 in

1935 1463 2128 1533 spiritu
2166 1462 2444 1526 lenitatis;
2494 1476 2639 1516 nunc
2676 1461 3119 1517 imbecillioribus
3162 1462 3409 1530 imperat,
3448 1470 3510 1515 ut

1936 1551 2077 1604 sicut
2117 1549 2221 1618 ipsi
2268 1564 2297 1603 a
2339 1549 2613 1620 magistris
2662 1549 2962 1618 Spiritualia
3003 1559 3242 1613 metunt,
3283 1550 3360 1604 sic
3394 1565 3510 1604 ma-

1935 1638 2122 1709 gistris
2186 1638 2427 1693 carnalia
2484 1637 2776 1706 przebeant.
2838 1636 3019 1692 Nolite
3077 1655 3274 1693 errare.
3324 1638 3402 1695 Ac
3460 1642 3506 1695 si

253 1748 437 1806 opera,
467 1732 634 1787 sicuti
655 1732 758 1795 ira,
788 1736 844 1785 et
867 1737 1061 1784 caetera
1088 1728 1306 1784 similia.
1330 1730 1517 1798 Itaque
1539 1744 1648 1798 quo
1676 1730 1836 1784 modo
1863 1724 1911 1783 B
1938 1729 2133 1799 aliquis
2170 1729 2373 1783 diceret
2401 1745 2413 1782 :
2446 1728 2563 1783 Non
2596 1728 2768 1782 habeo
2803 1728 2945 1782 unde
2982 1728 3187 1783 doctori
3212 1743 3332 1783 meo
3361 1744 3506 1784 com-

257 1838 405 1889 caro,
437 1823 496 1876 id
519 1831 626 1887 est,
653 1820 874 1875 carnale
908 1820 1233 1875 desiderium
1267 1827 1474 1887 regnat,
1508 1819 1672 1874 etiam
1704 1819 1826 1873 ani-

255 1927 357 1967 mm
398 1922 566 1982 opera
608 1910 682 1964 illi
726 1910 1092 1979 deputantur:
1123 1909 1392 1978 quomodo
1430 1922 1561 1964 vero
1608 1908 1831 1978 spiritus

254 2010 469 2072 regnat,
496 2000 546 2054 si
575 2014 685 2069 qua
712 1996 855 2053 bona
887 2012 1051 2069 opera
1084 2014 1212 2054 caro
1241 1997 1454 2063 fecerit,
1476 2000 1531 2053 in
1566 1998 1830 2054 fructibus

252 2093 478 2162 spiritus
520 2088 861 2161 reputantur.
912 2088 1064 2145 Sicut
1110 2089 1353 2160 praedixi.
1408 2088 1543 2144 Cum
1590 2104 1832 2160 praesens

253 2187 397 2240 inter
422 2199 524 2239 vos
552 2198 723 2238 eram.
756 2180 988 2236 Fructus
1011 2182 1229 2252 spiritus
1262 2190 1339 2236 est
1372 2181 1622 2235 charitas.
1660 2181 1835 2237 Mater

256 2278 309 2330 in
352 2275 553 2346 primis
596 2274 781 2329 debuit
840 2273 1135 2328 numerari.
1190 2270 1476 2327 Gaudium.
1518 2269 1828 2342 Spirituale.

255 2363 392 2419 Pa.
427 2363 612 2418 Etiam
639 2378 764 2418 cum
788 2362 1094 2417 odientibus
1128 2374 1339 2431 pacem.
1373 2358 1659 2414 Patientia.
1694 2359 1829 2415 Mul-

255 2462 336 2508 tas
360 2454 596 2524 injurias
616 2454 887 2522 patienter
909 2452 1199 2507 sustinere.
1226 2450 1559 2523 Benignitas.
1601 2450 1830 2523 Semper

252 2545 386 2600 bene
408 2544 551 2601 velle
570 2543 777 2600 facere.

317 2633 561 2689 Bonitas.
601 2628 811 2689 Bonum
853 2634 1032 2691 facere
1068 2635 1336 2691 omnibus.
1374 2634 1654 2690 Modestia.
1686 2635 1828 2691 Nulli

244 2724 506 2795 iniuriam
546 2722 810 2798 irrogare.
858 2725 1089 2780 Lenitas.
1132 2724 1243 2781 Nec
1279 2725 1440 2781 laesus
1471 2726 1655 2781 irasci.
1689 2724 1829 2780 Con-

250 2815 487 2868 tinentia.
509 2813 570 2869 In
595 2814 718 2871 cibo
741 2822 796 2871 et
815 2815 1081 2886 coniugio.
1109 2814 1358 2870 Castitas.
1388 2813 1685 2886 Virginitas
1706 2830 1828 2870 cor-

244 2906 393 2974 poris
430 2911 493 2958 et
523 2905 743 2960 mentis;
800 2905 1061 2960 Adversus
1104 2906 1408 2976 hujusmodi
1455 2909 1665 2961 virtutes
1716 2924 1822 2961 non

248 3003 319 3048 est
353 2994 462 3048 lex.
499 2991 619 3049 Non
655 2988 799 3049 enim
837 2996 942 3051 iSta
972 2996 1054 3051 lex
1079 2994 1346 3067 prohibet,
1374 2997 1471 3050 sed
1495 2997 1587 3067 qui
1619 2996 1816 3053 talibus

1937 1821 2229 1875 municem.
2254 1819 2396 1875 Deus
2422 1836 2526 1874 non
2551 1820 2838 1874 deridetur.
2866 1819 2987 1890 Ipse
3022 1821 3124 1875 scit
3148 1822 3192 1876 si
3223 1822 3406 1887 habes,
3434 1838 3503 1877 an

1935 1924 2040 1963 non
2049 1949 2062 1963 .

2006 1998 2138 2065 Quae
2161 2000 2298 2054 enim
2321 2001 2651 2056 seminaverit
2672 2001 2845 2056 homo.
2878 2002 3118 2057 Roborat
3152 2017 3246 2058 eos
3282 2004 3349 2057 ad
3377 2019 3508 2060 con-

1920 2091 2315 2146 siderationem
2352 2106 2538 2147 earum
2564 2102 2744 2147 rerum
2770 2104 2905 2163 quas
2930 2109 3034 2148 non
3061 2093 3263 2163 vident,
3290 2109 3388 2165 per
3414 2110 3507 2151 eas

1933 2193 2068 2250 quas
2080 2180 2282 2235 vident.
2301 2179 2369 2235 In
2389 2189 2545 2235 carne
2556 2197 2674 2235 sua.
2695 2181 2749 2237 ld
2766 2193 2866 2249 est,
2888 2185 2941 2238 in
2971 2183 3277 2238 carnalibus
3301 2183 3508 2239 deside-

1932 2264 2047 2323 riis.
2076 2268 2184 2322 Aut
2207 2270 2263 2323 in
2287 2285 2444 2323 carne
2474 2286 2594 2335 sua,
2623 2271 2675 2325 id
2705 2280 2810 2338 est,
2840 2273 2893 2327 in
2915 2273 3139 2328 avaritia
3165 2273 3368 2328 carnali
3400 2289 3506 2328 non

1930 2360 2376 2414 communicando
2431 2360 2658 2414 doctori.
2703 2360 2782 2415 De
2838 2379 2995 2416 carne
3035 2373 3210 2418 metet.
3264 2364 3339 2419 De
3392 2364 3508 2434 ipsa

1931 2449 2179 2504 avaritia.
2209 2448 2626 2522 Corruptionem.
2659 2452 2717 2507 ld
2751 2461 2850 2517 est,
2898 2454 3255 2509 defectionem
3295 2455 3507 2509 divitia-

1931 2552 2073 2592 rum.
2104 2537 2171 2591 ln
2199 2539 2406 2608 spiritu.
2438 2539 2492 2594 ld
2538 2548 2642 2605 est,
2691 2541 2745 2595 in
2805 2542 3173 2610 spiritualibus
3202 2543 3504 2608 desideriis,

1929 2630 2016 2686 vel
2051 2629 2106 2685 in
2142 2629 2406 2700 spirituali
2456 2630 2723 2701 largitate.
2776 2632 2935 2687 Metet
2984 2636 3162 2687 vitam.
3214 2627 3516 2705 Largilatis'

1931 2722 2360 2778 retributionem.
2398 2722 2521 2776 Non
2569 2723 2883 2791 deﬁcientes.
2932 2723 3330 2780 Indeﬁcientem
3360 2726 3506 2781 enim

1920 2812 2192 2883 justitiam
2214 2813 2529 2870 ind‘eiiciens
2541 2815 2821 2884 praemium
2848 2815 3226 2884 subsequitur:
3246 2815 3337 2886 qui
3360 2818 3505 2870 enim

1922 2907 2292 2975 perseverarit
2322 2920 2491 2976 usque
2521 2908 2576 2962 in
2601 2906 2784 2974 linem,
2814 2908 2993 2963 salvus
3015 2908 3138 2962 erit.
3162 2908 3243 2961 Ad
3260 2908 3508 2963 domesti-

1934 3012 2020 3050 cos
2068 2997 2210 3065 ﬁdei.
2257 2994 2593 3053 Domesticos
2648 2999 2771 3054 Iidei
2827 2998 3167 3069 supradictus
3218 3001 3506 3072 magistros

242 3082 447 3151 pollent
489 3089 657 3154 ευριπ
686 3084 860 3156 legem
890 3092 1048 3139 sunt.
1090 3084 1194 3151 Qui
1233 3094 1406 3139 autem
1444 3094 1566 3139 sunt
1607 3085 1824 3153 Christi,
1854 3080 1900 3142 C
1933 3088 2248 3144 nominavit.
2294 3088 2473 3144 Videte
2493 3090 2733 3161 qualibus
2757 3092 2943 3147 litteris
2973 3095 3158 3163 scripsi
3178 3111 3293 3148 mea
3320 3111 3502 3149 manu.

249 3187 454 3226 amem
474 3191 632 3228 suam
652 3175 1121 3249 σηισὶβπετιιηιηεὶ
1139 3178 1322 3232 omnia
1351 3178 1512 3233 simul
1537 3179 1668 3233 vitia
1699 3188 1828 3234 sunt

249 3264 529 3331 erueiiixa,
557 3267 604 3321 si
631 3276 685 3321 et
713 3274 841 3323 caro
869 3269 1023 3338 Quasi
1050 3271 1291 3340 pendens
1313 3271 1366 3325 in
1390 3271 1535 3342 ligno
1561 3288 1669 3327 non
1697 3288 1827 3329 con-

248 3354 503 3423 ulpiscit,
528 3355 601 3409 ad
631 3358 762 3426 quid
785 3366 868 3414 est
901 3360 1058 3416 nobis
1087 3361 1175 3416 lex
1197 3362 1521 3428 necessaria,
1552 3378 1672 3433 quae
1699 3362 1824 3420 data

247 3449 329 3498 ut
353 3444 425 3499 ad
453 3445 590 3501 vitia
620 3450 962 3504 coercenda?

849 3607 1077 3665 CAPUT
1127 3608 1216 3666 Vl.

311 3733 373 3791 Si
397 3744 581 3793 autem
598 3740 785 3810 spiritu
800 3742 1035 3798 vivimus.
1062 3738 1175 3800 Hoc
1194 3752 1296 3810 est,
1322 3745 1366 3800 si
1383 3746 1718 3816 spiritualcm
1738 3748 1817 3802 vi-

244 3832 352 3881 tam
392 3828 695 3896 habemus,
738 3827 1100 3899 spiritualitcr
1141 3850 1560 3901 conversemur,
1614 3844 1669 3890 et
1715 3853 1823 3891 non

241 3918 347 3988 legi
376 3921 675 3976 carnaliter
706 3920 1023 3979 serviamus.
1053 3925 1235 3982 Inanis
1258 3926 1443 3999 gloriae
1464 3929 1689 3999 cupidus
1714 3937 1820 3993 est,

243 4011 332 4078 qui
387 4010 620 4068 alterius
665 4015 914 4083 quamvis
963 4033 1147 4073 veram
1200 4019 1502 4075 doctrinam
1558 4035 1823 4077 evacuare

242 4107 490 4155 conatur.
549 4099 908 4160 Provocantes
961 4107 1095 4163 alios
1149 4110 1205 4163 in
1254 4113 1411 4165 iram.
1471 4112 1817 4183 lnstigantes.

242 4185 484 4256 Fratres,
515 4191 617 4245 etsi
664 4204 949 4265 occupatus
988 4197 1356 4266 fuerit/torno.
1389 4200 1505 4257 Hoc
1533 4203 1640 4257 illis
1670 4204 1818 4270 dicit,

243 4281 331 4349 qui
376 4298 490 4338 non
540 4283 759 4340 fuerant
804 4291 1071 4358 persuasi,
1110 4300 1169 4347 ut
1208 4304 1512 4363 praeventas
1553 4297 1824 4368 corrigant

244 4380 547 4428 mansuete.
592 4373 945 4433 Consideran‘s
983 4381 1223 4451 teipsum.
1253 4382 1353 4459 Hic
1383 4383 1583 4440 Paulus
1606 4385 1674 4439 ab
1703 4384 1823 4440 aliis

243 4464 511 4534 arguitur,
547 4467 693 4537 quod
723 4476 844 4538 post
867 4471 1131 4540 pluralem
1172 4474 1501 4543 singularem
1538 4491 1822 4532 numerum

242 4553 456 4621 posuit;
501 4555 598 4610 sed
630 4563 808 4612 tamen
855 4557 1112 4616 Hebraeus
1154 4562 1209 4617 in
1249 4564 1542 4619 vernaculo
1578 4565 1827 4621 doctissi-

245 4658 358 4699 mus
381 4645 688 4715 profundos
727 4662 919 4704 sensus
952 4651 1130 4707 aliena
1163 4654 1467 4723 exprimere
1503 4654 1685 4724 lingua
1717 4670 1827 4710 non

245 4735 399 4799 valet,
420 4752 526 4792 nec
548 4739 779 4794 curabat
801 4756 1125 4812 magnopere
1147 4745 1213 4800 de
1233 4746 1438 4812 verbis,
1458 4761 1581 4801 cum
1605 4762 1825 4802 sensum

246 4824 467 4883 haberet
489 4829 543 4883 in
570 4837 710 4886 tuto.
745 4830 831 4886 Ne
855 4842 904 4887 et
930 4843 988 4886 tu
1015 4837 1249 4891 tenteris.
1282 4837 1419 4904 Quia
1439 4846 1495 4892 et
1516 4838 1631 4909 ipse
1657 4840 1819 4895 homo

245 4930 363 4971 eum
382 4918 479 4985 sis,
510 4929 669 4992 potes
694 4922 748 4977 in
775 4923 957 4993 aliquo
980 4928 1292 4995 praeveniri,
1318 4937 1374 4984 et
1394 4928 1663 4998 adiutorio
1686 4931 1825 4987 indi-

244 5016 388 5075 gere,
412 5009 554 5064 sicut
580 5010 699 5066 sani
726 5012 977 5070 infirmos
1007 5018 1296 5086 sustinent,
1318 5025 1372 5074 et
1398 5029 1641 5076 mortuos
1668 5036 1822 5092 sepe-

243 5094 398 5164 liunt,
414 5100 541 5171 quia
564 5112 618 5158 et
642 5104 743 5175 ipsi
766 5102 1035 5161 inﬁrmari
1055 5114 1111 5163 et
1133 5110 1270 5164 mori
1296 5125 1456 5179 posse
1485 5127 1544 5166 se
1569 5111 1817 5167 credunt.

248 5184 468 5246 Invicem
492 5207 653 5249 onera
678 5204 854 5251 vestra
879 5206 1105 5267 portate.
1130 5197 1520 5269 Compatiendo
1545 5202 1820 5272 peccanti-

1932 3175 2215 3247 Intelligite
2252 3180 2297 3234 si
2334 3180 2453 3236 istac
2486 3180 2677 3236 litteras
2719 3183 2993 3238 carnalem
3031 3184 3503 3241 circumcisiouem

1930 3268 2160 3339 probant
2186 3285 2253 3324 an
2280 3287 2409 3326 non.
2440 3270 2522 3326 Ab
2559 3273 2663 3327 hoc
2707 3272 2825 3329 loco
2852 3284 3022 3343 usque
3047 3274 3115 3330 ad
3155 3275 3314 3330 linem
3341 3291 3505 3331 manu

1931 3374 2028 3415 sua
2069 3361 2304 3430 scripsit,
2342 3363 2633 3419 ostendens
2661 3365 2938 3433 superiora
2989 3366 3056 3421 ab
3106 3366 3284 3436 aliquo
3328 3374 3501 3421 arata.

2004 3453 2310 3526 Quicunque
2351 3457 2554 3527 placere
2590 3457 2785 3512 volunt.
2827 3458 2883 3513 Id
2931 3466 3035 3524 est,
3074 3460 3381 3528 quicunque
3416 3457 3506 3513 Juo

1930 3546 2058 3601 datis
2081 3544 2390 3601 carnalibus
2416 3546 2631 3616 placere
2656 3548 2980 3601 desiderant.
3017 3546 3084 3601 In
3111 3564 3285 3602 carne.
3318 3548 3375 3602 Id
3398 3556 3502 3612 est,

1930 3637 1983 3691 in
2002 3637 2184 3691 littera
2214 3636 2438 3691 carnali.
2482 3635 2607 3692 Non
2640 3636 2926 3703 patiantur.
2977 3634 3198 3690 Scilicet
3223 3651 3253 3690 a
3282 3633 3500 3691 «ludatis.

1932 3724 2001 3779 Ut
2036 3727 2093 3781 in
2130 3735 2299 3780 vestra
2355 3742 2511 3780 carne
2555 3725 2863 3794 glorientur.
2901 3724 3013 3779 Hoc
3046 3734 3167 3788 est,
3216 3725 3281 3778 de
3338 3739 3503 3779 carne

1924 3820 2106 3869 ‘veStra
2130 3813 2446 3867 circumcisa
2470 3813 2681 3867 laudem
2711 3813 2850 3882 apud
2874 3810 3086 3868 Iudaeos
3109 3813 3360 3877 habeant,
3389 3814 3503 3869 sive

1929 3905 2074 3974 quod
2118 3902 2410 3973 discipulos
2439 3902 2507 3956 ad
2554 3917 2613 3956 se
2658 3902 2945 3956 traxerint.
2996 3900 3118 3957 Nisi
3147 3903 3200 3956 in
3245 3920 3414 3959 cruce.
3443 3902 3503 3958 Id

1927 4001 2030 4060 est,
2060 3994 2115 4049 in
2161 4008 2323 4049 carne
2369 4001 2548 4048 vestra
2596 3992 2885 4064 gloriabor,
2918 4008 3019 4049 nec
3049 3994 3103 4047 in
3145 4010 3264 4050 mea
3308 3995 3505 4050 doctri-

1928 4102 1995 4140 na
2016 4127 2031 4151 ,
2071 4086 2166 4140 sed
2198 4084 2253 4139 in
2278 4083 2381 4139 ﬁde
2417 4083 2594 4162 crucis
2615 4123 2629 4146 ,
2670 4096 2768 4153 per
2811 4097 2975 4151 quam
3003 4083 3137 4137 mihi
3162 4083 3344 4139 omnia
3372 4099 3503 4154 pec-

1927 4181 2047 4229 cata
2085 4174 2302 4230 dimissa
2343 4181 2490 4239 sunt,
2539 4180 2597 4227 ut
2633 4188 2734 4244 ego
2783 4172 2984 4228 mundo
3024 4188 3267 4230 morerer
3310 4183 3366 4230 et
3407 4174 3502 4233 ille

1927 4262 2080 4320 mihi.

1997 4357 2231 4412 Mundus
2276 4356 2561 4427 cruciﬁxus
2596 4365 2691 4411 est.
2723 4352 2795 4413 Ut
2822 4371 2910 4412 me
2938 4371 3045 4411 non
3073 4364 3273 4414 teneat.
3297 4357 3369 4410 Et
3408 4375 3503 4428 ego

1847 4422 1902 4481 Β
1927 4449 2143 4504 mundo.
2182 4447 2253 4505 Ut
2276 4464 2400 4502 eum
2427 4448 2581 4517 quasi
2622 4456 2896 4504 mortuum
2927 4465 3035 4505 non
3066 4459 3297 4516 teneam,
3325 4464 3502 4521 neque

1924 4543 2325 4611 concupiscam.

1997 4632 2103 4688 Sed
2139 4650 2268 4687 nova
2293 4641 2555 4688 creatura.
2595 4633 2652 4688 Id
2681 4641 2786 4701 est,
2814 4633 2860 4688 si
2882 4632 3004 4703 quis
3026 4640 3245 4688 renatus
3266 4632 3319 4686 in
3345 4631 3501 4688 Chri-

1925 4734 2009 4779 sto
2047 4740 2184 4778 nova
2210 4719 2619 4779 conversatione
2639 4733 2841 4779 utatur.
2872 4724 2950 4779 De
2970 4733 3157 4779 cietero
3196 4740 3342 4778 nemo
3368 4725 3501 4778 mihi

1924 4814 2169 4868 molestus
2191 4815 2277 4867 sit.
2300 4813 2356 4869 Id
2378 4821 2483 4879 est,
2507 4829 2667 4869 nemo
2693 4814 2825 4868 mihi
2846 4814 3063 4869 resistat
3093 4812 3497 4882 interrogando,

1929 4903 2106 4971 Quare
2125 4903 2229 4959 hoc
2248 4902 2417 4959 dicis?
2440 4903 2554 4974 Ego
2574 4903 2712 4957 enim
2736 4894 2998 4973 stigmata.
3027 4902 3084 4955 Id
3111 4907 3214 4965 est,
3252 4899 3403 4969 signa
3443 4905 3502 4955 et

1928 4991 2270 5047 characteres
2296 5007 2403 5046 non
2431 4992 2884 5057 circumcisionis,
2930 4989 3024 5045 sed
3072 4987 3249 5043 crucis
3276 4994 3327 5043 et
3373 5002 3501 5058 pas:-

1928 5083 2098 5139 sionis
2134 5082 2346 5139 Domini
2382 5081 2435 5137 in
2483 5097 2710 5152 corpore
2736 5096 2857 5138 meo
2901 5077 3245 5148 circumfero,
3274 5085 3358 5147 ut,
3394 5077 3498 5134 Ter

1929 5174 2086 5245 virgis
2110 5189 2274 5228 ca’stts
2295 5190 2429 5240 sum,
2455 5180 2511 5227 et
2539 5172 2764 5243 reliqua.

1514 5499 2223 5526 -—-—-——-———
