3982 6198
445 288 551 343 {liii

461 404 3058 449 _________________________________________________.____

1823 259 2087 315 SEDITLII
2133 259 2324 312 SCOTI

3591 257 3693 310 196

3466 401 3696 415 ..υ-..ᾔ

1991 513 2182 626 π.

1323 741 1431 822 ΙΝ
1492 737 2070 819 EPISTOLAM
2130 737 2260 813 AD
2321 734 2837 816 EPHESIOS.

962 1012 1188 1070 CAPUT
1227 1009 1515 1067 PRIMUM.

515 1107 698 1163 Refert
723 1103 1023 1175 Scriptura.
1055 1109 1285 1157 testante
1325 1100 1677 1169 Hieronymo,
1704 1096 1846 1166 quod
1885 1094 2017 1149 Pau-

449 1202 528 1254 lus
569 1197 766 1269 Ephesi
818 1195 1046 1249 triennio
1090 1193 1466 1262 prmdicaverit
1510 1191 1693 1245 Jesum
1723 1189 2014 1244 Christum.

448 1301 587 1346 Inter
616 1303 802 1344 omnes
851 1286 1000 1341 Pauli
1032 1285 1302 1355 Epistolas
1349 1284 1432 1336 vel
1479 1283 1715 1336 maxime
1746 1289 1800 1335 et
1841 1280 2021 1334 verbis

447 1390 501 1435 et
529 1395 689 1435 sensu
735 1377 973 1431 involuta
1006 1385 1109 1430 est.
1137 1373 1340 1428 Paulus
1376 1371 1640 1442 apostolus
1670 1370 1798 1424 Jesu
1827 1368 2020 1423 Citriin

449 1486 537 1537 per
576 1466 886 1521 voluntatem
919 1463 1037 1518 Dei.
1064 1463 1118 1516 Id
1152 1471 1257 1527 est,
1301 1477 1366 1515 ex
1400 1460 1676 1514 voluntate
1706 1459 1799 1512 Dei
1825 1458 2018 1511 Patris.

451 1559 588 1627 Ergo
621 1571 715 1626 per
738 1554 1067 1606 voluntatem
1093 1552 1207 1614 Dei,
1228 1566 1331 1604 non
1359 1549 1495 1604 meis
1531 1548 1760 1602 meritis.
1787 1547 2020 1600 Sanctis.

451 1647 562 1700 Non
591 1645 840 1700 omnibus
883 1641 1150 1710 Ephesiis,
1176 1641 1269 1695 sed
1299 1641 1385 1693 his
1408 1639 1501 1708 qui
1530 1639 1760 1692 credunt
1789 1637 1844 1691 in
1870 1636 2025 1690 Chri-

449 1748 549 1791 sto.
586 1735 650 1788 Et
680 1731 941 1802 fidelibus.
974 1731 1171 1786 Omnes
1201 1730 1374 1784 sancti
1403 1729 1588 1783 ﬁdeles
1607 1736 1754 1791 sunt,
1773 1742 1878 1781 non
1909 1742 2024 1780 om-

451 1842 545 1880 nes
575 1825 757 1879 lideles
778 1822 972 1876 sancti.
997 1821 1096 1888 Qui
1123 1822 1285 1874 etiam
1313 1819 1687 1874 catechumeni
1715 1826 1940 1886 possunt
1959 1833 2021 1871 ex

449 1932 515 1970 eo
565 1914 707 1985 quod
748 1910 965 1968 Christo
1016 1911 1241 1966 credunt
1283 1909 1466 1964 ﬁdeles
1504 1909 1636 1971 dici,
1693 1923 1800 1962 non
1848 1917 2023 1962 tamen

450 2006 623 2060 sancti
667 2014 811 2069 sunt,
851 2005 976 2073 quia
1004 2018 1111 2056 non
1156 2010 1282 2055 sunt
1305 2016 1404 2069 per
1431 1999 1759 2070 baptismum
1788 1999 2026 2053 sanctiﬁ-

450 2099 577 2153 cati.
621 2096 734 2151 Non
767 2096 938 2152 solum
967 2110 1094 2164 ergo
1142 2093 1376 2158 sanctis,
1408 2093 1503 2148 sed
1549 2093 1713 2145 etiam
1759 2090 2024 2154 ﬁdelibus,

451 2188 540 2257 qui
588 2202 696 2240 non
746 2185 922 2239 adhuc
968 2182 1287 2239 sanctiﬁcati
1324 2191 1487 2246 sunt,
1549 2181 1751 2236 Paulus
1798 2181 2023 2252 gratiam

452 2277 655 2330 Christi
684 2283 926 2344 exoptat.

2046 1009 2098 1066 Α
2122 1013 2177 1059 et
2205 1003 2555 1069 immaculati,
2581 1005 2827 1074 quamvis
2851 1019 2957 1059 non
2983 1019 3049 1059 ex
3072 1013 3203 1069 toto,
3231 1015 3410 1060 tamen
3436 1019 3502 1060 ex
3539 1014 3705 1076 parte

2125 1111 2230 1148 non
2293 1096 2731 1150 inconvenienter
2778 1095 2882 1149 dici
2948 1104 3192 1164 possunt.
3255 1095 3402 1150 Inter
3452 1108 3703 1152 sanctum

2123 1195 2178 1240 et
2207 1186 2608 1239 immaculatum
2655 1186 2758 1240 hoc
2801 1185 3048 1249 interest,
3076 1186 3218 1255 quod
3263 1195 3480 1242 sanctus
3502 1188 3695 1241 imma-

2122 1276 2334 1330 culatus
2374 1290 2588 1344 quoque
2638 1275 2863 1344 intelligi
2909 1282 3107 1343 potest,
3149 1275 3528 1331 immaculatus
3565 1291 3700 1331 vero

2124 1377 2230 1416 non
2291 1363 2474 1416 statim
2533 1370 2782 1426 sanctus,
2852 1363 2948 1417 sed
3002 1363 3142 1416 sicut
3210 1363 3422 1432 parvuli
3486 1377 3702 1434 quoque

2125 1450 2450 1504 i-mmaculati
2491 1459 2634 1514 sunt,
2683 1451 2773 1520 qui
2807 1451 2998 1522 integri
3041 1460 3168 1505 sunt
3218 1459 3464 1522 corpore,
3514 1463 3699 1508 tamen

2126 1555 2233 1593 non
2265 1540 2458 1604 sancti,
2494 1540 2620 1608 quia
2651 1541 2910 1595 sanctitas
2933 1541 3204 1596 voluntate
3230 1552 3598 1611 comparatur.
3629 1543 3702 1596 In

2126 1629 2456 1700 adoptionem
2479 1629 2728 1698 ﬁliorum.
2757 1630 2892 1684 Nam
2921 1630 3166 1686 Salvator
3191 1633 3309 1702 ejus
3335 1641 3528 1686 natura
3559 1632 3706 1686 ﬁlius

2126 1733 2230 1786 θεῖ,
2263 1737 2360 1775 nos
2391 1737 2521 1775 vero
2567 1721 2876 1790 adoptione.
2922 1721 2989 1775 In
3037 1723 3227 1792 ipsum.
3277 1721 3336 1777 Id
3381 1732 3485 1788 est,
3540 1723 3705 1778 Chri-

2127 1819 2289 1875 stum,
2319 1820 2377 1864 ut
2423 1810 2591 1865 simus
2625 1812 2864 1866 membra
2911 1811 3097 1880 ipsius.
3131 1809 3427 1866 Secundum
3460 1814 3708 1883 proposi-

2128 1912 2236 1955 tum
2276 1918 2391 1956 vero
2440 1911 2696 1956 sanctum.
2727 1901 2784 1956 Id
2808 1908 2920 1966 est,
2972 1917 3077 1956 non
3118 1903 3411 1957 secundum
3447 1903 3704 1958 meritum

2129 1999 2392 2045 nostrum.
2423 1991 2487 2045 In
2538 1992 2767 2046 laudem.
2813 1992 2870 2046 Id
2900 1993 3066 2047 estin
3107 1992 3352 2062 gloriam,
3388 1994 3439 2048 id
3492 2002 3595 2058 est,
3647 2005 3711 2049 ut

2130 2080 2407 2136 laudemus
2428 2081 2650 2152 gloriam
2693 2085 2878 2154 gratiae
2922 2084 3105 2154 ipsius.
3152 2085 3220 2141 In
3243 2103 3348 2156 qua
3384 2087 3701 2156 gratiﬁcavit

2130 2186 2242 2222 nos.
2269 2170 2325 2224 Id
2351 2178 2455 2235 est,
2485 2170 2538 2224 in
2565 2187 2666 2240 qua
2696 2183 2878 2243 gratos
2914 2189 3010 2229 nos
3038 2174 3139 2228 sibi
3164 2173 3314 2230 fecit.

2201 2260 2266 2315 In
2293 2261 2499 2316 dilecto.
2525 2261 2601 2316 Ab
2629 2264 2865 2318 omnibus
2895 2266 3214 2320 subauditur
3246 2285 3259 2320 :
3292 2281 3418 2320 nam
3445 2267 3611 2322 etiam
3636 2269 3706 2323 ab

512 2365 614 2431 Qui
637 2376 755 2420 sunt
773 2366 826 2419 in
849 2365 1057 2419 Christo
1073 2365 1108 2418 Ι
1113 2382 1224 2419 esu.
1240 2364 1427 2420 Plures
1452 2363 1632 2418 ﬁdeles
1650 2363 1901 2428 sunt,sed
1926 2379 2032 2418 non
2061 2368 2106 2426 B
2135 2352 2312 2422 impiis
2337 2351 2583 2408 Chrisws
2621 2354 2880 2425 dilisitur-
2911 2355 3044 2410 Nam
3073 2373 3195 2412 cum
3223 2358 3295 2412 Sil»
3333 2357 3584 2414 ChriSlUS
3609 2376 3704 2415 sa-

453 2457 507 2510 in
530 2454 746 2511 Christo
764 2473 776 2508 :
794 2455 944 2510 verbi
969 2455 1164 2525 gratia,
1189 2455 1232 2509 si
1257 2455 1377 2524 quis
1401 2453 1630 2508 ﬁdeliter
1655 2453 1843 2508 reddat
1868 2453 2032 2522 depo-

453 2545 636 2600 situm.
663 2545 744 2600 Ad
770 2545 1170 2599 distinctionem
1195 2561 1323 2614 ergo
1345 2545 1543 2613 posuit,
1574 2546 1626 2597 in
1646 2543 1883 2598 Christo.
1901 2541 2032 2597 Cra-

453 2637 528 2688 tia
554 2636 691 2689 vobis
713 2645 760 2688 et
783 2651 905 2704 pax.
946 2635 1132 2690 Gratia
1157 2645 1212 2690 et
1238 2636 1492 2705 pax,sive
1516 2643 1801 2704 utrumque
1827 2645 1934 2688 tam
1963 2635 2029 2688 ad

455 2723 669 2780 Patrem
694 2742 852 2795 quam
887 2726 953 2779 ad
993 2727 1276 2779 Dominum
1305 2725 1488 2780 Jesum
1513 2766 1527 2789 ,
1558 2727 1672 2780 sive
1703 2726 1768 2780 ad
1797 2725 2032 2795 singulos

453 2816 665 2887 singula
695 2815 976 2871 referenda
1006 2824 1152 2882 sunt,
1189 2825 1249 2871 ut
1276 2818 1448 2887 gratia
1484 2821 1553 2873 ad
1587 2819 1757 2872 Deum
1794 2817 2031 2881 Patrem,

455 2924 560 2978 pax
587 2923 714 2962 vero
735 2907 1000 2962 referatur
1039 2909 1106 2962 ad
1134 2908 1428 2973 Christum,
1449 2908 1714 2980 siquidem
1745 2908 1992 2976 sequitur
2016 2925 2028 2960 :

459 2995 525 3050 In
554 2983 760 3050 laudem
783 3005 831 3050 et
858 2996 1102 3066 gloriam,
1131 3005 1179 3050 et
1217 2998 1465 3066 gratiam,
1493 2997 1548 3050 in
1582 3013 1686 3067 qua
1716 2996 2033 3065 gratiﬁcavit

459 3101 551 3138 nos
578 3086 633 3138 in
665 3084 871 3150 dilecto,
895 3094 954 3138 ut
994 3087 1163 3156 gratia
1199 3085 1376 3140 Patris
1410 3086 1516 3153 sit,
1557 3087 1700 3154 quod
1739 3084 1905 3138 ﬁlium
1935 3100 2034 3155 pro

458 3171 630 3226 salute
674 3180 859 3226 nostra
902 3173 1117 3228 mittere
1163 3174 1412 3245 dignatus
1440 3182 1554 3239 est;
1595 3190 1700 3244 pax
1730 3189 1857 3228 vero
1889 3173 2030 3238 Filii,

459 3262 515 3315 in
537 3276 603 3315 eo
631 3261 772 3330 quod
799 3276 895 3330 per
925 3263 1098 3330 ipsum
1143 3262 1290 3317 Patri
1340 3263 1671 3318 reconciliati
1705 3279 1910 3328 sumus,
1938 3263 2032 3318 de-

462 3359 670 3405 structo
721 3351 898 3404 medio
934 3352 1159 3421 pariete.
1204 3351 1513 3406 Benedictus
1554 3352 1715 3406 Deus.
1749 3352 1901 3419 Quod
1936 3368 2036 3408 nos

460 3439 773 3494 benedictus
802 3438 949 3494 facit.
985 3440 1191 3496 Laudat
1219 3441 1407 3506 Deum,
1433 3443 1576 3511 quod
1598 3443 1875 3497 donaverit
1900 3443 2037 3498 infra

463 3533 686 3600 scripta.
724 3531 792 3585 Et
819 3529 984 3586 Pater
1007 3532 1223 3587 Domini
1256 3535 1438 3588 nostri.
1472 3533 1584 3590 Hoc
1606 3544 1709 3601 est,
1740 3537 1830 3607 qui
1857 3545 1941 3591 est
1980 3545 2036 3591 ct

461 3620 622 3675 Pater
666 3620 880 3676 Domini
928 3622 1098 3676 nostri
1143 3621 1268 3678 Jesu
1312 3623 1534 3690 Christi,
1585 3625 1669 3681 vel
1719 3625 2034 3681 benedictus

2131 2443 2328 2512 pientia
2359 2442 2583 2508 veritas,
2614 2458 2738 2512 pax,
2767 2446 3042 2514 gaudium,
3074 2447 3196 2516 quis
3228 2448 3372 2502 hunc
3414 2449 3577 2502 etiam
3610 2449 3712 2504 im-

2131 2533 2407 2602 piissimus
2449 2546 2556 2586 non
2585 2533 2807 2604 diligat?
2835 2533 3134 2589 Secundum
3159 2537 3367 2590 divitias
3397 2537 3715 2608 cognitionis

2133 2622 2334 2693 gloria’.
2366 2622 2423 2677 Id
2477 2630 2590 2690 est,
2639 2631 2699 2678 ut
2733 2623 2954 2696 Copiosa
3003 2627 3142 2697 apud
3203 2627 3365 2682 Deum
3422 2628 3712 2700 redemptio

2135 2712 2317 2785 (Psal.
2353 2714 2559 2784 cxxxx).
2603 2715 2734 2780 Qua:
2763 2717 3202 2785 superabundavit
3231 2719 3286 2772 in
3305 2735 3417 2773 nos.
3467 2717 3581 2775 Hoc
3620 2729 3712 2776 est

2133 2803 2253 2874 plus
2299 2820 2462 2874 quam
2515 2806 2826 2874 abundavit,
2876 2817 2936 2862 ut
2981 2824 3088 2864 non
3123 2809 3295 2866 solum
3325 2825 3356 2864 a
3406 2821 3583 2867 morte
3621 2828 3713 2868 re-

2136 2896 2365 2966 demptis
2414 2899 2584 2966 gratis
2628 2909 2846 2968 peccata
2897 2901 3222 2972 dimitteret,
3255 2904 3350 2960 sed
3376 2905 3540 2960 etiam
3589 2913 3716 2959 tan-

2138 2994 2249 3041 tam
2299 2987 2455 3042 nobis
2503 2989 2822 3058 sapientiam
2870 2992 3126 3058 donaret,
3170 3001 3230 3048 ut
3265 2994 3552 3050 voluntatis
3593 2993 3716 3063 ejus

2136 3075 2348 3132 occulta
2383 3078 2640 3148 mysteria
2694 3095 3062 3137 nosceremus.
3090 3082 3158 3137 In
3203 3085 3343 3137 omni
3423 3085 3714 3155 sapientia.

2138 3165 2440 3220 Visibilium
2486 3177 2539 3223 et
2584 3169 2954 3226 invisibilium.
2987 3171 3056 3226 Et
3098 3175 3350 3230 scientia.”
3370 3173 3601 3229 Tantum
3633 3177 3716 3230 vi-

2137 3253 2372 3308 sibilium
2399 3272 2412 3308 :
2443 3271 2546 3309 non
2598 3264 2777 3313 tamen
2827 3259 2881 3313 in
2929 3260 3085 3316 nobis
3129 3269 3213 3316 est
3257 3262 3372 3316 haec
3410 3264 3586 3318 omnis
3625 3279 3719 3318 sa-

2136 3347 2339 3418 pientia
2375 3356 2431 3403 et
2458 3350 2716 3416 scientia,
2761 3351 2855 3406 sed
2897 3352 2951 3406 in
2997 3352 3127 3409 Deo.
3173 3351 3483 3423 Mysterium
3534 3354 3720 3410 volun-

2138 3439 2281 3491 tatis.
2337 3437 2554 3493 Scilicet
2606 3440 3030 3511 redemptionem
3095 3450 3333 3498 nostram
3402 3459 3501 3514 per
3547 3460 3712 3500 suum

2137 3531 2472 3601 sanguinem.
2518 3529 2623 3584 Sed
2666 3530 2806 3588 Deus
2854 3532 2908 3586 in
2954 3532 3102 3587 omni
3150 3534 3414 3603 sapientia
3461 3549 3557 3590 sua
3595 3535 3718 3591 haec

2138 3621 2283 3677 fecit.

465 3712 606 3765 Deus
632 3708 745 3778 ejus
775 3711 867 3780 qui
906 3722 1214 3782 assumptus
1243 3725 1325 3768 cst
1346 3715 1600 3781 hominis,
1631 3724 1686 3770 et
1727 3715 1890 3771 Pater
1919 3718 2035 3787 ejus
2062 3709 2106 3770 C
2211 3713 2362 3780 Quod
2407 3715 2671 3782 proposuit
2701 3715 2755 3767 in
2801 3731 2880 3767 ea.
2923 3713 3067 3770 Inter
3096 3715 3432 3784 propositum
3471 3725 3524 3772 et
3569 3731 3718 3786 pra:-

465 3801 556 3870 qui
599 3801 652 3854 in
692 3801 955 3870 principio
991 3803 1130 3872 apud
1159 3803 1328 3859 Deum
1358 3812 1492 3859 erat.
1521 3804 1624 3870 Qui
1651 3806 1910 3860 benedixit
1943 3825 2036 3862 nos

466 3894 605 3945 omni
637 3893 987 3948 benedictione
1021 3894 1264 3949 salutari.
1299 3895 1394 3951 Vel
1427 3897 1479 3951 in
1536 3897 1680 3951 omni
1711 3898 2040 3953 abundantia

467 3990 522 4033 et
551 3979 745 4049 gratia,
783 3995 891 4033 non
921 3980 974 4034 in
1004 3997 1140 4045 una,
1173 3983 1266 4036 sed
1306 3984 1356 4036 in
1397 3986 1607 4039 cunctis
1645 3985 2038 4040 benedictioni-

469 4067 598 4134 bus;
637 4085 739 4122 non
760 4070 900 4138 quod
922 4085 1110 4123 omnes
1138 4073 1316 4125 omnia
1345 4088 1757 4144 consequamur,
1791 4078 1884 4131 sed
1913 4079 2038 4132 dum

471 4157 665 4225 singuli
704 4157 958 4226 singulas,
999 4158 1082 4210 vel
1139 4159 1320 4228 plures
1373 4160 1657 4224 habemus,
1709 4180 1897 4218 omnes
1946 4180 2042 4234 per

472 4245 710 4314 singulas
734 4246 1086 4313 possidemus.
1120 4247 1186 4302 In
1215 4247 1520 4303 caelestibus.
1553 4251 1608 4304 ιιι
1642 4259 1743 4316 est,
1765 4252 1877 4320 ipse
1903 4253 2044 4310 Deus

473 4338 562 4406 qui
599 4339 748 4392 estin
775 4338 1100 4394 ctelestibus.
1132 4340 1320 4404 Aliter,
1345 4357 1447 4395 non
1493 4341 1547 4395 in
1583 4343 1784 4396 carnali
1821 4359 2044 4415 prospe-

475 4429 656 4493 ritate,
679 4443 776 4483 uec
807 4429 860 4482 in
893 4437 1104 4484 terrena
1140 4431 1486 4495 abundantia,
1529 4432 1620 4486 sed
1653 4433 1705 4486 in
1735 4433 2044 4490 caelestibus

477 4520 629 4573 donis
668 4521 1066 4590 virtutibusque
1095 4537 1192 4576 nos
1218 4521 1513 4577 benedixit.
1567 4523 1633 4578 In
1663 4524 1869 4579 Christo
1894 4527 2042 4581 Jesu.

479 4611 535 4664 In
565 4611 736 4681 capite
779 4626 1010 4681 namque
1038 4612 1217 4666 omnia
1269 4614 1506 4667 membra
1557 4615 1846 4669 benedixit.
1901 4615 2044 4671 Sicut

479 4701 626 4772 elegit
646 4719 735 4756 nos
760 4703 814 4757 in
843 4705 973 4774 ipso.
1009 4703 1099 4759 Sic
1125 4720 1222 4760 nos
1248 4706 1540 4771 benedixit,
1575 4707 1713 4762 sicut
1740 4709 1902 4779 elegit
1927 4725 2044 4765 nos.

482 4792 612 4846 Ante
640 4793 818 4846 mundi
840 4795 1276 4848 constitutionem.
1335 4795 1430 4848 Cui
1471 4797 1652 4850 omnia
1684 4796 1860 4850 futura
1906 4814 2044 4867 prae-

481 4883 656 4938 sentia
706 4882 846 4938 facta
887 4893 1029 4939 sunt.

557 4973 624 5027 Ut
651 4991 873 5028 essemus
900 4977 1066 5029 sancti
1089 4986 1135 5029 et
1160 4977 1480 5029 intmaculati
1509 4994 1686 5030 coram
1715 4979 1846 5048 ipso.
1866 4978 1920 5032 Id
1943 4988 2044 5045 cst,

2141 3803 2553 3858 destinationem
2593 3803 2693 3858 hoc
2726 3803 2983 3869 interest,
3031 3806 3173 3872 quod
3201 3804 3602 3874 prmdestinatio
3626 3819 3719 3863 est

2141 3893 2366 3963 alicujus
2390 3893 2467 3946 rei
2493 3892 2876 3964 praeﬁguratio,
2895 3893 3094 3948 multos
3113 3909 3286 3949 annos
3312 3894 3365 3949 in
3389 3904 3567 3951 mente
3592 3898 3720 3967 ejus

2141 3985 2233 4053 qui
2285 3983 2518 4038 destinat
2552 3983 2695 4052 quod
2739 3981 2976 4036 futurum
3027 3984 3115 4038 sit.
3165 3981 3508 4054 Propositum
3552 4002 3714 4053 vero,

2141 4089 2263 4129 cum
2287 4075 2463 4128 vicina
2489 4073 2560 4128 sit
2601 4073 2950 4138 machinatio,
2974 4083 3029 4128 et
3052 4089 3186 4145 pene
3217 4076 3593 4144 cogitationem
3623 4093 3720 4134 se-

2143 4165 2326 4233 quitur
2359 4163 2598 4218 effectus.
2628 4162 2759 4216 ltem
2785 4162 3188 4231 przedcstinatio
3216 4172 3300 4218 est
3341 4165 3526 4234 gratia:
3567 4181 3719 4236 prae-
3767 4217 3774 4219 _

2141 4256 2352 4326 paratio
2377 4273 2389 4308 :
2407 4254 2580 4324 gratia
2597 4267 2726 4306 vero
2743 4261 2828 4306 est
2850 4251 2964 4322 ipsa
2993 4253 3227 4309 donatio.
3247 4253 3311 4308 In
3327 4255 3725 4326 dispensatione

2143 4341 2830 4414 plenitudinistentporist
2879 4351 2994 4409 est,
3034 4351 3320 4414 postquam
3351 4345 3499 4400 venit
3537 4346 3722 4416 pleni-

2145 4436 2270 4490 tudo
2319 4442 2651 4503 temporum,
2703 4433 2956 4502 quoniam
3009 4434 3184 4488 omnis
3227 4432 3339 4502 jam
3383 4435 3726 4507 dispensatio

2145 4535 2446 4594 temporum
2475 4523 2608 4593 legis
2651 4531 2705 4576 et
2753 4530 2978 4587 naturae,
3009 4523 3501 4594 prophetarumque
3539 4533 3727 4581 trans-

2146 4627 2265 4672 acta
2295 4625 2395 4672 ρει.
3300 4625 3311 4640 ’
3357 4634 3368 4667 ι

2221 4705 2582 4775 Recapitulare
2612 4705 2784 4759 omnia
2809 4706 2863 4759 in
2894 4703 3116 4760 Chrisfo.
3142 4705 3247 4762 Pro
3283 4710 3625 4780 recapitulare
3661 4714 3722 4770 in

2147 4797 2339 4852 Latino
2366 4797 2550 4852 codice
2582 4797 2842 4864 scriptum
2876 4797 3296 4851 estinstaurare.
3325 4797 3524 4855 Sensus
3549 4809 3722 4870 atque

2149 4890 2202 4944 in
2243 4887 2496 4957 prmscnti
2539 4888 2657 4941 loco
2692 4888 2793 4940 iste
2829 4893 2912 4940 est
2943 4903 2955 4938 :
2983 4884 3171 4941 Omnis
3217 4887 3545 4957 dispensatio
3595 4907 3722 4959 qua

2151 4990 2275 5035 ante
2311 4979 2586 5044 mundum,
2620 4985 2675 5032 et
2717 4985 2901 5046 postea
2931 4977 3094 5046 cmpit
3115 4991 3234 5032 esse
3259 4978 3312 5031 in
3342 4979 3573 5045 mundo,
3603 4990 3722 5037 tam

486 5079 592 5118 non
644 5064 697 5117 in
751 5066 1020 5137 hypocrisi
1075 5081 1255 5121 coram
1309 5067 1640 5122 hominibus.
1693 5045 2516 5133 QuaerendumDinvisihilium,
2550 5083 2713 5138 quam
2760 5066 3049 5122 visibilium
3094 5073 3480 5134 creaturarum,
3518 5069 3725 5127 adven-

487 5169 652 5222 quare
678 5157 778 5210 hoc
807 5159 968 5224 dicat,
993 5175 1113 5214 cum
1144 5160 1405 5229 scriptum
1439 5161 1510 5214 sit
1536 5177 1549 5212 :
1587 5159 1710 5213 Non
1728 5161 2048 5230 justiﬁcabi-

489 5256 576 5298 tur
615 5246 669 5299 in
696 5259 968 5318 conspectu
995 5259 1083 5304 tuo
1129 5251 1297 5304 omnis
1345 5251 1514 5304 vivens
1559 5249 1731 5319 (Psal.
1761 5253 1926 5320 CXLII)
1951 5291 1964 5316 ,
1997 5251 2050 5304 in

488 5337 740 5407 praesenti
775 5337 980 5392 scilicet
1010 5339 1138 5391 vita.
1190 5339 1453 5393 Caeterum
1501 5338 1566 5391 ad
1598 5339 1702 5392 hoc
1731 5353 1828 5393 nos
1872 5340 2050 5408 elegit,

490 5442 549 5484 ut
577 5443 819 5485 essemus
843 5429 1012 5484 sancti
1038 5437 1092 5482 et
1121 5429 1448 5483 immaculati
1479 5429 1531 5482 in
1560 5427 1738 5482 futura
1764 5430 1890 5494 vita,
1922 5445 2053 5500 quo-

493 5522 636 5594 niam
666 5521 903 5577 Ecclesia
930 5519 1127 5576 Christi
1158 5536 1259 5573 non
1303 5521 1520 5575 habebit
1566 5521 1848 5581 maculam,
1881 5537 2054 5590 neque

496 5619 703 5678 rugam,
753 5611 873 5664 licet
906 5610 1065 5664 etiam
1103 5611 1152 5662 in
1186 5610 1436 5679 prmscnti
1463 5611 1571 5665 vita
1598 5607 1752 5678 justi,
1781 5620 1834 5665 et
1861 5612 2049 5675 sancti,

2153 5171 2264 5216 tum
2286 5159 2496 5214 Domini
2514 5158 2884 5227 pollicebatur.
2900 5156 3082 5225 Itaque
3107 5157 3354 5211 universa
3383 5161 3640 5230 mysteria
3666 5174 3725 5218 et

2153 5251 2326 5308 omnis
2355 5248 2686 5319 dispensatio
2708 5247 3011 5311 vetustatis,
3043 5262 3150 5301 non
3179 5246 3352 5300 solum
3386 5265 3505 5319 qua:
3535 5250 3588 5304 in
3611 5260 3722 5307 ter-

2154 5344 2248 5405 ris,
2293 5343 2387 5396 sed
2441 5341 2604 5395 etiam
2646 5355 2767 5409 qua:
2813 5339 2868 5393 in
2919 5338 3091 5403 caelis,
3127 5339 3183 5392 in
3227 5338 3429 5395 Christi
3470 5343 3725 5412 passione

2153 5431 2301 5486 brevi
2352 5430 2794 5500 recapitulatione
2833 5427 3096 5496 completa
3139 5437 3284 5482 sunt.
3313 5427 3476 5483 Verbi
3506 5431 3679 5500 gratia
3709 5450 3722 5486 :

2161 5523 2312 5575 Sit-ut
2350 5522 2498 5575 Isaae
2539 5521 2751 5574 oblatus
2795 5519 3102 5590 prmﬁgurat
3157 5520 3492 5576 Salvatorem
3543 5521 3722 5592 (Gen.

2160 5614 2334 5682 χχιι),
2379 5621 2428 5662 (ιι
2466 5611 2595 5666 Abel
2641 5626 2669 5664 a
2700 5610 2830 5665 Cain
2859 5610 3085 5664 occisus.
3119 5610 3489 5664 lnstaurantur
3517 5626 3636 5682 qua:
3669 5613 3722 5668 in
