3982 6198
355 293 458 348 197

1423 301 1750 357 COLIJ'JCT.
1793 303 1858 357 IN
1901 304 2117 359 EI‘IST.
2161 305 2253 358 AD
2294 307 2536 362 EPIIES.

3493 321 3513 374 l
3526 320 3593 376 98

346 412 508 467 cmlis
539 419 694 476 sunt,
725 427 847 478 cum
879 411 930 466 id
962 414 1101 482 quod
1131 416 1180 468 in
1208 416 1411 486 angelis
1442 418 1648 488 lapsum
1692 427 1809 482 εει,
1855 436 1921 474 ex
1951 424 1998 482 Α
2027 435 2124 487 per
2151 433 2286 488 quos
2317 424 2467 490 signa
2506 433 2559 480 et
2591 425 2848 482 miracula
2879 427 3032 484 ﬁunt.
3062 429 3386 498 Potestates,
3432 451 3596 506 super

347 503 661 558 hominibus
689 503 949 556 redditur.
977 503 1354 559 Instaurantur
1379 522 1508 561 vero
1527 525 1645 578 quae
1680 509 1733 562 in
1775 518 1918 562 terra

344 601 494 658 sunt,
524 607 649 646 cum
683 591 783 662 ipsi
835 593 1108 657 homines,
1153 594 1245 663 qui
1275 597 1640 665 praedestinati
1692 605 1815 651 sunt
1865 598 1918 651 in

343 693 609 736 :nternam
653 680 844 745 vitam,
874 695 906 734 a
941 683 1289 751 corruptione
1333 687 1616 740 vetustatis
1656 701 1922 741 renovan-

343 779 455 824 tur.
482 769 553 824 In
575 786 677 840 quo
701 770 859 823 etiam
899 785 995 824 nos
1021 780 1180 826 sorte.
1212 772 1270 827 Id
1306 781 1420 838 est,
1458 775 1693 843 gratuita
1723 777 1917 846 gratia.

349 863 538 916 Vocati
565 879 766 916 sumus.
794 861 852 916 Id
883 871 989 928 est,
1016 863 1107 932 qui
1139 879 1237 918 nos
1266 865 1358 935 qui
1385 881 1449 920 ex
1483 865 1682 921 Judaeis
1706 867 1922 922 Christo

338 953 638 1007 credimus.
663 948 1055 1007 Prcedestinati.
1085 953 1142 1008 Id
1169 963 1270 1020 est,
1295 957 1600 1026 praeparati.

415 1043 534 1098 Nos
572 1044 664 1114 qui
706 1053 827 1100 ante
861 1048 1182 1115 speravimus
1213 1050 1266 1101 in
1297 1046 1526 1104 Christo.
1558 1050 1666 1106 Nos
1692 1052 1919 1120 apostoli

337 1135 426 1190 vel
451 1133 645 1200 Judaei,
677 1135 767 1204 qui
790 1137 1000 1204 priores
1027 1136 1288 1192 Gentibus
1315 1140 1643 1194 credidimus
1672 1141 1914 1206 Christo,

341 1225 458 1278 sive
479 1239 544 1278 ex
585 1223 701 1294 lege
737 1226 1168 1293 exspectavimus
1191 1228 1488 1282 Christum.
1519 1229 1586 1282 In
1616 1248 1715 1300 quo
1753 1239 1800 1284 et
1831 1246 1918 1284 vos

339 1311 659 1364 charissimi.
673 1309 730 1363 In
747 1324 854 1378 quo
869 1312 1030 1366 etiam
1055 1314 1206 1368 vobis
1219 1314 1478 1371 Gentibus
1492 1318 1808 1371 annuntiata
1836 1325 1919 1372 est

336 1400 508 1454 salus.
539 1398 828 1468 ﬂuensque
847 1401 1140 1470 alloquitur
1167 1405 1473 1473 specialiter
1495 1407 1584 1475 qui
1619 1409 1670 1460 in
1704 1407 1916 1476 Epheso

340 1499 502 1546 erant
529 1490 767 1555 Iudaeos,
799 1490 866 1546 de
891 1502 1232 1548 sacramento
1257 1495 1644 1550 incarnationis
1677 1494 1910 1561 Christi;

339 1577 535 1634 deinde
559 1579 775 1646 Gentes,
800 1588 860 1634 ut
884 1581 993 1635 sint
1019 1583 1156 1652 grati
1180 1584 1246 1638 de
1269 1584 1544 1640 beneﬁciis
1567 1586 1680 1639 Dei.
1711 1584 1916 1655 Signali

338 1670 484 1726 estis.
521 1669 621 1725 Ubi
661 1671 835 1741 imago
861 1685 980 1740 quae
1001 1674 1208 1741 perdita
1239 1683 1356 1741 est,
1399 1685 1644 1744 reparata
1669 1683 1770 1730 est.
1799 1674 1915 1729 Pri-

2025 514 2253 570 virtutes
2289 517 2543 571 adversas
2571 558 2585 582 ,
2634 533 2865 587 quorum
2908 529 3172 591 potestate
3223 524 3450 580 virtutes
3505 529 3597 582 ad-

2023 619 2192 659 versae
2223 606 2586 673 refrenantur,
2618 626 2687 663 ne
2717 611 2879 665 corda
2905 612 3182 668 hominum
3213 625 3472 684 quantum
3502 633 3596 672 vo-

2023 694 2141 749 lunt
2182 704 2402 751 tentent.
2454 699 2811 769 Principatus,
2873 703 2964 772 qui
3003 704 3134 773 ipsis
3175 720 3388 774 quoque
3437 709 3594 763 bonis

2024 786 2338 857 angelorum
2373 789 2654 856 spiritibus
2688 799 2944 860 praesunt.
3001 794 3404 851 Dominationes
3446 807 3590 862 sunt,

2023 876 2114 944 qui
2155 877 2320 930 etiam
2364 879 2704 948 principatus
2746 889 2800 934 et
2829 889 3123 950 potestates
3159 885 3594 942 dissimilitudine

2021 965 2130 1019 alta
2164 970 2551 1035 conscendunt,
2571 972 2768 1040 quibus
2795 980 2987 1027 cmtera
3011 975 3223 1044 agmina
3250 978 3317 1032 ad
3342 980 3595 1035 obedien-

2021 1054 2148 1107 tiam
2173 1055 2410 1125 subjecta
2441 1065 2585 1112 sunt.
2627 1060 2829 1114 Throni
2857 1071 3001 1127 sunt,
3029 1064 3120 1132 qui
3159 1073 3305 1119 tanta
3341 1067 3592 1122 divinita—

2018 1142 2089 1196 tis
2112 1145 2283 1212 gratia
2316 1146 2594 1212 replentur
2614 1157 2673 1202 ut
2712 1149 2765 1202 in
2793 1151 2873 1205 eis
2905 1151 3164 1207 Dominus
3189 1156 3394 1222 sedeat,
3421 1166 3474 1212 et
3496 1173 3594 1228 per

2017 1245 2111 1287 eos
2131 1248 2226 1287 sua
2243 1235 2447 1304 judicia
2477 1237 2770 1292 discernat.
2807 1239 3097 1297 Cheruhim
3139 1260 3373 1314 quoque,
3405 1249 3457 1302 id
3484 1258 3591 1314 est,

2019 1321 2294 1390 plenitudo
2321 1326 2560 1381 scientia:
2591 1339 2716 1382 sunt
2741 1331 2829 1398 qui
2861 1339 3007 1386 tanto
3035 1334 3344 1403 perfectiori
3368 1339 3590 1394 scientia

2015 1411 2158 1479 pleni
2185 1421 2329 1476 sunt,
2375 1424 2576 1482 quanto
2607 1417 2910 1474 claritatem
2957 1421 3053 1475 Dei
3090 1423 3322 1479 vicinius
3352 1436 3590 1481 contem-

2015 1503 2246 1571 plantur.
2304 1504 2586 1575 Seraphim
2636 1518 2838 1574 autem,
2873 1512 2923 1565 id
2974 1520 3058 1566 est
3106 1515 3358 1570 ardentes
3394 1517 3476 1570 vel
3513 1518 3590 1572 in-

2015 1593 2325 1658 cendentes,
2368 1595 2460 1662 qui
2505 1603 2654 1650 tanto
2699 1600 2870 1668 magis
2915 1599 3224 1657 Conditoris
3268 1605 3350 1658 sui
3395 1607 3588 1661 ardent

2017 1695 2220 1744 amore,
2259 1691 2460 1750 quanto
2505 1683 2651 1737 hunc
2677 1685 2904 1740 vicinius
2941 1687 3146 1753 vident,
3191 1690 3333 1744 inter
3357 1709 3494 1761 quos
3533 1705 3589 1750 ει

339 1775 462 1815 mus
485 1761 650 1815 homo
677 1761 744 1815 ad
792 1762 1081 1834 imaginem
1117 1773 1172 1817 et
1202 1765 1608 1820 similitudinem
1660 1765 1755 1820 Dei
1783 1781 1914 1820 COII-
1946 1779 1992 1836 B
2020 1776 2186 1829 Deum
2213 1775 2343 1829 nulli
2378 1777 2468 1829 alii
2491 1777 2714 1848 spiritus
2737 1779 3023 1833 intersunt.
3053 1781 3120 1834 Et
3141 1782 3282 1836 dedit
3309 1786 3356 1838 ei
3380 1802 3582 1841 nomen.

337 1851 486 1905 ditus
532 1857 652 1915 est;
696 1854 964 1908 secundus
1019 1854 1072 1908 in
1125 1855 1361 1909 secunda
1404 1857 1748 1925 generatione
1795 1873 1914 1911 cum

341 1938 607 2020 Spiritum
633 1950 881 1996 sanctum
917 1945 1204 2013 acceperit,
1233 1946 1457 2014 ﬁguram
1499 1945 1805 2002 Conditoris
1829 1963 1918 2002 ac-

338 2031 499 2099 cepit.
568 2029 767 2101 Spiritu
827 2034 1204 2102 promissionis.
1257 2034 1360 2100 Qui
1417 2036 1561 2090 omni
1622 2038 1770 2091 carni
1819 2047 1917 2105 per

338 2118 543 2176 Joelem
575 2125 894 2191 prophetam
932 2125 1230 2192 promissus
1257 2135 1338 2180 est
1369 2145 1382 2181 :
1426 2124 1492 2181 Ut
1536 2127 1803 2197 effundam
1851 2129 1916 2183 de

337 2213 527 2280 spiritu
566 2227 680 2266 meo
712 2228 870 2283 super
897 2229 1101 2268 omnem
1132 2232 1366 2268 carnem.

411 2323 476 2377 In
520 2324 926 2393 redemptionem
975 2325 1354 2391 acquisitionis,
1398 2327 1454 2378 in
1494 2325 1702 2379 laudent
1731 2325 1915 2396 gloria:

335 2416 521 2485 ipsius.
555 2413 704 2482 Quos
733 2415 1045 2468 redimendo
1088 2430 1186 2469 suo
1228 2416 1490 2486 sanguine
1517 2418 1825 2486 acquisivit,
1856 2425 1916 2472 ut

337 2507 498 2559 etiam
535 2506 592 2558 in
619 2506 722 2558 hoc
749 2504 1028 2559 laudemus
1060 2505 1282 2575 gloriam
1309 2503 1444 2572 ejus,
1477 2506 1621 2575 quod
1650 2521 1756 2561 non
1784 2508 1910 2571 Deo,

337 2593 430 2647 sed
485 2593 859 2649 laudatoribus
909 2596 1102 2664 prosit.
1148 2595 1271 2650 Non
1303 2612 1444 2650 cesso
1488 2598 1687 2667 gratias
1732 2615 1908 2669 agens.

337 2679 453 2735 Non
485 2697 646 2736 cesso
683 2697 848 2754 agens
895 2691 952 2737 ει
979 2681 1202 2749 faciens,
1247 2701 1344 2754 per
1373 2685 1764 2752 solmcismum,
1791 2703 1908 2757 pro,

340 2787 444 2824 non
487 2787 633 2825 cesso
681 2772 880 2841 gratias
929 2788 1081 2842 agere
1121 2782 1172 2826 et
1205 2774 1398 2843 facere.
1430 2773 1731 2829 Notandum
1760 2791 1910 2842 vero,

339 2863 463 2929 quia
501 2861 669 2916 ﬁdem
719 2870 774 2916 et
797 2863 1118 2918 charitatem
1164 2864 1504 2928 habentibus,
1537 2865 1913 2934 sapientiam‘a

339 2951 449 3006 Deo
495 2953 822 3024 deprecatur
872 2973 885 3007 :
944 2963 1170 3010 noverat
1219 2956 1363 3010 enim
1421 2970 1541 3009 eam
1596 2954 1912 3023 adjutricem

339 3045 581 3099 omnium
611 3060 731 3101 esse
756 3047 1035 3100 virtutum.
1067 3044 1230 3101 Pater
1276 3047 1476 3116 gloriae.
1506 3046 1566 3101 Id
1590 3057 1692 3113 est,
1722 3059 1914 3103 secun-

2015 1857 2070 1920 ld
2097 1878 2200 1932 est,
2230 1867 2390 1920 ﬁlius.
2439 1867 2593 1932 Quod
2620 1879 2694 1922 est
2720 1886 2875 1938 super
2899 1887 3049 1924 omne
3077 1889 3282 1927 nomen.
3318 1873 3389 1930 Ut
3415 1893 3430 1930 :
3463 1876 3588 1930 Ma-

2014 1957 2274 2026 gniﬁcasti
2314 1975 2469 2027 super
2502 1975 2650 2012 omne
2700 1977 2886 2014 nomen
2922 1972 3159 2015 sanctum
3207 1973 3354 2017 tuum
3409 1965 3584 2036 (Psal.

2013 2047 2274 2119 cxxxvn).
2301 2047 2370 2101 Et
2399 2048 2574 2101 omnia
2601 2049 2817 2118 subjecit
2851 2049 2946 2103 sub
2978 2050 3194 2117 pedibus
3236 2053 3370 2120 ejus.
3400 2054 3454 2108 Id
3478 2065 3584 2118 est,

2015 2138 2117 2192 sub
2164 2137 2532 2192 dominatione
2560 2138 2912 2194 humanitatis
2953 2139 3110 2208 ejus:
3146 2143 3478 2198 contrarium
3509 2145 3588 2198 vi-

2013 2227 2172 2282 detur
2196 2243 2338 2293 esse,
2370 2229 2512 2297 quod
2551 2229 2676 2282 alibi
2713 2230 2790 2282 ait
2819 2246 2833 2283 :
2866 2227 3104 2284 Necdum
3132 2231 3363 2286 videmus
3387 2235 3435 2287 ei
3475 2249 3587 2288 om-

2015 2319 2102 2372 nia
2130 2320 2388 2389 subjecta,
2432 2329 2539 2375 etc.
2589 2319 2698 2374 Aut
2745 2321 3037 2375 secundum
3083 2322 3480 2390 praescientiam
3533 2325 3588 2378 id

2013 2411 2156 2479 quod
2196 2410 2432 2464 futurum
2475 2418 2578 2476 est,
2610 2411 2763 2479 quasi
2802 2408 2915 2478 jam
2945 2408 3142 2465 factum
3172 2420 3318 2466 esset
3344 2427 3584 2467 comme-

2013 2511 2214 2564 morat,
2247 2503 2541 2557 seeundum
2583 2518 2706 2556 eum
2737 2517 2977 2566 sensum,
3003 2516 3163 2571 quem
3193 2504 3543 2572 exposuimus
3570 2523 3583 2558 :

2016 2593 2119 2660 Qui
2143 2595 2402 2649 benedixit
2445 2611 2537 2649 nos
2583 2595 2638 2648 in
2679 2597 2820 2648 omni
2853 2593 3206 2648 benedictione
3241 2595 3502 2665 spirituali
3532 2597 3586 2649 in

2013 2684 2337 2750 celestibus;
2385 2691 2478 2738 aut
2527 2692 2674 2739 certe
2709 2685 2754 2738 si
2801 2685 2867 2738 de
2917 2683 3190 2752 praeterito
3213 2684 3583 2754 accipiendum

2013 2782 2116 2838 est,
2147 2775 2226 2829 sic
2251 2775 2509 2830 debemus
2555 2775 2818 2844 accipere,
2852 2773 2994 2843 quod
3037 2774 3202 2828 etiam
3235 2789 3299 2828 ea
3333 2789 3453 2843 qua:
3475 2790 3580 2829 non

2015 2875 2141 2922 sunt
2169 2868 2284 2937 ejus
2311 2867 2572 2922 voluntati
2600 2866 2860 2936 subjecta,
2899 2874 3106 2921 natura:
3136 2867 3444 2921 conditione
3489 2868 3582 2922 de-

2015 2959 2259 3013 serviunt
2298 2959 2492 3013 :verbi
2519 2973 2704 3020 causa,
2747 2957 3039 3035 daemones,
3071 2955 3272 3022 Judaei,
3322 2957 3582 3012 Gentiles.

2016 3048 2108 3104 Sic
2135 3049 2412 3119 intellige:
2446 3048 2514 3102 Et
2559 3050 2702 3104 dedit
2741 3057 2896 3119 caput
2949 3065 3107 3118 super
3148 3064 3351 3102 omnem
3405 3047 3586 3102 Eccle-

337 3135 463 3188 dum
497 3135 862 3190 divinitatem.
913 3136 1156 3192 Christus
1207 3138 1350 3192 enim
1387 3138 1556 3208 gloria
1601 3137 1778 3193 Patris
1807 3145 1910 3205 est,
1938 3117 1984 3180 α
2015 3140 2170 3194 siam.
2221 3139 2278 3194 Id
2309 3117 2414 3204 est,
2445 3155 2551 3195 non
2586 3140 2759 3194 solum
2803 3117 3104 3204 hominum,
3137 3138 3232 3192 sed
3279 3137 3442 3191 etiam
3491 3154 3587 3192 an-

338 3225 474 3279 sicut
500 3233 560 3280 et
591 3225 874 3295 sapientia.
901 3225 1040 3280 Deus
1068 3225 1279 3281 Domini
1308 3227 1492 3281 nostri.
1508 3227 1565 3282 Id
1591 3235 1692 3292 est,
1723 3242 1914 3283 secun-

336 3315 463 3369 dum
488 3331 734 3370 carnem.
780 3317 848 3370 Et
877 3317 1219 3373 reuelationis.
1252 3319 1309 3374 Id
1337 3327 1439 3384 est,
1466 3328 1528 3375 ut
1559 3321 1794 3375 revelata
1833 3320 1915 3376 fa-

338 3405 420 3458 cie
467 3405 698 3474 gloriam
727 3405 942 3461 Domini
993 3409 1446 3480 contemplemini.
1479 3409 1546 3464 In
1598 3413 1912 3482 agnitionem

333 3493 470 3561 ejus.
503 3493 566 3548 Id
605 3501 713 3560 est,
741 3503 800 3550 ut
843 3496 1075 3565 perfecte
1117 3500 1459 3568 cognoscatis
1487 3500 1911 3571 magnitudinem

333 3585 453 3654 ejus
479 3592 649 3654 atque
679 3586 954 3652 virtutem,
989 3603 1092 3657 qua
1132 3596 1310 3658 potest
1360 3590 1626 3659 promissa
1669 3591 1910 3659 praemia,

335 3675 420 3728 vel
461 3675 696 3744 implere
728 3691 936 3746 poenas.
969 3676 1409 3748 Magnitudinem,
1438 3695 1543 3750 qua
1569 3695 1691 3736 cum
1715 3681 1913 3750 ubique

337 3771 423 3832 sit,
452 3769 594 3823 nihil
618 3785 744 3824 eum
789 3777 969 3839 potest
1011 3771 1230 3827 omnino
1255 3771 1458 3839 latere;
1489 3774 1581 3842 qui
1627 3773 1767 3827 enim
1811 3775 1914 3828 hoc

340 3862 655 3931 cognoverit
684 3877 783 3932 pro
812 3871 982 3928 certo,
1009 3863 1154 3920 nullo
1181 3864 1380 3934 poterit
1407 3866 1460 3919 in
1489 3865 1608 3920 loco
1650 3879 1908 3934 peccare;

339 3969 457 4007 nam
488 3942 608 4023 qui'
633 3953 926 4008 humanum
977 3955 1342 4010 testimonium
1393 3955 1691 4018 erubescit,
1745 3954 1912 4009 multo

339 4046 509 4117 magis
564 4045 804 4100 divinum
855 4047 1054 4116 poterit
1096 4047 1350 4101 revereri.
1385 4046 1538 4102 Unde
1581 4054 1638 4100 et
1678 4045 1912 4102 Joannes

338 4134 616 4205 apostolus
640 4150 857 4189 omnem
901 4137 992 4205 qui
1022 4145 1224 4205 peccat,
1257 4135 1425 4192 Deum
1462 4151 1566 4190 non
1599 4135 1912 4205 cognovisse

338 4227 648 4282 conﬁrmat.
685 4225 876 4281 Oculos
906 4227 1096 4281 cordis.
1136 4228 1192 4281 Id
1231 4236 1334 4292 εει,
1363 4241 1466 4280 non
1491 4227 1771 4296 corporis:
1803 4225 1912 4294 spi-

337 4319 554 4373 ritualia
602 4317 751 4371 enim
779 4316 1042 4386 promissa
1069 4332 1177 4370 non
1207 4317 1309 4371 nisi
1351 4315 1717 4385 spiritualibus
1742 4313 1912 4369 oculis

337 4403 723 4471 pet-ridentur.
755 4402 818 4458 Ut
843 4402 1016 4456 sciatis
1045 4417 1164 4472 qua:
1181 4401 1252 4454 sit
1275 4402 1470 4470 species
1497 4401 1805 4456 vocationis.
1851 4400 1911 4457 Si

336 4495 480 4548 enim
509 4493 740 4551 sciretis
765 4493 829 4547 ad
852 4502 1112 4563 quantam
1137 4507 1286 4561 spem
1310 4494 1486 4547 vocati
1515 4495 1671 4557 estis,
1690 4509 1910 4550 omnem

337 4604 483 4660 spem
510 4589 706 4644 saeculi
725 4588 886 4643 facile
909 4587 1341 4641 contemneretis
1365 4604 1380 4640 :
1411 4587 1526 4640 etsi
1553 4586 1776 4642 divitias
1803 4588 1910 4643 ha:-

340 4682 594 4736 reditatis
618 4679 717 4733 Dei
749 4679 1025 4742 videretis,
1047 4678 1224 4733 omnis
1243 4686 1458 4733 terrena
1479 4679 1635 4733 vobis
1662 4681 1914 4736 horreret

343 4771 649 4826 hereditas.
679 4768 850 4824 Nemo
878 4769 1021 4823 enim
1045 4784 1268 4838 regnum
1291 4784 1413 4823 cum
1435 4768 1626 4836 opibus
1653 4767 1766 4821 suis
1792 4781 1915 4834 spe-

342 4871 701 4918 nnscurator
713 4869 919 4925 esse,et
931 4861 1257 4914 mediocrem
1272 4858 1626 4914 substantiam
1640 4858 1916 4926 possidere

343 4955 607 5024 (ﬁguntur.
626 4951 698 5005 Et
721 4951 1039 5006 constituens
1060 4950 1128 5004 ad
1147 4950 1411 5004 dexteram
1428 4965 1600 5002 suam.
1627 4947 1744 5003 Non
1772 4949 1915 5017 quod

341 5046 497 5101 Pater
515 5045 715 5101 solium
742 5051 907 5114 ponat
936 5051 990 5097 et
1014 5043 1068 5096 in
1089 5056 1153 5097 eo
1183 5043 1388 5106 sedeat,
1404 5051 1459 5096 et
1480 5040 1676 5094 Filium
1701 5039 1766 5093 ad
1786 5037 1917 5092 dex-

343 5147 508 5191 teram
552 5137 774 5201 habeat,
807 5134 901 5190 sed
922 5149 1021 5205 per
1059 5134 1346 5188 humanam
1387 5131 1786 5188 similitudinem
1823 5145 1919 5199 po-

343 5229 563 5282 tentiam
588 5228 928 5282 demonstrat
951 5225 1210 5280 divinam.
1235 5222 1404 5293 Super
1422 5237 1624 5277 omnem
1654 5221 1919 5290 principa-

340 5328 470 5381 tum,
495 5325 889 5388 etpotcstatem,
921 5325 970 5371 et
1003 5316 1245 5368 uirtutem
1285 5323 1333 5366 et
1362 5312 1791 5365 dominationem.
1816 5309 1920 5364 No-

341 5424 454 5464 vem
484 5409 802 5481 angelorum
836 5408 1040 5463 scimus
1068 5406 1308 5470 ordines,
1345 5403 1582 5474 angelos,
1623 5401 1918 5471 archange-

342 5500 437 5566 los,
462 5503 712 5569 virtutes,
758 5507 1077 5572 potestates,
1105 5498 1472 5568 principatus,
1501 5494 1915 5558 dominationes,

342 5592 582 5658 thronos,
606 5591 915 5656 cherubim,
941 5589 1234 5659 seraphim.
1267 5586 1366 5654 Qui
1399 5586 1619 5640 minima
1647 5586 1915 5648 nuntiant,

341 5684 540 5754 angeli;
571 5685 662 5755 qui
695 5698 934 5747 summa,
967 5679 1276 5748 archangeli
1319 5685 1600 5730 vocantur.
1645 5674 1914 5739 Virtutes,

2013 3230 2274 3300 gelorum.
2328 3229 2432 3295 Qui
2479 3246 2572 3300 per
2626 3230 2801 3283 omnia
2857 3231 2913 3283 in
2959 3228 3198 3282 omnibus
3247 3227 3580 3296 adimpletur.

2011 3320 2148 3375 Nam
2195 3321 2408 3390 quando
2453 3335 2643 3375 omnes
2679 3319 3042 3384 crediderint,
3085 3326 3214 3373 tunc
3258 3318 3362 3372 erit
3391 3331 3585 3386 corpus

2011 3411 2127 3480 dus
2173 3412 2469 3483 perfectum
2516 3413 2571 3466 in
2616 3413 2866 3467 omnibus
2913 3410 3205 3474 membris;
3255 3415 3403 3463 totus
3440 3409 3583 3463 enim

2012 3502 2068 3557 in
2093 3503 2353 3558 membris
2387 3502 2654 3565 omnibus,
2708 3518 2814 3556 non
2862 3502 2916 3555 in
2964 3499 3191 3571 singulis
3240 3499 3580 3568 adimpletur,

2012 3609 2080 3648 ne
2115 3591 2222 3647 ulla
2253 3593 2327 3648 sit
2375 3593 2662 3647 diversitas
2700 3592 3100 3653 membrorum;
3140 3595 3234 3642 aut
3281 3588 3481 3649 omnia,
3530 3587 3584 3641 id

2011 3696 2115 3752 est,
2141 3688 2281 3742 dona
2309 3686 2367 3740 in
2396 3685 2667 3750 omnibus,
2699 3685 2826 3754 quia
2855 3681 3064 3752 singula
3091 3681 3252 3744 dona,
3299 3677 3382 3733 vel
3430 3678 3583 3749 plura

2011 3795 2108 3848 per
2128 3785 2312 3848 partes
2333 3783 2459 3831 sunt
2485 3775 2541 3828 in
2569 3774 2811 3843 singulis.
2840 3771 2973 3824 Nam
3001 3771 3054 3824 in
3082 3769 3187 3824 alio
3212 3769 3356 3823 Deus
3373 3767 3584 3836 iustitia

2012 3875 2115 3933 est,
2155 3868 2209 3921 in
2231 3866 2336 3920 alio
2370 3864 2612 3928 castitas,
2637 3863 2690 3915 in
2731 3861 2836 3915 alio
2881 3859 3236 3930 temperantia
3264 3866 3368 3912 est.

2631 3951 2859 4008 CAPUT
2892 3950 2955 4006 II.

2083 4047 2153 4102 Et
2172 4063 2259 4101 vos
2281 4061 2398 4100 cum
2418 4045 2594 4098 essetis
2614 4042 2808 4096 mortui
2829 4039 3031 4094 delictis
3057 4049 3104 4093 et
3127 4041 3354 4110 peccatis
3375 4041 3579 4095 vestris.

2012 4139 2205 4207 Incipit
2252 4137 2476 4192 collecta
2505 4131 2768 4188 beneﬁcia
2807 4131 3100 4200 replicare,
3138 4139 3200 4186 ut
3247 4131 3314 4186 ad
3343 4130 3580 4186 oﬁiciurn

2012 4226 2392 4282 mandatorum
2431 4239 2498 4278 ex
2527 4220 2980 4290 contemplatione
3002 4221 3210 4276 donata:
3238 4219 3583 4290 indulgentia:

2014 4319 2223 4373 avidius
2250 4316 2617 4378 concitentur,
2663 4312 3198 4390 napanrdiparamoc
3223 4317 3328 4376 εει,
3355 4310 3576 4374 delicta,

2014 4407 2167 4478 quasi
2217 4406 2366 4460 initia
2399 4411 2748 4474 peccatorum
2787 4410 2930 4466 sunt,
2952 4400 3098 4454 -dum
3125 4400 3384 4470 cogitatio
3417 4399 3583 4454 tacita

2016 4497 2286 4567 subrepit;
2329 4496 2556 4569 ἁμαρτία
2606 4509 2736 4549 vero
2791 4499 3010 4563 peccata
3066 4498 3228 4554 sunt,
3285 4503 3408 4543 cum
3441 4489 3584 4558 quod

2015 4603 2178 4658 opere
2209 4597 2636 4642 consummatum
2670 4585 2914 4656 pervenit
2946 4583 3013 4636 ad
3062 4580 3243 4636 ﬁnem.
3283 4580 3583 4638 Secundum

2016 4679 2318 4750 principem.
2360 4678 2415 4733 Id
2459 4687 2560 4740 est,
2593 4676 2881 4732 diabolum.
2926 4673 3072 4728 Multi
3123 4688 3253 4728 sane
3296 4673 3586 4742 opinantur

2018 4772 2160 4840 quod
2183 4771 2427 4825 diabolus
2456 4770 2507 4823 in
2549 4770 2651 4824 hoc
2684 4784 2810 4823 aere
2844 4766 3164 4822 satellitibus
3203 4765 3316 4819 suis
3349 4764 3415 4818 ad
3443 4764 3584 4818 deci-

2017 4859 2242 4929 piendos
2267 4859 2493 4920 diversis
2531 4859 2772 4928 peccatis
2804 4857 3048 4910 homines
3077 4854 3320 4909 diviserit
3353 4859 3584 4923 potestao

2015 4956 2142 5002 tem.
2177 4947 2243 5000 Et
2265 4948 2654 5016 cogitationum.
2686 4947 2742 5000 In
2777 4945 2965 5001 (ἔρξεεο
2994 4943 3250 4998 mentium
3288 4938 3580 5014 [tamen],

2017 5042 2160 5111 quod
2198 5042 2265 5096 ad
2311 5043 2559 5112 dogmata
2615 5041 2850 5111 pertinet
2904 5035 3172 5091 contraria
3226 5033 3464 5088 veritati.
3510 5031 3582 5087 Et

2016 5150 2222 5188 eramus
2265 5143 2455 5187 natura
2493 5132 2591 5201 ﬁlii
2620 5133 2731 5185 inv.
2757 5131 2812 5184 Id
2835 5137 2934 5190 est,
2960 5127 3104 5196 quod
3127 5124 3195 5178 ab
3221 5123 3582 5178 adolescentia

2017 5239 2171 5278 mens
2195 5223 2470 5278 hominum
2499 5222 2739 5291 apposita
2787 5220 2857 5273 sit
2884 5219 2950 5272 ad
2980 5215 3244 5270 malitiam
3292 5229 3309 5268 ε
3350 5228 3457 5268 non
3498 5222 3584 5268 est

2017 5313 2162 5368 enim
2199 5313 2360 5366 homo
2395 5311 2486 5380 qui
2527 5326 2631 5364 non
2675 5314 2881 5378 peccet.
2915 5305 3035 5360 Filii
3085 5304 3201 5368 irae,
3249 5302 3365 5357 sive
3409 5299 3588 5370 perdi-

2017 5401 2197 5465 tionis,
2242 5400 2354 5454 sive
2386 5397 2738 5466 diaboli,qui
2792 5396 2873 5450 ira
2917 5394 3148 5456 dicitdr,
3197 5398 3419 5460 propter
3462 5403 3585 5444 eam

2017 5504 2178 5559 quam
2228 5496 2446 5543 exercet
2501 5487 2761 5542 adversus
2817 5485 3060 5540 homines
3108 5481 3399 5536 feritatem.
3441 5478 3589 5534 Deus-

2019 5584 2135 5635 hoc.
2166 5579 2278 5635 Hoc
2299 5587 2472 5634 vocat.
2505 5577 2610 5632 Per
2636 5578 2853 5630 multum
2877 5559 3204 5629 chai’itatem.
3241 5569 3430 5626 Nimim
3455 5569 3586 5630 cha-

2019 5674 2194 5730 ritatis
2213 5683 2312 5739 est,
2348 5673 2574 5728 rebelles
2611 5685 2796 5724 servos
2825 5668 2978 5737 quasi
3011 5665 3149 5720 ﬁlios
3177 5660 3416 5733 diligere.
3451 5656 3591 5710 Con-

2602 5941 2650 5973 Δ
