3982 6198
382 334 501 403 599

1770 314 2038 371 SEDUIJI
2080 313 2274 370 SCOTI

3537 314 3645 368 200

364 443 675 517 quiviﬁcabit
696 458 811 498 nos.
841 440 898 497 Id
919 446 1022 502 est,
1051 436 1104 490 in
1129 431 1339 504 justitia
1366 437 1586 501 peccata
1614 440 1712 497 per
1761 426 1965 495 baptis-
1989 429 2041 484 Α
2066 424 2269 476 tionem
2325 421 2557 475 formam
2594 430 2954 517 recepturum,
2992 433 3155 491 quam
3193 428 3248 473 et
3277 434 3419 517 nunc
3467 422 3648 517 angeli

388 554 538 594 mum
592 544 649 592 et
695 535 855 590 ﬁdem
899 526 1216 586 dimittendo
1261 531 1318 580 et
1367 519 1664 593 purgando.
1718 517 1789 572 Et
1843 533 1970 571 con-

388 624 740 682 resuscitabit.
768 621 908 688 Quia
930 616 1071 688 quod
1101 614 1158 668 in
1201 612 1376 682 capite
1420 608 1719 680 praecessit,
1759 614 1969 661 certum

391 728 477 774 est
519 719 572 771 in
612 713 870 769 membris
897 708 1187 780 aliquando
1224 706 1486 761 futurum.
1518 702 1789 773 Simulque
1825 700 1966 769 fecit.

392 809 498 862 Pro
521 805 702 859 faciet.
731 801 1069 855 Abundantes
1090 798 1321 853 divitias.
1349 794 1405 849 Id
1443 802 1547 859 est,
1574 794 1717 862 quod
1742 792 1970 846 daturus

393 900 484 961 sit,
529 912 651 966 quae
680 909 782 949 nec
816 892 1007 949 oculus
1031 891 1173 945 vidit
1215 903 1316 944 nec
1354 886 1504 941 auris
1564 883 1788 939 audivit.
1828 882 1971 937 Vere

398 988 682 1042 abundans
728 984 902 1054 gratia
937 988 1037 1045 est,
1063 995 1184 1050 qua:
1207 993 1310 1033 nec
1353 977 1525 1033 solum
1554 980 1777 1045 peccata
1805 971 1972 1026 dona-

392 1078 500 1141 vit,
528 1077 623 1131 sed
643 1076 807 1128 etiam
832 1087 956 1127 cum
969 1069 1188 1124 Christo
1217 1067 1568 1123 resuscitatus
1585 1064 1639 1117 in
1658 1063 1847 1117 dextra
1874 1061 1970 1116 Dei

394 1168 450 1222 in
480 1166 792 1222 coelestibus
817 1161 1121 1218 collocabit.
1159 1158 1260 1213 Per
1281 1158 1459 1227 ﬁdem.
1498 1156 1558 1209 Id
1602 1160 1704 1218 est,
1730 1167 1839 1207 non
1872 1166 1971 1221 per

397 1272 583 1327 opera.
606 1255 713 1308 Sed
743 1268 808 1307 ne
831 1251 932 1306 sibi
962 1249 1189 1304 salutem
1217 1248 1388 1316 ipsam
1419 1243 1526 1298 ﬁde
1566 1249 1847 1312 arrogaret
1886 1255 1972 1296 se-

387 1360 581 1410 curus,
615 1342 861 1410 adjunxit
895 1357 907 1393 :
939 1340 1005 1392 Et
1028 1339 1125 1392 hoc
1156 1352 1260 1390 non
1288 1350 1351 1389 ex
1376 1333 1541 1396 vobis,
1569 1331 1828 1401 quoniam
1856 1330 1969 1399 ipsa

396 1435 532 1489 ﬁdes
563 1448 667 1487 non
690 1446 759 1485 ex
790 1428 965 1491 vobis,
1015 1426 1111 1481 sed
1150 1439 1217 1479 ex
1244 1438 1310 1478 eo
1352 1423 1443 1492 qui
1481 1421 1694 1475 vocavit
1736 1434 1855 1473 nos.
1891 1418 1972 1472 Ne

388 1523 509 1594 quis
548 1521 819 1593 glorietur.
856 1518 913 1572 Id
937 1525 1050 1581 est,
1103 1515 1216 1569 suis
1264 1512 1472 1567 meritis
1495 1551 1509 1577 ,
1557 1518 1611 1565 et
1646 1524 1752 1563 non
1798 1523 1828 1562 a
1863 1509 1972 1562 Deo

394 1627 514 1669 esse
542 1610 829 1665 salvatum.
865 1602 1041 1660 Creati
1062 1605 1117 1656 in
1149 1600 1378 1656 Christo.
1429 1599 1489 1653 Id
1540 1606 1643 1663 est,
1674 1597 1846 1652 renati
1876 1611 1975 1666 per

397 1703 741 1772 baptismum.
795 1695 1051 1750 Hemores
1107 1692 1282 1763 itaque
1335 1700 1515 1745 estote.
1572 1688 1973 1743 Commemorat

2074 512 2297 576 habent,
2321 519 2377 566 et
2414 517 2528 580 ipse
2553 510 2882 579 perdiderit;
2918 525 3104 563 novum
3144 516 3325 564 autem
3363 509 3649 577 hominem,

2070 601 2163 671 qui
2204 601 2444 672 quotidie
2489 609 2782 655 renovatur
2829 606 2884 654 et
2930 600 3270 655 habitaturus
3310 599 3479 655 estin
3511 616 3654 657 novo

2072 692 2293 746 mundo.
2322 690 2514 756 Aliter,
2542 692 2599 744 in
2624 705 2783 744 unum
2818 705 3008 743 novum
3036 690 3315 754 hominem,
3349 691 3400 745 id
3441 699 3560 758 est,
3594 694 3655 749 in

2030 794 2239 834 annum
2263 779 2516 849 populum
2542 777 2911 834 Christianum
2944 777 3196 834 eiI‘ectum
3233 795 3248 832 :
3302 779 3358 834 in
3387 795 3497 835 uno
3542 783 3655 851 spi—

2070 868 2182 922 ritu
2209 868 2435 938 pulchre
2471 877 2582 923 tres
2600 883 2866 938 personas
2894 868 3046 924 dicit.
3072 868 3140 923 In
3167 886 3378 924 accessu
3421 870 3654 927 duorum

2070 956 2404 1027 populorum.
2448 958 2507 1013 Id
2534 965 2641 1024 est,
2669 960 2834 1014 totius
2877 958 3173 1014 Christiani
3221 960 3403 1030 populi
3439 964 3658 1032 generis

2072 1046 2317 1101 humani.
2366 1045 2509 1117 Ergo
2540 1048 2661 1117 jam
2691 1063 2796 1102 non
2840 1049 2963 1101 estis
3010 1047 3259 1117 hospites.
3307 1048 3390 1104 Ad
3426 1050 3480 1103 id
3509 1050 3654 1120 quod
3698 1044 3703 1047 ’

2070 1138 2409 1206 praemiserat
2450 1155 2463 1192 :
2497 1137 2724 1209 hospites
2776 1148 3200 1194 testamentorum
3230 1139 3359 1205 Dei,
3390 1155 3534 1195 nunc
3568 1157 3657 1196 re-

2021 1242 2039 1255 ’
2069 1227 2303 1296 spondet
2335 1245 2347 1280 :
2383 1225 2486 1281 Sed
2507 1229 2631 1281 estis
2652 1229 2805 1282 cives.
2830 1227 3198 1293 Prmmiseral,
3223 1227 3437 1282 alienati
3470 1246 3503 1282 a
3528 1247 3653 1285 cou-

2070 1320 2360 1372 versatione
2376 1317 2567 1373 Israel.
2588 1319 2685 1374 Ilic
2712 1316 2863 1373 locus
2883 1319 3168 1373 adversum
3195 1332 3290 1373 eos
3314 1318 3397 1373 vel
3419 1320 3655 1375 maxime

2070 1405 2226 1471 facit,
2274 1407 2366 1477 qui
2416 1409 2659 1464 diversas
2705 1416 2931 1462 naturas
2974 1409 3223 1462 nituntur
3277 1408 3642 1464 introducere.

2072 1496 2354 1563 Quomodo
2379 1499 2522 1553 enim
2546 1499 2818 1570 peregrini
2842 1498 2968 1553 facti
2987 1506 3113 1554 sunt
3134 1499 3282 1553 cives
3311 1507 3645 1563 sanctorum,

2073 1596 2131 1645 et
2158 1591 2428 1659 quomodo
2456 1590 2735 1645 domestici
2759 1590 2855 1645 Dei
2894 1590 3113 1645 fuerunt
3134 1591 3409 1659 quondam
3434 1589 3652 1643 alienati

2077 1694 2110 1733 a
2150 1680 2563 1735 conversatione
2592 1680 2778 1745 Israel,
2806 1680 2853 1734 si
2888 1694 2993 1735 non
3031 1687 3212 1750 potest
3257 1686 3447 1733 natura
3478 1676 3563 1732 vel
3595 1678 3654 1731 in

399 1760 521 1847 illos
543 1791 608 1843 de
634 1794 839 1857 quanta
867 1760 1206 1853 ignobilitate
1228 1780 1294 1834 ad
1323 1792 1592 1846 summam
1608 1775 1759 1843 regni
1782 1774 1976 1843 produ—
2002 1760 2048 1818 B
2077 1768 2302 1833 melius,
2332 1768 2417 1823 vel
2471 1768 2524 1823 in
2556 1767 2711 1838 pejus
2750 1769 2989 1823 mutari?
3028 1767 3201 1839 Supra
3251 1768 3657 1837 fundamentum

395 1878 470 1935 cli
502 1877 611 1933 sint.
636 1875 971 1947 dignitatem,
992 1878 1060 1926 ut
1080 1885 1185 1925 non
1207 1869 1315 1923 sint
1343 1866 1543 1938 ingrati
1564 1864 1843 1921 beneﬁciis
1864 1863 1972 1917 lar.

396 1969 608 2040 gitoris.
640 1963 771 2029 Qute
809 1961 1003 2013 dicitur
1023 1957 1374 2012 circumcisio.
1399 1955 1457 2009 ld
1475 1962 1579 2018 est,
1610 1968 1719 2008 non
1746 1952 1970 2040 virtute,

394 2039 490 2114 sed
518 2054 755 2110 nomine.
784 2050 849 2103 In
887 2064 1063 2102 carne.
1100 2046 1158 2101 Id
1203 2052 1327 2109 est,
1376 2059 1485 2098 non
1526 2042 1739 2113 spiritu.
1784 2039 1977 2094 Manu-

396 2148 559 2220 facta.
582 2145 646 2201 Id
667 2152 750 2199 est
766 2184 781 2209 ,
818 2156 981 2196 manu
1015 2138 1249 2193 humana
1279 2137 1441 2201 facta,
1465 2150 1570 2190 non
1588 2133 1778 2204 spiritu
1800 2132 1896 2187 Dei
1918 2131 1975 2186 in

388 2235 586 2292 corde.

470 2322 698 2378 Alienati
734 2339 771 2376 α
807 2319 1197 2375 conversatione
1243 2315 1434 2371 Israel.
1466 2315 1525 2370 Id
1567 2322 1675 2379 est,
1723 2312 1814 2383 qui
1848 2320 1975 2368 tunc

387 2422 517 2471 lerat
537 2413 767 2483 populus
787 2412 902 2466 Dei.
931 2410 1001 2464 Et
1025 2410 1302 2481 peregrini.
1326 2407 1550 2462 Etiamsi
1575 2422 1644 2461 ex
1673 2415 1829 2475 parte
1854 2419 1973 2459 cre-

401 2505 632 2568 debatis,
647 2502 907 2574 proselyti
936 2510 1138 2568 tamen,
1165 2501 1217 2555 id
1239 2509 1342 2566 est,
1359 2500 1579 2555 advena:
1603 2495 1972 2553 habebamini.

403 2596 530 2652 Sine
557 2595 683 2649 Deo.
698 2595 974 2649 Errantes.
1003 2591 1070 2646 In
1091 2592 1187 2645 hoc
1204 2590 1425 2645 mundo.
1442 2588 1627 2643 Nnﬂos
1649 2586 1812 2642 falsos
1849 2587 1977 2642 deos

398 2686 661 2749 colentes,
695 2699 863 2738 unum
894 2697 1078 2736 verum
1100 2680 1269 2735 Deum
1293 2678 1577 2734 amisistis.
1604 2675 1783 2731 Gratis
1804 2673 1974 2744 longe.

396 2777 544 2832 Deus
559 2791 686 2832 cum
713 2775 911 2845 ubique
930 2774 1001 2829 sit
1019 2787 1277 2844 praisens,
1303 2771 1462 2843 longe
1493 2778 1677 2824 tamen
1706 2767 1775 2822 ab
1798 2764 1978 2837 impiis

403 2869 631 3010 megilch
670 2956 792 3011 estis
822 2970 1000 3026 prope.
1028 2953 1090 3008 Id
1119 2960 1233 3034 ρει,
1265 2960 1326 3005 ιιι
1358 2948 1560 3005 Judazis
1603 2946 1975 3018 :equaremini,

402 3049 497 3120 qui
539 3063 670 3103 cum
715 3047 828 3101 Deo
870 3052 1045 3101 erant.
1092 3043 1162 3099 In
1204 3043 1462 3112 sanguine
1496 3039 1727 3094 ‘Christi.
1757 3039 1815 3093 Id
1858 3045 1975 3102 est,

2077 1858 2454 1929 apostolorum.
2485 1858 2731 1929 Apostoli
2762 1857 3170 1913 fundamentum
3192 1863 3339 1923 sunt,
3368 1857 3454 1912 vel
3490 1857 3654 1912 Chri-

2077 1956 2197 2004 stus
2242 1947 2652 2003 fundamentum
2701 1954 2786 2004 est
2831 1948 3214 2018 apostolorum.
3270 1946 3518 2002 Christus
3571 1955 3659 2002 cst

2074 2040 2486 2096 fundamentum
2507 2040 2599 2110 qui
2632 2040 2794 2095 etiam
2817 2038 2952 2110 lapis
2971 2039 3171 2094 dicitur
3195 2038 3489 2109 angularis,
3515 2037 3656 2093 duos

2073 2130 2409 2201 eonjungens
2448 2136 2504 2184 et
2530 2130 2812 2185 continens
2865 2129 3122 2199 parietes.
3152 2127 3278 2183 Ideo
3329 2127 3419 2182 hic
3469 2126 3662 2181 funda-

2076 2228 2317 2275 mentum
2347 2226 2401 2274 et
2427 2234 2672 2275 summus
2704 2229 2789 2275 est
2824 2218 2983 2289 lapis,
3011 2219 3138 2289 quia
3167 2218 3222 2273 in
3271 2217 3388 2287 ipso
3422 2224 3479 2272 et
3531 2218 3659 2270 fun-

2075 2313 2276 2377 datur,
2330 2320 2386 2368 et
2447 2319 2857 2367 consummatur
2917 2308 3179 2366 Ecclesia.
3249 2308 3506 2364 Summus
3567 2309 3661 2363 hic

2076 2402 2352 2473 ungulatis
2404 2402 2580 2472 lapis,
2637 2402 2765 2472 quia
2814 2401 3072 2471 populum
3129 2407 3420 2469 utrumque
3476 2399 3657 2453 conti-

2076 2497 2203 2556 net;
2263 2490 2377 2546 sive
2415 2488 2570 2558 juxta
2627 2490 3131 2560 interpretationem
3190 2488 3433 2544 cmiestia
3480 2487 3664 2559 jungit

2077 2588 2242 2650 atque
2265 2588 2502 2636 terrena.
2525 2580 2772 2637 Christus
2799 2590 2883 2636 est
2902 2581 3040 2651 lapis
3062 2580 3331 2651 pretiosus
3354 2580 3421 2634 de
3446 2588 3657 2645 monte,

2078 2672 2396 2743 reprobatus
2425 2687 2456 2727 a
2485 2672 2775 2727 Pharisaeis
2802 2671 2974 2742 legem
3007 2669 3419 2726 adiﬁcantibus.

2148 2759 2219 2816 In
2248 2761 2495 2834 templum
2522 2772 2762 2817 sanctum
2788 2764 2845 2816 in
2872 2762 3119 2816 Domino.
3147 2761 3206 2816 In
3237 2758 3435 2830 templo
3461 2767 3654 2815 sancto

2079 2865 2188 2909 non
2212 2860 2439 2922 possunt
2463 2850 2666 2922 lapides
2689 2850 2814 2921 poni
2840 2850 2944 2906 nisi
2970 2849 3161 2905 sancti.
3187 2849 3273 2904 Ad
3300 2849 3664 2918 comparatio-

2079 2954 2206 3000 nem
2240 2943 2430 3013 templi
2460 2941 2850 3012 Hierosolyma:
2880 2942 3011 2997 dicit
3040 2941 3248 2996 exstrui
3276 2955 3475 3011 corpus
3503 2939 3665 2995 Chri-

2081 3034 2190 3100 sti,
2226 3033 2283 3089 id
2314 3041 2442 3099 est,
2477 3032 2776 3088 Ecclesiam
2801 3072 2817 3099 ,
2852 3040 2913 3087 ut
2944 3032 3115 3087 multo
3146 3032 3405 3103 majorem
3438 3032 3660 3087 mundi-

399 3103 672 3195 ;edendo
692 3152 789 3191 vos
812 3135 929 3204 ejus
949 3134 1277 3206 sanguineet
1296 3103 1549 3203 passione
1566 3130 1843 3185 liberatos.
1861 3128 1981 3199 Ipse
2003 3103 2053 3165 ο
2087 3124 2216 3179 tiam
2263 3131 2321 3179 et
2366 3123 2708 3178 sanctitatem
2760 3122 2959 3176 haheat
3001 3122 3204 3177 veritas
3248 3136 3411 3192 quam
3458 3123 3659 3192 imago.

400 3235 480 3280 est
520 3224 659 3278 enim
697 3239 803 3293 paa:
826 3231 1027 3277 nostra.
1054 3221 1173 3290 Ipse
1198 3228 1283 3275 est
1308 3218 1674 3274 reconciliatio
1701 3217 1983 3286 utriusque

400 3312 588 3384 populi
623 3312 926 3367 adinvicem
951 3315 1009 3364 et
1035 3309 1106 3363 ad
1133 3308 1323 3363 Deum.
1361 3306 1431 3362 Et
1459 3308 1691 3361 medium
1727 3307 1981 3378 parietem

398 3402 671 3457 maceries.
703 3400 910 3457 Medius
935 3402 1133 3470 paries,
1175 3408 1231 3456 et
1275 3401 1444 3471 scpis,
1474 3409 1530 3455 et
1562 3399 1788 3454 materia
1816 3408 1982 3455 onera

398 3492 539 3563 legis
559 3501 731 3557 erant,
769 3492 905 3548 duos
932 3492 1156 3563 populos
1178 3491 1494 3557 dividentia,
1519 3498 1576 3545 et
1607 3490 1727 3546 ideo
1748 3489 1863 3560 ipse
1882 3500 1980 3559 pa-

401 3586 520 3641 ries
548 3586 847 3640 inimicitiae
871 3586 1237 3641 nominantur.

479 3677 695 3734 Solvens
742 3678 1069 3733 inimicitias.
1106 3678 1164 3733 Id
1201 3685 1305 3745 est,
1334 3677 1821 3742 circumcisionem,
1851 3684 1981 3743 etc.,

397 3778 529 3838 «qua:
568 3783 676 3823 non
726 3775 833 3822 tam
869 3769 964 3824 Dei
986 3770 1254 3835 voluntas,
1290 3776 1452 3840 quam
1484 3768 1743 3839 temporis
1771 3769 1913 3825 ratio
1953 3783 1985 3822 a

408 3856 595 3926 populi
619 3857 818 3913 duritia
845 3867 1116 3930 exegerat.
1147 3858 1348 3925 Aliter,
1379 3860 1593 3915 solvens
1623 3858 1981 3921 inimicitiam,

412 3945 468 3999 id
499 3952 602 4009 est,
628 3947 944 4016 sapientiam
982 3950 1183 4014 carnis,
1211 3964 1331 4019 qua:
1365 3950 1582 4005 inimica
1627 3958 1714 4004 est
1739 3950 1867 4003 Deo.
1917 3947 1985 4002 In

398 4051 567 4090 carne
585 4048 704 4091 sua.
728 4036 786 4092 Id
810 4047 912 4102 est,
936 4040 1188 4106 passione
1208 4040 1387 4094 carnis
1406 4056 1538 4095 suae.
1566 4040 1751 4109 Legem
1770 4039 1989 4093 manda-

392 4132 602 4180 atorum.
632 4125 691 4181 Id
706 4136 824 4190 est,
850 4126 903 4179 in
930 4141 1036 4194 qua
1075 4135 1202 4182 sunt
1230 4129 1503 4193 mandata,
1543 4129 1906 4193 circumcisio,
1932 4137 1987 4183 et

398 4212 653 4275 sabbata,
705 4216 762 4265 et
808 4212 1125 4267 neomenite.
1170 4212 1421 4269 Decrctis.
1474 4214 1531 4270 Id
1576 4222 1665 4270 est
1711 4215 1985 4286 Evangelii

410 4300 754 4368 dogmatibus
793 4313 1082 4358 evacuans.
1113 4302 1268 4370 Item,
1295 4304 1404 4373 ipse
1432 4314 1507 4359 est
1536 4322 1641 4374 pas:
1668 4314 1869 4371 nostra,
1895 4308 1987 4379 qui

412 4389 534 4459 fecit
578 4398 800 4460 utraque
852 4402 1037 4448 unum.
1069 4391 1336 4449 Czeterum
1378 4401 1489 4449 tota
1536 4395 1888 4466 intelligentia
1917 4396 1983 4452 ad

411 4479 628 4550 angelos
665 4482 1045 4539 transferenda
1088 4491 1192 4549 est,
1221 4484 1554 4554 virtutesque
1598 4485 1879 4551 caelorum,
1926 4494 1982 4541 et

413 4572 482 4627 ad
509 4571 717 4626 animas
751 4571 1042 4637 humanas,
1074 4575 1220 4641 quod
1255 4573 1310 4627 in
1360 4589 1459 4629 suo
1487 4574 1747 4644 sanguine
1777 4583 1989 4630 terrena

412 4671 472 4717 et
500 4661 743 4717 coelesua
797 4662 1111 4731 copulavit,
1167 4664 1458 4732 quaeinter
1500 4680 1558 4720 se
1589 4674 1715 4721 ante
1761 4665 1989 4721 disside-

416 4753 570 4816 bant,
625 4759 682 4805 ct
713 4751 889 4808 bonus
940 4760 1130 4822 pastor
1178 4753 1481 4809 morbidum
1526 4754 1593 4809 ad
1638 4763 1852 4811 montes
1901 4770 1988 4810 re—

412 4852 643 4899 vectans
680 4857 861 4908 ovem,
892 4842 1080 4899 fecerit
1109 4858 1231 4900 esse
1282 4860 1407 4901 cum
1439 4847 1683 4913 cmteris;
1717 4855 1879 4916 atque
1909 4848 1985 4902 ita

410 4950 551 4991 crux
580 4934 793 4991 Domini
814 4950 925 4990 non
951 4935 1125 4991 solum
1148 4938 1518 5005 terrestribus,
1551 4940 1645 4994 sed
1673 4940 1837 4995 etiam
1877 4955 1988 4996 cce-

419 5023 644 5089 lestibus
670 5023 891 5094 profuit.
915 5024 1061 5081 Idem
1084 5026 1139 5081 in
1167 5027 1503 5097 expositione
1533 5026 1789 5085 I‘Iabacuc
1819 5048 1832 5084 :
1868 5023 1989 5100 Ipse

411 5113 569 5168 solvit
597 5116 733 5169 enim
761 5116 990 5171 medium
1013 5117 1265 5187 parietem
1290 5115 1483 5184 Israel,
1512 5118 1565 5173 id
1589 5127 1702 5184 est,
1746 5120 1991 5175 obscuri-

416 5210 587 5257 tatem
616 5211 856 5260 veterum
882 5208 1288 5277 prophetarum,
1308 5215 1364 5262 et
1390 5208 1570 5262 omnia
1597 5209 1832 5277 antiqua:
1850 5208 1992 5279 legis

412 5292 635 5359 aperuit
675 5302 1029 5355 sacramenta.
1063 5296 1218 5363 Quod
1262 5304 1443 5352 autem
1474 5298 1570 5363 ait,
1606 5295 1671 5351 Ut
1700 5288 1831 5354 duas
1861 5311 1989 5354 eon-

409 5380 564 5435 deret
588 5382 647 5435 in
669 5384 941 5454 semetipso
979 5386 1036 5439 in
1074 5401 1234 5441 unum
1286 5402 1474 5444 novum
1502 5389 1786 5455 hominem,
1818 5391 1991 5461 magis

414 5469 636 5525 videtur
662 5471 930 5541 superiori
959 5473 1024 5528 de
1042 5471 1245 5533 Iudaeis
1282 5487 1336 5535 et
1359 5478 1626 5535 Gentibus
1653 5479 1836 5534 sensui
1863 5495 1994 5536 con—

413 5558 630 5625 venire,
660 5562 740 5615 sic
776 5561 1015 5634 intelligo
1050 5581 1062 5616 :
1098 5563 1381 5620 Hominem
1416 5567 1574 5637 juxta
1619 5567 1906 5640 imaginem
1938 5577 1992 5623 et

413 5645 829 5703 similitudinem
859 5651 951 5705 Dei
984 5650 1203 5717 factum,
1253 5655 1500 5709 eamdem
1545 5672 1642 5726 per
1675 5657 1992 5714 reconcilia-

2010 4438 2062 4497 D

2085 3212 2354 3269 Sensuum
2396 3214 2575 3285 magis
2617 3214 2674 3269 in
2719 3212 2977 3284 Apostolo
3021 3214 3344 3284 gemendus
3392 3223 3475 3270 est
3524 3215 3663 3295 ordo

2084 3317 2249 3379 Quam
2295 3308 2605 3364 verborum.

2699 3398 2927 3455 CAPUT
2963 3398 3051 3453 IlI.

2157 3492 2337 3563 Hujus
2362 3493 2437 3547 rei
2464 3491 2656 3562 gratia.
2685 3489 2741 3544 Id
2766 3498 2882 3556 est,
2905 3491 3065 3560 hujus
3087 3489 3201 3555 rei,
3227 3504 3389 3559 quam
3414 3488 3666 3558 superius

2081 3583 2412 3648 memoravi,
2445 3581 2590 3651 quod
2614 3579 2785 3634 Filius
2816 3579 2913 3634 Dei
2940 3587 2996 3634 et
3024 3588 3210 3650 gentes
3236 3578 3527 3634 salvaverit
3546 3618 3562 3644 ,
3603 3586 3664 3632 et

2085 3673 2299 3729 Jndteos
2330 3681 2388 3727 et
2420 3680 2679 3740 utrosque
2709 3668 2905 3725 fecerit
2937 3685 3125 3724 unum.
3175 3668 3289 3740 Ege
3325 3666 3550 3723 Paulus.
3602 3668 3665 3723 Id

2084 3772 2204 3831 est,
2236 3763 2463 3836 cognovi
2492 3761 2807 3832 mysterium
2826 3800 2842 3827 ,
2870 3760 2955 3816 vel
2983 3761 3161 3815 docui.
3201 3758 3408 3813 Vinctus
3438 3758 3659 3814 Christi.

2054 3856 2142 3912 'Id
2177 3864 2293 3920 est,
2331 3854 2543 3910 Christi
2578 3867 2764 3908 amore
2799 3853 2998 3925 ligatus
3036 3852 3241 3907 Rome.
3278 3851 3336 3907 Si
3360 3863 3534 3908 tamen
3561 3870 3666 3907 au-

2087 3945 2255 3999 distis.
2295 3943 2356 3998 Si
2393 3950 2575 3997 tamen
2612 3942 2842 3997 ﬁrmiter
2879 3943 3126 3998 retinetis
3156 3956 3245 3997 me
3279 3942 3332 3997 iu
3372 3942 3523 3998 vobis
3542 3943 3659 3998 dis-

2084 4035 2457 4107 pensationem
2516 4035 2793 4105 accepisse
2828 4034 3106 4090 doctrinas.
3150 4034 3347 4088 Notum
3393 4032 3519 4087 mihi
3570 4035 3658 4104 fa-

2084 4133 2226 4179 ctum
2254 4134 2331 4179 est
2358 4125 2682 4196 mysterium.
2713 4125 2771 4181 Id
2798 4134 2914 4191 est,
2946 4125 3158 4181 Judmos
3180 4135 3239 4181 et
3265 4124 3464 4181 Gentes
3490 4141 3663 4181 unum

2083 4214 2344 4286 populum
2369 4230 2490 4271 esse
2515 4214 2716 4270 factum
2745 4217 2798 4269 in
2826 4215 3063 4272 Christo.
3090 4215 3242 4272 Sicut
3264 4232 3423 4288 supra
3451 4219 3661 4289 scripsi.

2094 4304 2155 4359 In
2190 4305 2560 4373 superioribus
2590 4305 2751 4375 hujus
2778 4307 3057 4377 epistolae;
3088 4309 3343 4377 quoniam
3372 4310 3507 4364 dixit
3540 4328 3553 4363 :
3591 4310 3663 4367 Ut

2086 4405 2268 4449 uotum
2299 4394 2490 4464 faceret
2518 4395 2661 4450 vobis
2686 4406 3073 4452 sacramentum
3103 4397 3387 4454 uoluntatis
3421 4404 3549 4454 sude.
3592 4400 3664 4455 In

2092 4484 2230 4538 brevi
2261 4495 2415 4555 prout
2442 4486 2673 4555 potestis.
2706 4484 2823 4541 Non
2850 4490 3102 4557 quoniam
3130 4500 3372 4559 poteram
3399 4506 3500 4563 ego
3527 4493 3660 4547 scri-

2090 4574 2220 4630 bere
2239 4616 2253 4640 ,
2284 4575 2377 4630 sed
2411 4575 2665 4644 quoniam
2698 4591 2796 4631 vos
2828 4578 3042 4646 assequi
3072 4579 3354 4634 valebatis.
3379 4580 3445 4634 In
3465 4589 3664 4649 myste-

2090 4669 2170 4723 rio
2226 4666 2458 4735 Christi,
2506 4683 2613 4723 non
2654 4670 2713 4723 in
2756 4669 3068 4738 eloquentia
3113 4670 3379 4726 saculari.
3431 4670 3554 4727 Non
3583 4684 3661 4728 est

2084 4757 2324 4828 agnitum
2351 4758 2476 4820 ﬁliis
2503 4759 2793 4812 hominum.
2829 4757 3116 4829 Signanter
3151 4768 3207 4816 et
3234 4770 3391 4816 caute
3425 4762 3503 4816 ait
3532 4762 3665 4819 ﬁliis

2092 4846 2368 4900 hominum
2393 4845 2558 4902 fuisse
2585 4847 2963 4902 absconditum
2989 4857 3412 4916 sacramentum,
3442 4864 3550 4906 non
3578 4859 3663 4906 ta-

2092 4948 2217 4988 men
2256 4932 2378 4988 liliis
2408 4935 2534 4997 Dei,
2560 4936 2892 5005 patriarbhis
2926 4943 2983 4991 et
3015 4939 3324 5009 prophetis,
3359 4940 3429 4994 de
3462 4941 3663 5009 quibus

2092 5024 2169 5078 ait
2197 5041 2210 5079 :
2241 5024 2354 5095 Ego
2382 5025 2494 5079 dixi
2520 5038 2540 5078 :
2570 5025 2658 5079 Dii
2686 5026 2829 5080 estis;
2860 5026 3347 5095 Aliteeruon'mn
3361 5030 3659 5086 revelatum

2093 5123 2178 5171 est
2209 5117 2472 5186 apostolis
2491 5158 2505 5183 ,
2537 5117 2858 5188 ignorabant
2883 5121 3193 5190 prophetia;
3222 5119 3366 5174 aliud
3396 5129 3481 5175 est
3510 5123 3659 5176 enim

2092 5206 2284 5276 spiritu
2314 5215 2542 5280 ventura
2573 5223 2931 5279 cognoscere,
2966 5210 3113 5264 aliud
3140 5224 3203 5265 ea
3229 5222 3457 5266 nemore
3492 5224 3663 5283 opere

2082 5293 2379 5362 completa.
2411 5293 2565 5349 Unde
2594 5303 2650 5350 et
2676 5294 2913 5352 Joannes
2942 5297 3118 5367 major
3146 5298 3397 5354 omnibus
3418 5299 3665 5371 Prophe-

2082 5384 2162 5438 tis
2188 5395 2310 5439 esse
2335 5384 2553 5450 dicitur,
2594 5387 2718 5456 quia
2757 5400 2916 5459 quem
2953 5391 3134 5445 caeteri
3164 5394 3659 5462 prophetareruut,

2088 5473 2208 5542 ipse
2237 5475 2547 5543 conspexit,
2575 5485 2632 5531 et
2656 5476 2823 5548 digito
2850 5477 3241 5535 demonstravit
3266 5480 3452 5538 dicetis
3477 5500 3490 5536 :
3522 5481 3665 5537 Ecce

2090 5580 2262 5634 agnus
2290 5563 2421 5631 Dei,
2451 5580 2568 5620 ecce
2595 5567 2683 5638 qui
2714 5568 2847 5623 tollit
2878 5580 3093 5640 peccata
3118 5572 3323 5627 arandi.
3365 5572 3433 5626 In
3462 5570 3664 5643 Spiritu

2094 5673 2207 5713 esse
2232 5655 2420 5714 Gentes
2435 5647 2756 5717 coheredes.
2784 5661 2887 5717 Per
2914 5661 3174 5734 Spiritum
3204 5664 3332 5719 mihi
3362 5664 3662 5719 revelatum
