3982 6198
448 361 553 417 203

1820 353 2097 410 'SEDULII
2134 353 2326 410 SCOTI

3587 361 3691 417 2οὄ

445 484 614 525 stram
642 472 768 526 data
794 479 869 525 est
893 469 1066 541 gratia
1094 465 1382 522 secundum
1410 479 1729 519 mensuram.
1764 463 1920 520 Nunc
1947 464 2014 519 de
2041 480 2093 539 Α
2116 468 2365 521 membra.
2405 466 2700 524 Secundum
2739 473 3088 541 Operationem
3110 513 3123 537 ,
3159 472 3361 542 inquit,
3393 474 3447 526 in
3486 489 3693 528 mensu-

446 561 746 616 dill‘erentia
793 560 1057 614 donorum
1101 557 1265 621 dicit,
1314 571 1383 612 ne
1423 556 1491 611 ab
1529 556 1633 611 hoc
1674 554 1842 610 invidi
1886 555 2017 610 ﬁant

446 652 706 715 invicem,
749 663 872 703 cum
911 646 1158 702 Christus
1196 645 1420 716 singulis
1459 645 1671 700 dividit.
1717 642 2018 700 Secundum

443 755 762 794 mensuram.
795 737 929 791 Tam
958 745 1160 791 nostrae
1186 736 1503 807 capacitatis
1530 750 1692 801 quam
1734 735 1877 789 illius
1917 735 2020 789 lar-

446 830 649 900 gitatis.
682 827 942 895 Quamvis
970 827 1267 882 immensus
1309 835 1394 881 est
1433 827 1605 892 Deus,
1649 834 1830 881 tamen
1861 824 2017 894 juxta

443 935 755 975 mensuram
782 919 1014 991 gratiam
1054 917 1250 983 donat,
1282 917 1336 971 id
1363 925 1479 982 est,
1523 926 1583 971 ut
1622 930 1816 986 capere
1854 916 2021 985 possi-

442 1027 583 1067 mus.
631 1008 1018 1081 Captivitatem.
1062 1007 1198 1062 Nam
1239 1022 1376 1076 quos
1414 1006 1660 1062 diabolus
1703 1006 1921 1061 tenebat
1960 1006 2016 1059 in

439 1110 650 1166 morte,
680 1099 927 1156 Christus
955 1097 1249 1169 captivavit
1272 1097 1340 1151 ad
1365 1098 1553 1150 vitam.
1586 1094 1744 1149 Dedit
1768 1094 1927 1149 dona.
1959 1093 2017 1148 ln

440 1192 656 1247 Psalmo
682 1191 760 1245 ait
787 1208 800 1245 :
831 1190 1090 1261 Accepisti
1116 1189 1257 1243 dona
1284 1188 1302 1258 (
1327 1185 1480 1243 Psal.
1507 1203 1655 1242 van
1674 1185 1715 1257 ).
1747 1186 1863 1255 Ipse
1888 1200 2017 1253 ergo

440 1290 498 1336 et
543 1281 664 1345 dat,
713 1290 769 1337 et
814 1280 870 1335 in
915 1280 1029 1335 suis
1074 1278 1334 1334 membris
1381 1278 1591 1347 accipit.
1645 1276 1796 1342 Quod
1843 1285 2015 1329 autem

445 1372 710 1436 ascendit,
749 1369 875 1441 quid
914 1379 1019 1433 est,
1062 1368 1163 1423 nisi
1187 1368 1312 1439 quia
1336 1375 1384 1421 et
1414 1364 1724 1420 descendit?
1752 1364 2012 1433 Exponit,

440 1478 540 1518 cur
553 1462 765 1517 dicatur
784 1460 1115 1523 ascendisse,
1128 1471 1288 1527 quem
1305 1455 1505 1525 ubique
1525 1467 1645 1508 esse
1668 1468 1773 1507 non
1795 1452 2015 1507 dubium

439 1563 543 1610 est.
574 1554 881 1610 Secundum
908 1550 1137 1605 formam
1164 1548 1373 1604 scilicet
1399 1546 1574 1612 servi,
1597 1545 1674 1599 ad
1703 1559 1865 1614 quam
1907 1558 2015 1598 non

440 1643 709 1707 localiter,
756 1640 852 1696 sed
892 1640 1179 1710 dignanter
1215 1636 1587 1693 descenderat.
1629 1633 1803 1704 Super
1837 1648 2014 1686 omnes

436 1734 611 1790 caelos.
659 1732 912 1802 Nunquid
961 1729 1316 1799 corporaliter
1361 1741 1522 1797 super
1569 1739 1758 1780 omnes
1808 1724 2011 1789 cmlos,

2121 577 2235 614 ram
2258 562 2665 634 uniuscujusque
2684 565 2870 634 partis.
2896 563 2952 619 Si
2977 581 3106 635 ergo
3127 575 3210 621 est
3235 581 3485 620 mensura
3507 567 3696 621 unius-

2120 647 2379 715 cujusque
2412 648 2614 717 partis,
2655 650 2728 703 ita
2766 650 2932 705 totius
2961 653 3203 722 corporis
3223 693 3237 717 ,
3266 653 3411 721 quod
3440 654 3696 709 omnibus

2121 738 2236 792 suis
2268 739 2529 793 membris
2556 750 2805 807 constat,
2836 750 2920 796 est
2946 743 3133 812 utique
3169 758 3420 798 mensura
3455 743 3694 813 plenitu-

2119 829 2260 884 dinis
2287 829 2520 897 Christi,
2553 833 2619 887 de
2647 849 2751 902 qua
2783 834 2985 889 dictum
3012 845 3094 889 est
3115 875 3130 899 ,
3160 835 3213 889 in
3244 851 3489 889 mensura
3520 838 3695 890 atatis

2117 919 2454 988 plenitudinis
2504 919 2722 975 Christi.
2764 921 2936 988 Quam
2972 923 3358 992 plenitudinem
3395 925 3561 979 etiam
3602 924 3696 979 illo

2118 1011 2562 1064 cmnmemoravit
2595 1010 2745 1077 loco,
2783 1012 2873 1066 ubi
2908 1013 2984 1066 ait
3022 1013 3088 1084 de
3123 1012 3341 1069 Christo
3372 1031 3385 1066 :
3420 1012 3486 1066 Et
3522 1015 3695 1081 ipsum

2116 1099 2256 1153 dedit
2292 1118 2449 1171 super
2482 1119 2684 1156 omnem
2725 1102 3040 1169 Ecclesiam,
3075 1121 3190 1175 qua:
3220 1115 3295 1157 est
3329 1121 3519 1175 corpus
3554 1104 3691 1173 ejus,

2110 1188 2381 1260 plenitudo
2406 1193 2543 1261 ejus,
2567 1194 2657 1263 qui
2679 1194 2851 1246 omnia
2875 1192 2928 1246 in
2952 1193 3188 1246 omnibus
3211 1192 3403 1264 implet.

2187 1276 2404 1332 Parvuli
2424 1281 2758 1349 ﬂuctuantes.
2782 1280 3062 1335 Instabiles
3091 1281 3335 1336 adinstar
3360 1280 3576 1346 ﬂuctus,
3600 1281 3694 1351 qui

2120 1382 2148 1419 8
2183 1376 2345 1423 \‘CﬂlO
2379 1379 2645 1425 1ηοΥοῑυῇ

2187 1459 2257 1513 Et
2306 1462 2741 1531 circumferamur
2782 1465 2924 1517 omni
2973 1473 3120 1518 uento
3160 1461 3437 1519 doctrinae.
3481 1465 3547 1521 Ut
3582 1480 3689 1520 non

2115 1551 2287 1607 simus
2323 1551 2670 1621 ignorantes,
2710 1568 2811 1608 nec
2843 1554 3003 1608 dubie
3040 1554 3387 1620 vacillantes,
3435 1563 3491 1609 et
3538 1570 3691 1610 more

2116 1640 2356 1711 imperiti
2387 1642 2767 1711 gubernatoris
2794 1644 2972 1697 omnis
3001 1644 3260 1699 doctrinae
3295 1649 3459 1698 vento
3486 1653 3692 1699 nostra:

2115 1732 2240 1788 ﬁdei
2268 1734 2384 1788 vela
2412 1733 2710 1802 pandentes
2729 1775 2743 1799 ,
2776 1750 2844 1789 ne
2871 1734 3028 1789 facile
3057 1734 3469 1805 naufragemus,
3499 1742 3593 1788 aut
3621 1735 3692 1789 ad

435 1838 572 1895 quos
594 1821 900 1892 philosophi
928 1820 1171 1888 sphaeras
1199 1824 1425 1881 Vocant.
1454 1815 1751 1876 ινθηείειιεν
1782 1813 1932 1867 Stetit
1959 1813 2014 1867 in
2043 1821 2090 1880 B
2117 1829 2333 1891 portum
2370 1821 2719 1891 perfectionis
2753 1837 3029 1890 nunquam
3066 1822 3353 1891 pervenire
3394 1822 3690 1891 possimus.

436 1928 651 1971 summo
689 1911 813 1968 coeli
856 1909 1106 1965 fornice?
1146 1907 1257 1964 Aut
1299 1915 1450 1962 certe
1491 1906 1674 1960 omnia
1712 1903 2013 1974 corporalia

435 2011 790 2062 contemnens
809 2042 825 2068 ,
856 2008 912 2057 et
937 2006 1141 2055 aeterna
1170 1998 1574 2067 contemplans,
1609 2012 1771 2067 super
1808 1995 2008 2061 caelos,

436 2097 492 2152 id
519 2103 635 2162 est,
660 2109 822 2165 super
849 2091 1138 2147 invisibilia
1166 2091 1369 2145 sedisse
1400 2090 1699 2165 credendus
1719 2089 1845 2144 est?
1869 2087 2011 2159 quod

433 2201 535 2257 ego
560 2163 754 2242 melius
778 2191 928 2255 puto.
954 2181 1023 2236 Ut
1051 2180 1358 2251 adimpleret
1384 2163 1579 2234 omnia.
1606 2178 1675 2234 Ut
1700 2193 1807 2233 non
1839 2178 2011 2233 solum

434 2278 727 2347 prophetas
751 2273 1078 2343 compleret,
1104 2272 1200 2328 sed
1225 2271 1389 2325 etiam
1412 2271 1513 2325 has
1533 2268 1775 2324 occultas
1796 2268 2014 2338 dispen-

436 2368 679 2426 sationes
709 2383 723 2419 :
753 2378 928 2433 neque
969 2362 1114 2417 scire
1153 2374 1470 2431 possumus,
1512 2357 1780 2427 quomodo
1821 2364 1876 2411 et
1921 2371 2015 2409 an-

435 2462 572 2536 gelis
604 2462 659 2515 in
688 2457 900 2514 inferno
922 2454 1145 2525 sanguis
1173 2451 1379 2508 Christi
1406 2449 1672 2521 profuerit

508 2551 580 2606 Et
600 2553 709 2622 ipse
732 2547 874 2603 dedit
894 2544 1168 2618 quosdam.
1192 2540 1347 2597 Nunc
1371 2548 1567 2596 tractat
1595 2540 1859 2595 donorum
1881 2552 2014 2607 pra:-

436 2645 706 2699 dietorum
753 2637 1111 2694 diﬂ'erentiam
1151 2633 1449 2691 secundum
1492 2645 1804 2687 mensuram
1843 2628 2012 2684 dona-

437 2734 601 2791 tionis
629 2730 852 2787 Christi.
881 2727 1027 2782 Alios
1052 2736 1287 2799 pastores
1318 2733 1365 2780 et
1391 2724 1649 2778 doctores.
1684 2721 1801 2776 Non
1831 2729 2010 2776 autem

434 2826 513 2880 ait
558 2823 695 2878 alios
728 2827 976 2891 pastores
1015 2826 1072 2872 et
1109 2816 1243 2871 alios
1282 2816 1571 2879 doctores;
1604 2812 1700 2867 sed
1743 2810 1878 2865 alios
1917 2825 2013 2880 pa-

434 2926 613 2971 stores
652 2920 707 2967 et
736 2910 1020 2972 doctores,
1047 2915 1110 2961 ut
1150 2905 1242 2975 qui
1283 2914 1471 2974 pastor
1510 2910 1624 2966 est,
1665 2899 1858 2955 debeat
1894 2913 2012 2952 esse

434 3009 645 3063 doctor.
702 3002 849 3057 Alios
901 3016 1018 3055 vero
1076 2995 1439 3067 eoangelistas.
1499 2993 1688 3049 Omnis
1741 2991 2012 3061 apostolus

430 3093 765 3164 evangelista
807 3098 924 3156 est,
970 3103 1077 3143 non
1120 3086 1298 3142 omnis
1341 3082 1671 3155 evangelista
1715 3081 2007 3152 apostolus.

2118 1912 2186 1965 Et
2220 1913 2434 1966 astutia.
2470 1912 2526 1967 ld
2553 1920 2668 1977 est,
2699 1911 2995 1966 dialecticae
3022 1913 3175 1966 artis.

2184 1998 2462 2055 Veritatem
2491 2009 2664 2054 autem
2697 2000 2965 2070 facientes.
2998 2000 3191 2056 Omnia
3217 2002 3271 2055 in
3301 2002 3526 2057 veritate
3554 2017 3688 2073 pro-

2113 2100 2232 2162 pter
2279 2091 2602 2147 charitatem
2645 2090 2887 2157 Christi,
2929 2099 2987 2145 et
3031 2090 3165 2146 nihil
3210 2092 3266 2146 in
3301 2092 3572 2162 hypocrisi
3607 2093 3691 2149 fa-

2115 2184 2339 2238 cientes.
2374 2180 2481 2236 Per
2509 2177 2703 2237 omnia.
2736 2181 3072 2237 Incrementa
3108 2198 3202 2238 seu
3237 2185 3407 2249 dona,
3441 2184 3525 2239 vel
3561 2200 3693 2256 ope-

2115 2289 2196 2327 ra.
2231 2272 2316 2326 Ea'.
2341 2289 2442 2343 quo
2472 2281 2637 2327 totum
2666 2289 2853 2342 corpus
2882 2283 3224 2343 compactum.
3258 2273 3494 2345 Singulis
3517 2291 3691 2331 mem-

2112 2364 2246 2429 bris,
2278 2364 2329 2418 id
2360 2371 2474 2429 est,
2500 2364 2661 2434 justis
2690 2363 3036 2433 quibuslibet.
3063 2363 3131 2417 Et
3157 2381 3465 2419 connexum.
3495 2364 3689 2423 Nervis

2115 2461 2170 2508 et
2195 2456 2341 2508 cute.
2372 2451 2481 2507 Per
2506 2469 2710 2507 omnem
2728 2452 3062 2523 juncturam.
3091 2453 3451 2510 Membrorum
3476 2456 3689 2511 scilicet

2114 2560 2145 2598 a
2170 2544 2347 2614 capite
2375 2558 2545 2613 usque
2570 2543 2638 2597 ad
2661 2543 2845 2611 pedes,
2873 2558 2941 2598 ex
2966 2543 3141 2613 capite
3164 2558 3464 2599 connexum
3490 2559 3690 2615 corpus

2111 2646 2210 2703 per
2236 2646 2452 2687 omnem
2475 2630 2820 2700 juncturam,
2849 2631 2931 2686 vel
2961 2631 3395 2702 subjunctionem
3418 2634 3691 2703 operatio-

2111 2725 2197 2780 nis
2246 2725 2479 2790 crescit,
2517 2725 2644 2780 dum
2679 2737 2737 2779 se
2773 2723 3095 2778 alterutrum
3133 2724 3376 2779 membra
3411 2724 3685 2781 aediﬁcant

2111 2812 2409 2883 diligendo,
2458 2813 2533 2867 ita
2579 2822 2638 2868 ut
2680 2813 3100 2883 unumquodque
3141 2814 3443 2869 membrum
3484 2814 3539 2869 in
3577 2831 3678 2870 sua

2110 2903 2356 2957 membra
2389 2910 2672 2974 augeatur,
2711 2903 2814 2958 hoc
2850 2909 2965 2969 est,
3002 2910 3064 2957 ut
3098 2902 3189 2973 qui
3226 2911 3311 2957 est
3345 2918 3442 2973 per
3470 2905 3687 2974 sapien-

2112 2993 2244 3048 tiam
2272 2993 2490 3059 oculus,
2523 2993 2579 3048 in
2606 3007 2794 3049 eorum
2824 3008 3107 3048 numerum
3146 3002 3353 3049 crescat
3373 3034 3388 3060 ,
3418 2995 3511 3064 qui
3539 2996 3683 3049 oculi

2109 3081 2347 3137 cilicium
2434 3090 2635 3147 erunt,
2690 3091 2745 3137 ct
2799 3082 3008 3152 singula
3068 3098 3165 3137 suo
3219 3083 3337 3139 loco
3389 3082 3685 3154 proﬁciant

432 3188 611 3243 Donec
639 3197 976 3239 occurramus
1003 3195 1181 3233 omnes
1204 3178 1257 3231 in
1282 3177 1483 3231 unitate
1506 3174 1650 3245 ﬁdei.
1675 3173 1754 3228 Ex
1781 3172 1920 3228 libro
1947 3173 2014 3228 de
2040 3174 2085 3236 C
2117 3174 2379 3228 membra.

432 3278 666 3334 Civitate
714 3273 811 3329 Dei
857 3272 1119 3341 vigesimo
1164 3268 1439 3323 secundo:
1493 3264 1553 3321 Si
1598 3264 1898 3320 dixerimus
1942 3265 2011 3318 ad

433 3365 703 3424 Dominici
729 3361 974 3433 corporis
1000 3361 1218 3415 modum
1243 3358 1407 3413 etiam
1431 3369 1879 3426 quorumcunque
1904 3369 2013 3408 ma-

427 3460 552 3531 jora
577 3469 808 3525 corpora
835 3449 1126 3520 redigenda
1148 3488 1162 3515 ,
1191 3447 1391 3519 peribit
1417 3447 1482 3501 dc
1509 3444 1804 3500 multorum
1827 3459 2014 3514 corpo-

432 3550 589 3606 ribus
614 3546 906 3618 plurimum
925 3581 940 3607 ,
972 3554 1093 3596 cum
1125 3539 1242 3609 ipse
1270 3536 1523 3607 capillum
1566 3551 1671 3590 non
1709 3536 2010 3606 periturum

430 3632 908 3708 essepromiserit.
940 3630 1129 3686 Restat
1158 3644 1316 3699 ergo,
1348 3636 1409 3682 ut
1434 3642 1587 3682 suam
1614 3626 1841 3696 recipiat
1863 3626 2011 3696 quis-

431 3745 539 3801 que
592 3738 937 3789 mensuram,
992 3735 1156 3791 quam
1211 3717 1298 3773 vel
1347 3716 1536 3773 habuit
1584 3717 1639 3770 in
1693 3714 2007 3784 juventute,

431 3820 645 3878 etiamsi
688 3831 856 3875 senex
898 3814 970 3870 sit
1010 3818 1286 3877 mortuus,
1336 3806 1421 3863 vel
1469 3805 1648 3862 fuerat
1687 3806 2005 3872 habiturus,

430 3912 651 3971 etiamsi
677 3918 760 3966 est
789 3915 914 3964 ante
943 3904 1247 3963 defunctus.
1289 3900 1466 3971 Atque
1505 3899 1636 3954 illud
1676 3899 1819 3969 quod
1863 3912 2010 3953 com—

433 4007 761 4068 memoravit
787 4001 1075 4073 Apostolus
1104 3999 1170 4053 de
1197 4011 1446 4050 mensura
1475 3994 1645 4048 (etatis
1670 3990 2009 4062 plenitudinis

431 4098 664 4163 Christi,
692 4102 785 4150 aut
809 4099 1034 4161 propter
1062 4086 1208 4142 aliud
1237 4083 1601 4153 intelligamus
1630 4082 1831 4135 dictum
1859 4096 2005 4146 esse,

429 4191 487 4245 id
529 4195 644 4252 est,
687 4191 750 4239 ut
794 4181 886 4236 illo
930 4177 1107 4248 capite
1145 4174 1331 4246 populi
1362 4171 1655 4228 Christiani
1684 4172 2006 4236 accedente,

431 4277 673 4335 omnium
712 4269 1045 4345 perfectione
1085 4267 1454 4323 membrorum
1491 4263 1665 4318 artatis
1704 4261 1821 4331 ejus
1860 4277 2011 4316 men-

430 4384 559 4427 sura
599 4362 974 4437 compleatur;
1010 4365 1105 4413 aut
1132 4357 1178 4412 si
1207 4357 1312 4411 hoc
1350 4354 1417 4410 de
1458 4353 1853 4409 resurrectione
1890 4367 2010 4408 eor-

428 4474 624 4535 porum
663 4456 866 4513 dictum
904 4459 990 4507 est
1012 4491 1027 4516 ,
1070 4450 1150 4506 sic
1188 4446 1518 4516 accipiamus
1547 4444 1783 4509 dictum,
1809 4452 1870 4498 ut
1907 4457 2009 4498 nec

2184 3263 2252 3318 In
2286 3264 2560 3319 charitate.
2600 3265 2736 3319 Dum
2774 3265 2907 3320 dicit
2935 3265 2989 3319 in
3022 3265 3322 3331 charitatc,
3360 3265 3429 3320 ad
3465 3279 3686 3321 sensum

2110 3358 2377 3427 pertinet,
2407 3356 2534 3426 quia
2565 3357 2669 3411 hoc
2695 3363 2868 3412 totum
2899 3356 3255 3427 spiritualiter
3283 3355 3689 3428 intelligendum

2111 3455 2214 3502 est.
2248 3447 2375 3503 Haec
2407 3447 2609 3503 idcirco
2637 3448 2778 3517 apud
2806 3461 2905 3501 nos
2930 3444 3160 3501 obseura
3205 3454 3364 3511 sunt,
3403 3446 3530 3516 quia
3570 3463 3691 3503 me-

2112 3540 2430 3609 taphoricws
2457 3539 2731 3594 dicuntur.

2181 3626 2298 3681 Hoc
2328 3628 2492 3697 igitur
2520 3628 2643 3682 dico
2677 3637 2725 3681 et
2762 3627 3007 3696 testiﬁcor
3043 3628 3097 3681 in
3123 3628 3368 3683 Domino.
3411 3631 3557 3696 Quos
3595 3645 3692 3686 su-

2108 3718 2294 3788 perius
2322 3727 2638 3789 rogaverat,
2670 3718 2760 3774 hic
2787 3718 3000 3773 Domini
3029 3718 3389 3776 obtestatione
3416 3723 3694 3779 constrin-

2109 3808 2230 3879 git:
2281 3809 2383 3863 hoc
2427 3822 2557 3879 ergo
2604 3807 2728 3863 dico
2775 3808 2960 3870 vobis,
3006 3809 3100 3877 qui
3133 3810 3418 3865 occursuri
3456 3811 3589 3868 estis
3625 3813 3686 3868 in

2110 3913 2366 3953 mensura
2394 3898 2571 3953 aetatis
2598 3896 2952 3968 plenitudinis
2979 3896 3201 3952 Christi.

2187 3989 2267 4044 Ne
2296 3989 2572 4045 ambuletis
2597 3991 2734 4044 sicut
2761 3999 2934 4060 gentes
2960 3988 3265 4054 ambulant,
3287 3991 3377 4060 qui
3405 3990 3697 4060 desperan-

2111 4089 2185 4136 tes
2210 4080 2529 4149 semetipsos.
2561 4079 2618 4134 id
2649 4087 2763 4145 est,
2790 4079 2991 4133 nullam
3028 4094 3177 4148 spem
3213 4079 3510 4134 cmlestium
3549 4095 3698 4149 prm-

2110 4171 2343 4226 miorum
2367 4171 2649 4225 habentes.
2683 4168 2751 4223 Et
2777 4170 3029 4223 avaritiae.
3057 4168 3172 4225 Non
3195 4168 3262 4222 ad
3283 4166 3566 4222 avaritiam
3590 4208 3606 4233 ,
3629 4178 3699 4224 ut

2112 4270 2299 4328 sonat,
2335 4261 2655 4330 simpliciter
2689 4261 2949 4329 pertinet,
2986 4261 3081 4315 sed
3118 4260 3185 4314 ad
3217 4258 3492 4315 libidinem
3521 4268 3695 4329 atque

2110 4353 2377 4409 luxuriam
2397 4392 2411 4417 ,
2445 4350 2589 4421 quod
2619 4365 3002 4420 nonnunquam
3030 4349 3351 4406 luxuriando
3380 4351 3691 4420 patiuntur.

2115 4445 2238 4499 Non
2260 4447 2334 4498 ita
2362 4443 2620 4498 didicistis
2641 4441 2926 4498 Christum.
2959 4443 3176 4498 Discere
3201 4442 3475 4497 Christum
3495 4483 3510 4508 ,
3542 4443 3694 4499 idem

429 4530 575 4608 intra
594 4590 610 4615 ν
638 4562 740 4603 nec
765 4545 910 4601 “1m
945 4539 1242 4611 iuvenilem
1287 4536 1516 4592 formam
1562 4542 1847 4605 resurgant
1887 4548 2007 4589 εον·
2033 4530 2086 4590 Ι)
2111 4548 2215 4605 est,
2238 4547 2293 4593 et
2318 4537 2634 4607 sapientiam
2663 4536 2871 4590 audire.
2900 4533 2959 4590 Si
2984 4544 3156 4589 tamen
3180 4533 3329 4587 illum
3356 4535 3597 4589 audistis.
3628 4536 3692 4591 Si

430 4659 566 4717 pora
603 4648 972 4702 mortuorum,
1018 4634 1115 4689 sed
1152 4633 1209 4687 in
1244 4630 1360 4699 ejus
1394 4637 1552 4685 astate
1592 4636 1648 4683 et
1683 4627 1909 4692 robore,
1941 4628 2008 4682 ad
2110 4637 2289 4683 autem
2323 4642 2539 4692 omnes,
2571 4626 2662 4697 qui
2690 4624 2967 4696 Christum
2992 4624 3179 4678 audire
3220 4623 3493 4717 videntur,
3533 4624 3695 4680 audi-

433 4715 595 4806 quam
634 4744 807 4801 usque
845 4725 1123 4783 Christum
1163 4722 1253 4777 hic
1290 4720 1602 4791 pervenisse
1640 4719 2007 4789 cognovimus.
2109 4730 2264 4785 rent,
2295 4734 2567 4790 nunquam
2610 4719 2677 4774 ad
2721 4718 3012 4786 Ephesios,
3044 4724 3099 4771 et
3127 4724 3275 4772 certe
3305 4715 3460 4783 illos,
3491 4718 3693 4786 quibus

433 4827 592 4884 Circa
622 4823 840 4893 triginta
884 4819 1080 4889 quippe
1119 4829 1290 4869 annos
1328 4812 1651 4867 deﬁnierunt
1686 4826 1804 4866 esse
1844 4811 2008 4864 etiam
2110 4822 2447 4868 sacramenta
2461 4810 2658 4868 Christi
2682 4809 3012 4889 revelaverat
3030 4809 3337 4878 Apostolus,
3359 4809 3595 4865 diceret:
3625 4812 3690 4870 Si

398 4932 401 4935 '
437 4915 620 4974 saeculi
652 4912 812 4982 hujus
841 4908 1140 4967 doctissimi
1170 4907 1446 4961 hominum
1480 4903 1816 4975 juventutem
1848 4920 1859 4955 :
1889 4917 2009 4972 quae
2114 4914 2289 4958 tamen
2309 4903 2459 4958 illum
2481 4904 2721 4958 audistis.
2745 4902 2813 4956 Et
2841 4904 2897 4955 in
2923 4901 3015 4956 illo
3043 4903 3183 4956 docti
3211 4904 3351 4960 estis.
3382 4906 3693 4977 Aliquando

438 5023 560 5063 cum
589 5005 751 5061 fuerit
777 5001 1001 5074 proprio
1042 4998 1218 5069 spatio
1258 4995 1576 5059 terminata,
1609 4992 1732 5048 inde
1762 4991 1874 5061 jam
1914 4993 2012 5046 ho-
2114 5008 2214 5062 per
2247 4995 2591 5064 semetipsum
2619 4996 2775 5050 docet
2804 5009 2904 5049 nos
2934 4994 2990 5048 in
3026 4995 3281 5051 cordibus
3316 4998 3551 5065 nostris,
3591 4998 3694 5053 ali-

437 5099 637 5153 minem
681 5096 741 5150 in
778 5093 1105 5149 detrimenta
1146 5100 1374 5158 vergere
1414 5083 1677 5158 gravioris
1722 5097 1785 5137 ac
1826 5080 2011 5137 senilis

334 5213 336 5216 ν
438 5184 635 5240 aetatis.
673 5182 742 5237 Et
769 5182 892 5237 ideo
923 5195 1030 5236 non
1057 5193 1180 5235 esse
1208 5178 1413 5232 dictum
1451 5174 1506 5229 in
1544 5186 1853 5228 mensuram
1883 5186 2008 5227 cor-

438 5275 620 5349 poris,
653 5272 738 5329 vel
767 5273 823 5327 in
857 5285 1170 5326 mensuram
1200 5274 1460 5330 staturae,
1491 5261 1586 5318 sed
1621 5263 1674 5316 in
1711 5276 2011 5315 mensuram

394 5388 403 5395 ·
438 5368 610 5424 (etatis
638 5362 980 5438 plenitudinis
1005 5359 1235 5424 Christi,
1270 5360 1324 5414 id
1351 5365 1467 5423 est,
1498 5356 1552 5410 in
1581 5370 1645 5410 eo
1675 5355 1835 5410 debet
1857 5368 1977 5408 esse
1995 5392 2010 5418 ,

439 5458 532 5527 qui
561 5466 646 5514 εει
672 5457 757 5511 vir
782 5450 1054 5526 perfectus
1070 5492 1084 5516 ,
1115 5459 1276 5521 caput
1299 5458 1354 5504 et
1378 5462 1575 5518 corpus
1591 5486 1606 5512 ,
1633 5447 1776 5515 quod
1801 5451 2015 5500 constat

439 5545 693 5602 omnibus
718 5543 1001 5608 membris,
1031 5554 1153 5611 quae
1183 5554 1283 5596 suo
1314 5549 1556 5609 tempore
1578 5536 2010 5607 complebantur.

2116 5084 2332 5154 quando
2357 5098 2453 5153 per
2477 5084 2746 5139 doctores.

2190 5171 2340 5228 Sicut
2365 5183 2438 5227 est
2465 5175 2653 5228 veritas
2679 5174 2734 5227 in
2756 5172 2908 5229 Iesu.
2932 5173 3066 5230 Nam
3093 5174 3266 5229 sancti
3288 5190 3387 5246 per
3409 5178 3693 5247 speculum

2116 5270 2173 5318 et
2198 5264 2482 5333 aenigmata
2514 5262 2730 5329 vident,
2767 5263 2822 5317 in
2854 5261 2981 5318 Jesu
3013 5269 3195 5318 autem
3228 5264 3454 5319 veritas.
3492 5262 3697 5320 Secun-

2118 5355 2243 5408 dum
2270 5353 2530 5409 desideria
2558 5356 2769 5409 erroris.
2802 5354 3031 5412 Faciens
3057 5355 3240 5411 omnia
3270 5356 3567 5412 secundum
3594 5354 3701 5412 de-

2118 5444 2313 5500 sideria
2342 5445 2524 5499 cordis
2550 5444 2851 5500 carnalium
2882 5446 3287 5516 cogitationum.

2187 5534 2257 5589 Et
2285 5536 2485 5590 induite
2511 5552 2697 5591 novum
2722 5536 3001 5591 hominem.
3028 5535 3085 5591 ld
3113 5546 3226 5603 est,
3257 5535 3532 5592 Christum
3549 5576 3565 5602 ,
3596 5551 3702 5592 cu-

441 5637 694 5707 Quotidic
716 5636 861 5691 enim
882 5634 1059 5690 eidem
1080 5630 1296 5703 corpori
1319 5630 1621 5695 accedunt,
1643 5629 1769 5684 dum
1787 5626 2020 5683 aediﬁca-
2111 5626 2203 5697 jus
2246 5626 2657 5683 conversatione
2705 5627 2996 5684 induimur.
3047 5626 3151 5693 Qui
3192 5628 3476 5683 secundum
3524 5626 3701 5680 Deum

442 5740 533 5786 tur
556 5725 795 5782 Ecclesia
818 5766 832 5794 ,
861 5729 950 5782 cut
971 5724 1169 5781 dicitur
1197 5739 1212 5778 :
1247 5718 1349 5775 Vos
1369 5720 1496 5776 estis
1519 5734 1707 5788 corpus
1733 5715 1951 5785 Christi,
1973 5725 2021 5772 et
2122 5727 2327 5775 creatus
2363 5728 2439 5773 est
2472 5717 2528 5772 in
2554 5716 2788 5788 justitia.
2826 5717 2969 5775 Ecce
3004 5718 3351 5774 manifestum
3386 5727 3501 5785 est,
3549 5716 3703 5785 quod
