3982 6198
230 348 333 405 295

1314 339 1647 397 COLLECT.
1691 338 1757 392 IN
1802 336 2018 392 EI’IST.
2057 336 2148 389 AD
2189 332 2422 390 EPIIES.

3382 327 3488 383 206

231 464 418 519 amisit
445 460 619 516 Adam
642 458 911 528 justitiam
940 464 994 511 et
1016 455 1358 511 sanctitatem
1377 496 1391 519 ,
1424 463 1479 508 et
1506 453 1807 507 veritatem.
1840 457 1890 512 Α
1917 446 2140 518 Spiritui
2165 455 2373 501 sancto.
2404 444 2469 498 In
2498 444 2582 498 die
2614 443 2997 515 redemptionis.
3029 444 3084 498 In
3116 443 3201 498 die
3217 444 3488 515 baptismi.

232 552 474 607 Iustitia.
506 550 567 604 In
592 546 831 619 judiciis.
867 544 1151 600 Sanctitas.
1183 544 1240 597 In
1272 543 1543 613 operibus.
1584 539 1809 595 Veritas.

234 645 290 699 ιιι
337 641 538 696 verbis.
592 636 892 709 Loquimini
940 636 1206 690 veritatem
1232 676 1246 700 ,
1294 635 1645 705 unusquisque
1695 650 1814 686 cum

237 733 477 805 proximo
510 746 629 785 suo.
680 727 756 782 De
789 726 1051 782 Zacharia
1106 733 1401 794 sumptum.
1444 724 1582 789 Quia
1632 738 1814 778 sumus

238 823 456 877 invicem
510 818 764 873 membra.
811 817 928 871 Non
983 822 1209 886 possunt
1262 814 1584 869 alterutrum
1645 828 1817 867 mem-

240 914 337 967 bra
372 926 435 965 se
473 909 693 972 fallere,
724 922 900 976 neque
929 906 1167 970 laniare,
1202 905 1273 958 ita
1302 913 1357 958 et
1390 919 1506 959 vos.
1540 902 1816 957 Irascimi-

243 1007 323 1069 ni,
350 1012 400 1058 et
428 1001 589 1056 nolite
620 1016 836 1070 peccare
865 999 883 1070 (
910 995 1058 1052 Psal.
1090 998 1205 1067 IV).
1238 996 1530 1050 Evidenter
1556 995 1659 1048 hoc
1688 993 1820 1047 dicit

240 1096 386 1150 vitiis
422 1102 479 1148 et
521 1091 692 1145 furori
730 1098 948 1154 vestro,
989 1103 1059 1143 ne
1093 1086 1511 1142 conniventibus
1546 1084 1699 1138 vobis
1738 1082 1820 1138 sol

244 1185 462 1254 iustitiae
506 1180 762 1236 Christus
810 1178 1030 1249 incipiat
1071 1183 1298 1247 prOpter
1351 1174 1685 1230 iracundiam
1730 1185 1823 1226 ve-

253 1286 420 1332 stram
461 1272 736 1328 mentibus
769 1269 1074 1324 obscuratis
1109 1268 1390 1332 occidere,
1428 1275 1482 1321 et
1515 1266 1823 1320 discedente

249 1369 336 1423 illo
384 1366 568 1420 locum
623 1360 838 1417 diabolo
875 1361 929 1414 in
967 1358 1162 1413 vestris
1212 1356 1467 1413 cordibus
1515 1355 1819 1426 praebentis.

248 1457 419 1511 Aliter
453 1472 466 1507 :
510 1451 607 1509 Sol
653 1468 755 1506 non
806 1449 1007 1504 occidat
1046 1464 1202 1519 super
1236 1448 1569 1502 iracundiam
1602 1455 1824 1500 vestram

252 1545 469 1619 (Iacob.
500 1559 556 1597 1v
577 1542 595 1613 )
614 1582 630 1607 ,
661 1543 765 1596 hoc
791 1549 904 1604 est,
937 1548 997 1593 ut
1022 1540 1103 1593 ira
1132 1539 1203 1593 sit
1230 1538 1442 1603 brevis,
1472 1552 1570 1591 nec
1599 1536 1652 1590 in
1684 1536 1826 1591 diem

250 1639 547 1693 crastinum
593 1632 894 1688 diﬂ'eratur.
944 1630 1126 1701 Neque
1181 1628 1352 1682 locum
1400 1629 1532 1682 detis
1596 1625 1824 1680 diabolo.

252 1731 409 1786 Porta
449 1728 597 1782 enim
627 1724 826 1780 diaboli
879 1730 1159 1793 peccatum
1206 1728 1323 1784 est,
1374 1719 1829 1789 quemadmodum

257 1824 485 1894 Spiritus
510 1819 687 1875 sancti
706 1816 938 1887 iustitia.
971 1814 1073 1881 Qui
1100 1813 1399 1884 furabatur,
1415 1813 1532 1881 jam
1563 1827 1667 1864 non
1695 1809 1837 1877 fure-
1863 1804 1909 1862 B

258 1924 355 1967 tur.
386 1910 504 1965 Hoc
555 1915 660 1971 est,
689 1907 895 1960 alienos
941 1904 1157 1959 labores
1205 1902 1495 1971 aliquando
1550 1900 1830 1969 direptos,

259 2018 394 2059 nunc
440 2016 541 2055 suo
570 2000 756 2053 labore
783 2003 1116 2066 compenset,
1139 2002 1192 2048 et
1219 1994 1494 2063 operando
1522 1992 1725 2046 tribuat
1753 1992 1835 2045 in-

259 2092 582 2164 digentibus,
613 2088 707 2159 qui
750 2087 947 2141 multos
969 2085 1195 2140 furando
1222 2083 1352 2139 fecit
1387 2089 1629 2154 egentes.
1664 2080 1834 2152 Magis

260 2194 428 2238 autem
451 2181 678 2246 laboret,
707 2188 756 2232 et
779 2194 1000 2249 operans
1019 2175 1281 2230 manibus.
1314 2173 1580 2244 Operatur
1610 2173 1831 2236 bonum,

261 2277 347 2347 qui
370 2274 611 2330 declinat
645 2287 676 2326 a
703 2270 866 2336 malo,
891 2276 946 2325 ct
995 2268 1124 2323 facit
1155 2269 1375 2332 bonum,
1406 2275 1461 2322 et
1491 2273 1750 2336 operatur
1781 2264 1836 2317 in

260 2382 387 2439 agro
414 2367 615 2420 animae
661 2379 772 2419 suae
794 2404 809 2429 ,
855 2370 915 2417 ut
948 2360 1315 2432 spiritualibus
1360 2358 1589 2430 panibus
1623 2357 1840 2425 implea-

262 2468 365 2522 tur,
401 2466 458 2513 et
494 2457 672 2526 possit
710 2454 1052 2509 commodare
1072 2452 1330 2508 esurienti
1356 2458 1411 2505 et
1461 2448 1838 2505 necessitatem

263 2550 570 2614 sustinenti,
599 2548 739 2604 dans
760 2549 815 2602 in
850 2556 1094 2617 tempore
1121 2545 1325 2600 cibaria
1345 2542 1583 2597 cmlestis
1613 2540 1838 2608 dogma-

263 2643 328 2696 tis
351 2639 638 2695 conservis
664 2640 799 2693 suis.
850 2636 909 2692 Si
941 2644 1120 2691 autem
1167 2635 1291 2689 talis
1343 2641 1427 2688 est
1462 2632 1554 2703 qui
1583 2636 1842 2701 operatur

263 2733 478 2796 bonum,
503 2744 639 2800 ergo
660 2737 716 2783 et
746 2728 794 2783 is
821 2727 914 2798 qui
942 2726 1152 2781 furatur
1165 2731 1557 2794 consequenter
1581 2720 1742 2776 verba
1761 2718 1844 2773 fu-

266 2832 417 2878 ratur
439 2828 497 2876 et
529 2821 805 2890 dogmata,
830 2817 896 2874 de
916 2817 1061 2873 furto
1094 2817 1299 2881 vivens,
1323 2814 1390 2869 de
1420 2812 1563 2868 furto
1591 2812 1693 2867 sibi
1722 2826 1842 2865 cer-

265 2915 450 2971 vicalia
478 2926 767 2976 consueus,
798 2920 853 2966 et
879 2910 1278 2981 Scripturarum
1309 2923 1517 2980 pannos
1559 2906 1687 2961 hinc
1718 2905 1844 2960 inde

265 3006 546 3075 colligens,
572 3011 635 3057 ut
653 3002 825 3072 possit
855 3001 1092 3056 tunicam
1121 2998 1303 3054 facere
1331 2997 1681 3053 conscissam.
1713 2995 1841 3049 Dia-

267 3094 418 3150 bolus
439 3102 526 3149 est
550 3092 802 3149 Gnaeum
849 3091 1075 3146 verbum
1109 3090 1254 3160 quod
1298 3082 1488 3143 Latine
1514 3086 1714 3142 dicitur
1738 3085 1845 3140 cri-

1917 539 2248 593 Amaritudo.
2271 538 2485 593 Bancor
2520 537 2573 592 in
2602 538 2785 593 corde.
2809 536 2922 590 Ira.
2943 535 3139 604 Quaein
3154 538 3301 593 vultu
3330 554 3496 609 appa-

1917 638 2021 695 ret,
2046 628 2228 684 furore
2256 628 2515 682 restincto
2540 626 2810 681 desiderat
2854 625 3133 681 ultionem.
3165 626 3493 697 Indignatio.

1917 720 2012 774 Est
2039 734 2105 774 ex
2137 718 2409 788 superbia,
2440 732 2564 772 cum
2588 716 2818 785 aliquem
2843 715 3151 785 judicamus
3173 718 3452 788 indignum
3480 758 3495 784 ,

1918 820 1974 867 et
1997 812 2116 866 ideo
2143 810 2393 864 nolumus
2415 825 2538 864 eum
2581 809 2867 866 sustinere.
2906 809 3139 864 Clamor.
3166 808 3386 866 Scilicet
3412 811 3502 866 ille

1918 902 2012 972 qui
2035 917 2102 956 ex
2140 901 2321 955 furore
2351 900 2646 956 descendit.
2697 898 2964 954 Caeterum
3007 899 3174 954 Isaias
3209 901 3346 956 bene
3391 901 3503 955 cla-

1919 1008 2070 1048 mare
2088 991 2326 1060 iubetur,
2357 1000 2412 1046 et
2438 992 2552 1062 ipse
2589 991 2848 1047 Dominus
2873 993 2927 1047 in
2967 994 3164 1063 templo
3189 994 3500 1051 clamabat:

1923 1081 2026 1148 Qui
2047 1082 2179 1147 sitit,
2205 1082 2376 1135 veniat
2403 1090 2451 1135 et
2485 1080 2627 1135 bibat
2649 1080 2831 1153 (Joan.
2855 1082 2976 1153 vn).
2999 1068 3290 1139 Peccatum
3313 1100 3507 1155 perpe-

1924 1184 2069 1229 trare
2103 1175 2309 1229 crimen
2341 1183 2457 1241 est;
2493 1183 2773 1243 peccatum
2790 1175 3108 1245 praedicare,
3131 1176 3357 1232 clamor.
3373 1176 3508 1232 Cum

1925 1263 2068 1316 omni
2109 1261 2337 1316 malitia.
2369 1262 2787 1333 Comprehendit
2825 1248 3009 1319 omnia
3054 1265 3226 1333 mala,
3281 1267 3510 1321 dicendo

1927 1351 2148 1405 malitia.
2177 1353 2282 1407 Aut
2317 1353 2521 1408 malitia
2552 1362 2655 1418 est,
2682 1370 2802 1425 qua:
2832 1356 3051 1411 inimico
3085 1357 3258 1412 vicem
3286 1356 3514 1413 reddere

1924 1451 2120 1511 potest.
2146 1443 2324 1497 Estote
2346 1453 2519 1497 autem
2542 1444 2757 1498 invicem
2798 1445 3023 1516 benigni.
3047 1446 3341 1516 Postquam
3384 1447 3515 1502 vitia

1927 1533 2243 1598 eradicavit,
2280 1534 2507 1590 virtutes
2544 1535 2754 1605 plantat
2781 1575 2797 1601 ,
2847 1546 2906 1591 ut
2952 1535 3216 1593 Jeremias
3243 1539 3373 1594 dicit
3404 1558 3418 1593 :
3447 1538 3514 1593 Ut

1927 1624 2118 1679 evellas
2153 1635 2200 1679 et
2242 1625 2465 1696 plantes.
2510 1627 2751 1698 Benigni.
2780 1627 2860 1682 Ex
2905 1629 3089 1684 corde.
3124 1629 3511 1687 Misericordrs.

1931 1714 2215 1785 Operihus.
2257 1717 2541 1771 Donantes.
2576 1718 2633 1771 Id
2662 1727 2763 1782 est,
2804 1720 3142 1777 remittentes
3169 1731 3418 1792 peccata.

2548 1808 2776 1866 CAPUT
2816 1810 2881 1867 ν.

2007 1899 2186 1953 Estote
2215 1910 2387 1954 autem
2413 1901 2701 1956 imitatores
2728 1901 2846 1957 Dei.
2878 1903 3212 1976 Indulgentia
3260 1917 3480 1978 peccata
3499 1951 3515 1975 ,

1935 1998 1995 2044 ut
2023 1998 2107 2045 est
2133 2008 2147 2044 :
2183 1991 2427 2055 Domine,
2453 2007 2519 2046 ne
2541 2001 2748 2049 statuas
2774 1988 2881 2050 illis
2909 1996 3014 2052 hoc
3040 2006 3324 2068 peccatum
3347 2039 3361 2062 ,
3390 2000 3518 2070 quia

1938 2083 2188 2137 nesciunt
2214 2083 2342 2152 quid
2378 2083 2582 2139 faciunt
2605 2085 2755 2157 (Luc.
2791 2102 2950 2155 χχιιι,
2977 2090 3089 2162 54).

2008 2174 2078 2227 Et
2113 2175 2332 2229 tradidit
2376 2179 2724 2248 semetipsum.
2766 2179 2909 2251 Ergo
2950 2182 3092 2238 sicut
3152 2184 3242 2241 ille
3283 2187 3523 2243 animam

1938 2281 2092 2320 suam
2114 2281 2212 2335 pro
2240 2266 2396 2321 nobis
2418 2268 2659 2334 tradidit,
2686 2269 2760 2323 ita
2784 2279 2838 2325 et
2882 2286 2981 2327 nos
3003 2288 3104 2343 pro
3123 2273 3383 2331 fratribus
3408 2278 3525 2332 ani-

1939 2375 2057 2414 mas
2086 2374 2368 2429 ponamus.
2401 2358 2728 2415 Oblationem
2757 2371 2805 2415 et
2840 2363 3087 2418 hostiam.
3114 2364 3288 2420 Omne
3317 2369 3526 2422 sacriﬁ-

1939 2450 2082 2505 cium
2130 2449 2332 2505 oblatio
2363 2459 2620 2517 vocatur,
2652 2453 2829 2507 hostia
2859 2469 2987 2510 vero
3040 2455 3108 2510 de
3148 2456 3316 2522 vivis;
3370 2468 3427 2513 at
3470 2461 3523 2514 in

1940 2538 2157 2593 Christo
2177 2541 2488 2595 continetur
2517 2549 2836 2612 utrumque,
2892 2545 3019 2613 quia
3050 2545 3166 2616 ipse
3203 2549 3418 2605 oblatus
3444 2562 3529 2606 est

1941 2635 1996 2680 et
2024 2625 2197 2681 vivus.
2218 2625 2285 2680 In
2311 2627 2522 2681 odorem
2551 2630 2843 2684 suavitatis.
2868 2630 3014 2687 Odor
3037 2635 3322 2691 suavitatis
3348 2637 3528 2692 chari-

1944 2726 2027 2771 tas
2059 2727 2160 2771 est.
2205 2716 2511 2774 Fornicatio
2546 2729 2742 2795 autem.
2792 2721 2983 2779 Omnia
3012 2726 3241 2783 crimina
3289 2727 3530 2786 breviter

1944 2812 2370 2882 comprehendit,
2396 2812 2531 2868 duas
2581 2813 2870 2871 criminum
2898 2818 3232 2887 designando
3278 2822 3526 2892 radices,

1944 2901 1997 2954 id
2014 2909 2116 2966 est,
2144 2898 2561 2957 fornicationem
2580 2910 2631 2958 et
2649 2904 2952 2961 avaritiam.
2968 2905 3038 2960 Et
3062 2910 3230 2964 omnis
3241 2910 3528 2969 immundi-

1944 2993 2043 3046 tia.
2075 2992 2334 3049 Titillatio
2356 2995 2559 3063 carnis,
2588 3004 2644 3052 et
2689 2995 2868 3055 fluxus
2916 2994 3195 3071 sanguinis
3246 3018 3316 3058 ex
3358 3006 3529 3075 quali-

1947 3099 2159 3155 cunque
2188 3086 2377 3141 attritu
2415 3088 2639 3143 ventris.

270 3185 525 3249 minator,
564 3182 748 3254 lingua
798 3195 931 3236 vero
959 3152 1226 3235 Hebraica
1271 3178 1502 3234 Satanas
1544 3176 1846 3247 appellatur
1870 3152 1915 3215 ί)
2016 3152 2121 3230 Aut
2142 3177 2433 3246 turpitudo.
2469 3176 2528 3233 Id
2577 3179 2998 3247 est,_1ibidinosa
3051 3184 3327 3257 cogitatio.
3383 3186 3531 3245 inter

270 3276 639 3341 adversarius,
667 3276 779 3330 sive
807 3273 1132 3330 contrarius.
1160 3272 1227 3327 Et
1265 3270 1334 3327 ab
1359 3270 1615 3342 Apostolo
1645 3267 1841 3336 Belial,

268 3367 443 3432 idest,
470 3367 679 3437 absque
699 3363 853 3437 jugo,
886 3365 1027 3434 quod
1072 3366 1140 3418 de
1187 3362 1324 3419 collo
1351 3377 1448 3418 suo
1482 3361 1580 3416 Dei
1626 3361 1848 3433 ejecerit

268 3460 610 3524 servitutem,
635 3472 793 3528 quem
820 3456 1012 3527 Aquila
1054 3464 1345 3526 apostatam
1385 3453 1679 3509 transtulit.
1714 3451 1847 3524 Ope-

270 3568 391 3606 rans
426 3550 673 3605 manibus
696 3549 837 3621 quod
863 3550 1055 3603 bonum
1099 3558 1193 3603 est.
1224 3547 1341 3602 Non
1367 3547 1511 3617 quod
1536 3545 1755 3609 malum,
1788 3551 1848 3599 ut

273 3651 394 3697 sunt
424 3640 610 3696 multae
638 3640 937 3695 inhonesta:
970 3638 1056 3694 vel
1080 3639 1235 3693 mala:
1273 3647 1440 3705 artes,
1460 3645 1519 3691 ut
1546 3636 1807 3692 maleficia
1830 3675 1845 3699 ,

274 3742 375 3788 etc.
403 3731 514 3787 Sed
540 3732 588 3785 si
608 3732 725 3801 quis
759 3731 943 3785 bonus.
971 3728 1163 3785 Sermo
1203 3729 1295 3798 qui
1323 3730 1479 3784 docet
1498 3732 1747 3783 virtutes.
1778 3726 1849 3779 Et

276 3822 432 3877 nolite
458 3822 772 3875 contristare
810 3818 1063 3890 Spiritum
1092 3825 1331 3873 sanctum
1377 3817 1493 3872 Dei.
1550 3817 1668 3871 Non
1706 3817 1851 3885 quod

277 3914 386 3983 ipsa
432 3912 672 3984 Spiritus
717 3912 892 3966 sancti
940 3910 1241 3965 substantia
1289 3907 1599 3963 contristari
1641 3915 1847 3977 potest,

276 4019 396 4058 cum
424 4003 627 4058 habeat
662 4010 922 4057 :eternam
966 4010 1129 4070 atque
1165 3999 1653 4055 incommutabilem
1682 3999 1853 4054 beati-

277 4094 541 4158 tudinem,
569 4092 666 4148 sed
699 4093 827 4162 quia
858 4094 932 4147 ita
958 4093 1012 4146 in
1040 4093 1244 4147 sanctis
1281 4092 1512 4157 habitat,
1541 4099 1601 4146 ut
1626 4106 1719 4146 eos
1747 4091 1850 4145 im—

276 4186 419 4257 pleat
440 4186 731 4249 charitate,
778 4200 885 4254 qua
914 4198 1136 4239 necesse
1163 4190 1247 4239 est
1271 4191 1332 4239 ut
1353 4168 1600 4238 homines
1625 4197 1691 4236 ex
1724 4189 1854 4237 tem-

275 4293 404 4346 pore
441 4276 742 4348 gaudeant,
770 4274 1017 4345 profectu
1053 4274 1291 4330 fidelium
1321 4282 1375 4328 et
1402 4274 1557 4330 bonis
1578 4272 1850 4343 operibus.

216 4365 226 4374 ’
276 4368 340 4422 Et
366 4368 490 4423 ideo
511 4381 737 4422 necesse
759 4374 842 4422 est
876 4375 935 4421 ut
966 4367 1126 4421 etiam
1153 4366 1569 4421 constristentur
1596 4363 1747 4433 lapsu
1768 4362 1855 4419 vel

274 4458 514 4527 peccatis
540 4470 731 4552 eorum
756 4456 822 4512 de
842 4471 1070 4526 quorum
1103 4455 1207 4509 ﬁde
1236 4469 1298 4509 ac
1319 4455 1519 4524 pietate
1540 4455 1809 4525 gaudeant
1836 4466 1850 4505 :
1878 4493 1932 4552 Β

276 4562 397 4618 qua:
429 4547 658 4601 tristitia
687 4545 978 4603 laudabilis
1007 4554 1094 4603 est
1116 4547 1245 4617 quia
1276 4547 1426 4601 venit
1471 4560 1540 4601 ex
1566 4545 1854 4600 dilectione

279 4656 439 4710 quam
465 4639 704 4709 Spiritus
733 4648 954 4695 sanctus
976 4636 1497 4707 infudit.Propterea
1518 4643 1574 4692 et
1596 4636 1711 4705 ipse
1743 4635 1852 4705 spi-

279 4732 415 4787 ritus
435 4730 643 4786 dicitur
670 4729 983 4785 contristari
1018 4729 1086 4786 ab
1128 4730 1208 4784 eis
1236 4728 1328 4798 qui
1363 4728 1444 4783 sic
1468 4737 1655 4796 agunt,
1678 4734 1738 4779 ut
1766 4740 1857 4781 eo—

283 4837 399 4876 rum
428 4821 590 4876 factis
612 4821 1004 4877 contristentur
1032 4821 1205 4876 sancti
1232 4860 1247 4886 ,
1303 4834 1411 4874 non
1461 4818 1532 4873 ob
1558 4817 1701 4871 aliud
1752 4816 1857 4871 nisi

280 4912 405 4981 quia
433 4912 700 4981 Spiritum
724 4919 969 4967 sanctum
1002 4911 1220 4976 habent,
1253 4925 1363 4980 quo
1387 4910 1527 4964 dono
1570 4918 1680 4963 tam
1730 4909 1857 4963 boni

280 5008 424 5063 sunt,
449 5008 511 5054 ut
547 5015 643 5056 eos
670 5000 799 5054 mali
838 4999 1201 5066 moestiﬁceut,
1230 4999 1287 5054 hi
1326 4998 1560 5052 maxime
1604 5012 1740 5067 quos
1765 4998 1860 5052 bo—

279 5105 377 5144 nos
405 5088 575 5146 fuisse
599 5091 716 5146 sive
742 5097 1030 5155 noverunt,
1048 5089 1161 5145 sive
1183 5089 1525 5144 crediderunt
1552 5103 1566 5140 :
1604 5101 1723 5158 qua:
1736 5101 1861 5156 pro—

280 5177 423 5235 fecto
459 5181 678 5235 tristitia
712 5196 820 5235 non
851 5180 1026 5235 solum
1050 5195 1155 5234 non
1177 5178 1459 5248 culpanda,
1485 5193 1674 5234 verum
1696 5178 1859 5234 etiam

282 5271 550 5341 principue
570 5270 837 5325 laudanda
866 5279 1028 5340 atque
1050 5269 1389 5339 praedicanda
1418 5277 1520 5324 est.
1552 5268 1685 5325 Item
1712 5286 1724 5321 :
1752 5266 1860 5322 Νο-

279 5362 367 5416 lite
394 5363 707 5419 contristare
730 5360 987 5432 Spiritum
1015 5369 1271 5414 sanctum.
1296 5359 1613 5414 Hominibus
1635 5358 1859 5427 loquen-

280 5463 382 5520 tes,
415 5454 852 5525 comparationes
908 5452 1113 5506 inducit
1160 5453 1454 5513 humanas,
1500 5456 1563 5502 ut
1598 5462 1664 5502 ex
1708 5445 1863 5501 nobis

278 5548 641 5619 intelligamus
670 5554 933 5617 quantam
963 5543 1187 5615 Spiritui
1231 5548 1420 5598 sancto
1446 5539 1698 5609 injuriam
1726 5537 1862 5593 faci-

277 5654 401 5696 mus
428 5656 551 5696 cum
575 5642 783 5696 donum
811 5639 930 5709 ejus
966 5639 1026 5695 in
1063 5637 1218 5693 nobis
1246 5637 1423 5707 aliqua
1461 5632 1672 5705 peccati
1703 5632 1864 5687 sorde

274 5730 587 5796 retulimus.
622 5730 691 5786 In
717 5745 822 5802 quo
848 5729 1041 5801 signati
1064 5728 1203 5783 estis.
1232 5725 1440 5797 Signati
1470 5733 1651 5783 autem
1679 5736 1866 5780 sumus

1946 3266 2342 3337 stultiloquium
2370 3278 2425 3324 et
2449 3271 2837 3328 scurrilitatem
2861 3274 2967 3331 hoc
2985 3276 3210 3334 interest
3234 3281 3379 3350 quod
3395 3283 3533 3337 stul-

1948 3356 2235 3426 tiloquium
2260 3357 2396 3411 nihil
2416 3358 2471 3413 in
2484 3374 2543 3416 se
2557 3362 2776 3433 sapiens
2795 3368 2852 3417 et
2868 3362 3030 3421 corde
3052 3366 3288 3424 hominis
3310 3369 3531 3440 dignum

1947 3447 2128 3503 habet.
2176 3447 2491 3505 Scurrilitas
2538 3467 2669 3529 vero
2695 3453 2762 3508 de
2808 3455 3061 3525 prudenti
3095 3468 3277 3515 mente
3307 3460 3533 3516 descen-

1948 3539 2049 3606 dit,
2080 3548 2133 3595 et
2161 3541 2406 3597 consulto
2429 3545 2635 3614 appetit
2682 3545 2928 3615 quaedam
2952 3547 3036 3603 vel
3070 3549 3278 3604 urbana
3331 3553 3493 3606 verba
3515 3593 3529 3620 ,

1948 3632 2033 3687 vel
2061 3634 2285 3700 rustica,
2314 3634 2397 3689 vel
2420 3636 2619 3705 turpia,
2634 3636 2717 3692 vel
2747 3636 2944 3704 faceta,
2970 3654 3132 3708 quam
3152 3655 3253 3696 nos
3269 3642 3533 3712 ioculari-

1950 3732 2117 3779 tatem
2147 3725 2254 3779 alio
2281 3725 2448 3781 verbo
2490 3741 2776 3795 possumus
2800 3728 3086 3798 appellare,
3129 3738 3189 3784 ut
3216 3731 3384 3786 risum
3416 3749 3533 3789 mo-

1949 3823 2074 3869 veat
2097 3816 2463 3871 audientibus.
2489 3817 2688 3873 Verum
2729 3826 2785 3873 et
2810 3819 2925 3874 haec
2961 3835 2992 3873 a
3022 3822 3229 3878 sanctis
3253 3824 3385 3881 viris
3408 3843 3535 3897 pro.

1950 3905 2197 3975 pellenda
2222 3945 2236 3971 ,
2278 3907 2474 3977 quibus
2508 3908 2680 3979 magis
2721 3910 2974 3965 convenit
3018 3909 3149 3968 flere
3197 3921 3360 3985 atque
3402 3932 3535 3989 gau-

1953 4001 2099 4055 dere.

2024 4088 2128 4145 Sed
2178 4089 2345 4162 magis
2376 4094 2562 4163 gratim
2596 4095 2755 4150 actio.
2785 4093 2904 4151 Non
2945 4104 3007 4152 ut
3036 4099 3148 4155 Deo
3176 4100 3380 4171 gratias
3408 4117 3539 4174 aga—

1953 4194 2095 4245 mus,
2120 4180 2215 4235 sed
2250 4188 2309 4233 ut
2344 4183 2482 4251 grati
2509 4182 2621 4239 sive
2643 4184 2865 4254 gratiosi
2897 4187 3066 4244 simus
3094 4190 3237 4259 apud
3264 4190 3533 4259 homines,

1953 4279 2013 4324 ut
2043 4288 2055 4323 :
2086 4268 2165 4324 Sit
2190 4288 2361 4325 sermo
2388 4282 2551 4327 vester
2569 4273 2679 4328 sale
2724 4276 2982 4332 conditus.
3014 4277 3132 4333 Hoc
3159 4282 3299 4336 enim
3330 4284 3534 4339 scitote.

1952 4363 2070 4420 Hoc
2096 4374 2285 4420 contra
2312 4365 2433 4421 illos
2461 4367 2573 4437 agit
2601 4368 2877 4437 quisolam
2908 4370 3068 4426 ﬁdem
3090 4386 3252 4442 posse
3285 4374 3535 4431 sucere

1952 4456 2158 4513 dicunt.
2184 4456 2290 4510 Aut
2313 4474 2525 4513 avarus.
2550 4458 2652 4526 Qui
2678 4460 2759 4515 sic
2785 4460 3016 4517 honorat
3039 4463 3256 4519 divitias
3279 4475 3341 4521 ut
3379 4467 3531 4522 deos.

1957 4546 2092 4602 Nam
2125 4546 2180 4602 in
2200 4548 2693 4604 avaroidololatria
2722 4558 2829 4616 est,
2852 4551 2995 4621 quod
3020 4552 3348 4623 scripturam
3370 4554 3539 4625 ipsius

1958 4636 2166 4691 nummi
2193 4636 2341 4702 colit,
2375 4645 2436 4692 ut
2465 4639 2744 4694 voracium
2772 4640 2915 4696 Deus
2943 4649 3134 4697 venter
3174 4651 3278 4709 est,
3329 4645 3405 4699 ita
3446 4660 3540 4701 cu—

1959 4724 2209 4795 pidorum
2223 4722 2366 4780 Deus
2388 4724 2590 4780 dicitur
2618 4728 2870 4796 pecunia.
2888 4726 2956 4782 In
2976 4728 3114 4798 ﬁlios
3129 4728 3461 4801 difﬁdentiae.
3476 4732 3537 4788 In

1964 4814 2292 4881 Sodomitas,
2307 4816 2391 4871 vel
2409 4817 2463 4871 in
2483 4832 2578 4873 eos
2592 4818 2684 4889 qui
2697 4818 2901 4875 diluvio
2913 4821 3208 4889 perierunt.
3229 4821 3535 4878 Notandum

1962 4916 2048 4963 est
2073 4908 2216 4977 quod
2250 4923 2344 4963 sex
2372 4909 2517 4965 vitiis
2543 4925 2707 4981 supra
2755 4906 3043 4981 prohibitis
3069 4952 3085 4977 ,
3136 4912 3495 4970 fornicatione
3522 4957 3537 4979 ,

1964 4998 2326 5063 immunditia,
2363 4999 2589 5054 avaritia
2613 5041 2629 5064 ,
2679 4999 3031 5070 turpitudine,
3065 5000 3312 5064 stultitia,
3339 5002 3543 5057 scurri-

1963 5088 2135 5154 litate,
2164 5104 2307 5145 nunc
2360 5097 2570 5145 tantum
2607 5091 2707 5145 tria
2760 5091 3038 5159 posuerit,
3086 5090 3500 5150 fornicationem
3522 5136 3537 5160 ,

1965 5182 2361 5238 immunditiam
2382 5191 2436 5237 et
2459 5182 2741 5237 avaritiam
2767 5222 2781 5245 ,
2825 5182 3018 5250 quibus
3050 5183 3143 5253 qui
3179 5182 3344 5240 fuerit
3368 5186 3539 5241 obno-

1966 5270 2113 5336 xius,
2133 5271 2503 5326 hiareditatem
2534 5272 2587 5324 in
2611 5285 2775 5339 regno
2798 5269 2997 5327 Christi
3025 5282 3080 5328 et
3108 5273 3202 5329 Dei
3228 5290 3334 5330 non
3363 5277 3538 5346 possit

1965 5364 2182 5418 habere.
2211 5362 2270 5418 Si
2314 5364 2460 5418 enim
2486 5364 2561 5417 ita
2588 5363 2887 5436 stultiloqui
2925 5373 2980 5421 et
3024 5380 3227 5422 scurra:
3256 5365 3417 5421 alieni
3446 5381 3538 5424 es-

1962 5461 2085 5508 sent
2122 5468 2154 5507 a
2184 5468 2349 5524 regno
2372 5452 2501 5529 Dei,
2546 5455 2817 5524 quomodo
2854 5456 3069 5527 iniquos
3114 5457 3421 5526 specialiter
3457 5476 3546 5516 se-

1964 5544 2194 5615 paravit,
2219 5543 2492 5598 videretur
2519 5545 2787 5601 sententia
2825 5561 2946 5602 esse
2975 5547 3226 5612 crudelis,
3253 5563 3362 5603 non
3394 5547 3544 5619 igno-

1965 5647 2119 5687 scere
2159 5630 2511 5686 imbecillitati
2550 5631 2856 5705 fragilitatis
2886 5636 3165 5702 humanze,
3219 5652 3342 5693 cum
3378 5638 3542 5694 etiam

1965 5738 2063 5793 per
2099 5724 2283 5794 iocum
2313 5739 2411 5780 nos
2452 5724 2596 5782 dicta
2629 5725 2967 5782 damnarent.
2999 5725 3103 5795 Qui
3126 5728 3270 5785 enim
3319 5728 3373 5783 in
3426 5742 3545 5784 ser-
