3982 6198
413 412 512 468 ‘20?

1819 382 2085 442 SEDUIJI
2123 380 2317 437 SCOTI

3589 374 3703 428 2.8

418 540 578 583 mone
607 538 714 579 non
737 520 954 582 labitur,
984 512 1259 586 perfectus
1293 517 1395 565 est.
1418 508 1603 577 Neque
1630 518 1758 559 vero
1789 502 1892 555 ista
1913 499 1998 553 di-
2034 500 2085 558 Α
2112 505 2245 549 tum.
2276 494 2344 548 Et
2369 491 2511 563 quod
2556 490 2803 561 sequitur
2829 508 2841 541 :
2883 487 3122 556 Exsurge
3157 502 3189 538 α
3237 484 3476 549 mortuis,
3510 485 3706 538 animm

421 625 608 675 centes
635 613 814 667 locum
844 603 1176 674 stultiloquio
1212 609 1262 657 et
1287 595 1604 655 scurrilitati
1636 594 1847 654 damus,
1879 588 2007 643 dum

2109 593 2430 655 coaptatur:
2463 581 2654 636 Anima
2676 582 2812 635 enim
2852 596 2968 651 qua:
3003 577 3310 648 peccaverit,
3342 576 3458 645 ipsa
3508 576 3707 629 morie—

422 723 528 762 non
560 700 914 759 excludantur
947 710 976 747 a
1008 707 1195 760 regno,
1222 689 1317 745 sed
1344 687 1597 758 quoniam
1621 681 1763 754 apud
1789 680 2012 735 Patrem
2113 685 2241 730 tur:
2282 675 2516 744 Spiritus
2568 681 2799 726 mortem
2828 684 3106 739 nunquam
3155 667 3402 736 legimus.
3453 665 3711 721 Christus

424 797 652 851 diversze
692 794 819 843 sunt
848 784 1176 846 mansiones,
1215 788 1271 837 et
1302 777 1453 834 stella
1485 794 1517 830 a
1556 773 1708 829 stella
1750 770 1925 840 di/fert
1958 767 2014 819 in
2113 784 2243 823 vero
2270 768 2360 820 lux
2382 781 2511 820 vera
2539 765 2744 819 orietur
2773 762 2820 818 ei
2839 803 2853 827 ,
2909 760 2999 830 qui
3029 758 3269 813 surrexit
3301 772 3330 811 a
3361 757 3590 812 mortuis
3610 797 3626 823 ,
3655 765 3715 812 et

414 887 616 960 gloria,
644 884 720 938 sic
752 890 801 936 et
830 878 1140 934 resurrectio
1168 883 1517 935 mortuorum,
1542 866 1791 939 quamvis
1820 858 2016 933 aliquis
2117 871 2183 911 ex
2212 855 2440 910 mortuis
2471 852 2634 907 fuerit
2667 852 2979 907 suscitatus.

426 997 455 1034 a
482 977 860 1040 fornicatione,
879 969 1220 1043 immunditia
1248 974 1413 1036 atque
1442 961 1665 1018 lascivia
1691 957 1898 1012 alienus
1923 953 2014 1016 sit,

430 1078 615 1124 tamen
666 1066 712 1121 si
748 1062 1096 1132 stultiloquus
1120 1057 1288 1113 fuerit
1316 1064 1370 1112 et
1409 1067 1597 1110 scurra
1620 1092 1633 1117 ,
1674 1063 1781 1103 non
1817 1042 2020 1099 tenebit

432 1172 556 1213 eum
576 1155 755 1210 locum
777 1165 937 1222 quem
985 1159 1337 1219 possessurus
1370 1150 1488 1198 erat
1524 1140 1568 1195 si
1603 1139 1722 1192 haec
1753 1133 1883 1188 vitia
1914 1146 2022 1185 non

432 1246 661 1309 haberet
687 1260 699 1295 :
737 1219 1081 1311 respondeat,
1111 1234 1238 1306 quia
1271 1228 1662 1299 stultiloquium
1688 1233 1744 1279 et
1777 1219 2022 1277 scurrili-

435 1348 521 1394 tas
546 1352 652 1393 non
685 1333 936 1390 eumdem
965 1330 1202 1385 habeant
1238 1332 1449 1379 reatum
1489 1332 1651 1390 quem
1697 1312 2019 1375 fornicatio,

436 1427 779 1488 immunditia
805 1432 859 1483 et
886 1421 1136 1485 avaritia,
1153 1415 1395 1486 nunquid
1417 1422 1474 1468 et
1495 1409 1884 1479 turpitudinem
1901 1419 2025 1459 cum

439 1523 618 1580 tribus
650 1515 1021 1588 superioribus
1063 1510 1248 1566 debuit
1302 1501 1618 1562 nominare?
1650 1500 1732 1555 Ad
1762 1497 1906 1568 quod
1943 1495 2026 1550 di-

440 1613 673 1670 cendum
696 1608 787 1663 hic
806 1600 1196 1674 turpitudinem
1217 1596 1526 1671 significare
1550 1591 1922 1648 absconditam
1944 1602 2030 1643 co-

444 1704 787 1776 gitationem,
812 1696 899 1752 cui
933 1694 1299 1750 inﬂammatur
1323 1702 1518 1745 sensus
1542 1692 1730 1741 noster
1756 1682 1825 1737 ad
1853 1678 2032 1734 libidi-

442 1770 590 1862 nem,
614 1801 670 1850 et
692 1790 875 1849 carnis
897 1784 1299 1843 titillationibus
1323 1781 1506 1836 anima
1539 1776 1706 1849 ignita
1750 1770 2032 1829 succendi-

2192 944 2466 1012 Quomodo
2487 952 2639 997 caute
2668 940 2964 996 ambuletis.
3008 939 3124 994 Non
3149 939 3216 993 ad
3257 937 3482 993 insidias
3510 937 3718 993 facien-

2121 1036 2240 1102 das,
2269 1036 2362 1090 sed
2391 1036 2456 1089 ad
2488 1033 2786 1089 cavendum
2828 1039 3130 1101 peccatum,
3159 1037 3219 1083 ut
3238 1041 3320 1084 est
3344 1029 3474 1085 illud
3500 1050 3512 1083 :
3549 1031 3711 1084 Astu—

2123 1138 2206 1182 tus
2232 1128 2410 1198 dirigit
2439 1143 2646 1198 gressus
2691 1142 2814 1179 suos
2847 1121 3029 1197 (Prov.
3082 1125 3217 1197 xxv).
3250 1121 3422 1177 Aliter
3450 1133 3632 1189 caute,
3661 1122 3720 1178 id

2125 1228 2228 1286 est,
2262 1218 2631 1273 discernentes
2666 1217 2868 1272 bonum
2899 1224 2955 1270 et
2993 1215 3216 1270 malum.

2200 1307 2531 1363 Redimentes
2577 1316 2798 1377 tempus.
2837 1303 2949 1359 Hoc
2975 1313 3081 1369 est,
3130 1303 3454 1374 pmnilentia
3499 1301 3722 1357 residuo

2129 1410 2371 1471 tempore
2407 1401 2462 1454 in
2504 1399 2664 1454 bonis
2706 1398 2963 1467 operibus
3012 1403 3454 1467 perseverantes,
3508 1402 3721 1464 tempus

2128 1495 2461 1566 praeteritum
2484 1493 2537 1547 in
2561 1491 2799 1561 peccatis
2820 1488 3329 1557 redimeutes,quod
3357 1497 3570 1557 tempus
3602 1500 3722 1539 ma-

2130 1588 2245 1643 litia
2282 1586 2564 1642 hominum
2590 1583 2869 1639 venditum
2899 1590 3035 1637 erat.

2207 1679 2468 1745 Quoniam
2493 1677 2602 1730 dies
2624 1675 2752 1729 mali
2780 1683 2923 1728 sunt.
2949 1672 3055 1727 Per
3080 1670 3483 1735 metanomiam,
3512 1683 3610 1740 pro
3630 1668 3723 1723 bis

2136 1770 2228 1840 qui
2255 1769 2311 1823 in
2341 1768 2531 1823 diebus
2559 1775 2707 1832 sunt,
2734 1764 2861 1835 quia
2891 1765 3007 1819 dies
3031 1762 3153 1818 mali
3180 1777 3300 1817 esse
3328 1776 3435 1816 non
3468 1767 3725 1831 possunt.

443 1896 555 1954 tur,
576 1845 636 1942 et
656 1881 1009 1940 nihilominus
1029 1876 1127 1931 Dei
1150 1875 1346 1929 timore
1376 1871 1430 1925 in
1456 1845 1660 1937 judicio
1691 1863 2029 1919 refrenatur:
2061 1845 2110 1904 Β
2139 1859 2243 1915 Sed
2270 1857 2633 1929 intelligentes.
2656 1856 2714 1911 Id
2736 1864 2838 1921 est,
2866 1853 3185 1911 scrutamini
3206 1852 3400 1922 legem,
3424 1851 3479 1906 in
3507 1865 3615 1921 qua
3636 1865 3735 1904 vo-

443 1989 500 2035 et
523 1974 792 2049 quomodo
821 1965 1217 2037 stultiloquium
1244 1972 1299 2018 et
1330 1959 1656 2021 scurrilitas,
1686 1954 1766 2009 sic
1796 1953 1898 2007 ista
1921 1957 2032 2004 ture

444 2043 636 2144 pitudo
664 2083 771 2123 non
813 2062 1014 2136 perdit,
1059 2074 1161 2115 nec
1186 2058 1238 2112 in
1265 2060 1587 2126 perpetuum
1614 2043 1853 2102 excludit
1889 2057 1919 2095 a
1951 2054 2037 2093 re-

448 2181 573 2239 gno.
616 2160 908 2230 Participes
929 2170 1132 2211 eorum.
1178 2147 1505 2209 Fornicatio,
1537 2138 1899 2204 immunditia,
1920 2151 2041 2191 ava-

448 2228 597 2314 ritia.
635 2250 762 2305 Filii
804 2228 957 2303 lucis.
992 2245 1051 2301 Id
1075 2252 1180 2309 est,
1212 2238 1438 2302 Christi,
1472 2235 1559 2290 vel
1583 2232 1729 2296 fidei,
1753 2229 1839 2285 vel
1864 2228 2041 2283 scien-

452 2351 561 2405 tim.
589 2345 655 2399 In
689 2341 929 2397 omnibus
964 2337 1211 2392 bonitate.
1240 2332 1300 2387 Id
1322 2339 1444 2396 est,
1490 2328 1545 2382 in
1590 2322 1926 2395 benignitate
1977 2318 2046 2373 ad

465 2442 790 2501 omnes,ut:
818 2431 962 2486 Deus
990 2427 1150 2483 solem
1171 2441 1324 2479 suum
1348 2421 1477 2476 oriri
1500 2419 1627 2490 facit
1650 2431 1805 2486 super
1826 2416 1984 2466 bonos
2000 2418 2048 2463 et

467 2527 635 2583 malos
654 2497 866 2596 (Matth.
892 2518 968 2591 v).
993 2516 1231 2572 Iustitia.
1258 2511 1492 2581 Operum
1520 2514 1575 2561 et
1607 2503 1955 2596 iudiciorum.
1985 2497 2049 2551 Et

462 2589 701 2674 veritate.
726 2589 1049 2668 Verborum.
1084 2603 1374 2659 Probanles
1416 2597 1543 2671 quid
1569 2596 1635 2650 sit
1678 2589 2052 2661 bcneplacitum

460 2710 591 2764 Deo.
620 2705 757 2775 Quia
780 2702 993 2758 videtur
1042 2705 1153 2753 tota
1179 2704 1391 2751 scatere
1436 2687 1729 2751 sententia,
1759 2683 1947 2738 ordine
1976 2688 2055 2733 te-

461 2772 757 2854 nenda'est
790 2811 802 2847 :
836 2790 1015 2846 Nolite
1044 2786 1160 2841 lleri
1182 2783 1479 2856 participes
1506 2792 1727 2841 eorum,
1763 2772 2055 2844 probantes

461 2888 594 2959 quid
620 2886 691 2941 sit
702 2880 1101 2951 beneplaeitum
1123 2877 1263 2937 Deo;
1296 2873 1400 2928 etsi
1416 2870 1560 2925 enim
1584 2862 1876 2935 aliquando
1890 2859 2057 2915 eratis

462 2947 723 3041 tenebrae,
749 2947 895 3027 nunc
914 2969 1006 3023 lux
1030 2968 1085 3021 in
1108 2963 1359 3026 Domino,
1391 2967 1450 3012 ut
1478 2956 1574 3011 lilii
1599 2954 1735 3009 lucis
1764 2947 2054 3005 ambulate.

462 3067 700 3123 Fructus
717 3062 852 3115 lucis
879 3056 1168 3121 ostendite,
1199 3055 1253 3107 in
1279 3052 1521 3108 bonitate
1550 3089 1565 3113 ,
1621 3054 1676 3102 et
1704 3043 1916 3113 iustitia
1937 3083 1951 3107 ,
2005 3048 2061 3096 et

465 3159 715 3216 veritate.
734 3152 803 3207 Et
842 3151 1002 3206 nolite
1033 3146 1420 3202 communicare
1443 3138 1681 3213 operibus
1712 3134 2057 3206 infructuosis

470 3248 823 3305 tenebrarum.
853 3242 912 3297 Id
937 3238 1186 3307 est,quia
1212 3235 1303 3289 lux
1326 3247 1434 3288 non
1457 3236 1638 3302 potest
1655 3225 2059 3283 communicare

470 3353 595 3395 cum
656 3332 912 3391 tenebris.
971 3326 1345 3383 Teuebrarum
1400 3336 1567 3392 opera
1612 3327 1777 3383 sunt,
1835 3330 1955 3385 quae
1995 3313 2062 3369 ad

476 3425 734 3483 tenebras
761 3422 982 3478 ducunt.
1011 3414 1351 3485 Redarguite.
1380 3411 1439 3467 Id
1469 3418 1571 3475 est,
1596 3414 1909 3479 peccantes,
1937 3404 2064 3460 dum

473 3517 569 3571 lux
595 3514 748 3570 estis.
782 3510 916 3577 Quae
938 3508 1076 3563 enim
1108 3506 1165 3559 in
1190 3501 1390 3557 occulto
1421 3501 1577 3570 ﬁunt.
1601 3494 1933 3561 Fornicatio,
1966 3494 2066 3548 im-

474 3604 767 3670 munditia,
796 3598 1044 3656 avaritia.
1077 3594 1154 3649 Ab
1183 3594 1276 3649 eis.
1306 3591 1463 3648 Filiis
1501 3589 1712 3646 scilicet
1733 3585 2062 3643 dillidentiae.

477 3697 660 3753 Etiam
682 3694 871 3748 dicere.
894 3686 1199 3759 Aliquando
1242 3684 1486 3739 nominat
1514 3680 1691 3750 turpia
1715 3684 1939 3748 propter
1963 3675 2070 3730 uti-

478 3787 711 3851 litatem,
736 3780 1029 3853 aliquando
1052 3792 1153 3849 pro
1173 3772 1502 3832 verecundia
1522 3786 1633 3826 non
1655 3768 1918 3824 nominat.
1948 3763 2071 3820 0m-

482 3881 575 3936 nia
601 3893 719 3951 qua
744 3882 1057 3946 arguuntur.
1084 3870 1215 3938 Quae
1228 3866 1434 3925 occulta
1455 3864 1589 3919 fiunt
1617 3879 1648 3918 a
1675 3860 1799 3915 ﬁliis
1823 3857 2069 3915 difﬁden-

480 3972 597 4037 tiae,
614 3947 682 4024 ut
712 3981 780 4022 ex
807 3980 874 4021 eo
892 3963 1036 4035 quod
1057 3960 1447 4031 corripiuntur,
1474 3961 1750 4010 mutentur
1778 3950 1831 4004 in
1854 3947 2071 4014 melius,

2140 1950 2322 2005 luntas
2357 1947 2475 2017 ejus
2504 1947 2835 2002 continetur.
2861 1944 2930 1998 Et
2954 1943 3115 1998 nolite
3138 1941 3392 1997 inebriari
3417 1941 3556 1994 vino.
3592 1938 3738 2006 Quo-

2140 2042 2302 2098 modo
2323 2056 2431 2096 non
2468 2054 2757 2110 possumus
2784 2036 2995 2092 duobus
3014 2034 3245 2090 dominis
3265 2032 3491 2097 servire,
3520 2030 3632 2086 Deo
3678 2038 3736 2085 et

2143 2151 2486 2200 mammonae,
2515 2135 2595 2190 sic
2622 2148 2729 2188 non
2750 2146 3039 2202 possumus
3063 2128 3253 2200 spiritu
3278 2126 3487 2196 impleri
3527 2124 3739 2195 pariter

2144 2239 2199 2287 et
2234 2230 2398 2283 vino:
2438 2227 2530 2298 qui
2560 2226 2704 2282 enim
2749 2224 2941 2294 spiritu
2984 2219 3258 2291 impletur,
3285 2219 3451 2273 habet
3501 2217 3741 2287 pruden-

2148 2323 2295 2383 tiam,
2330 2318 2801 2374 mansuetudinem
2832 2356 2846 2380 ,
2906 2312 3288 2368 verecundiam
3316 2348 3335 2376 ,
3395 2307 3739 2370 castitatem;

2149 2413 2241 2484 qui
2292 2411 2442 2493 vino,
2472 2408 2636 2465 habet
2679 2405 3075 2476 insipientiam,
3112 2402 3386 2465 furorem,
3443 2396 3748 2469 procacita-

2151 2513 2261 2559 tem
2281 2544 2297 2570 ,
2330 2486 2609 2557 libidinem
2640 2517 2652 2553 :
2680 2500 2784 2555 hoc
2837 2497 3035 2567 quippe
3083 2495 3292 2549 aestimo
3320 2507 3428 2547 uno
3476 2488 3641 2545 verbo
3671 2486 3749 2542 si-

2152 2597 2411 2668 guilicare
2439 2593 2732 2650 luxuriam.

2225 2687 2293 2741 In
2322 2684 2559 2758 psalmis.
2587 2682 2785 2754 Hymni
2827 2688 2975 2746 sunt,
3002 2679 3096 2748 qui
3143 2675 3513 2731 fortitudinem
3542 2681 3597 2728 et
3625 2686 3748 2725 ma-

2148 2777 2404 2847 iestatem
2430 2775 2524 2830 Dei
2550 2773 2866 2844 praedicant,
2915 2777 2969 2824 et
3004 2768 3247 2839 ejusdem
3281 2780 3496 2835 semper
3537 2761 3627 2817 vel
3655 2760 3750 2816 be-

2158 2865 2477 2933 neficia,vel
2500 2865 2644 2920 facta
2664 2864 2956 2926 mirantur,
2979 2859 3124 2930 quod
3165 2871 3351 2913 omnes
3398 2853 3596 2925 psalmi
3619 2866 3752 2907 con-

2159 2964 2354 3024 tinent,
2378 2959 2575 3030 quibus
2619 2955 2840 3011 alleluia
2867 2951 2952 3007 vel
3004 2948 3369 3021 propositum,
3412 2945 3498 2999 vel
3538 2940 3751 3011 subjec-

2158 3061 2278 3109 tum
2307 3059 2411 3107 est.
2444 3047 2645 3104 Psalmi
2700 3054 2879 3100 autem
2914 3040 3132 3113 preprie
3180 3039 3248 3093 ad
3290 3037 3526 3092 ethicum
3569 3032 3755 3088 locum

2157 3144 2456 3217 pertinent,
2487 3147 2548 3194 ut
2572 3152 2670 3209 per
2691 3148 2955 3206 organum
2986 3129 3255 3201 corporis,
3277 3127 3419 3198 quod
3446 3122 3754 3179 faciendum

2162 3216 2219 3293 et
2246 3232 2390 3306 quod
2418 3228 2696 3285 vitandum
2719 3226 2811 3291 sit,
2842 3222 3178 3279 noverimus.
3208 3218 3310 3286 Qui
3340 3231 3472 3272 vero
3492 3216 3561 3270 de
3593 3226 3758 3282 supe-

2163 3323 2398 3381 rioribus
2422 3320 2682 3391 disputat,
2712 3326 2767 3372 et
2801 3319 3126 3371 concentum
3180 3309 3366 3364 mundi
3407 3306 3762 3374 omniumque

2164 3422 2539 3471 creaturarum
2615 3409 2867 3465 ordinem
2927 3415 3092 3475 atque
3143 3401 3487 3457 concordiam
3544 3396 3767 3453 subtilis

2166 3505 2471 3574 disputator
2493 3499 2767 3565 edisserit,
2801 3498 2904 3553 iste
2945 3493 3228 3564 spirituale
3280 3491 3549 3545 canticum
3579 3488 3764 3553 canit,

2164 3594 2252 3651 vel
2282 3600 2431 3649 certe
2456 3598 2678 3662 propter
2706 3588 3067 3658 simpliciores
3094 3581 3456 3645 manifestius,
3486 3579 3630 3650 quod
3665 3594 3763 3633 vo-

2166 3685 2346 3740 lumus
2373 3723 2390 3749 ,
2441 3681 2782 3751 eloquamur.
2815 3676 3063 3732 Psalmus
3111 3674 3179 3729 ad
3215 3687 3447 3742 corpus,
3488 3670 3767 3725 canticum

2176 3774 2414 3833 refertur
2443 3773 2512 3828 ad
2536 3778 2793 3826 mentem.
2817 3768 2886 3822 Et
2913 3780 3110 3822 canere
3139 3766 3302 3835 igitur
3341 3771 3397 3818 et
3431 3761 3682 3832 psallere,
3713 3768 3775 3814 ct

2172 3870 2393 3926 laudare
2425 3867 2620 3931 Deum,
2658 3863 2831 3934 magis
2859 3861 3041 3916 animo
3088 3874 3252 3931 quam
3282 3870 3416 3913 voce
3469 3855 3769 3918 debemus,

2173 3965 2279 4020 hoc
2299 3970 2383 4018 est
2419 3959 2618 4030 quippe
2661 3956 2804 4026 quod
2855 3953 3094 4008 dicitur:
3126 3947 3408 4004 Cantantes
3456 3954 3504 4000 et
3537 3941 3777 4015 psallen-

484 4073 540 4120 et
569 4067 773 4118 mutata
808 4053 1225 4111 manifestentur
1239 4050 1295 4104 in
1317 4047 1553 4119 publico,
1568 4052 1622 4099 et
1642 4042 1918 4113 publicata
1944 4039 2059 4093 ﬁant

2175 4064 2251 4109 tes
2286 4054 2343 4107 in
2393 4050 2637 4105 cordibus
2686 4047 2867 4101 vestris
2909 4043 3153 4107 Domino,
3191 4041 3389 4111 gratias
3432 4044 3641 4106 agentes
3674 4051 3777 4105 pro

484 4157 688 4211 lumen.
716 4148 882 4202 Omne
918 4150 1092 4197 autem
1118 4138 1259 4211 quod
1303 4135 1712 4206 manifestatur,
1763 4131 1939 4185 lumen
1976 4137 2073 4183 est.

486 4242 682 4312 Incipit
725 4237 909 4292 lumen
941 4247 1063 4290 esse
1092 4244 1217 4286 cum
1259 4225 1572 4290 crediderit,
1595 4230 1651 4278 et
1695 4220 1851 4277 vobis
1888 4217 2078 4288 adjun-

491 4337 657 4408 gitur.

563 4427 787 4498 Propter
810 4422 947 4496 quod
971 4421 1097 4476 dicit
1126 4436 1145 4475 :
1178 4429 1398 4485 exsurge
1426 4429 1459 4466 a
1486 4396 1726 4465 mortuis.
1757 4407 1870 4479 Ego
1895 4419 2083 4461 secun-

492 4521 620 4576 dum
643 4492 971 4587 ingeniolum
994 4522 1171 4563 meum
1184 4517 1373 4560 omnes
1393 4500 1663 4557 editiones
1675 4504 1918 4551 veterum
1941 4492 2086 4548 Scri-

490 4581 811 4680 pturartim,
857 4603 974 4671 ipsa
1010 4609 1227 4667 quoque
1276 4591 1620 4646 Hebraeorum
1651 4584 1928 4641 volumina
1959 4581 2082 4636 dili-

494 4673 685 4769 genter
713 4691 1030 4754 eventilans,
1057 4697 1320 4756 nusquam
1350 4683 1451 4737 hoc
1466 4680 1731 4749 scriptum
1750 4676 1951 4746 reperi,
1977 4673 2080 4728 nisi

497 4766 638 4845 forte
673 4786 777 4840 hoc
801 4780 1065 4842 dicamus,
1090 4771 1543 4847 quemadmodum
1567 4769 1695 4826 olim
1725 4767 2002 4838 prophetat
2026 4766 2083 4819 in

499 4881 758 4938 concione
803 4873 984 4947 populi
1026 4868 1415 4941 loquebantur:
1451 4862 1581 4917 Htrc
1618 4862 1746 4916 dicit
1797 4859 2080 4914 Dominus.

499 4971 602 5027 Et:
629 4965 891 5034 Quoniam
915 4960 1169 5015 Dominus
1194 4954 1397 5009 locutus
1425 4961 1525 5016 est,
1572 4951 1644 5005 ita
1669 4959 1725 5005 et
1768 4947 2082 5018 Apostolum

503 5059 708 5130 Spiritu
730 5062 921 5111 sancto
949 5051 1187 5122 plenum,
1213 5055 1432 5115 repente
1484 5042 1537 5097 in
1584 5041 1750 5097 verba
1774 5055 1894 5111 quae
1934 5040 1989 5094 in
2029 5054 2088 5094 se

504 5151 754 5209 Christus
776 5146 1123 5217 loquebatur,
1150 5138 1393 5209 erupisse
1419 5143 1581 5204 atque
1605 5134 1839 5189 dixisse:
1866 5131 1995 5186 Hcce
2013 5132 2091 5185 di-

509 5242 580 5296 cit
605 5238 886 5293 Dominus.
908 5234 1020 5290 Nec
1055 5247 1161 5287 non
1187 5238 1242 5284 et
1269 5227 1400 5283 illud
1428 5234 1511 5281 est
1538 5224 1933 5288 disserendum,
1957 5238 2091 5292 quo-

507 5328 671 5385 modo
720 5326 812 5380 uni
855 5332 1019 5392 atque
1067 5322 1244 5376 eidem
1279 5318 1522 5381 dicatur,
1575 5314 1730 5383 quasi
1760 5313 2085 5369 dormienti:

511 5418 682 5488 Surge
712 5414 801 5484 qui
836 5412 1054 5476 dormis,
1082 5408 1238 5479 quasi
1259 5415 1497 5472 mortuo,
1526 5418 1758 5474 exsurge
1777 5419 1806 5457 a
1835 5403 2086 5459 mortuis.

2178 4143 2440 4198 omnibus.
2472 4140 2530 4195 Id
2558 4146 2666 4204 est,
2698 4148 2819 4207 qua:
2842 4133 3094 4189 accidunt
3110 4130 3286 4195 vobis,
3309 4126 3423 4183 sive
3450 4123 3740 4195 prosperis
3758 4163 3775 4191 ,

2180 4235 2295 4291 sive
2329 4231 2594 4287 adversis.

2252 4322 2483 4392 Subjecti
2514 4320 2732 4373 invicem
2766 4316 2819 4371 in
2852 4317 3038 4369 timore
3064 4311 3282 4368 Christi.
3329 4309 3558 4366 Pronter
3612 4308 3769 4362 timo~

2184 4431 2301 4473 rem
2322 4412 2528 4468 Christi
2573 4409 2671 4465 fiat
2724 4407 3018 4478 subjectio,
3074 4405 3200 4460 dum
3229 4402 3378 4458 illum
3407 4399 3685 4456 oli‘endere
3710 4399 3784 4454 ti-

2106 4547 2161 4607 Β
2186 4522 2416 4565 memus.
2449 4503 2686 4559 Audiam
2707 4503 2809 4556 hoc
2834 4500 3112 4570 episcopi,
3152 4497 3373 4553 audiant
3424 4493 3734 4565 presbyteri
3762 4534 3781 4558 ,

2188 4601 2373 4657 audiat
2400 4598 2575 4654 omnis
2596 4596 2730 4651 ordo
2752 4594 3054 4657 doctorum,
3080 4590 3339 4661 subjectis
3364 4587 3476 4644 suis
3501 4601 3624 4641 esse
3649 4587 3757 4641 sub

2182 4696 2379 4767 jectos,
2402 4701 2455 4749 et
2486 4692 2766 4748 imitentur
2794 4689 3062 4744 dicentem
3094 4682 3407 4755 Apostolum
3435 4700 3449 4735 :
3479 4677 3611 4735 Cum
3635 4680 3780 4734 enim

2188 4788 2320 4843 liber
2334 4800 2497 4841 essem
2522 4800 2587 4838 ea:
2612 4781 2872 4845 omnibus,
2894 4779 3125 4831 omnium
3143 4776 3398 4845 meipsum
3421 4786 3625 4826 seruum
3653 4766 3781 4837 feci,

2191 4889 2247 4932 ut
2268 4892 2442 4932 omnes
2458 4872 2839 4941 lucrifacerem.
2857 4868 2989 4922 Etin
3013 4866 3120 4921 alio
3134 4865 3251 4920 loco
3270 4878 3284 4917 :
3305 4861 3507 4918 Servite
3534 4858 3781 4913 invicem.

2192 4968 2441 5024 Salvator
2455 4976 2671 5034 quoque
2695 4959 2925 5015 formam
2948 4956 3091 5012 servi
3110 4954 3343 5024 accepit,
3361 4959 3420 5005 ut
3445 4948 3679 5005 serviret
3702 4947 3790 5002 di-

2194 5056 2415 5129 scipulis
2436 5055 2570 5113 suis.
2589 5061 2643 5107 et
2670 5052 2833 5121 pedes
2868 5063 3057 5105 eorum
3075 5046 3231 5100 lavit.
3249 5043 3362 5098 Hoc
3382 5042 3614 5096 interest
3636 5039 3790 5092 inter

2195 5147 2436 5220 gentium
2466 5144 2741 5215 principes
2770 5149 2823 5196 et
2862 5137 3313 5195 Christianorum,
3345 5131 3488 5201 quod
3514 5130 3586 5186 illi
3611 5129 3793 5185 domi-

2197 5219 2394 5294 nantur
2415 5232 2666 5298 subditis,
2694 5247 2793 5286 nos
2822 5229 3111 5291 servimus,
3126 5235 3180 5279 et
3194 5225 3245 5279 in
3267 5221 3419 5295 [hoc]
3440 5219 3676 5290 majores
3697 5236 3797 5275 su-

2196 5341 2338 5391 mus,
2362 5325 2406 5379 si
2429 5321 2638 5378 minimi
2657 5320 2898 5376 omnium
2923 5316 3207 5372 fuerimus.
3232 5311 3481 5367 Mulieres
3504 5311 3628 5365 viris
3647 5312 3792 5365 suis.

2198 5418 2489 5486 Hucusque
2510 5414 2565 5469 in
2589 5427 2899 5477 commune,
2925 5425 3070 5465 nunc
3093 5407 3405 5478 singulatim
3429 5420 3800 5475 unumquem-

508 5508 677 5578 lgitur
713 5506 841 5577 quia
861 5512 916 5562 et
940 5504 1163 5575 spiritus
1197 5508 1282 5557 est
1302 5500 1560 5566 hominis,
1589 5514 1753 5570 quem
1781 5514 1996 5569 semper
2036 5498 2092 5553 in

511 5599 654 5654 bona
680 5608 834 5667 parte
881 5597 1140 5668 scriptum
1168 5594 1493 5659 invenimus,
1515 5601 1571 5648 et
1599 5593 1799 5659 anima,
1833 5592 1985 5662 cujus
2013 5592 2097 5646 iu-

515 5688 873 5744 lirmitateset
916 5697 1119 5744 mortes
1143 5687 1372 5758 legimus
1415 5694 1801 5756 peccatorum,
1849 5685 1903 5740 id
1953 5686 2098 5755 quod

519 5797 661 5838 nunc
685 5782 914 5838 dicitur:
949 5780 1118 5852 Surge
1149 5780 1241 5841 qui
1291 5780 1487 5834 dormis
1511 5821 1525 5846 ,
1581 5779 1815 5836 refertur
1843 5780 1909 5837 ad
1944 5782 2102 5851 splri~

2199 5525 2305 5582 que
2333 5509 2509 5571 docet,
2536 5513 2596 5561 ut
2616 5506 2797 5561 debita
2824 5501 3000 5559 ollicia
3028 5501 3253 5572 singulis
3278 5514 3385 5554 non
3407 5505 3642 5553 cessent.

2274 5596 2418 5653 Sicut
2447 5594 2685 5651 Christus
2714 5604 2868 5665 caput
2899 5603 2974 5648 est
3009 5591 3279 5647 Ecclesiae.
3304 5589 3360 5645 Id
3382 5596 3485 5653 est,
3518 5588 3807 5658 quomodo

2207 5692 2261 5747 in
2283 5688 2498 5746 Christo
2529 5696 2583 5742 et
2609 5686 2855 5743 Ecclesia
2892 5692 3081 5756 sancta
3116 5681 3442 5751 conjunctio,
3482 5680 3641 5735 sicin
3674 5680 3808 5737 viro

2209 5790 2265 5836 et
2299 5779 2526 5836 muliere
2557 5776 2715 5833 debet
2739 5789 2858 5831 esse
2906 5782 3094 5830 sancta
3124 5770 3335 5842 copula.
3389 5769 3511 5840 Ipse
3560 5769 3812 5825 salvator
