3982 6198
289 245 402 303 109

1410 246 1748 305 COLLECT.
1792 248 1860 305 IN
1896 250 2117 308 EPIST.
2157 253 2252 310 AD
2290 253 2533 316 EPHES.

3459 234 3569 322 2th

292 365 556 435 corporis.
586 364 644 420 Id
664 371 772 430 est,
792 362 1090 420 Eccleaiam
1116 362 1366 420 Christus
1400 365 1662 434 salvavit,
1701 368 1786 423 vel
1806 368 1890 423 vir
1916 375 1968 437 Α
1992 372 2254 438 cordiam,
2286 382 2391 430 etc.
2421 374 2627 431 Forsan
2669 392 2798 447 ergo
2827 378 2952 447 quia
3000 377 3286 452 decalogus
3324 386 3568 441 exeunti-

295 454 543 510 salvator
569 455 816 525 corporis
843 453 1085 509 mulieris
1130 454 1185 508 in
1222 455 1637 513 necessitatibus
1661 466 1715 513 et
1739 458 1885 514 dolo-

297 548 450 602 ribus
478 546 610 602 dum
646 546 959 602 inﬁrmioris
983 560 1145 602 sexus
1170 554 1270 602 est.
1307 544 1441 615 Viri,
1470 548 1670 620 diligite
1697 567 1887 607 uxores

296 653 517 698 uestras.
551 640 786 696 Sanctus
819 656 974 697 amor
996 641 1086 701 hic
1135 641 1530 713 intelligendus,
1561 652 1620 698 ut
1642 644 1885 713 volupta-

295 740 378 788 tes
410 740 750 797 resecentur,
776 741 835 787 ut
858 740 1198 804 praegnantes
1234 732 1301 787 ad
1331 742 1548 803 partum
1576 750 1746 806 usque
1776 751 1883 790 non

293 832 513 879 coeant.

364 912 521 970 Sicut
546 922 593 968 et
617 912 855 968 Christus
882 910 1066 966 dilexit
1101 911 1414 968 Ecclesium.
1456 913 1535 969 Ita
1569 922 1623 968 et
1651 930 1746 969 vos
1787 930 1886 985 pro

293 1005 587 1061 sanctitate
618 1019 867 1068 uxorum,
899 1019 999 1059 nec
1031 1004 1192 1070 mori,
1223 1005 1269 1059 si
1304 1020 1525 1059 necesse
1566 1004 1750 1069 fuerit,
1793 1021 1883 1059 re-

294 1097 520 1153 cusetis.
558 1094 627 1150 Ut
661 1112 776 1151 eam
820 1095 1196 1164 sanctiﬁcaret.
1243 1097 1398 1165 Aqua
1426 1096 1569 1150 enim
1605 1095 1736 1149 lavit
1759 1111 1881 1149 cor-

290 1204 417 1260 pus,
444 1189 689 1243 animam
742 1187 990 1243 doctrina
1016 1204 1029 1240 :
1060 1187 1134 1240 ita
1165 1194 1220 1241 et
1249 1202 1344 1241 vos
1373 1201 1601 1257 corpora
1652 1200 1880 1239 uxorum

291 1282 652 1347 continentia,
681 1288 735 1336 et
760 1281 997 1335 animam
1046 1279 1299 1335 mundate
1332 1280 1601 1335 doctrina.
1633 1278 1699 1333 In
1728 1279 1879 1334 verbo

292 1372 431 1427 rita.
456 1372 515 1427 Id
539 1381 641 1434 est,
668 1371 724 1426 in
751 1371 995 1426 doctrina
1024 1385 1122 1440 per
1152 1372 1507 1442 baptismum.
1538 1372 1623 1426 vel
1652 1371 1878 1426 verbum

291 1467 435 1535 quod
459 1474 719 1521 cantatur
743 1480 774 1518 a
790 1464 1069 1520 sacerdote
1097 1465 1166 1519 ad
1192 1465 1538 1534 baptismum.
1575 1462 1644 1518 Ut
1670 1464 1739 1517 sit
1761 1480 1880 1518 san~

288 1567 394 1612 ctu.
417 1556 476 1611 Id
500 1564 605 1621 est,
631 1556 833 1612 anima.
864 1556 934 1610 Et
980 1558 1342 1612 immaculata.
1391 1556 1449 1611 Id
1493 1566 1593 1621 est,
1627 1572 1873 1627 corpore.

291 1646 398 1703 Sed
429 1648 600 1701 nutrit
632 1655 679 1702 et
708 1648 863 1717 fovet.
896 1646 968 1703 Ut
1018 1648 1277 1703 uxoribus
1313 1648 1690 1702 vestimentum
1719 1655 1774 1702 et
1797 1647 1877 1701 vi-

1984 461 2086 518 bus
2116 464 2181 519 de
2207 464 2534 537 Egypto,et
2562 467 2734 538 prima
2758 468 2839 524 lex
2870 469 2995 525 data
3016 480 3118 536 est,
3148 474 3567 545 unumquodque

1986 555 2302 611 mandatum
2336 557 2578 629 decalogi
2610 560 2844 629 primum
2873 569 2976 626 est,
3004 561 3071 615 ad
3104 565 3566 631 comparationent

1984 662 2170 702 eorum
2194 657 2585 718 praeceptorum
2605 665 2724 720 quae
2759 660 2946 721 postea
2970 652 3024 706 in
3049 651 3165 721 lege
3189 654 3388 724 scripta
3416 663 3561 710 sunt.

1985 738 2087 805 Qui
2145 739 2382 810 priorem
2430 740 2839 794 excusationem
2884 739 3121 796 defendit
3148 783 3162 807 ,
3217 742 3271 796 in
3329 744 3567 798 secundo

1986 832 2240 886 mandato
2297 847 2427 886 non
2456 846 2701 887 seorsum
2754 832 2926 898 dicet,
2984 832 3080 888 sed
3123 835 3222 890 sub
3269 849 3376 890 uno
3416 843 3565 891 textu

1982 930 2149 991 atque
2173 937 2422 978 sermone
2465 938 2574 977 non
2602 930 2711 976 tam
2742 922 3156 992 promissionem
3182 924 3566 996 datam,quam

1983 1013 2304 1068 sententiam
2337 1020 2395 1067 et
2423 1012 2609 1068 laudes
2644 1012 2738 1067 Dei
2783 1028 2905 1068 esse
2935 1011 3134 1078 finitas,
3190 1012 3439 1069 facientis
3465 1016 3566 1070 mi-
3646 1080 3651 1087 ,

1983 1102 2365 1166 sericordiam,
2398 1111 2503 1157 etc.
2566 1100 2634 1156 In
2661 1101 2996 1173 simplicitate
3029 1103 3221 1158 cordis.
3259 1104 3317 1160 Id
3341 1114 3445 1171 est,
3476 1107 3566 1161 de-

1980 1194 2157 1265 posita
2205 1194 2386 1264 priore
2415 1192 2668 1263 superbia
2713 1200 2769 1247 et
2806 1193 3169 1250 simulatione.
3228 1194 3328 1251 Hic
3383 1205 3563 1251 autem

1980 1285 2548 1357 providetApostolus,
2566 1301 2633 1341 ne
2655 1286 2900 1342 doctrina
2914 1286 3119 1343 Christi
3140 1289 3194 1342 in
3220 1287 3401 1356 aliquo
3423 1288 3566 1344 blas-

1979 1380 2284 1448 phemetur,
2323 1378 2369 1432 si
2399 1377 2682 1432 credentes
2728 1377 2871 1432 servi
2908 1378 3143 1433 dominis
3166 1378 3386 1433 inutiles
3412 1378 3559 1432 ﬁant.

2053 1469 2203 1525 Sicut
2252 1469 2481 1524 Christo.
2532 1468 2760 1524 Pulchre
2791 1469 3014 1534 addidit,
3045 1470 3177 1523 sicut
3208 1468 3448 1535 Christo,
3506 1481 3567 1525 ut

1979 1559 2187 1615 scilicet
2214 1575 2321 1614 non
2364 1558 2550 1613 audiat
2591 1574 2782 1613 servus
2839 1558 3113 1613 carnalem
3153 1559 3467 1626 dominum,
3513 1560 3560 1614 si

1979 1647 2251 1704 contraria
2272 1648 2559 1717 praeceptis
2584 1647 2680 1701 Dei
2707 1647 2937 1702 voluerit
2965 1648 3265 1718 imperare-

289 1744 435 1791 ctum
467 1746 524 1792 et
551 1753 675 1809 qua:
689 1739 997 1793 necessaria
1020 1747 1144 1793 sunt
1168 1740 1525 1810 praebeamus.
1556 1738 1704 1794 Sicut
1724 1740 1877 1795 Chri-
1904 1732 1950 1791 B
2052 1737 2175 1792 Non
2201 1739 2269 1791 ad
2301 1737 2531 1792 oculum.
2559 1738 2925 1793 Praesentibus
2953 1748 3159 1794 tantum
3178 1739 3431 1795 dominis.
3453 1739 3565 1794 εἰς·

286 1839 396 1882 stus
426 1828 746 1884 Ecclesium.
800 1828 909 1884 Ut:
942 1828 1156 1895 Quoties
1188 1829 1327 1884 volui
1384 1845 1699 1902 congregare
1735 1827 1874 1899 ﬁlios

286 1928 422 1984 tuos,
456 1927 570 1975 etc.
613 1917 764 1991 (Luc.
794 1918 937 1991 xm).
967 1919 1107 1985 Quia
1133 1920 1362 1973 membra
1389 1936 1591 1974 sumus.
1636 1918 1875 1975 Membra

284 2007 399 2077 ejus
428 2008 636 2064 debent
661 2010 716 2063 in
747 2010 997 2064 omnibus
1026 2025 1149 2064 eum
1176 2010 1399 2074 imitari,
1427 2010 1491 2065 de
1519 2024 1683 2065 carne
1704 2010 1875 2080 ipsius

286 2101 400 2156 sive
444 2103 712 2170 hominis,
738 2118 898 2174 quem
928 2104 1220 2173 assumpsit
1271 2120 1334 2159 ex
1394 2103 1585 2170 Maria,
1613 2104 1726 2159 sive
1768 2103 1873 2158 Ec-

284 2193 485 2249 desim.

352 2284 585 2356 Propter
629 2286 728 2340 hoc
791 2286 1043 2358 relinquet
1100 2288 1254 2341 homo
1302 2296 1502 2358 patrem
1560 2296 1607 2341 et
1652 2294 1871 2340 matrem

281 2394 450 2431 suam.
496 2375 872 2446 Spiritualiter
893 2378 1109 2447 reliquit
1131 2377 1377 2433 Christus
1408 2376 1576 2431 Deum
1607 2375 1824 2431 Patrem
1853 2416 1868 2443 ,

282 2477 588 2522 etmatrem
620 2468 958 2524 Hierusalem
990 2469 1283 2531 cmlestem,
1313 2480 1367 2523 et
1390 2466 1537 2521 venit
1580 2467 1665 2520 ad,
1696 2473 1871 2522 terras

283 2557 347 2610 ad
372 2557 699 2613 Ecclesium.
727 2558 794 2612 Et
843 2559 1129 2614 adhwrebit
1155 2560 1310 2613 uxori
1343 2575 1475 2613 sum.
1508 2556 1872 2627 Spiritualiter

282 2647 538 2702 Ecclesia:
570 2647 825 2704 Christus
859 2665 925 2704 ex
970 2658 1199 2720 utroque
1248 2650 1441 2719 populo
1478 2648 1735 2705 collectae.
1768 2647 1872 2703 Sa-

277 2750 613 2795 crumentum
634 2742 734 2795 hoc
760 2758 1005 2813 magnum
1030 2752 1126 2797 est.
1165 2741 1304 2798 Sunt
1329 2742 1474 2797 enim
1503 2742 1609 2796 alia
1657 2742 1868 2796 minora

276 2841 646 2887 sacramenta.
686 2830 1055 2888 Verumtamen
1091 2834 1306 2904 singuli.
1356 2833 1471 2889 Hoc
1501 2840 1606 2899 est,
1630 2833 1757 2888 licet
1813 2833 1867 2887 in

276 2921 497 2978 Christo
519 2930 579 2977 et
603 2922 845 2979 Ecclesia
882 2924 1132 2990 dixerim,
1176 2932 1359 2979 tamen
1402 2931 1616 2995 oportet
1661 2926 1867 2981 servari

277 3014 327 3067 in
359 3012 637 3084 coniugio.
670 3011 737 3067 Ut
767 3015 1117 3085 unusquisque
1142 3030 1357 3069 uxorem
1381 3015 1514 3069 sicut
1536 3014 1866 3084 semetipsum

1978 1841 2033 1884 ut
2073 1830 2319 1884 Domino.
2352 1829 2581 1885 Domino
2605 1831 2793 1895 servit,
2823 1830 2915 1900 qui
2959 1846 3081 1885 eum
3113 1831 3254 1886 bona
3284 1831 3563 1886 voluntate

1975 1919 2144 1975 animi
2174 1919 2455 1975 servitium
2486 1920 2724 1976 dominis
2755 1920 2903 1976 facit.
2938 1920 3068 1975 Cum
3095 1921 3230 1976 bona
3273 1923 3557 1976 voluntate.

1974 2012 2093 2068 Non
2115 2028 2239 2068 cum
2279 2014 2729 2079 murmuratione,
2782 2029 2851 2069 ne
2899 2015 3039 2085 apud
3069 2016 3319 2071 homines
3349 2016 3523 2087 gratia
3544 2056 3559 2082 ,

1973 2114 2030 2159 et
2047 2105 2187 2174 apud
2202 2106 2370 2160 Deum
2394 2106 2645 2162 mercede
2676 2107 2982 2178 privemini.
3011 2106 3346 2164 Remittentes
3370 2109 3557 2164 minas.

1972 2193 2052 2249 Ne
2072 2204 2267 2250 vestrm
2310 2196 2526 2251 malitia:
2581 2197 2915 2267 imputetur,
2976 2199 3021 2254 si
3050 2197 3358 2270 effugerint.
3420 2201 3560 2266 Quia

1971 2283 2182 2339 illorum
2200 2295 2248 2339 et
2270 2295 2434 2341 vester
2446 2285 2702 2342 Dominus
2727 2298 2801 2343 est
2819 2290 2876 2343 in
2903 2289 3064 2345 caelis.
3088 2290 3147 2346 Id
3173 2300 3276 2357 est,
3307 2293 3448 2348 sicut
3472 2308 3560 2349 su-

1970 2388 2069 2444 per
2109 2390 2294 2430 servos
2331 2376 2606 2432 vindicare
2668 2379 2900 2447 potestis
2933 2420 2949 2446 ,
3014 2382 3188 2452 magis
3240 2391 3422 2438 autem
3471 2399 3561 2439 su-

1970 2476 2066 2531 per
2097 2477 2192 2517 vos
2225 2462 2500 2519 vindicare
2528 2475 2706 2535 potest
2744 2468 2906 2524 Deus.
2935 2469 3296 2525 Personarum
3333 2488 3437 2525 non
3483 2482 3559 2526 est

1971 2554 2201 2624 acceptio
2226 2555 2366 2623 apud
2386 2554 2577 2611 Deum.
2608 2556 2710 2625 Qui
2751 2559 2899 2615 solus
2930 2568 3139 2616 tantum
3169 2562 3410 2617 vindicat
3458 2578 3557 2619 vo-

1970 2641 2227 2708 luntates,
2252 2652 2308 2699 et
2329 2644 2486 2715 juxta
2523 2662 2617 2702 eas
2662 2648 2919 2704 deteriori
2966 2649 3187 2720 pml’ert
3246 2650 3553 2715 meliorem,

1970 2735 2176 2807 eligens
2204 2736 2367 2804 facta,
2400 2755 2507 2794 non
2535 2740 2804 2796 homines.

2039 2825 2119 2880 De
2144 2836 2352 2884 ctetero.
2403 2830 2533 2886 Post
2592 2832 2845 2902 specialia
2895 2833 3149 2888 mandata
3198 2833 3441 2888 virorum
3493 2850 3559 2889 ac

1969 2916 2277 2987 mulierum,
2307 2938 2451 2979 nunc
2490 2925 2811 2995 generaliter
2834 2941 3024 2983 omnes
3052 2927 3325 2982 admonet.
3371 2926 3559 2982 Recto-

1970 3024 2052 3063 res
2072 3011 2233 3083 hujus
2255 3015 2459 3069 mundi.
2491 3014 2593 3083 Qui
2646 3025 2842 3088 regunt
2881 3018 2935 3071 in
2966 3033 3095 3074 aere
3134 3034 3263 3074 suos
3311 3020 3554 3090 angelos.

272 3081 478 3173 diligat.
510 3081 713 3174 Diliges
741 3081 1041 3173 proximum
1064 3114 1213 3158 tuum
1241 3106 1375 3159 sicut
1397 3105 1619 3176 teipsum
1640 3081 1860 3178 (Matth.
1891 3081 1936 3143 Ο
1967 3081 2225 3159 Diabolus
2252 3105 2397 3160 enim
2446 3081 2560 3162 suis
2587 3081 2792 3179 angelis
2818 3107 3198 3183 [Satellitibus]
3225 3081 3439 3167 diversa
3476 3111 3560 3167 of-

274 3196 435 3265 xxu),
459 3195 623 3265 juxta
669 3195 1169 3264 interpretationem
1217 3194 1533 3251 Salvatoris.
1581 3196 1869 3253 Proximus

272 3294 358 3340 est
383 3287 572 3340 omnis
617 3287 800 3341 homo.
836 3287 990 3341 Nulla
1028 3302 1158 3358 ergo
1189 3286 1295 3342 erit
1350 3287 1490 3341 inter
1534 3301 1760 3342 uxorem
1813 3296 1868 3343 et

271 3376 650 3446 quorumlibet
672 3376 951 3432 hominum
981 3378 1324 3434 dilectionem
1357 3377 1659 3433 differentia
1687 3379 1868 3434 chari-

272 3467 439 3521 tatis?
467 3467 621 3536 quod
649 3467 833 3522 dicere
860 3467 1153 3523 absurdum
1175 3475 1259 3523 est
1283 3482 1297 3522 :
1338 3467 1393 3521 in
1416 3468 1668 3537 proximo
1717 3468 1864 3524 enim

273 3557 577 3611 similitudo
605 3558 919 3627 ponitur,ut
941 3558 1022 3614 sic
1044 3574 1168 3613 eum
1191 3558 1382 3630 diligas
1425 3559 1566 3615 sicut
1598 3568 1669 3625 te,
1697 3568 1751 3616 et
1772 3575 1866 3616 cu-

274 3646 392 3716 pias
417 3663 548 3703 esse
576 3647 847 3702 salvatum
875 3666 888 3703 :
921 3649 974 3703 in
1008 3664 1179 3705 uxore
1208 3656 1388 3704 autem
1441 3650 1866 3719 comparationis

276 3738 597 3804 adverbium
650 3739 867 3794 dicitur.
900 3740 1051 3796 Sicut
1099 3756 1203 3795 non
1257 3741 1661 3797 similitudinem
1692 3781 1707 3806 ,
1769 3742 1863 3799 sed

277 3828 655 3898 probationem
683 3840 741 3885 et
767 3830 1230 3888 continuationem
1264 3841 1442 3897 sonat,
1466 3832 1607 3887 sicut
1621 3833 1686 3888 de
1708 3831 1864 3887 Chri-

276 3928 365 3972 sto
385 3919 591 3974 dicitur
621 3938 635 3975 :
666 3920 835 3988 Quasi
867 3922 1128 3992 unigeniti
1152 3938 1184 3976 a
1212 3920 1392 3976 Patre.
1422 3919 1567 3975 Uxor
1595 3931 1652 3975 ut
1678 3923 1860 3975 timeat

274 4009 464 4064 cirum.
498 4008 630 4066 Duae
652 4012 1026 4084 signiﬁcantia:
1051 4012 1103 4066 in
1130 4012 1295 4067 verbo
1322 4013 1532 4068 timoris
1552 4020 1679 4068 sunt
1706 4031 1718 4066 :
1745 4012 1863 4068 Una

274 4109 487 4172 estqua
518 4104 664 4158 servi
695 4104 947 4174 spiritum
994 4104 1272 4159 servitutis
1306 4104 1507 4159 habent
1551 4104 1607 4158 in
1635 4104 1861 4167 timore;

274 4191 446 4246 altera
471 4207 576 4263 pro
610 4195 912 4249 reverentia
940 4194 1046 4250 dici
1073 4201 1272 4264 potest,
1299 4203 1357 4249 ut
1384 4210 1525 4249 uxor
1552 4202 1865 4250 revereatur

272 4284 452 4340 virum
483 4301 667 4340 suum.

909 4376 1136 4433 CAPUT
1170 4378 1254 4433 VI.

1971 3190 2094 3247 licia
2122 3192 2336 3260 divisit;
2364 3204 2459 3249 aut
2478 3206 2717 3253 rectores
2744 3198 2903 3269 hujus
2946 3200 3155 3266 mundi,
3186 3201 3241 3257 id
3268 3210 3374 3267 est,
3400 3217 3554 3256 ama-

1969 3289 2148 3337 torum
2176 3293 2231 3338 et
2251 3286 2551 3341 carnalium
2582 3286 2743 3358 hujus
2768 3288 2974 3345 mundi.

2041 3374 2393 3432 Tenebrarum
2418 3379 2628 3434 Iterum.
2657 3380 2792 3436 Tota
2813 3382 2917 3437 ista
2944 3383 3296 3438 terrenavita
3320 3385 3558 3440 tenebrat

1967 3465 2166 3525 dicitur
2194 3483 2208 3522 :
2242 3467 2333 3523 lux
2359 3469 2558 3540 quippe
2590 3470 2732 3526 lucet
2758 3473 2811 3526 in
2845 3474 3101 3527 tenebris.

2036 3556 2105 3611 In
2134 3558 2444 3614 etelestibus.
2494 3561 2549 3616 Id
2591 3570 2698 3626 est,
2744 3562 2798 3619 in
2838 3577 2963 3617 aere
2997 3563 3448 3618 discurrentibus.
3485 3564 3555 3619 In

1965 3647 2051 3701 die
2077 3647 2235 3702 malo.
2266 3649 2418 3705 Diem
2446 3658 2626 3705 autem
2652 3651 2850 3705 malum
2875 3666 3116 3720 praesens
3138 3659 3346 3723 tempus
3374 3662 3556 3709 osten-

1966 3739 2064 3804 dit,
2092 3740 2158 3794 de
2185 3756 2292 3809 quo
2321 3756 2483 3811 supra
2513 3741 2725 3795 dixerat
2751 3760 2763 3795 :
2802 3740 3134 3796 Rcdimentes
3180 3751 3382 3813 tempus
3416 3762 3550 3815 quo-

1966 3829 2104 3884 niam
2133 3829 2245 3884 dies
2268 3829 2394 3884 ntali
2422 3839 2564 3896 sunt,
2591 3841 2812 3901 propter
2840 3831 3118 3902 angustias
3145 3839 3202 3887 et
3226 3832 3351 3888 vita:
3391 3834 3551 3903 hujus

1965 3918 2211 3985 labores,
2271 3928 2365 3974 aut
2412 3929 2560 3976 certe
2606 3923 3088 3977 consummationis
3132 3931 3294 3993 atque
3335 3922 3548 3993 judicii,

1965 4010 2181 4080 quando
2206 4010 2452 4066 diabolus
2486 4011 2737 4067 inimicus
2778 4020 2835 4067 et
2878 4011 3074 4068 vindex
3113 4030 3210 4070 sua
3245 4029 3344 4069 nos
3373 4016 3546 4085 cupiet

1966 4105 2022 4158 in
2052 4113 2205 4175 parte
2228 4104 2483 4160 retinere.
2856 4143 2867 4155 .

2037 4189 2182 4245 State
2222 4207 2365 4262 ergo.
2405 4190 2483 4246 Ne
2511 4190 2838 4246 moveamini
2876 4191 2944 4246 de
2990 4192 3127 4258 acie,
3178 4194 3275 4249 sed
3302 4194 3549 4252 stabilem

1966 4284 2113 4354 ligite
2134 4284 2361 4355 gradum
2394 4297 2558 4354 super
2586 4291 2795 4352 petram
2834 4282 3134 4338 Christum.

2037 4372 2301 4429 Succincti
2331 4373 2554 4429 lumbos.
2592 4374 2739 4429 Zona
2790 4373 3138 4428 continentia:
3177 4388 3194 4427 :
3225 4376 3351 4444 quia
3386 4376 3550 4446 igitur

344 4464 500 4531 Filii,
531 4465 733 4521 obedite
764 4468 1086 4537 parentibus.
1136 4468 1194 4523 Id
1216 4476 1299 4524 est
1325 4508 1339 4532 ,
1370 4468 1422 4523 in
1454 4469 1768 4538 parentibus
1796 4484 1859 4525 ea
1890 4434 1940 4492 Β
1965 4464 2131 4520 lumbi
2163 4465 2218 4519 in
2244 4465 2593 4536 generatione
2621 4478 2834 4534 semper
2865 4464 3202 4533 accipiuntur
3236 4472 3291 4519 et
3318 4434 3543 4531 semine,

273 4572 394 4627 qua
414 4573 528 4612 non
558 4567 687 4613 sunt
714 4560 923 4614 Domini
951 4561 1222 4615 contraria
1256 4560 1538 4615 voluntati.
1699 4584 1719 4614 ι

345 4648 506 4715 Quod
523 4660 601 4704 est
620 4651 930 4705 mandatum
954 4652 1201 4722 primum.
1228 4651 1499 4719 Quteritur
1523 4666 1692 4721 quare
1718 4667 1862 4706 nunc

275 4740 477 4795 dixerit
503 4756 518 4794 :
549 4741 690 4812 quod
714 4752 791 4797 est
825 4742 1132 4797 mandatum
1156 4744 1403 4814 primum,
1431 4758 1553 4798 cum
1587 4744 1658 4799 sit
1692 4758 1857 4812 quar-

275 4840 388 4884 tum
438 4831 528 4886 vel
574 4832 822 4901 quintum
856 4850 868 4886 :
899 4832 1136 4888 Primum
1192 4834 1337 4889 enim
1385 4834 1697 4890 mandatum
1727 4842 1856 4888 est:

277 4919 403 4973 Non
425 4930 583 4975 erunt
606 4922 701 4976 tibi
737 4922 814 4977 dii
839 4922 1000 4978 alieni
1031 4934 1223 4995 prteter
1254 4941 1334 4979 me
1373 4923 1570 4997 (Exod.
1599 4924 1713 4994 xx).
1734 4923 1858 4979 Ideo

272 5011 364 5067 alii
389 5013 756 5086 distinguunt,
788 5016 931 5086 quod
962 5025 1044 5072 est
1070 5017 1380 5072 mandatum
1425 5017 1660 5086 primum
1691 5017 1744 5071 in
1774 5031 1860 5070 re-

270 5104 657 5173 promissione,
685 5106 844 5176 qussi
873 5116 1107 5178 quatuor
1128 5108 1231 5162 alia
1259 5107 1544 5173 mandata,
1580 5122 1700 5176 qua:
1730 5115 1858 5161 ante

272 5195 386 5251 lac
410 5194 558 5252 dicta
596 5205 743 5263 sunt,
776 5212 885 5253 non
911 5198 1147 5254 habeant
1170 5198 1607 5268 promissionem.
1642 5196 1748 5252 Sed
1779 5199 1858 5252 vi-

270 5287 472 5344 dentur
498 5290 633 5346 mihi
666 5304 776 5347 non
829 5290 1150 5347 observasse
1181 5290 1450 5345 subtiliter
1472 5330 1487 5355 ,
1539 5289 1636 5344 sed
1683 5289 1740 5344 in
1771 5304 1857 5345 se-

267 5381 448 5437 cando
472 5383 732 5439 mandato
757 5381 1231 5453 repromissionem
1281 5396 1400 5437 esse
1433 5380 1714 5437 sociatam.
1768 5380 1862 5435 Ait

267 5473 432 5540 enim,
458 5474 587 5529 Non
622 5474 789 5545 {acies
825 5474 920 5529 tibi
950 5473 1116 5540 idola,
1141 5488 1302 5544 neque
1332 5472 1860 5529 omnem'similitudi«

268 5578 598 5637 uem,usque
620 5600 638 5631 ,
686 5574 737 5619 et
773 5565 913 5633 facio
959 5561 1372 5617 misericordiam
1397 5561 1478 5616 his
1515 5561 1606 5632 qui
1635 5560 1860 5631 diligunt

268 5670 364 5717 me.
387 5665 492 5713 etc.
543 5656 793 5714 Observa
826 5655 993 5712 verba
1022 5651 1328 5723 sponsionis
1355 5693 1369 5719 ,
1423 5648 1627 5708 faciens
1652 5651 1862 5708 miscri-
1911 5721 1919 5727 ν

1961 4556 2175 4610 videtur
2215 4555 2369 4609 nobis
2412 4555 2715 4610 accinxissc
2753 4554 2964 4610 lumbos
3007 4570 3167 4621 suos,
3210 4555 3303 4625 qui
3342 4571 3547 4627 nequa-

1961 4661 2124 4714 quam
2146 4646 2298 4699 uxori
2324 4645 2560 4700 debitum
2587 4646 2782 4712 reddit,
2806 4661 2906 4700 nec
2928 4645 3339 4701 servitlibidini.
3367 4645 3435 4700 In
3464 4663 3547 4700 ee-

1962 4735 2134 4789 ritate.
2159 4734 2275 4789 Non
2304 4735 2357 4788 in
2380 4735 2670 4806 hypocrisi,
2696 4751 2856 4791 nemo
2876 4737 3023 4792 enim
3039 4737 3407 4802 coronabitur,
3433 4744 3540 4792 etc.

1959 4826 2203 4882 Loricam
2218 4828 2464 4897 justitite.
2506 4828 2660 4884 Sicut
2686 4830 2854 4886 lorica
2902 4831 3085 4886 multis
3112 4830 3330 4886 circulis
3361 4838 3416 4885 et
3445 4831 3545 4886 ha-

1960 4920 2121 4976 mulis
2159 4920 2441 4986 intexitur,
2484 4920 2557 4974 ita
2594 4920 2807 4991 justitia
2850 4922 3078 4977 diversis
3122 4922 3380 4975 virtutum
3408 4935 3541 4977 con-

1958 5010 2196 5067 nectitur
2223 5009 2525 5081 speciebus.

2029 5101 2245 5159 Scutum
2269 5102 2414 5172 ﬁdei.
2444 5101 2573 5157 Sine
2617 5110 2772 5157 scuto
2817 5102 2995 5156 omnis
3034 5111 3279 5157 armatus
3319 5103 3543 5158 inermis

1957 5203 2073 5259 est;
2107 5196 2180 5248 ita
2209 5201 2266 5249 et
2287 5196 2369 5249 ha:
2396 5194 2625 5249 virtutes
2646 5194 2762 5248 sine
2793 5193 2896 5249 tlde
2922 5193 3132 5249 salvare
3160 5210 3266 5250 non
3294 5205 3538 5265 possunt,

1961 5283 2014 5338 in
2044 5283 2295 5338 omnibus
2324 5282 2715 5338 certaminibus
2752 5281 2857 5337 ﬁde
2881 5283 3208 5337 muniantur.
3234 5281 3304 5337 Et
3324 5282 3541 5337 calceati

1958 5372 2134 5445 pedes.
2179 5373 2346 5428 Docet
2386 5372 2638 5427 ﬁduciam
2679 5373 3078 5442 prredicationis
3132 5381 3445 5443 opportunae
3486 5383 3543 5427 et

1962 5465 2305 5535 importunae,
2347 5461 2699 5518 utealceatus
2736 5462 2996 5519 audenter
3029 5462 3286 5518 ambulet.

2035 5553 2256 5620 Sumite,
2280 5553 2473 5623 inquit,
2505 5562 2708 5608 scutum
2729 5553 2874 5622 ﬁdei,
2904 5554 2959 5607 in
2986 5570 3089 5623 quo
3116 5554 3327 5623 possitis
3365 5553 3539 5608 omnia

1920 5716 1947 5738 η,
1964 5648 2070 5705 tela
2090 5646 2387 5720 nequissimi
2413 5646 2580 5716 ignita
2611 5645 2943 5717 restinguere.
2974 5645 3115 5717 Ergo
3140 5643 3273 5702 fides
3294 5652 3376 5701 est
3393 5658 3537 5714 quae,
