3982 6198
453 335 536 397 2'!
1824 334 2093 394 SEDULll
2134 332 2326 394 SCOTl

3584 340 3693 397 212

448 456 726 525 excipiens
753 451 1131 509 ardentissima
1162 449 1441 505 libidinum
1467 450 1596 516 tela,
1625 459 1825 505 metum
1856 451 2020 506 futuri
2049 456 2101 515 Α
2195 451 2277 505 Ad
2314 451 2626 521 apertionem
2658 450 2765 505 oris
2812 449 2933 504 mei.
2974 448 3040 506 Ut
3067 469 3081 506 :
3120 451 3362 518 Domine,
3409 452 3548 508 labia
3579 473 3692 511 mea

447 547 633 618 iudicii
670 561 738 602 ex
775 544 1012 601 caelestis
1054 543 1207 612 regni
1252 543 1570 597 credulitate
1602 542 1914 598 mortificat.
1952 543 2020 596 Et

448 639 687 702 loricam,
722 635 924 704 inquit;
962 633 1198 688 charitas
1227 633 1340 702 ipsa
1371 647 1562 702 nempe
1586 642 1669 688 est
1693 648 1811 702 quae
1839 633 2023 687 vitalia

449 727 682 797 pectoris
724 723 896 779 nostri
925 723 1272 779 circumdans
1316 733 1476 794 atque
1518 725 1909 789 communicns,
1948 723 2024 777 ie—

448 818 681 873 tbalibus
712 814 1178 884 perturbationum
1210 814 1419 881 objecta
1451 814 1780 878 vulneribus,
1811 824 2024 869 contra-

448 908 556 961 rios
588 905 828 961 retundit
850 904 1015 967 ictus,
1052 919 1150 959 nec
1188 903 1255 958 ad
1284 904 1598 958 interiorem
1624 904 1895 958 hominem
1927 919 2025 958 no-

446 1009 620 1055 strum
633 998 811 1071 jacula
832 997 1005 1054 zabuli
1021 1007 1307 1068 penetrare
1318 999 1600 1068 permittit,
1613 998 1793 1052 omnia
1813 997 2023 1064 sull'ert,

446 1086 625 1147 omnia
654 1092 879 1161 patitur,
904 1090 1084 1146 omnia
1111 1089 1359 1143 sustinet.

518 1185 587 1239 Et
622 1184 826 1257 galeam
848 1185 957 1256 spei
970 1183 1175 1238 salutis.
1200 1183 1367 1238 Galea
1392 1184 1587 1253 capitis
1609 1193 1694 1239 est
1716 1184 2022 1239 munimen:

448 1280 574 1349 quia
630 1294 761 1349 ergo
811 1284 972 1348 caput
1016 1285 1257 1331 nostrum
1308 1274 1558 1330 Christus
1607 1282 1710 1339 est,
1768 1274 2028 1329 debemus

449 1386 665 1439 semper
698 1370 840 1425 istud
865 1384 959 1437 spe
986 1366 1287 1421 futurorum
1323 1366 1606 1428 bonorum,
1634 1365 1784 1419 velut
1806 1365 2026 1432 inexpu-

451 1461 650 1533 gnabili
691 1459 866 1530 galea,
908 1458 961 1511 in
999 1457 1207 1511 cunctis
1259 1454 1645 1510 tentationihus
1682 1469 1744 1508 ac
1778 1467 2031 1522 persecu-

453 1552 693 1607 tionibus
739 1549 1090 1611 communire,
1123 1555 1179 1600 et
1209 1545 1576 1616 principaliter
1614 1545 1773 1601 fidem
1808 1545 1925 1614 ejus
1968 1543 2031 1597 il-

454 1643 635 1698 lzesam
662 1650 821 1711 atque
847 1640 1108 1707 integram
1130 1637 1434 1701 custodire;
1466 1637 1585 1692 aliis
1604 1638 1746 1691 enim
1772 1634 2031 1722 membris

455 1738 761 1784 truncatum
792 1726 1097 1796 quempiam
1127 1725 1253 1779 licet
1281 1735 1336 1779 et
1363 1724 1615 1788 debilem,
1647 1722 1903 1793 possibile
1944 1730 2028 1775 ta-

455 1836 577 1876 men
618 1830 703 1876 est
729 1828 1000 1885 utcunque
1038 1830 1344 1885 superesse.
1384 1815 1499 1869 sine
1539 1814 1716 1884 capite
1759 1827 1906 1877 vero,
1935 1826 2031 1866 ne-
2055 1833 2103 1891 Β

454 1911 587 1964 mini
611 1909 693 1963 vel
717 1907 896 1961 brevis
919 1906 1042 1959 vitm
1062 1905 1293 1974 spatium
1320 1910 1658 1973 prorogatur.

525 2000 595 2053 Et
616 1998 852 2069 gladium
890 1996 1121 2065 spiritus,
1163 1994 1301 2065 quod
1344 2002 1418 2048 est
1459 1993 1665 2047 verbum
1703 1990 1820 2045 Dei.
1866 1989 2032 2045 Pene-

456 2089 695 2143 trabilius
724 2101 953 2155 namque
984 2092 1068 2138 est
1108 2084 1249 2137 omni
1274 2082 1450 2153 gladio
1491 2082 1727 2152 ancipiti,
1759 2091 1806 2135 et
1836 2082 2033 2151 pertin-

456 2196 578 2249 gens
602 2193 763 2248 usque
787 2177 857 2230 ad
884 2175 1187 2229 divisionem
1229 2176 1420 2228 anima?
1459 2190 1521 2227 ac
1558 2175 1790 2244 spiritus,
1822 2190 2032 2243 compa-

456 2285 579 2337 gum
599 2283 800 2338 quoque
825 2274 874 2319 et
902 2263 1266 2325 medullarum,
1294 2274 1340 2317 et
1365 2264 1617 2317 discretor
1636 2264 2028 2333 cogitationum,

456 2367 503 2411 et
531 2359 873 2411 intentionum
898 2355 1069 2408 cordis
1095 2353 1279 2425 (Hebr.
1319 2352 1414 2426 iv),
1458 2354 1702 2408 dividens
1735 2353 1944 2408 scilicet
1978 2362 2035 2407 et

459 2446 783 2501 abscindens
809 2444 1069 2514 quidquid
1111 2443 1161 2496 in
1209 2443 1362 2498 nobis
1406 2443 1620 2498 carnale
1652 2451 2033 2513 terrenumque

459 2532 679 2602 reperit.

531 2622 638 2677 Per
664 2639 868 2678 omnem
894 2623 1199 2677 orationem.
1232 2619 1455 2691 Semper
1478 2622 1621 2677 hunc
1650 2621 1882 2693 gladium
1907 2637 2039 2693 por-

460 2722 581 2767 tare
599 2712 685 2767 vel
709 2711 1004 2782 postulare.

2127 542 2328 612 aperies
2358 537 2528 612 (Psal.
2552 538 2627 611 1.),
2654 549 2742 595 etc

2195 668 2326 724 Cum
2380 669 2599 739 ﬁducia.
2660 670 2788 727 Sine
2836 662 2981 726 metu
3034 674 3446 743 persecutionis.
3502 674 3700 732 Omnia

2124 769 2247 814 nota
2278 761 2434 829 faciet
2474 760 2746 831 Tychicus.
2785 762 3079 832 Dupliciter
3113 764 3518 835 intelligendum
3556 784 3570 818 :
3610 768 3699 822 vel

2125 847 2245 902 ideo
2273 848 2540 918 Tychicus
2569 850 2767 905 missus
2806 859 2889 905 est
2925 852 2993 906 ad
3040 852 3309 921 Ephesum
3342 862 3401 907 ut
3427 856 3703 910 nuntiaret

2124 939 2206 994 eis
2228 939 2439 994 vincula
2477 939 2719 1009 Apostoli
2762 943 2829 996 ad
2874 943 3034 998 ﬁdem
3073 944 3347 1015 Evangelii
3379 945 3699 1014 profecisse,

2125 1045 2191 1084 eo
2233 1038 2471 1100 tempore
2522 1046 2629 1100 quo
2673 1031 2741 1085 ad
2786 1031 3132 1089 Colossenses
3182 1034 3422 1102 scripsit,
3471 1036 3697 1091 dicens:

2128 1119 2319 1174 Omnia
2350 1121 2489 1175 vobis
2519 1132 2642 1175 nota
2690 1122 2845 1190 faciet
2887 1123 3140 1194 Tychicus
3177 1123 3312 1194 (Col.
3344 1126 3450 1196 iv);
3480 1129 3703 1197 grandis

2127 1210 2269 1263 enim
2307 1210 2602 1265 consolatio
2631 1220 2747 1264 erat
2793 1212 2980 1267 audire
3020 1214 3271 1282 populum
3302 1213 3601 1269 Romanum
3646 1218 3701 1271 in

2129 1299 2343 1353 domina
2365 1300 2578 1354 urbium
2608 1301 3026 1371 triumphantem
3055 1304 3121 1358 de
3146 1304 3375 1360 vinculis
3402 1324 3414 1358 :
3444 1306 3525 1360 vel
3552 1317 3702 1361 certe

2130 1388 2198 1441 ob
2222 1387 2273 1441 id
2298 1388 2566 1458 Tychicus
2594 1390 2790 1444 missus
2818 1399 2921 1455 est,
2951 1399 3011 1445 ut
3035 1395 3497 1449 conversationem
3523 1394 3699 1461 Pauli,

2131 1494 2293 1547 quam
2326 1480 2664 1547 ignorabant,
2702 1482 3046 1535 annuntiarct
3091 1483 3193 1547 eis,
3236 1484 3390 1553 quasi
3433 1486 3698 1553 quoddam

2129 1567 2342 1622 vivendi
2374 1568 2649 1637 exemplar
2693 1569 2847 1623 daret
2887 1571 3218 1626 discentibus
3257 1580 3405 1642 gesta
3457 1573 3703 1643 Apostoli

2131 1664 2293 1724 atque
2317 1657 2563 1721 virtutes,
2591 1665 2645 1710 et
2670 1673 2792 1711 eum
2824 1659 3025 1714 imitari
3046 1659 3371 1730 volentibus,
3402 1677 3503 1717 nec
3534 1679 3703 1734 parva

2132 1762 2251 1802 esse
2280 1755 2492 1818 poterat
2512 1750 2831 1805 consolatio.

2207 1878 2326 1931 Pax
2359 1879 2613 1948 fratribus
2637 1889 2686 1933 et
2710 1879 2958 1934 Charitas.
2989 1880 3120 1946 Pax,
3154 1889 3207 1936 et
3245 1882 3501 1949 Charitas,
3543 1893 3599 1939 et
3644 1884 3709 1939 fi-

2137 1970 2253 2035 des,
2280 1970 2580 2039 perfectum
2610 1970 2814 2024 faciunt
2846 1971 3207 2026 Christianum
3234 1990 3247 2025 :
3280 1983 3386 2027 tam
3413 1974 3555 2028 enim
3586 1975 3709 2029 sine

2138 2058 2243 2114 fide
2272 2059 2605 2113 infructuosa
2642 2069 2729 2113 est
2751 2060 3009 2127 Charitas,
3037 2076 3197 2130 quam
3226 2061 3358 2117 fides
3382 2063 3498 2118 sine
3522 2064 3708 2117 chari—

2138 2159 2247 2206 tate
2270 2151 2354 2204 vel
2389 2166 2542 2220 pace.
2578 2151 2711 2205 Nam
2737 2153 2976 2206 Charitas
3006 2151 3178 2221 major
3203 2163 3288 2208 est
3327 2169 3459 2225 pace
3486 2173 3499 2209 :
3528 2163 3709 2225 potest

2138 2245 2281 2298 enim
2312 2243 2435 2298 odio
2462 2259 2568 2297 non
2604 2244 2792 2299 haberi
2814 2245 2954 2313 quis,
2985 2259 3091 2298 non
3116 2252 3295 2300 tamen
3333 2253 3389 2300 et
3416 2247 3606 2300 amari.
3636 2246 3709 2300 In

2133 2333 2541 2403 incorruptione.
2575 2331 2701 2387 Sive
2726 2334 2994 2397 castitate,
3044 2334 3157 2389 sive
3186 2335 3242 2388 in
3284 2350 3511 2404 quorum
3539 2335 3711 2390 corde

2126 2423 2283 2503 nullo
2329 2423 2634 2479 adulterino
2683 2424 2925 2479 szeculari
2973 2440 3156 2481 amore
3183 2424 3387 2480 Christi
3423 2425 3709 2481 delectatio

2134 2515 2381 2570 violetur.

1197 3210 1299 3285 IN
1355 3206 1936 3287 EPISTOLAM
1993 3208 2124 3283 AD
2179 3202 2951 3283 PHILIPPENSES.

1919 3362 2243 3381 ρ

972 3453 1198 3513 CAPUT
1233 3454 1519 3512 PRIMUM.

536 3543 740 3603 Paulus
780 3554 829 3601 et
879 3544 1174 3601 Timotheus
1216 3546 1349 3601 servi
1391 3545 1521 3600 Iesu
1565 3545 1760 3601 Christi
1800 3544 2038 3600 omnibus

464 3634 657 3693 sanctis
684 3638 739 3692 in
771 3631 978 3690 Christo
1006 3634 1152 3701 Iesu,
1182 3634 1272 3705 qui
1299 3643 1421 3688 sunt
1448 3632 1725 3705 Philippis.
1759 3633 2035 3704 Metropoli

463 3728 544 3787 Ma
553 3730 807 3786 cedoniae.

535 3820 666 3877 Cum
692 3822 905 3894 gaudio.
959 3821 1075 3877 Non
1121 3837 1244 3878 cum
1292 3822 1513 3878 tristitia
1557 3821 1783 3892 alicujus
1828 3821 2035 3892 peccati

460 3911 649 3965 vestri.
711 3911 885 3982 Super
929 3914 1394 3968 communicatione
1455 3924 1642 3968 vestra.
1702 3912 1835 3980 Quia
1902 3913 2034 3968 mihi
2104 3968 2129 3983 ,

461 4001 873 4056 communicatis
892 4001 946 4055 in
975 4002 1263 4071 Evangelia
1290 4004 1646 4071 prtedicando.

536 4091 575 4142 Α
608 4091 776 4160 prima
802 4091 905 4143 die.
932 4089 1049 4155 Quo
1078 4092 1363 4159 accepistis
1390 4092 1572 4146 fidem.
1603 4091 1775 4163 Usque
1798 4095 1853 4147 in
1896 4095 2034 4147 diem

464 4178 678 4232 Christi.
729 4177 911 4247 Usque
950 4178 1005 4231 in
1054 4178 1340 4233 adventum
1375 4180 1596 4235 Christi.
1641 4180 1789 4235 Sicut
1808 4182 2030 4250 justum.

464 4265 714 4320 Charitas
735 4267 879 4321 enim
901 4267 1080 4322 omnia
1105 4276 1304 4336 sperat.
1336 4268 1415 4323 Eo
1449 4269 1589 4339 quod
1614 4269 1830 4323 habeam
1857 4288 1945 4325 vos
1978 4273 2032 4326 in

461 4352 635 4406 corde.
658 4352 717 4408 ln
743 4362 947 4409 tantum
969 4371 1066 4411 vos
1087 4356 1271 4426 diligo,
1292 4366 1354 4411 ut
1374 4358 1505 4411 mihi
1532 4358 1847 4412 memoriam
1867 4362 2032 4414 vestri

462 4457 565 4497 nec
596 4444 676 4498 vis
698 4444 1081 4512 tribulationis,
1109 4462 1208 4500 nec
1235 4447 1539 4502 sollicitudo
1583 4447 1909 4505 defensionis
1938 4466 2032 4505 au-

458 4532 619 4588 ferat.
649 4534 716 4588 In
754 4535 1071 4606 defensione.
1103 4536 1235 4602 Quia
1273 4536 1500 4594 defendo
1546 4538 1895 4608 Evangelium
1940 4542 2031 4596 ad-

457 4639 647 4680 versus
674 4626 975 4681 haereticos.
1020 4627 1089 4681 Et
1119 4629 1529 4698 conﬁrmatione.
1559 4630 1616 4685 id
1643 4641 1747 4697 est,
1784 4634 2030 4703 exemplo

458 4724 513 4768 et
546 4716 812 4771 doctrina.
846 4714 1027 4771 Socios
1053 4719 1234 4789 gaudii
1264 4720 1384 4773 mei.
1417 4719 1529 4775 Hoc
1552 4721 1727 4775 sentio
1765 4721 1831 4777 de
1877 4722 2029 4777 vobis

2061 3457 2105 3518 ί]
2136 3453 2253 3517 Dei,
2292 3459 2353 3506 ut
2381 3451 2681 3521 exemplum
2721 3453 2873 3507 ﬁeret
2900 3451 3036 3514 aliis,
3080 3460 3141 3506 ut
3181 3450 3551 3507 consolaretur
3576 3450 3717 3506 Phi-

2138 3543 2429 3613 lippenses,
2457 3552 2681 3598 maestos
2710 3542 2777 3598 de
2803 3542 3029 3598 vinculis
3059 3550 3114 3598 et
3138 3542 3482 3597 tribulatione
3502 3541 3619 3612 ejus
3646 3545 3709 3598 in

2137 3634 2330 3689 Roma.

2207 3724 2275 3778 In
2299 3725 2441 3778 omni
2466 3725 2731 3794 prtetorio.
2754 3723 2811 3778 In
2836 3722 3081 3779 domibus
3100 3737 3307 3792 regum,
3332 3723 3424 3779 ubi
3445 3730 3646 3793 prator
3679 3740 3715 3780 s

2138 3818 2313 3874 solent
2333 3831 2469 3871 esse.

2206 3906 2570 3960 Abundantius
2623 3914 2681 3958 ut
2732 3904 2999 3960 auderent.
3055 3902 3405 3960 Vinculorum
3456 3919 3711 3961 meorum

2136 3997 2383 4066 exemplo
2406 4004 2532 4050 sunt
2556 3995 2779 4058 incitati,
2810 3996 2937 4049 dum
2963 4010 3048 4050 me
3088 4010 3186 4065 pro
3216 3994 3430 4051 Christo
3456 3995 3715 4050 viderent

2136 4087 2491 4142 libentissime
2516 4088 2804 4143 sustinere.
2835 4086 2943 4141 Alii
2961 4086 3167 4158 quidem
3192 4093 3400 4155 propter
3425 4084 3711 4139 invidiam.

2135 4180 2236 4237 llic
2268 4182 2543 4254 subiungit
2562 4192 2793 4254 quatuor
2817 4185 3034 4241 ordines
3052 4182 3456 4253 praedicantium
3478 4182 3716 4236 verbum

2133 4269 2251 4325 Dei.
2298 4271 2525 4342 Pr0pter
2572 4273 2859 4339 invidiam,
2907 4274 3011 4329 hoc
3060 4281 3164 4338 est,
3212 4273 3340 4327 dum
3385 4271 3518 4326 mihi
3561 4272 3713 4340 apud

2134 4362 2416 4417 credentes
2443 4363 2668 4433 gloriam
2700 4364 2914 4420 auferre
2937 4380 2997 4420 se
3022 4370 3230 4434 putant,
3269 4378 3338 4418 ne
3383 4363 3531 4418 solus
3569 4362 3714 4415 mihi

2133 4452 2411 4509 vindicare
2435 4456 2621 4509 videar
2643 4456 2927 4511 scientiam
2963 4456 3313 4526 praedicandi.

2203 4543 2377 4615 Aliqui
2399 4556 2571 4600 autem
2598 4555 2645 4601 et
2664 4556 2872 4619 propter
2891 4548 3077 4601 bonam
3102 4548 3415 4602 voluntatem
3437 4545 3710 4602 Christum

2130 4630 2438 4697 prcedicanl.
2465 4630 2602 4698 Quia
2627 4631 2761 4687 alios
2803 4631 3015 4687 salvare
3040 4633 3282 4688 volentes
3308 4631 3579 4687 Christum
3607 4647 3709 4685 an-

2130 4719 2400 4773 nuntiant.
2426 4720 2532 4774 Alii
2558 4738 2622 4775 ex
2646 4721 2918 4776 charitate.
2964 4722 3022 4777 ιιι
3056 4730 3159 4787 est,
3187 4730 3248 4777 ut
3274 4721 3407 4776 mihi
3431 4718 3709 4787 adjutores

458 4814 512 4859 et
534 4804 697 4860 credo
722 4806 847 4877 quia
869 4807 1009 4863 sicut
1034 4821 1167 4863 mea:
1195 4809 1555 4865 tribulationis
1601 4812 1732 4866 socii
1775 4812 1926 4877 estis,
1954 4811 2029 4866 ita
2053 4817 2107 4877 D
2133 4805 2285 4874 ﬁant,
2312 4810 2437 4879 quia
2484 4811 2661 4866 sciunt
2688 4827 2775 4866 me
2812 4828 2843 4866 a
2873 4811 2986 4866 Deo
3012 4812 3080 4867 ad
3108 4811 3497 4867 defendendum
3527 4810 3709 4864 Evan-

426 4896 746 4968 ‘Evangelio
798 4899 1120 4966 credidisse,
1170 4908 1230 4954 ut
1271 4901 1432 4955 etiam
1488 4901 1544 4956 in
1593 4902 2029 4958 tribulationibus

458 4988 595 5041 meis
622 5004 720 5057 pro
743 4987 859 5056 ejus
883 4989 1197 5046 defensione
1230 5006 1443 5046 mecum
1485 4994 1691 5061 pariter
1730 4994 2025 5063 gaudeatis.

460 5076 908 5141 Quemadmodum
955 5081 1262 5136 desiderem.
1331 5083 1576 5154 Diligam.
1631 5083 1700 5137 In
1750 5085 2028 5139 visceribus

459 5169 654 5224 Christi
682 5171 832 5227 Iesu.
862 5174 989 5230 Sive
1014 5174 1130 5243 ejus
1157 5177 1331 5231 inesse
1354 5177 1672 5242 visceribus,
1699 5176 1811 5232 sive
1840 5178 1911 5231 ita
1933 5194 2028 5233 vos

456 5257 727 5323 desidero,
780 5269 1034 5331 tanquam
1071 5266 1274 5319 viscera
1313 5264 1532 5319 Christi.
1578 5264 1644 5319 In
1691 5266 1927 5320 scientia.
1967 5266 2026 5321 ln

457 5350 733 5420 agnitione
772 5351 886 5406 Dei.
921 5352 989 5405 Et
1013 5356 1152 5408 omni
1178 5373 1351 5410 sensu.
1395 5356 1792 5427 Mysteriorum.
1823 5355 1889 5411 Ut
1909 5374 2029 5429 pro—

458 5443 605 5496 betis.
631 5442 683 5499 id
706 5450 810 5509 est,
833 5444 1034 5499 sciatis.
1065 5442 1299 5500 Potiora.
1328 5448 1382 5501 id
1406 5457 1508 5513 est,
1533 5448 1724 5503 altiora
1748 5449 2024 5519 mysteria.

458 5528 715 5586 Fructum
744 5534 989 5603 justitiae.
1041 5533 1204 5589 Bonis
1250 5537 1519 5603 operibus.
1567 5537 1634 5591 In
1677 5538 1918 5609 gloriam.
1958 5537 2031 5594 Ut

459 5620 786 5688 glorificetur
813 5624 954 5679 Deus
993 5625 1045 5679 in
1075 5624 1285 5679 actibus
1321 5628 1537 5681 vestris.
1591 5627 1735 5681 Scire
1768 5645 1853 5682 vos
1892 5627 2023 5683 volo.

459 5709 655 5768 Tribus
691 5715 869 5770 causis
896 5716 997 5770 hoc
1043 5717 1189 5780 dicit,
1227 5725 1282 5769 ut
1318 5717 1687 5786 magnificaret
1729 5721 2025 5787 potentiam
2050 5720 2063 5733 '

2132 4899 2329 4969 gelium
2367 4902 2692 4957 ordinatum.
2732 4902 2856 4957 Non
2885 4904 3083 4957 sincere
3109 4902 3461 4957 existimantes
3488 4917 3703 4971 pressu-

2130 5006 2217 5044 ras
2241 5007 2295 5044 se
2321 4993 2574 5046 suscitare
2598 4992 2812 5048 vinculis
2841 4994 2989 5047 meis.
3036 4992 3141 5047 Alii
3169 5007 3299 5047 vero
3343 4992 3526 5047 dolose
3557 5006 3702 5060 pra:-

2130 5078 2314 5135 dicant
2343 5083 2409 5136 ad
2457 5095 2545 5137 me
2594 5084 2947 5152 gravandum,
2999 5083 3150 5153 quasi
3189 5082 3369 5153 plures
3413 5079 3705 5151 discipulos

2131 5168 2439 5241 facientem,
2485 5181 2547 5229 et
2578 5175 2819 5230 doctrina
2863 5191 2981 5231 mea
3022 5183 3193 5230 totum
3243 5174 3427 5229 orbem
3476 5173 3705 5243 implere

2130 5268 2455 5338 cupientem,
2486 5272 2544 5319 ut
2570 5279 2636 5319 ex
2672 5266 2776 5320 hoc
2800 5266 2988 5320 saltem
3019 5265 3152 5319 mihi
3180 5263 3352 5333 major
3379 5264 3578 5318 invidia
3606 5279 3706 5318 cu-

2131 5357 2365 5413 muletur
2384 5355 2468 5411 vel
2508 5371 2781 5425 pressura.
2811 5355 2951 5422 Quid
2988 5356 3161 5410 enim?
3199 5354 3339 5409 Dum
3381 5352 3701 5408 omnimodo.

2131 5446 2248 5501 Non
2280 5446 2409 5501 mihi
2437 5461 2567 5500 cura
2611 5454 2695 5500 est
2737 5460 2842 5514 qua
2872 5454 3053 5500 mente
3078 5445 3390 5515 prmdicent,
3412 5440 3707 5498 dummodo

2132 5537 2273 5606 quod
2297 5536 2475 5604 cupio,
2496 5534 2697 5591 Christi
2724 5550 2918 5590 nomen
2943 5536 3192 5591 omnibus
3217 5535 3540 5600 innotescat,
3569 5547 3707 5603 qua—

2130 5633 2351 5697 propter
2381 5635 2434 5680 et
2460 5626 2619 5680 modo
2647 5625 2853 5698 gaudeo
2880 5633 2936 5679 et
2972 5625 3026 5679 in
3066 5625 3247 5680 futuro
3288 5623 3549 5693 gaudebo.
3581 5620 3706 5677 Sive

2134 5717 2421 5772 occasione.
2477 5715 2597 5772 Odii
2639 5715 2723 5772 vel
2759 5716 2972 5771 invidiae
3017 5726 3201 5771 etuttra
3250 5730 3354 5770 me.
3399 5714 3465 5768 Et
3507 5716 3561 5767 in
3600 5713 3702 5765 hoc
