3982 6198
300 314 416 371 2ιό

1377 307 1709 365 COLLEC'I‘.
1752 307 1823 362 IN
1861 307 2089 365 EPIST-
2118 307 2212 363 AD
2248 302 2531 362 PHILIPP.

3464 305 3565 360 ΞΗ

298 425 566 500 gaudebo.
618 420 843 478 Vinculo
891 420 975 477 vel
1019 433 1181 490 (pere
1235 419 1631 493 prtedicationis
1677 433 1885 476 eorum.
1914 420 1963 479 Α
1989 418 2045 469 in
2089 417 2294 470 Christo
2320 415 2467 469 Jesu.
2497 412 2622 468 Vult
2667 411 2950 467 ostendere
3000 412 3276 469 Christum
3304 429 3409 467 non
3440 430 3567 483 pro—

306 517 454 571 Nam
481 516 611 569 scio.
640 512 793 580 Quod
823 512 955 567 mihi
982 526 1176 567 nocere
1202 519 1392 582 putant
1421 511 1474 565 in
1502 512 1729 567 salutem
1763 526 1889 580 pro-

302 608 509 673 veniet,
542 606 672 676 quia
712 619 821 659 non
866 603 1039 659 solum
1083 618 1183 672 per
1227 604 1446 657 verbum
1493 612 1546 656 et
1583 603 1889 670 passionem

306 713 508 762 uincam,
552 696 648 752 sed
693 695 860 750 etiam
892 709 989 763 per
1022 693 1208 748 odium
1247 690 1446 747 Christi
1478 689 1714 746 Ecclesia
1754 706 1887 761 aug-

303 794 606 844 mentatur.

378 873 951 929 Subministrationem.
1010 870 1134 926 Ideo
1194 870 1624 927 subministratio
1671 872 1889 936 dicitur,

298 968 431 1035 quia
465 982 576 1021 non
610 963 753 1035 quod
802 963 1102 1019 adversarii
1149 963 1357 1027 volunt,
1390 964 1485 1017 sed
1524 962 1668 1017 aliud
1716 963 1768 1016 in
1801 978 1892 1017 oc—

300 1059 453 1113 culto
489 1058 712 1129 spiritus
753 1056 1147 1113 subministrat.
1653 1067 1656 1071 ‘

377 1148 861 1220 Exspectationem.
894 1146 949 1200 Id
988 1154 1091 1212 est,
1133 1146 1471 1215 patientiam.
1500 1145 1635 1210 Quia
1661 1147 1715 1199 in
1747 1130 1890 1199 nullo

308 1239 627 1308 confundor.
687 1237 1017 1300 Tormenta,
1074 1250 1249 1304 neque
1305 1237 1357 1289 in
1406 1236 1553 1298 vita,
1614 1249 1788 1303 neque
1840 1236 1891 1288 in

309 1336 510 1392 morte,
556 1340 735 1395 neque
780 1326 833 1378 in
877 1323 1235 1388 contumeliis,
1272 1339 1446 1393 neque
1487 1324 1541 1377 in
1588 1323 1893 1394 opprobriis

310 1435 410 1475 nos
464 1416 717 1473 omnibus
771 1415 1156 1469 erubescimus.
1211 1413 1314 1469 Sed
1367 1415 1422 1466 in
1480 1415 1620 1467 omni
1672 1413 1889 1482 ﬁducia.

310 1507 469 1561 Nulla
494 1521 582 1559 res
602 1520 690 1559 me
714 1503 914 1573 poterit
935 1503 1230 1583 deterrere.

378 1595 452 1649 Et
484 1609 621 1649 nunc
662 1590 1082 1662 magniﬁcabitur
1107 1591 1347 1645 Christus
1393 1593 1446 1645 in
1495 1608 1709 1661 corpore
1755 1607 1888 1644 meo.

307 1689 551 1744 Inimicis
575 1687 690 1743 suis
715 1685 959 1750 insultat,
994 1684 1137 1753 quod
1185 1685 1234 1739 ei
1275 1699 1470 1739 nocere
1509 1699 1630 1738 non,
1656 1683 1888 1737 valeant.

1989 514 2110 576 pter
2137 522 2214 571 se,
2259 505 2351 560 sed
2377 512 2597 575 propter
2633 502 2768 557 alios
2794 517 3043 575 passum;
3083 504 3215 568 sive,
3249 512 3357 557 tam
3390 504 3568 558 humi-

1989 598 2054 652 lis
2086 612 2277 652 sensus
2299 596 2353 650 in
2379 595 2530 650 vobis
2565 594 2656 659 sit,
2684 609 2844 664 quam
2880 593 2981 647 fuit
3009 593 3064 646 in
3090 592 3322 648 Christo.

2060 690 2163 756 Qui
2202 706 2319 743 cum
2348 691 2401 742 in
2426 688 2597 757 forma
2624 686 2719 739 Dei
2756 695 2904 739 esset.
2934 685 2991 739 In
3021 683 3192 739 forma
3229 684 3322 739 Dei
3349 692 3483 749 erat,
3516 698 3573 738 et

1987 782 2176 836 videns
2215 783 2373 836 unius
2421 780 2657 835 hominis
2705 778 2899 833 delicto
2942 787 3178 843 mortem,
3203 791 3432 848 regnare
3474 790 3571 846 per

1987 874 2233 944 populos,
2260 881 2522 927 creaturae
2552 886 2661 925 suae
2691 886 2796 925 non
2825 868 3022 923 oblitus
3059 876 3158 923 est.
3192 867 3303 922 Nec
3332 869 3572 937 rapinam

1988 964 2129 1017 ducit
2176 981 2229 1017 se
2276 961 2530 1034 (rqttalem
2568 977 2678 1014 esse
2738 960 2868 1014 Deo.
2920 959 3056 1026 Quia
3105 974 3233 1013 vere
3278 958 3572 1014 secundum

1991 1053 2325 1108 divinitatem
2352 1050 2573 1120 aequalis
2602 1057 2721 1103 erat
2750 1048 2915 1102 Patri.
2955 1047 3057 1102 Sed
3084 1048 3363 1102 exinanirit
3389 1055 3575 1100 semet—

1989 1147 2180 1215 ipsum.
2207 1142 2325 1199 Non
2354 1141 2708 1198 substantiam
2740 1155 3031 1205 evacuans,
3071 1138 3162 1194 sed
3192 1138 3449 1193 honorem
3492 1137 3576 1190 in-

1990 1237 2215 1292 clinans.
2249 1234 2497 1289 Formam
2524 1235 2670 1289 servi
2687 1234 2965 1305 accipiens,
2988 1233 3043 1288 in
3063 1231 3456 1288 similitudinem
3482 1231 3576 1284 ho-

1992 1330 2193 1380 minum
2230 1326 2421 1395 factus.
2452 1326 2710 1380 Naturam
2757 1326 2993 1380 hominis
3031 1323 3318 1379 induendo.
3353 1321 3574 1375 Mortem

1991 1427 2164 1469 autem
2210 1417 2397 1469 crucis.
2446 1415 2561 1481 Qua
2602 1423 2776 1470 morte
2811 1415 2951 1468 nulla
2990 1412 3387 1468 formidolosior
3435 1419 3571 1465 erat.

1992 1505 2217 1577 Propter
2240 1506 2379 1579 quod
2398 1516 2444 1560 et
2466 1506 2607 1560 Deus
2632 1505 2780 1560 illum
2803 1504 3073 1560 exultavit.
3097 1504 3153 1557 In
3177 1502 3576 1557 resurrectione

1992 1610 2047 1653 et
2071 1600 2405 1664 ascensione,
2434 1607 2487 1651 et
2515 1598 2725 1653 ueteris
2756 1616 2768 1651 :
2804 1598 2877 1651 ita
2905 1604 2961 1650 et
2987 1611 3085 1650 nos
3125 1596 3169 1649 si
3213 1594 3443 1649 exaltari
3481 1609 3576 1647 cu-

1993 1689 2189 1758 pimus,
2224 1687 2470 1756 exemplo
2496 1686 2697 1742 Christi
2732 1685 2989 1741 fratribus
3018 1685 3338 1740 serviamus.

311 1781 369 1836 Si
403 1780 553 1836 enim
578 1795 700 1834 eum
746 1776 1065 1841 occiderint,
1110 1777 1371 1847 martyrio
1421 1775 1768 1830 coronabitur
1800 1792 1812 1828 :
1847 1774 1899 1828 si
1922 1774 1967 1832 B
2068 1777 2135 1831 Et
2162 1777 2371 1831 donavit
2401 1777 2480 1831 illi
2523 1793 2727 1830 nomen.
2774 1776 2927 1842 Quod
2955 1783 3038 1830 est
3078 1774 3267 1829 Filius.
3316 1773 3469 1839 Quod
3500 1780 3575 1826 est

310 1871 672 1936 servaverint,
703 1867 978 1924 Christum
1012 1866 1381 1923 annuntiando
1413 1866 1702 1938 plurimum
1735 1864 1897 1920 faciet

311 1962 552 2018 fructum

381 2049 505 2105 Sive
534 2068 626 2121 per
656 2049 835 2104 vitam.
867 2047 948 2103 Ad
977 2046 1437 2119 praedicationem.

383 2139 506 2195 Sive
533 2156 627 2210 per
655 2149 893 2193 mortem.
931 2138 988 2193 Id
1011 2146 1114 2202 est,
1141 2150 1241 2208 pro
1268 2136 1358 2191 illo
1390 2136 1443 2190 in
1470 2125 1750 2207 martyrio.

382 2230 521 2285 Mihi
548 2232 687 2285 enim
718 2231 881 2284 vivere
912 2228 1150 2283 Christus
1178 2236 1273 2282 est.
1308 2226 1424 2282 Non
1459 2226 1563 2281 alia
1605 2242 1769 2282 causa
1811 2228 1896 2282 vi-

313 2335 437 2376 vere
464 2320 607 2384 volo,
638 2319 744 2373 nisi
775 2318 996 2385 Christi,
1027 2318 1080 2373 id
1108 2325 1213 2382 est,
1253 2326 1314 2371 ut
1350 2316 1467 2386 ejus
1504 2332 1702 2386 corpus
1730 2315 1898 2372 tediﬁ-

309 2426 451 2465 cem.
481 2407 716 2463 Fructus
758 2408 945 2481 operis.
983 2408 1040 2463 In
1079 2406 1487 2463 aediﬁcationem
1541 2406 1787 2461 aliorum.
1827 2405 1897 2460 Et

309 2503 405 2555 hoc
435 2500 708 2568 conﬁdens
752 2500 881 2554 scio.
924 2499 1125 2568 Spiritu
1168 2498 1484 2569 prophetico
1511 2496 1797 2567 promittit.
1830 2496 1896 2550 Et

310 2590 562 2661 gaudium
603 2590 749 2659 ﬁdei.
784 2588 853 2644 Ut
879 2604 977 2659 per
999 2587 1303 2659 profectum
1343 2587 1407 2641 de
1436 2585 1616 2641 fructu
1660 2585 1783 2640 ﬁdei
1807 2601 1901 2641 ve—

310 2690 439 2736 stne
459 2678 717 2750 gaudium
759 2678 1023 2733 habeatis.
1053 2674 1159 2731 Per
1184 2693 1356 2731 meum
1391 2676 1669 2731 adventum
1708 2677 1897 2729 iterum

311 2773 379 2827 ad
409 2788 520 2826 vos.
547 2769 664 2825 Hoc
687 2784 786 2841 pro
828 2769 1198 2825 consolatione
1233 2782 1421 2823 eorum
1464 2766 1616 2833 dicit,
1645 2768 1771 2836 quia
1799 2782 1898 2822 suo

311 2863 503 2933 spiritu
533 2861 785 2932 pervenit
814 2861 882 2916 ad
907 2846 1038 2925 ‘eos,
1084 2858 1212 2914 licet
1257 2874 1367 2914 non
1413 2873 1660 2928 corpore.
1691 2857 1759 2912 In
1792 2874 1899 2913 uno

310 2956 521 3025 spiritu.
589 2954 659 3010 Ut
706 2972 719 3008 :
772 2952 904 3008 Erat
952 2954 1028 3007 eis
1081 2967 1171 3006 cor
1223 2967 1387 3006 unum
1441 2960 1488 3006 et
1553 2951 1731 3005 anima
1790 2967 1898 3004 una

316 3045 457 3117 (Act.
489 3043 590 3114 ιν).

384 3132 697 3189 Unanimes.
726 3134 863 3202 Quia
892 3135 1067 3190 omnis
1090 3149 1267 3206 pugna
1293 3134 1622 3189 unanimiter
1641 3147 1895 3206 aggressa
1922 3121 1967 3184 C

312 3225 599 3280 victoriam
644 3226 805 3296 parit.
840 3224 970 3291 Qua:
1000 3236 1074 3280 est
1115 3225 1221 3279 illis
1266 3242 1426 3280 causa
1469 3226 1792 3298 perditionis.
1839 3224 1898 3281 Id

310 3323 415 3381 est,
450 3314 677 3370 tentatio
703 3330 811 3385 qua
837 3323 1041 3371 terrent
1067 3330 1183 3372 vos.
1217 3314 1284 3370 Et
1313 3316 1410 3370 hoc
1438 3333 1470 3371 a
1494 3315 1625 3371 Deo.
1656 3314 1759 3383 Qui
1784 3316 1899 3372 vult

313 3419 446 3460 suos
481 3405 736 3459 coronari
777 3406 1054 3474 probatos,
1099 3405 1242 3461 sicut
1281 3403 1382 3461 Joh
1425 3405 1758 3475 permittitur
1781 3414 1898 3462 ten-

313 3495 442 3550 tari.
472 3494 601 3550 Non
645 3495 815 3550 solum
845 3505 902 3549 ut
941 3497 997 3551 in
1044 3513 1163 3551 eum
1205 3497 1451 3552 credatis.
1482 3496 1597 3553 Non
1640 3498 1810 3553 solum
1836 3508 1898 3554 ut

314 3584 441 3639 ﬁdei
486 3585 777 3652 meritum,
831 3586 926 3641 sed
973 3586 1138 3640 etiam
1185 3587 1429 3658 martyrii
1475 3588 1728 3643 meritum
1762 3603 1900 3660 prae-

314 3675 483 3729 mium
514 3674 783 3743 habeatis,
824 3676 950 3731 dum
978 3691 1076 3733 vos
1102 3678 1298 3733 tentari
1320 3678 1462 3735 Detrs
1480 3680 1686 3751 patitur
1702 3689 1764 3735 ut
1788 3682 1900 3737 vin-

318 3765 471 3819 catis.

385 3858 539 3912 Idem
576 3867 839 3914 certamen
882 3858 1124 3916 habentes
1163 3861 1318 3930 quale
1360 3872 1409 3915 et
1456 3860 1657 3916 vidistis
1699 3862 1755 3915 in
1795 3878 1895 3917 me.

318 3946 461 4003 Nihil
480 3963 682 4003 novum
710 3949 1011 4018 patiemini,
1044 3952 1138 4006 sed
1185 3951 1288 4007 hoc
1333 3952 1474 4021 quod
1513 3959 1570 4008 et
1604 3961 1899 4023 praesentes

316 4038 529 4095 vidistis
568 4039 621 4094 in
652 4054 761 4107 me,
793 4049 847 4095 et
877 4056 1020 4096 nunc
1049 4042 1297 4098 absentes
1326 4042 1393 4097 de
1420 4057 1507 4097 me
1536 4043 1760 4099 audistis
1788 4058 1894 4099 mc.

316 4127 433 4184 Non
478 4131 553 4185 sit
590 4144 722 4201 ergo
768 4131 923 4186 vobis
969 4132 1245 4204 indignum
1294 4132 1383 4188 illa
1430 4133 1562 4204 pati,
1596 4132 1653 4188 in
1703 4134 1899 4205 quibus

318 4223 633 4292 conspicitis
653 4237 754 4278 nos
775 4221 1017 4294 gloriari.

949 4374 1177 4432 CAPUT
1212 4376 1277 4431 II.

384 4504 445 4562 Si
470 4523 576 4577 qua
604 4523 728 4578 ergo
777 4506 1062 4562 consolatio
1088 4508 1143 4561 in
1185 4505 1410 4562 Christo.
1460 4508 1611 4577 Rogo
1652 4522 1751 4563 vos
1791 4508 1895 4564 hoc

313 4597 444 4650 mihi
467 4604 747 4666 praestate,
783 4606 840 4652 ut
870 4597 1123 4668 gaudium
1157 4613 1332 4653 meum
1360 4599 1583 4653 unitatis
1614 4597 1898 4653 dilectione

315 4684 603 4755 impleatis.
652 4684 714 4741 Si
749 4703 854 4758 qua
900 4694 983 4742 est
1020 4687 1304 4742 consolatio
1343 4689 1398 4741 in
1429 4687 1655 4753 Christo,
1702 4688 1756 4743 id
1792 4696 1898 4755 est,

316 4777 664 4832 oonsolamini
693 4793 781 4833 me
816 4780 1005 4833 umbra
1044 4778 1267 4844 Christi,
1311 4795 1411 4849 pro
1450 4779 1603 4835 vobis
1653 4795 1897 4849 passum,

316 4866 360 4920 si
380 4881 478 4922 vos
507 4867 821 4923 consolatus
848 4876 932 4923 est
956 4868 1224 4924 Christus.
1270 4867 1329 4923 Si
1366 4885 1468 4937 qua
1493 4868 1745 4923 allocutio
1775 4871 1899 4925 cha-

314 4959 507 5014 ritatis.
547 4959 604 5015 Si
647 4960 880 5031 aliquam
926 4962 1244 5016 charitatem
1285 4962 1335 5016 ei
1370 4961 1673 5031 rependere
1710 4962 1893 5019 vultis.

313 5047 502 5120 Siqua
547 5052 772 5107 societas
817 5054 1055 5123 spiritus.
1100 5052 1157 5108 Si
1205 5054 1451 5124 spiritum
1499 5054 1615 5125 ejus
1652 5055 1705 5109 in
1745 5054 1898 5111 vobis

312 5160 433 5201 esse
459 5146 673 5216 cupitis.
715 5143 778 5200 Si
815 5161 919 5216 qua
946 5145 1142 5199 viscera
1182 5145 1573 5199 misericordiw.
1607 5144 1663 5200 Si
1691 5146 1745 5199 iu
1772 5160 1895 5200 eum

310 5236 692 5292 misericordes
711 5236 865 5292 estis.
889 5234 1108 5307 Implete
1125 5236 1375 5306 gaudium
1395 5253 1586 5291 meum.
1614 5236 1671 5291 In
1700 5237 1897 5294 talibus

312 5329 591 5401 discipulis
626 5330 818 5386 doctor
835 5328 1089 5384 exsultat.

377 5418 640 5474 Eamdem
660 5419 971 5474 charitatem
990 5418 1253 5472 habentes.
1287 5418 1431 5490 Ergo
1454 5419 1620 5474 nolite
1646 5419 1892 5475 scindere

309 5509 635 5565 charitatem
682 5508 969 5565 sentiendo
1018 5508 1247 5565 diversa.
1304 5508 1429 5565 Non
1478 5527 1595 5582 qua:
1629 5528 1727 5566 sua
1769 5520 1892 5567 sunt

305 5598 503 5669 singuli
521 5598 935 5654 considerantes.
959 5596 1076 5653 Non
1105 5612 1226 5668 quae
1244 5597 1399 5654 vobis
1423 5598 1551 5654 solis
1575 5600 1889 5669 expediunt,

303 5690 401 5746 sed
426 5704 548 5760 qua:
573 5691 701 5746 aliis
725 5697 972 5762 prosunt.
1010 5687 1124 5744 Hoc
1164 5689 1348 5745 sentite
1383 5689 1439 5744 in
1478 5689 1641 5756 vobis,
1680 5691 1819 5762 quod
1843 5700 1891 5745 et

1996 1887 2151 1941 super
2179 1887 2328 1924 omne
2353 1886 2558 1923 nomen.
2588 1868 2686 1922 Cui
2712 1870 2848 1922 enim
2870 1868 3171 1939 angelorum
3196 1866 3329 1919 dixit
3353 1880 3369 1917 :
3404 1864 3450 1918 F
3454 1865 3577 1918 ilius

1995 1976 2142 2014 meus
2168 1976 2221 2013 es
2247 1968 2302 2013 tu
2326 1957 2498 2032 (Psal.
2528 1959 2628 2031 11)?
2665 1958 2848 2029 itaque
2877 1958 3092 2013 donavit
3125 1957 3201 2011 illi
3224 1971 3443 2021 nomen,
3471 1972 3576 2010 non

1998 2052 2143 2123 quod
2171 2060 2296 2107 ante
2316 2066 2422 2106 non
2453 2052 2660 2106 habuit.
2686 2048 2839 2106 Unde
2866 2049 3066 2104 rectius
3098 2048 3248 2103 locus
3274 2048 3365 2102 hic
3393 2063 3579 2103 secun—

1998 2142 2126 2196 dum
2151 2142 2443 2196 humanam
2468 2149 2715 2195 naturam
2747 2139 3125 2210 intelligendus
3148 2146 3250 2206 est,
3292 2154 3452 2209 quam
3493 2138 3577 2193 di-

1996 2233 2199 2286 vinam.
2226 2228 2391 2286 Omne
2417 2248 2551 2303 genu
2578 2233 2839 2302 ﬂectatur.
2870 2229 2985 2286 Non
3013 2231 3081 2285 ad
3106 2229 3350 2300 corporis
3377 2244 3575 2300 genua,

1998 2324 2093 2379 sed
2121 2324 2186 2378 ad
2209 2323 2466 2379 humilem
2486 2322 2871 2393 subjectionem
2901 2323 3408 2392 inclinationcmquc
3437 2337 3581 2377 men—

2001 2419 2069 2473 tis
2100 2419 2354 2487 pertinet.

2069 2507 2381 2563 Ctelestt'um.
2413 2510 2471 2564 Id
2500 2519 2599 2574 est,
2633 2511 2966 2582 angelorum.
2994 2510 3253 2567 Coelestes
3282 2521 3463 2567 autem
3488 2527 3580 2583 ge—

1998 2617 2105 2656 nua
2136 2600 2354 2656 ﬂectere
2388 2602 2641 2657 dicuntur
2685 2618 2836 2657 more
2868 2604 3137 2672 precario,
3171 2619 3276 2658 non
3307 2602 3449 2673 quod
3483 2602 3579 2656 ha-

1996 2693 2189 2748 berent
2208 2708 2401 2765 genua,
2426 2693 2516 2763 qui
2539 2693 2907 2763 incorporales
2927 2702 3072 2759 sunt,
3095 2695 3212 2759 sed,
3240 2703 3298 2747 ut
3323 2693 3575 2757 diximus,

1995 2800 2096 2855 pro
2124 2784 2311 2840 humili
2343 2784 2676 2854 subiectione
2703 2793 2759 2839 et
2783 2785 3098 2840 adoratione
3118 2785 3333 2840 dicitur.

2071 2872 2114 2928 Τ
2115 2875 2436 2930 errestrium.
2486 2874 2797 2929 Hominum.
2846 2874 3204 2945 Infernorum.
3247 2873 3575 2944 Angelorum

1997 2965 2089 3035 qui
2119 2971 2360 3036 praesunt
2391 2962 2744 3020 infernalibus
2771 2964 2922 3020 locis.
2954 2964 3023 3019 In
3050 2964 3218 3036 gloria
3252 2964 3349 3020 Dei
3379 2965 3577 3020 Patris.

1997 3053 2056 3109 In
2078 3065 2271 3109 natura
2309 3065 2367 3109 et
2392 3053 2562 3124 gloria
2608 3054 2852 3109 Deitatis.
2886 3052 3017 3108 Cum
3050 3056 3252 3108 timore.
3293 3053 3409 3109 Non
3453 3070 3579 3110 cum

1998 3145 2346 3217 negligentia,
2376 3144 2471 3200 sed
2499 3145 2640 3201 sicut
2677 3144 2752 3199 ait
2776 3143 2914 3199 Job:
2961 3141 3185 3199 Verebar
3222 3146 3394 3200 omnia
3422 3161 3580 3215 opera

1997 3250 2136 3302 mea,
2158 3236 2325 3290 sciens
2352 3234 2493 3307 quod
2521 3251 2624 3289 non
2664 3250 2904 3306 parceres
2934 3234 3255 3306 delinquenti
3296 3233 3438 3307 (Job.
3476 3234 3576 3306 ιχ).

2008 3322 2245 3381 Vestram
2269 3325 2491 3381 salutem
2539 3324 2847 3396 operamini.
2895 3322 3011 3379 Hoc
3043 3333 3145 3392 est,
3191 3324 3458 3381 custodite
3484 3339 3583 3395 per

1996 3419 2199 3474 bonum
2237 3432 2372 3488 opus
2416 3416 2646 3473 salutem
2694 3431 2726 3471 a
2778 3416 2890 3472 Deo
2940 3417 3092 3471 vobis
3138 3415 3411 3471 donatam.
3453 3414 3582 3470 Sine

1996 3508 2434 3563 murmuratione.
2476 3507 2552 3562 De
2590 3507 2857 3578 gravitate
2897 3513 3289 3576 praeceptorum
3333 3504 3449 3568 Dei,
3494 3503 3581 3558 vel

1997 3600 2063 3657 de
2092 3614 2343 3670 pressura
2373 3598 2800 3653 tribulationum.
2833 3596 2900 3649 Et
2924 3596 3269 3649 ha’silatione.
3309 3593 3412 3660 Qui
3442 3608 3581 3647 mur-

1996 3697 2178 3743 murat
2214 3689 2280 3742 de
2309 3686 2611 3757 praeceptis,
2643 3684 2857 3740 haesitat
2887 3684 2953 3739 de
2980 3682 3236 3753 praemiis.

2070 3777 2291 3833 Utsitis
2335 3778 2447 3831 sine
2496 3774 2726 3847 querela.
2773 3774 2930 3844 Apud
2991 3772 3237 3827 homines
3289 3780 3344 3827 et
3386 3771 3574 3827 Deum.

1996 3867 2149 3936 Quod
2170 3866 2523 3935 conqueritur
2547 3865 2687 3919 Deus
2717 3878 2857 3934 saepe
2883 3864 2949 3919 de
2972 3862 3280 3918 hominibus
3305 3862 3359 3917 in
3390 3861 3576 3934 Scrip-

1997 3957 2154 4021 turis,
2185 3963 2411 4027 apparet
2461 3954 2605 4025 quod
2639 3954 2812 4011 nolint
2841 3954 3062 4010 credere
3105 3963 3162 4009 et
3190 3963 3337 4010 recte
3370 3955 3573 4010 vivere.

1998 4050 2153 4107 Unde
2183 4050 2368 4108 ﬁdeles
2408 4063 2463 4108 et
2497 4051 2755 4107 facientes
2777 4050 3112 4107 voluntatem
3142 4051 3237 4105 Dei
3266 4050 3578 4106 conversari

1997 4140 2251 4197 dicuntur
2297 4142 2414 4197 sine
2464 4140 2702 4212 querela,
2746 4141 2889 4211 quod
2920 4140 2985 4197 de
3025 4140 3130 4196 illis
3161 4138 3446 4212 Scriptura
3471 4156 3579 4197 non

1997 4240 2278 4300 queratur.
2791 4287 2799 4294 .

2066 4320 2137 4375 Et
2169 4322 2447 4394 simplices.
2477 4324 2618 4379 Nihil
2662 4332 2859 4395 prmter
2883 4324 3213 4381 voluntatem
3250 4326 3347 4382 Dei
3380 4325 3580 4385 facien—

1999 4420 2081 4468 tes
2103 4412 2189 4468 vel
2224 4414 2476 4480 scientes,
2521 4416 2660 4471 sicut
2700 4415 2793 4469 ﬁlii
2823 4416 2919 4470 Dci
2960 4415 3312 4483 immaculati,
3336 4418 3428 4487 qui
3453 4433 3577 4473 cum

1999 4505 2070 4559 sit
2090 4522 2257 4576 purus
2283 4516 2339 4562 et
2360 4520 2594 4574 sanctus,
2626 4508 2767 4563 ﬁlios
2797 4523 2901 4563 nou
2923 4515 3101 4578 potest
3121 4508 3324 4565 habere
3349 4510 3579 4580 degene-

2000 4612 2108 4652 res.
2144 4595 2211 4651 In
2242 4599 2411 4654 medio
2432 4602 2654 4669 generis.
2688 4599 2993 4656 Judazorum
3023 4611 3075 4656 et
3100 4602 3356 4672 gentium.

2072 4688 2254 4743 Pravi.
2307 4689 2499 4745 Mente.
2552 4689 2814 4748 Perversi.
2861 4691 3144 4763 Operibus.
3186 4692 3332 4749 Sicut
3357 4694 3580 4750 lumina-

2001 4779 2104 4845 ria,
2128 4788 2228 4834 ut:
2262 4777 2349 4835 Sic
2391 4780 2560 4835 luceat
2604 4780 2697 4836 lux
2738 4792 2906 4838 vestra
2950 4800 3128 4838 coram
3167 4783 3479 4851 hominibus,
3520 4797 3578 4839 ut

2000 4871 2204 4925 videant
2248 4888 2403 4942 opera
2444 4882 2614 4927 vestra
2655 4874 2811 4939 bona,
2857 4884 2906 4928 et
2943 4875 3233 4946 gloriﬁcent
3260 4874 3474 4930 Patrem
3496 4893 3575 4933 ve-

1998 4970 2165 5015 strum
2187 4962 2276 5032 qui
2299 4961 2353 5016 in
2378 4960 2517 5016 caelis
2538 4972 2612 5017 est
2641 4961 2854 5034 (Matth.
2880 4962 2957 5035 v).

2069 5049 2151 5103 Ad
2180 5050 2400 5121 gloriam
2437 5052 2582 5105 mihi.
2618 5051 2799 5106 Gloria
2837 5052 2973 5107 enim
3011 5054 3176 5123 patris
3203 5052 3305 5123 ﬁlii
3343 5053 3577 5123 ﬁliorum

1998 5148 2061 5193 ut
2079 5140 2156 5194 ait
2183 5140 2434 5196 Salomon
2459 5140 2640 5213 (Prov.
2669 5140 2826 5210 xvu).
2866 5141 2991 5196 Non
3016 5144 3069 5196 in
3098 5160 3316 5199 vacuum
3345 5146 3574 5199 cucurri.

1999 5228 2100 5297 Qui
2137 5231 2297 5286 talem
2332 5230 2585 5302 populum
2616 5232 2726 5287 Deo
2750 5232 3033 5301 acquisivi.
3068 5232 3172 5289 Sed
3197 5243 3244 5289 et
3271 5235 3317 5289 si
3337 5233 3580 5289 immolor

1997 5338 2153 5392 super
2178 5322 2496 5391 sacriﬁcium
2521 5331 2764 5376 vestrum.
2802 5321 2907 5378 Sed
2928 5325 3093 5380 etiam
3119 5326 3163 5381 si
3189 5325 3425 5392 occidar,
3450 5325 3578 5397 quia

1998 5413 2323 5469 sacriﬁcium
2363 5422 2418 5469 et
2466 5414 2780 5484 obsequium
2826 5416 2952 5473 ﬁdei
3000 5428 3192 5476 vestrm
3229 5420 3398 5475 obtuli
3440 5421 3573 5479 Deo.

1997 5506 2176 5563 Vincit
2205 5506 2475 5576 profectus
2515 5508 2677 5561 vestri
2705 5509 2960 5580 gaudium
2988 5511 3262 5567 tristitiam
3290 5529 3465 5583 poenae
3488 5515 3576 5570 vel

1999 5600 2208 5666 mortis,
2241 5600 2352 5655 sive
2373 5598 2488 5668 jam
2532 5615 2637 5656 non
2689 5603 2850 5657 timeo
2893 5604 3030 5658 mori
3078 5605 3346 5662 sacriﬁcio
3382 5616 3578 5668 vestra:

2000 5690 2122 5746 ﬁdei
2146 5700 2540 5758 consummato,
2566 5691 2678 5748 sive
2716 5693 2841 5763 quia
2870 5702 3065 5749 vestra:
3095 5692 3217 5752 ﬁdei
3247 5695 3570 5751 ministrari.
