3982 6198
228 335 336 394 217

1262 309 1701 387 courier-is
1740 325 1958 389 EPIBT.
1999 334 2020 388 ι
2058 333 2149 390 Al)
2188 336 2432 394 ruuss.

3389 333 3496 397 2l8

221 448 568 511 cumcisione
617 444 893 514 vitiisque.
950 440 1333 512 Conforntabit.
1385 442 1517 498 Post
1567 459 1816 498 resurre-
1844 448 1895 508 A
1921 449 2098 519 fama.
2138 451 2208 506 Ut
2236 461 2319 507 est
2350 453 2512 509 illud:
2543 451 2774 510 Provide
2798 453 2938 510 bona
2964 467 3072 510 non
3100 452 3273 509 solum
3307 467 3494 509 coram

221 545 485 599 ctionem.
520 538 744 610 Corpori
771 536 971 608 glorise.
1024 535 1080 589 In
1119 544 1302 589 monte
1332 536 1540 591 scilicet
1569 537 1810 592 Thabor.

227 631 535 688 Secundum
568 627 942 700 Operationem.
981 623 1292 680 Secundum
1324 627 1465 681 hanc
1490 629 1812 697 potentiam,

225 723 355 792 quia
393 721 498 776 sibi
546 727 744 775 cuncta
786 713 1050 784 subjecit,
1097 716 1262 770 etiam
1298 716 1401 772 hoc
1441 717 1516 772 illi
1555 719 1814 787 possibile

225 825 330 870 est.

842 903 1070 962 CAPUT
1108 905 1200 964 IV.

295 995 570 1052 Gaudium
597 1005 645 1052 et
671 1013 866 1051 corona
894 1013 1032 1050 mea.
1064 996 1293 1066 Propter
1313 1013 1410 1054 vos
1431 999 1576 1053 enim
1601 999 1655 1053 in
1680 1014 1816 1068 pra:-

228 1090 368 1144 senti
395 1087 671 1153 laetificor,
695 1095 751 1143 et
773 1103 827 1141 m
851 1087 1032 1141 futuro
1055 1089 1374 1144 coronabor.
1405 1089 1661 1143 Evodiam
1689 1104 1813 1157 rogo

226 1190 271 1232 et
303 1179 593 1248 Syntichen
621 1178 888 1247 deprecor.
943 1177 1038 1232 liae
1082 1178 1334 1234 mulieres
1381 1180 1616 1234 scientes
1653 1186 1814 1232 erant

227 1270 379 1340 legis,
414 1285 554 1338 quas
583 1269 838 1323 similiter
863 1279 923 1324 ut
953 1271 1086 1324 istos
1115 1271 1303 1325 eadem
1336 1271 1540 1325 sentire
1569 1286 1812 1326 commo-

229 1370 318 1416 net
344 1370 400 1415 et
431 1362 704 1415 hortatur.
751 1360 987 1426 Quorum
1017 1363 1229 1416 nomina
1256 1372 1376 1416 sunt
1416 1365 1470 1416 in
1509 1362 1641 1417 libro
1671 1364 1810 1417 vitia.

230 1450 303 1505 Ne
332 1452 562 1506 moleste
592 1453 768 1506 lerant
797 1468 895 1505 sua
926 1454 1142 1506 nomina
1183 1455 1235 1508 in
1280 1454 1381 1509 hac
1423 1455 1661 1524 Epistola
1703 1470 1813 1508 non

229 1541 652 1610 comprehensa,
677 1542 878 1611 scripta
904 1543 1035 1597 dicit
1063 1543 1116 1596 in
1144 1543 1315 1599 caelis.
1357 1543 1592 1598 Gaudete
1620 1546 1675 1598 in
1705 1544 1814 1597 Do-

229 1632 386 1684 mino.
443 1631 561 1685 Non
608 1632 663 1686 in
707 1641 922 1688 terrena
965 1634 1240 1692 felicitate.
1293 1634 1524 1707 Semper.
1578 1637 1710 1691 Tam
1757 1637 1812 1691 in

227 1721 502 1789 prosperis
528 1738 693 1791 quam
723 1723 776 1775 in
803 1724 1067 1778 adversis.

296 1811 364 1865 Et
385 1814 579 1868 iterum
603 1815 720 1868 dico
741 1816 979 1885 gaudete.
1007 1816 1244 1887 Repetit,
1269 1825 1330 1871 ut
1354 1817 1526 1887 magis
1552 1833 1616 1872 ac
1640 1819 1812 1889 magis

231 1903 588 1957 confirmetur
616 1905 886 1973 gaudium.
929 1905 1185 1960 Dominus
1213 1923 1371 1976 prope
1398 1916 1494 1960 est.
1537 1905 1654 1962 Scit
1681 1908 1810 1977 quid

231 2008 362 2062 opus
391 1995 466 2048 sit
493 1996 651 2050 vobis
679 2007 970 2066 antequam
1001 1999 1201 2067 petatis
1229 2015 1372 2053 eum.
1420 1998 1570 2052 Nihil
1599 1999 1810 2053 solliciti

230 2086 359 2138 sitis.
404 2085 548 2152 Quid
578 2089 944 2153 manducetis,
981 2099 1073 2144 aut
1102 2091 1230 2160 quid
1263 2090 1559 2145 induamini
1590 2090 1806 2162 (Matth.

228 2173 302 2243 v).
327 2175 447 2230 haec
476 2177 621 2230 enim
649 2187 834 2246 gentes
859 2180 1154 2250 inquirunt.
1190 2179 1292 2235 Sed
1315 2182 1369 2234 in
1390 2182 1530 2234 omni
1552 2182 1807 2234 oratione.

230 2262 366 2334 Lege
396 2267 685 2336 epistolam
715 2269 782 2322 ad
817 2268 1159 2325 Timotheum
1187 2289 1199 2324 :
1237 2271 1639 2326 obsecrationes
1674 2270 1810 2324 fiunt

227 2371 321 2428 pro
341 2359 589 2428 peccatis
607 2362 894 2430 prieteritis
915 2363 996 2418 vel
1018 2364 1397 2432 prtesentibus,
1413 2363 1686 2419 orationes
1712 2378 1811 2434 pro

227 2449 591 2518 adipiscendis
618 2466 737 2520 quae
763 2467 1064 2522 speramus.

294 2539 711 2598 Postulationes.
752 2543 886 2599 Cum
917 2561 1016 2616 pro
1055 2546 1177 2600 aliis
1218 2546 1627 2601 intervenimus.
1669 2543 1810 2600 Gra-

228 2631 418 2684 tiarum
446 2635 707 2690 actiones.
752 2633 888 2689 Cum
935 2651 1035 2706 pro
1084 2636 1363 2690 immensis
1400 2635 1495 2689 Dei
1530 2636 1808 2692 beneﬁciis

226 2730 402 2790 grates
435 2721 734 2792 laudesque
764 2726 1126 2794 rependimus.
1183 2724 1312 2790 Quae
1352 2735 1564 2795 superat
1605 2743 1808 2779 onmem

227 2824 462 2866 mentem.
494 2813 614 2869 Non
641 2815 813 2869 solum
840 2816 1138 2881 hominum,
1164 2817 1256 2871 sed
1277 2817 1440 2870 etiam
1469 2817 1804 2888 angelorum.

227 2899 297 2955 De
325 2915 538 2968 cetera,
573 2905 784 2974 fratres.
827 2907 881 2961 Id
905 2920 1010 2971 cst,
1037 2909 1104 2961 ad
1129 2916 1430 2962 extremum
1459 2909 1720 2974 omnium,
1746 2917 1808 2964 ut

226 2997 400 3050 omnia
431 2999 677 3053 breviter
707 3001 1160 3070 comprehendam
1179 3041 1195 3066 ,
1225 2999 1310 3056 vel
1341 3000 1408 3054 de
1445 2999 1653 3071 reliquo
1682 3001 1807 3057 vita)

229 3095 442 3141 nostrae.

1917 543 2048 608 Deo,
2076 545 2169 598 sed
2196 544 2359 608 etiam
2390 560 2572 600 coram
2599 546 2926 601 hominibus.

1987 631 2048 686 Si
2075 651 2179 702 qua
2209 635 2392 687 virtus.
2421 633 2762 688 Tolerantiaz.
2795 632 2853 689 Si
2880 649 2984 705 qua
3012 634 3148 688 laus.
3180 634 3342 689 Bona
3369 649 3499 688 cou-

1915 723 2256 777 versationis.
2298 723 2592 777 Didicistis.
2627 725 2826 779 Verbo.
2869 725 3173 794 Accepistis.
3212 723 3492 791 Exemplo.

1914 813 2172 866 Audistis.
2203 813 2462 868 Auribus.
2500 813 2737 868 Vidistis.
2777 813 2978 870 Oculis.
3021 814 3152 869 Ha’c
3181 817 3335 884 agite.
3378 813 3496 867 Non

1914 905 2057 958 enim
2102 904 2214 958 sola
2260 905 2455 959 sullicit
2481 907 2756 975 cogitatio.
2810 905 3071 971 Quoniam
3100 906 3307 960 tandem
3338 906 3498 974 reﬂo-

1915 996 2116 1048 ruistis.
2174 993 2286 1049 Hoc
2335 1005 2418 1048 est
2445 1036 2458 1060 ,
2510 997 2704 1050 iterum
2737 995 2869 1049 flore
2909 996 3035 1048 boni
3081 997 3260 1065 Operis
3303 994 3498 1051 ﬂorere

1914 1085 2186 1154 cmpistis,
2226 1087 2403 1140 dando
2434 1088 2563 1140 mihi
2597 1088 2739 1156 quod
2776 1088 2928 1157 prius
2959 1088 3202 1153 dabatis,
3240 1089 3344 1143 hoc
3376 1097 3459 1142 est
3480 1129 3494 1153 ,

1913 1176 2312 1243 elcemosvnam
2342 1181 2718 1234 ministrando.

1985 1265 2094 1321 Pro
2123 1286 2208 1324 me
2233 1271 2437 1323 sentite.
2496 1270 2552 1324 ld
2585 1281 2699 1335 est,
2748 1271 2880 1325 mihi
2915 1270 3319 1338 elecmosynam
3350 1272 3493 1326 date.

1914 1357 2060 1414 Sicut
2087 1370 2207 1414 ante
2233 1363 2550 1416 sentiebatis.
2595 1363 3004 1434 Elcemosynam
3032 1364 3165 1418 mihi
3195 1364 3496 1417 tribuentes

1913 1459 2202 1518 antequam
2252 1451 2691 1507 tribulationibus
2741 1454 2991 1521 occupati
3043 1452 3304 1508 fuissetis.
3362 1451 3488 1506 Non

1911 1541 2075 1609 quasi
2111 1548 2323 1610 propter
2367 1543 2641 1610 penuriam
2691 1542 2828 1594 dico.
2881 1541 2999 1596 Non
3046 1549 3271 1611 propter
3317 1555 3493 1594 meam

1913 1632 2148 1701 inopiam
2175 1673 2190 1697 ,
2239 1635 2335 1690 sed
2382 1643 2604 1705 propter
2631 1644 2871 1690 vestrum
2908 1636 3211 1704 profectum
3247 1635 3368 1690 dico
3409 1647 3495 1689 me

1912 1737 2032 1777 esse
2061 1723 2324 1791 gavisum.

1841 1796 1888 1854 B
1986 1811 2100 1882 Ego
2141 1813 2278 1866 enim
2316 1813 2500 1866 didici.
2556 1813 2603 1866 Α
2632 1813 2851 1868 Christo
2897 1815 3078 1870 omnia
3117 1813 3497 1883 aequanimiter

1913 1899 2056 1956 ferre
2085 1918 2203 1956 sum
2234 1903 2442 1957 doctus.
2479 1902 2601 1956 Scio
2627 1904 2996 1958 humilitatem.
3048 1903 3163 1958 Non
3195 1905 3494 1972 desperans

1913 1991 2074 2046 fame.
2126 1991 2247 2046 Scio
2277 1993 2565 2046 abundare.
2619 1993 2754 2060 Quia
2795 2010 2901 2048 non
2943 1995 3176 2048 extollor
3219 1993 3273 2048 in
3325 1993 3496 2047 abun-

1912 2081 2116 2136 dantia.
2149 2081 2217 2136 In
2244 2083 2502 2136 omnibus.
2538 2083 2595 2137 Id
2619 2094 2720 2150 est,
2748 2085 2925 2148 bonis,
2950 2087 3064 2140 sive
3088 2085 3384 2155 prosperis,
3409 2085 3493 2140 vel

1912 2174 2172 2228 adversis.
2220 2173 2380 2228 Scitis
2419 2184 2593 2228 autem
2639 2185 2685 2228 et
2727 2191 2814 2229 vos
2844 2174 3238 2245 Philippenses,
3282 2177 3493 2247 quando

1910 2267 2174 2336 profectus
2202 2283 2338 2320 sum.
2389 2265 2556 2322 Scitis
2583 2268 2708 2336 quia
2740 2283 2838 2324 vos
2865 2269 3030 2333 solos,
3065 2287 3095 2325 a
3123 2271 3318 2340 quibus
3347 2287 3496 2324 sum-

1909 2368 2037 2428 ptus
2067 2359 2442 2428 acceperimus
2475 2360 2772 2430 elegimus,
2814 2360 3085 2418 ﬁdeliores
3122 2363 3373 2418 omnibus
3397 2378 3496 2418 vos

1905 2449 2234 2518 iudicantes.

1980 2539 2049 2594 In
2099 2541 2300 2595 ratione
2349 2541 2481 2594 dati.
2536 2541 2902 2614 Eleemosynaa
2954 2543 3184 2598 donatte.
3237 2541 3493 2596 Fructum

1911 2633 2283 2688 abundantem.
2319 2634 2564 2689 Mercede
2591 2636 2801 2691 caelesti
2830 2637 3143 2706 pollentem.
3185 2637 3253 2689 In
3283 2637 3496 2689 odorem

1909 2724 2202 2778 suavitatis.
2243 2721 2389 2778 Odor
2416 2725 2698 2780 suavitatis
2727 2741 2835 2780 non
2867 2727 2921 2779 in
2955 2742 3012 2779 re
3037 2725 3249 2790 oblata,
3299 2726 3394 2778 sed
3441 2725 3496 2777 iu

1910 2815 2107 2870 mentis
2159 2814 2430 2871 oblatione
2479 2817 2746 2872 consistit.
2809 2815 3054 2870 Hostiam
3102 2814 3493 2885 acceptabilem.

1910 2910 2057 2964 More
2083 2918 2326 2966 veterum
2354 2911 2709 2965 oblationum.
2744 2909 2968 2980 Impleat
2997 2926 3148 2963 omne
3175 2908 3495 2962 desiderium

1909 3011 2157 3056 vestrum.
2209 3000 2346 3068 Quia
2374 3009 2434 3054 ut
2462 3001 2686 3070 perfecti
2715 3001 2820 3055 alia
2851 2999 3162 3055 desiderare
3193 3015 3301 3053 non
3337 3005 3493 3068 pote-

1913 3099 2067 3155 rant,
2120 3091 2226 3146 nisi
2271 3107 2391 3161 qua:
2428 3099 2554 3146 sunt
2588 3092 2882 3147 secundum
2935 3091 3154 3145 divitias
3204 3089 3337 3154 Dei,
3385 3102 3494 3141 non

295 3177 636 3251 Qutrcunque
663 3191 784 3236 sunt
811 3200 950 3237 vera.
1004 3182 1381 3238 Permanentia
1401 3224 1416 3248 ,
1445 3184 1530 3238 vel
1560 3185 1804 3238 carentia
1834 3151 1878 3212 Ο
1913 3181 2126 3245 smculi,
2156 3188 2211 3236 et
2239 3151 2360 3252 qua:
2391 3183 2457 3238 ad
2488 3183 2711 3254 gloriam
2740 3183 3015 3254 pertinent
3040 3181 3265 3237 Christi.
3299 3178 3404 3245 Qui
3432 3177 3497 3231 de

229 3259 784 3326 mendacio..Pudica.
821 3274 1074 3328 Moribus.
1109 3274 1330 3330 Sancta.
1361 3272 1490 3330 Sine
1518 3275 1808 3330 immundi-

228 3360 314 3413 tia.
347 3361 525 3414 Iusta.
565 3361 774 3417 Debita.
813 3364 1094 3418 Amabilia.
1129 3365 1258 3419 Deo.
1295 3364 1627 3436 Quwcunque
1655 3366 1804 3420 bona:

1914 3273 2140 3328 Cirsaris
2170 3285 2290 3328 sunt
2322 3276 2498 3330 domo.
2547 3276 2649 3343 Qui
2690 3292 2862 3346 nuper
2900 3293 2967 3331 ex
3008 3274 3240 3330 Caesaris
3267 3269 3498 3327 Neronis

1914 3364 2115 3418 familia
2143 3363 2359 3420 Christo
2388 3369 2758 3422 crediderunt.

1659 3621 2012 3733 VII.

749 3853 855 3930 IN
920 3849 1506 3928 EPISTOLAM
1567 3849 1602 3923 Ι
1670 3847 1802 3922 ΑΙ)
1882 3844 2945 3924 THESSAIDNICENSES.

738 4093 962 4150 CAPUT
997 4093 1288 4150 PRIMUM.

309 4225 531 4293 Paulus,
579 4235 629 4280 et
677 4223 972 4294 Sylvanus,
1018 4235 1065 4278 et
1111 4224 1431 4280 Timotheus.
1490 4223 1645 4291 Quod
1693 4238 1803 4278 non

231 4317 356 4370 dicit
377 4315 670 4386 apostolus,
698 4313 968 4384 significat
998 4314 1303 4369 auditorum
1329 4313 1742 4384 perfectionem.

298 4407 360 4461 Et
394 4406 681 4476 Syloanus,
725 4414 775 4458 et
818 4405 1135 4459 Timotheus.
1189 4403 1255 4460 Hi
1296 4405 1606 4474 specialiter
1633 4404 1884 4468 nomi-D

233 4506 440 4558 uantur,
482 4497 626 4566 quod
675 4510 866 4550 eorum
911 4497 1162 4550 doctores
1203 4504 1381 4550 erant.
1429 4496 1719 4550 Charitatis
1759 4506 1805 4550 et

233 4589 489 4657 patientiae
527 4589 657 4656 spei.
708 4585 807 4652 Qui
838 4587 1094 4656 perfectae
1119 4587 1400 4641 cliaritatis
1427 4594 1539 4649 est,
1582 4587 1812 4644 sustinet

231 4678 402 4730 omnia
434 4677 724 4744 patienter,
770 4685 994 4745 propter
1018 4693 1167 4745 spem
1197 4675 1452 4730 futuram.
1489 4674 1590 4730 Sed
1619 4676 1675 4730 in
1701 4677 1806 4730 vir-

233 4776 353 4818 tute.
387 4766 442 4820 Id
471 4775 578 4831 est,
607 4767 909 4836 signorum,
942 4767 1347 4822 miraculorum.

299 4878 365 4932 Et
393 4877 595 4950 Spiritu
624 4890 828 4935 sancto.
869 4880 1036 4950 Cujus
1063 4882 1321 4936 virtutem
1352 4896 1450 4950 per
1477 4881 1632 4950 signa
1658 4896 1810 4936 mon-

232 4971 533 5025 stravimus.
566 4969 632 5024 In
655 4970 979 5040 plenitudine
998 4971 1186 5026 multa.
1219 4972 1278 5026 ln
1305 4969 1636 5042 perfectione
1656 4971 1814 5042 justi-

231 5061 334 5125 ti;e,
363 5061 788 5116 conversationis
816 5071 872 5117 et
894 5063 1041 5117 vitae.

296 5177 425 5232 Cum
466 5179 662 5250 gaudio
693 5179 926 5250 Spiritus
967 5181 1156 5235 sancti.
1214 5179 1368 5236 Sicut
1413 5177 1688 5249 apostolos
1731 5174 1811 5230 le-

231 5270 401 5339 gimus
430 5269 645 5325 fecisse.
679 5270 720 5322 Α
752 5271 897 5324 vobis
923 5271 1063 5325 enim
1092 5271 1427 5339 di/famatum
1455 5279 1551 5324 est.
1603 5267 1660 5322 Id
1696 5275 1811 5331 est,

230 5370 409 5416 vestro
455 5361 707 5432 exemplo
754 5371 969 5417 caetera:
1027 5361 1320 5431 provinciae
1367 5361 1435 5414 ad
1481 5357 1813 5414 credendum

231 5460 357 5506 sunt
384 5462 710 5524 provocatur.
752 5451 889 5507 Nam
920 5461 1113 5506 natura
1143 5451 1298 5505 fama:
1326 5459 1440 5515 est,
1469 5449 1584 5506 sive
1613 5449 1814 5504 bonum

225 5543 306 5597 vel
349 5544 551 5599 malum
591 5543 930 5609 nuntiantis,
979 5544 1177 5612 ubique
1205 5541 1353 5597 omni
1387 5540 1666 5596 celeritate
1698 5538 1812 5595 dis-

222 5651 468 5691 currere.
816 5691 820 5693 .

285 5727 506 5796 Aliquid
553 5728 716 5802 loqui.
775 5727 851 5782 De
897 5737 1073 5782 vestra
1105 5726 1312 5781 scilicet
1341 5724 1518 5779 laude.
1567 5723 1672 5788 Qui
1700 5725 1806 5776 eri-

1909 4090 2022 4160 puit
2051 4104 2166 4141 nos.
2217 4085 2546 4140 Dimittendo
2573 4089 2832 4153 peccata,
2875 4088 2931 4134 et
2975 4077 3218 4133 doctrina
3261 4092 3394 4145 sua,
3441 4084 3497 4134 et

1908 4179 2176 4250 exemplo.

2534 4261 2763 4319 CAPUT
2803 4260 2864 4314 Il-

1982 4359 2107 4414 Non
2138 4359 2312 4413 inanis
2341 4357 2461 4427 fuit.
2512 4353 2626 4408 Non
2658 4360 2742 4407 est
2778 4350 2952 4404 inanis
2981 4365 3161 4404 sermo
3189 4366 3351 4419 quem
3395 4351 3495 4404 im-

1909 4451 2021 4522 plet
2047 4450 2358 4507 constantia
2389 4445 2676 4517 passionis.
2724 4444 2856 4496 Aute
2899 4441 3087 4495 uexati.
3139 4439 3303 4494 Multa
3346 4441 3492 4495 enim

1909 4543 2052 4613 passi
2082 4555 2288 4604 sumus,
2319 4546 2611 4606 antequam
2639 4535 2707 4588 ad
2732 4548 2827 4586 vos
2853 4531 3211 4585 venissemus.

1980 4630 2128 4687 Sicut
2158 4631 2304 4684 scitis
2331 4629 2388 4681 in
2417 4625 2697 4695 Philippis.
2749 4621 2885 4688 Quia
2927 4621 3190 4690 aliquanti
3219 4620 3384 4675 vestri
3416 4620 3496 4673 vi-

1909 4722 2106 4776 derunt
2134 4735 2233 4774 nos
2263 4716 2529 4786 Philippis
2556 4728 2769 4784 passos,
2800 4727 2906 4765 non
2936 4711 3214 4780 expavisse
3243 4724 3496 4780 persecu-

1911 4813 2116 4875 tiones,
2145 4825 2246 4865 nce
2271 4806 2571 4879 praedicare
2599 4818 2864 4860 cessasse.

1981 4902 2048 4957 In
2074 4901 2241 4955 multa
2265 4897 2641 4954 sollicitudine.
2675 4895 2734 4950 Id
2757 4903 2858 4960 est,
2884 4910 2989 4950 non
3017 4893 3370 4964 negligenter,
3397 4906 3496 4946 nec

1910 4995 2246 5059 transitorie,
2271 4993 2366 5049 sed
2391 4993 2446 5046 in
2468 4990 2638 5045 multa
2661 4985 3039 5044 sollicitudine.
3068 4985 3190 5038 Non
3210 4999 3274 5036 ea:
3293 5000 3490 5037 errore.

1911 5087 1968 5141 Id
1998 5093 2114 5151 est,
2162 5098 2434 5154 perversa:
2469 5080 2750 5136 doctrinae.
2805 5077 2989 5146 Neque
3031 5089 3095 5128 ea:
3134 5073 3489 5127 immunditia.

1910 5178 1968 5233 Id
1997 5184 2112 5242 est,
2143 5175 2385 5230 avaritia:
2415 5187 2509 5228 seu
2541 5169 2783 5241 perversi
2813 5165 3011 5236 operis.
3057 5163 3241 5236 Neque
3268 5165 3323 5219 in
3348 5164 3489 5218 dolo.

1915 5267 2180 5322 Sermone
2217 5262 2572 5325 adulationis,
2618 5267 2712 5313 aut
2739 5273 2847 5312 non
2878 5264 3069 5311 contra
3104 5254 3496 5310 conscientiam

1913 5365 2155 5412 nostram
2183 5355 2441 5409 docentes
2465 5367 2529 5406 ac
2552 5350 2860 5406 suadentes.
2895 5347 2997 5402 Sed
3021 5348 3154 5402 sicut
3179 5346 3383 5418 probati
3410 5362 3496 5398 su-

1913 5465 2048 5503 mus.
2086 5446 2239 5502 Sicut
2264 5444 2514 5516 probavit
2544 5458 2643 5497 uos
2670 5442 2813 5497 Deus
2843 5442 3034 5512 dignos
3062 5454 3182 5494 esse
3209 5438 3276 5493 ad
3304 5437 3497 5510 praidi-

1915 5537 2145 5594 candum
2174 5534 2546 5606 Evangelium.

1988 5629 2169 5700 Neque
2197 5629 2252 5682 in
2276 5627 2549 5682 occasione
2576 5627 2832 5680 avaritiw.
2885 5622 3072 5680 Omnis
3103 5623 3193 5693 qui
3222 5623 3494 5688 adulatur,

1916 5731 2010 5776 aut
2037 5729 2260 5792 pr0ptcr
2289 5718 2570 5773 avaritiam
2596 5758 2610 5784 ,
2661 5725 2751 5771 aut
2798 5723 3014 5785 propter
3045 5729 3238 5771 vanam
3268 5713 3492 5784 gloriam
