3982 6198
430 291 530 350 219

1805 296 2077 355 SEDULII
2116 296 2317 356 SCOTI

3566 302 3681 357 2ἱο

429 411 700 469 adulatur.
745 412 841 469 Ille
875 427 1005 486 ergo
1041 414 1303 485 probatur
1331 422 1554 486 propter
1582 414 1753 470 Deum
1787 417 2003 481 docere,
2032 424 2085 486 Α
2110 412 2369 468 Dominus
2405 427 2692 483 passurum
2727 426 2787 470 se
2821 419 2949 470 ante
2980 413 3248 485 praedixit.
3280 413 3456 470 Labor
3483 427 3676 474 noster.

430 502 521 569 qui
554 502 712 557 istam
741 519 849 559 non
877 504 1090 573 quaerit.
1140 503 1244 559 Sed
1274 506 1470 575 fuimus
1498 505 1704 577 parvuli
1731 506 1868 560 inter
1892 522 1999 560 vos.

431 591 487 644 Id
518 601 634 657 est,
675 593 1021 648 humiliantes
1050 609 1181 660 nos,
1218 603 1273 649 et
1301 610 1401 649 nec
1430 595 1669 650 debitum
1699 602 2005 664 quaerentes

431 681 711 737 honorem.
748 682 1019 753 Tanquam
1054 685 1099 738 si
1136 684 1315 738 nutriat
1340 684 1510 753 foveat
1534 684 1675 755 ﬁlios
1701 701 1841 739 suos.
1894 684 2006 738 IIu-

430 771 649 839 milians
676 786 737 826 se
765 773 821 827 in
848 775 1099 829 omnibus
1132 774 1360 844 parvulo
1389 781 1663 843 comquat,
1697 782 1758 829 ut
1786 774 1906 830 illos
1936 775 2004 829 ad

432 858 639 927 majora
666 876 763 915 sua
788 862 1089 918 imitatione
1115 865 1393 934 perducat.
1425 862 1562 919 Nam
1586 872 1641 919 et
1664 864 1896 920 balbutit
1923 866 2004 919 in-

428 953 643 1007 terdum
668 955 879 1025 lingua,
910 963 965 1011 et
991 957 1317 1012 manducare
1346 956 1515 1026 ﬁngit,
1543 966 1598 1011 ct
1629 972 1751 1012 cum
1782 973 1847 1011 eo
1877 956 1999 1029 [eis]

428 1041 574 1099 lente
593 1045 870 1100 ambulare
889 1047 1213 1101 consuescit.
1241 1046 1319 1102 Ita
1343 1063 1441 1102 nos
1461 1048 1642 1103 omnia
1659 1047 1885 1104 fecimus
1902 1063 2003 1119 per

427 1150 550 1206 qua:
576 1135 841 1205 proﬁcere
876 1138 1158 1206 poteratis.
1207 1137 1312 1193 Sed
1348 1140 1508 1191 etiam
1536 1140 1741 1193 animas
1770 1148 1997 1194 nostras.

433 1224 505 1281 Ut
529 1244 542 1278 :
574 1223 689 1296 Ego
714 1243 828 1280 sum
852 1236 1033 1298 pastor
1057 1228 1242 1294 bonus,
1271 1228 1433 1282 bonus
1458 1238 1631 1282 autem
1654 1239 1835 1299 pastor
1855 1233 1999 1300 ponit

427 1318 661 1370 animum
687 1334 838 1371 suam
872 1334 968 1388 pro
995 1318 1171 1373 ovibus
1207 1321 1318 1373 suis
1342 1316 1400 1390 (1
1405 1336 1526 1373 οαη.
1553 1318 1631 1390 ι).
1669 1319 1995 1375 Charissimi.

426 1409 655 1479 Propter
681 1410 843 1466 ﬁdem
869 1420 925 1467 et
950 1414 1419 1467 conversationem
1446 1419 1708 1466 nostram.
1744 1411 1999 1467 Laborem

423 1510 680 1556 nostrum.
730 1502 788 1556 Id
816 1510 933 1568 est,
968 1518 1245 1557 manuum.
1295 1501 1703 1574 Fatigationem.
1753 1503 1810 1557 In
1842 1505 2002 1571 itine-

425 1591 578 1646 ribus
615 1592 683 1645 ad
719 1592 1121 1660 praedicandum
1150 1592 1516 1663 Evangelium.
1567 1590 1633 1645 Ut
1671 1592 1872 1647 nullum
1910 1611 1999 1649 ve-

423 1693 591 1736 strum
621 1699 975 1753 gravaremus.
1025 1683 1142 1738 Non
1183 1691 1375 1754 gravat
1397 1683 1735 1749 Corinthios,
1776 1693 1999 1755 propter

2107 504 2366 560 Doctrina
2402 513 2607 560 nostra.
2661 505 2729 560 In
2772 507 2915 559 omni
2959 506 3282 561 necessitate.
3324 504 3550 564 Omnem
3584 525 3682 567 ne-

2107 594 2416 649 cessitatem
2452 601 2507 648 et
2540 594 2946 650 tribulationem
2972 610 3081 649 non
3101 596 3384 662 sentimus,
3412 612 3512 666 pro
3542 598 3683 651 mul-

2106 686 2336 741 titudine
2362 686 2541 758 gaudii
2569 696 2740 743 status
2766 689 2952 743 vestri.
2986 687 3249 753 Quoniam
3277 706 3413 744 nunc
3440 691 3680 746 vivimus.

2104 776 2332 830 Etiamsi
2359 776 2689 844 occidamur,
2712 777 2980 842 'vivimus,
3011 794 3240 847 quorum
3277 779 3381 833 vita
3413 778 3468 834 in
3496 792 3681 837 vestra

2105 862 2362 918 ﬁrmitate
2383 866 2651 920 consistit.
2687 865 2858 937 Super
2878 884 3027 922 omne
3050 868 3326 938 gaudium.
3360 869 3675 939 Triplicem,

2104 954 2379 1020 ostendit,
2429 972 2649 1012 causam
2693 956 2895 1013 laetitia:
2927 959 3084 1015 nobis
3114 967 3297 1014 vestra
3335 963 3680 1019 conversatio

2102 1052 2343 1113 praestat,
2373 1046 2500 1116 quia
2528 1054 2584 1101 et
2607 1062 2703 1101 vos
2730 1048 3057 1117 profecistis,
3082 1057 3139 1105 et
3167 1050 3426 1107 Dominus
3451 1066 3548 1119 per
3579 1068 3679 1108 vos

2103 1133 2458 1199 benedicitur,
2483 1142 2537 1189 et
2558 1135 2677 1189 aliis
2701 1138 2955 1205 prtebetis
2977 1137 3301 1206 exemplum.
3332 1138 3463 1204 Qua:
3487 1140 3683 1198 desunt

2102 1220 2229 1290 ﬁdei
2254 1233 2454 1279 vestr-az.
2503 1224 2622 1280 Non
2666 1227 2781 1296 ipsa
2810 1227 2944 1283 ﬁdes
2974 1229 3153 1295 deest,
3196 1230 3291 1285 sed
3325 1230 3682 1294 confortatio,

2102 1320 2164 1365 ut
2201 1313 2254 1366 in
2284 1312 2389 1368 ﬁde
2419 1326 2773 1385 permaneant
2802 1332 2972 1386 usque
2999 1318 3054 1372 in
3085 1318 3269 1373 finem.
3304 1318 3508 1389 Dirigat
3534 1323 3673 1376 viam

2103 1414 2355 1460 nostram.
2392 1406 2447 1460 Id
2478 1416 2579 1472 est,
2608 1409 2830 1462 remotis
2859 1406 3138 1464 diabolicis
3165 1410 3452 1475 scandalis,
3475 1411 3675 1481 quibus

2103 1503 2288 1549 noster
2334 1497 2660 1568 impediatur
2705 1500 2985 1555 adventus.
3040 1499 3144 1554 Vos
3195 1510 3369 1555 autem
3412 1502 3672 1558 Dominus

2103 1583 2428 1654 multiplicet.
2475 1586 2628 1642 Sicut
2665 1598 2721 1643 et
2756 1604 2854 1644 nos
2888 1590 3267 1660 multiplicavit
3295 1593 3349 1647 in
3380 1593 3670 1650 charitate.

2104 1669 2227 1726 Sine
2251 1674 2481 1743 querela.
2524 1675 2580 1732 Id
2607 1685 2689 1733 est
2706 1719 2720 1743 ,
2756 1681 2964 1748 peccati
2990 1682 3301 1751 principalis
3330 1682 3471 1752 apud
3498 1683 3671 1739 Deum

424 1773 906 1844 pseudoaposwlos
929 1789 1155 1829 munera
1180 1785 1517 1845 qumfenms;
1558 1775 1660 1829 hos
1683 1782 1865 1830 autem
1890 1792 1997 1830 ηοη
2025 1763 2073 1822 Β
2099 1769 2155 1815 CI.
2184 1762 2446 1819 homines.
2480 1764 2611 1820 Cum
2640 1768 2877 1823 omnibus
2902 1771 3116 1825 sanctis.
3152 1770 3277 1827 SIVB
3305 1773 3530 1843 angelis,
3554 1775 3677 1831 sive

426 1874 644 1933 gravat,
686 1873 746 1920 ut
773 1865 1041 1936 inquietos
1068 1865 1159 1937 qui
1189 1875 1344 1922 erant
1383 1882 1451 1923 ex
1487 1867 1592 1921 illis
1617 1869 1862 1938 exemplo
1897 1885 1997 1925 suo

423 1963 720 2011 coerceret.

498 2046 670 2113 Quam
698 2058 893 2103 sancte.
940 2048 1243 2105 Secundum
1274 2057 1528 2105 mentem.
1572 2051 1740 2106 Iuste.
1791 2050 1995 2106 Secun-

424 2139 557 2194 dum
595 2141 736 2195 bona
775 2156 958 2211 opera.
1001 2141 1072 2195 Et
1105 2142 1215 2195 sine
1259 2141 1489 2212 querela.
1539 2140 1656 2197 Non
1697 2142 1833 2197 alios
1871 2158 1995 2213 gra-

429 2229 605 2284 vando
630 2230 684 2283 in
709 2229 1183 2284 sollicitudinibus.
1211 2229 1267 2284 Si
1287 2230 1409 2298 quis
1427 2230 1569 2285 enim
1591 2238 1809 2286 sanctus
1830 2230 1995 2286 fuerit

427 2317 639 2381 doctor,
681 2334 788 2373 non
818 2330 997 2374 tamen
1024 2320 1140 2374 sine
1168 2319 1388 2389 querela
1418 2328 1528 2383 est,
1561 2321 1605 2375 si
1634 2321 1769 2376 alios
1796 2321 1994 2377 sollici-

425 2408 705 2463 tudinibus
747 2424 907 2479 supra
947 2410 1164 2465 modum
1209 2419 1482 2481 aggravat.
1520 2409 1742 2465 Verbum
1781 2412 1992 2467 auditus

419 2498 536 2552 Dei.
585 2498 640 2553 Id
669 2507 783 2566 est,
813 2500 955 2569 quod
981 2500 1214 2571 primum
1241 2501 1307 2555 de
1332 2502 1443 2556 Deo
1469 2500 1693 2555 audistis
1713 2541 1728 2567 ,
1775 2502 1891 2557 sive
1933 2511 1993 2556 ut

417 2590 677 2645 audiretis
704 2591 894 2646 Deum.
946 2590 1070 2645 Non
1108 2601 1164 2645 ut
1200 2591 1409 2645 verbum
1438 2592 1726 2646 hominum.
1774 2592 1844 2647 Ut
1872 2608 1990 2648 ver-

415 2682 544 2737 bum
582 2682 859 2737 hominum
898 2684 1135 2754 accipit,
1185 2684 1277 2754 qui
1307 2685 1625 2739 contemnit.
1662 2683 1773 2739 Vos
1810 2695 1989 2739 autem

418 2772 491 2826 ita
529 2773 854 2838 credidistis,
886 2784 946 2829 ut
977 2774 1046 2829 ab
1074 2775 1191 2845 ipso
1224 2776 1331 2831 Deo
1359 2791 1455 2831 vos
1483 2776 1671 2831 audire
1703 2778 1987 2846 putaretis.

419 2861 779 2918 Ecclesiarum
808 2864 903 2919 Dei
929 2881 1045 2936 qua:
1074 2876 1193 2919 sunt
1221 2867 1275 2920 in
1301 2866 1514 2921 Judaza.
1556 2866 1613 2920 Id
1646 2874 1759 2932 est,
1795 2868 1990 2936 quibus

415 2951 652 3006 dicitur:
683 2952 819 3007 Nam
849 2961 903 3008 et
932 2954 1130 3009 vinctis
1161 2955 1427 3024 compassi
1454 2954 1619 3021 estis,
1656 2963 1712 3009 et
1742 2956 1989 3025 rapinam

416 3040 681 3094 honorum
708 3050 1011 3098 vestrorum
1046 3059 1170 3099 cum
1202 3044 1397 3115 gaudio
1424 3045 1759 3114 suscepistis.
1803 3044 1908 3111 Qui
1936 3056 1986 3101 et

2098 1852 2426 1910 hominibus.

2696 1948 2922 2006 CAPUT
2960 1950 3048 2007 IV.

2164 2032 2244 2087 De
2271 2045 2456 2089 cratera
2484 2054 2602 2107 ergo
2636 2055 2776 2109 rogo,
2810 2040 3020 2109 fratres.
3057 2042 3187 2098 Post
3210 2045 3421 2101 laudem
3449 2056 3505 2103 et
3530 2064 3669 2104 con-

2096 2122 2455 2180 ﬁrmationem
2511 2127 2700 2197 incipit
2750 2130 3072 2186 exhortatio.
3138 2133 3424 2190 Abundetis
3475 2140 3666 2208 magis.

2095 2212 2230 2282 Quia
2272 2231 2394 2270 cum
2428 2227 2587 2275 aetate
2629 2218 2753 2275 ﬁdei
2795 2221 2989 2276 debent
3031 2239 3229 2293 augere
3268 2227 3569 2295 profectum
3610 2220 3673 2285 et

2094 2316 2297 2368 mores,
2330 2306 2471 2359 sicut
2499 2322 2721 2362 accessu
2748 2311 2983 2366 carnalis
3011 2312 3185 2368 :elatis
3226 2322 3282 2368 et
3320 2330 3517 2384 corpus
3544 2332 3669 2373 cre-

2093 2392 2197 2446 scit
2223 2401 2279 2447 et
2306 2394 2562 2449 studium.
2594 2399 2636 2451 Α
2658 2398 3021 2467 fornicatione.
3056 2400 3187 2457 Tam
3214 2406 3475 2475 spirituali
3502 2423 3669 2476 quam

2093 2487 2379 2555 corporali.
2414 2487 2580 2543 Suum
2598 2482 2697 2545 ‘vas
2722 2492 3004 2562 possidere.
3041 2495 3325 2565 Proprium
3352 2514 3507 2553 suum
3539 2514 3670 2554 cor—

2091 2593 2191 2648 pus
2225 2580 2337 2635 sive
2368 2582 2648 2653 coniugem
2680 2591 2826 2639 caste
2853 2584 3070 2640 habere.
3112 2584 3242 2651 Qute
3270 2605 3373 2642 non
3410 2600 3669 2645 noverunt

2090 2669 2280 2725 Deum.
2315 2670 2608 2727 Auctorem
2639 2676 2924 2731 castitatis.
2967 2674 3034 2731 Ut
3064 2695 3126 2732 ne
3150 2680 3264 2749 quis
3293 2683 3667 2752 supergredia-

2090 2767 2198 2813 tur.
2235 2760 2313 2816 Ne
2340 2762 2462 2832 quis
2488 2778 2639 2818 suam
2674 2766 2954 2836 coniugem
2990 2768 3396 2838 derelinquens,
3440 2772 3669 2829 alterius

2088 2851 2330 2921 polluere
2359 2861 2565 2923 quazrat
2591 2871 2835 2923 uxorem,
2866 2859 2978 2913 sive
3007 2859 3061 2913 in
3087 2861 3326 2929 quolibet
3348 2863 3562 2933 negotio
3592 2881 3667 2921 ne

2085 2940 2212 3011 quis
2243 2940 2472 2998 alterum
2502 2942 2751 3012 fraudet,
2801 2956 2862 2999 ut
2910 2948 2998 3017 qui
3040 2950 3327 3018 pecuniam
3364 2966 3514 3006 suam
3546 2968 3667 3008 non

2089 3031 2158 3086 ad
2176 3047 2397 3087 usuram
2419 3033 2659 3089 dederat.
2687 3034 2811 3088 Non
2836 3036 3093 3091 hominem
3119 3040 3334 3108 spernit,
3355 3040 3445 3093 sed
3463 3039 3660 3095 Deum.

415 3129 696 3186 Dominum
722 3133 1039 3187 occiderunt.
1075 3134 1213 3201 Quid
1240 3134 1437 3188 mirum
1463 3136 1508 3190 si
1536 3152 1635 3191 nos
1658 3151 1987 3207 persequun-

2096 3119 2205 3176 Non
2231 3137 2350 3177 mea
2376 3123 2541 3177 verba
2570 3123 2817 3193 despicit,
2846 3126 2940 3179 sed
2966 3125 3082 3194 ejus
3109 3128 3199 3196 qui
3229 3128 3283 3181 in
3311 3144 3397 3183 me
3422 3128 3667 3198 loquitur

418 3228 525 3285 tur,
558 3222 647 3291 qui
689 3236 790 3277 nec
830 3223 1057 3278 Domino
1098 3233 1476 3295 pepercerunt.
1524 3224 1862 3282 Prohibentes
1890 3245 1983 3282 nos

414 3310 647 3378 gentibus
676 3310 835 3383 loqui.
886 3312 1002 3368 Non
1042 3313 1212 3369 solum
1250 3313 1464 3370 Judaaos
1504 3315 1839 3386 impediunt,
1889 3317 1984 3371 sed

414 3399 579 3452 etiam
608 3401 857 3469 gentibus
886 3401 1127 3457 invident
1151 3404 1217 3457 ad
1245 3418 1466 3458 suorum
1492 3405 1767 3460 cumulum
1793 3422 1984 3476 pecca-

416 3497 614 3544 torum.
653 3487 914 3546 Prwvenit
942 3493 1077 3545 enim
1101 3510 1257 3563 super
1282 3492 1401 3548 illos
1425 3496 1506 3549 ira
1535 3494 1651 3549 Dei.
1703 3494 1830 3552 Sive
1856 3499 1982 3567 quia

414 3581 653 3649 praedico
682 3597 788 3652 qua
817 3597 975 3652 pmna
1004 3584 1149 3654 capti
1174 3592 1319 3660 sunt,
1345 3585 1458 3641 sive
1482 3587 1607 3656 quia
1639 3587 1850 3643 ablatus
1875 3606 1981 3644 non

416 3672 761 3728 credentibus
787 3682 872 3728 est
899 3674 1223 3740 intellectus,
1252 3677 1365 3732 sive
1394 3677 1483 3732 hic
1510 3679 1847 3748 prophetizat
1866 3678 1982 3734 vin-

413 3764 614 3819 dictam
636 3766 812 3821 crucis
830 3767 982 3835 quasi
1010 3768 1160 3836 prius
1183 3767 1323 3823 facta
1347 3776 1509 3823 esset.
1535 3768 1708 3841 Usque
1728 3771 1781 3824 in
1799 3770 1977 3839 ﬁnem.

419 3853 601 3923 Usque
627 3854 752 3909 dum
777 3857 1024 3923 credunt,
1048 3857 1134 3912 vel
1164 3874 1330 3928 usque
1358 3861 1426 3914 ad
1456 3860 1595 3914 diem
1621 3860 1808 3930 iudicii
1827 3901 1841 3925 ,
1879 3869 1939 3915 ut
1964 3880 1976 3915 :

417 3945 765 4017 Opprobrium
813 3952 1178 4020 sempiternum
1222 3953 1361 4007 dedit
1408 3955 1512 4008 illis
1550 3953 1723 4025 (Psal.
1750 3956 1976 4027 Lxxvu).

411 4037 528 4106 Ego
553 4039 780 4108 quidem.
821 4038 1113 4092 Festinavi.
1156 4038 1382 4095 Paulus.
1412 4043 1539 4096 Non
1574 4045 1785 4114 aliquos
1822 4061 1853 4098 a
1893 4062 1981 4102 me

410 4129 629 4183 nuntios
656 4130 939 4183 destinavi.
986 4129 1261 4200 Impedivit
1301 4148 1393 4185 nos
1426 4131 1678 4187 Satanas.
1724 4134 1974 4203 Tribula-

410 4218 646 4271 tionibus
683 4220 1152 4288 persequentium,
1201 4221 1314 4275 sive
1356 4222 1534 4276 omnis
1571 4221 1726 4277 labor
1755 4232 1975 4278 contra-

408 4307 522 4362 rius
560 4305 792 4364 Satanas
833 4309 936 4364 dici
979 4318 1175 4381 potest.
1235 4311 1368 4367 Nam
1411 4310 1643 4368 Satanas
1688 4312 1976 4383 aliquando

405 4411 512 4450 non
541 4404 716 4466 potest
744 4399 1005 4470 impedire
1033 4401 1285 4455 virtutem
1318 4402 1515 4467 animi;
1553 4419 1672 4472 qute
1701 4414 1880 4459 autem
1908 4406 1977 4460 ad

405 4486 619 4543 labores
652 4490 895 4559 corporis
929 4492 1243 4560 pertinent,
1293 4508 1435 4562 saepe
1474 4501 1655 4562 potest
1693 4494 1973 4563 impedire.

408 4578 539 4644 Qutc
557 4580 694 4633 enim
715 4597 829 4649 spes
853 4584 1069 4637 nostra?
1090 4582 1205 4638 Non
1228 4584 1499 4640 immerito
1520 4600 1616 4641 vos
1637 4585 1974 4654 deseramus,

402 4682 502 4736 per
527 4681 662 4738 quos
688 4676 744 4722 et
768 4669 969 4725 laetitia:
996 4673 1246 4742 gaudium
1277 4690 1578 4743 speramus,
1603 4684 1658 4731 et
1682 4676 1866 4745 gloria:
1891 4693 1977 4733 co-

406 4772 594 4811 ronam
624 4774 729 4813 non
760 4761 1089 4816 sustinentes
1109 4802 1124 4828 ,
1169 4778 1276 4819 non
1311 4765 1580 4833 patiemur
1620 4774 1681 4820 ut
1717 4782 1878 4822 nemo
1908 4769 1975 4823 ad

400 4862 496 4901 vos
525 4848 754 4903 veniret.

1002 4939 1227 4996 CAPUT
1263 4940 1346 4995 III.

2085 3211 2315 3276 Christi,
2350 3213 2503 3283 cuius
2530 3213 2742 3282 spiritui
2772 3214 3023 3282 iniuriam
3054 3216 3185 3271 facit
3211 3217 3387 3271 omnis
3420 3217 3511 3287 qui
3545 3232 3666 3273 non

2086 3312 2270 3357 sancte
2299 3312 2670 3357 conversatur.
2704 3303 2747 3356 A
2772 3304 2884 3359 Deo
2912 3306 3185 3361 didicistis.
3221 3308 3267 3361 A
3291 3308 3526 3374 Christo,
3561 3309 3665 3377 qui

2084 3391 2216 3445 dixit
2239 3410 2250 3444 :
2280 3391 2589 3446 Mandatum
2612 3410 2797 3447 novum
2818 3395 2886 3447 do
2910 3395 3067 3461 vobis,
3090 3405 3145 3450 ut
3165 3396 3395 3468 diligatis
3415 3398 3661 3465 invicem,

2082 3484 2215 3536 sicut
2242 3483 2403 3537 dilexi
2432 3500 2519 3537 vos
2545 3483 2759 3555 (Matth.
2789 3484 2936 3556 xxv).
2980 3486 3048 3540 Et
3080 3488 3201 3543 ideo
3228 3504 3425 3544 novum
3452 3498 3563 3557 est,
3592 3501 3671 3547 ut

2081 3587 2181 3642 pro
2202 3573 2463 3628 alterutro
2489 3575 2800 3639 moriamur,
2828 3577 2953 3645 quia
2979 3577 3081 3632 hoc
3103 3577 3267 3634 Vetus
3290 3595 3397 3634 non
3414 3579 3669 3649 iusserat

2083 3664 2508 3718 Testamentum.
2543 3665 2611 3719 In
2635 3666 2873 3721 universa
2895 3667 3226 3724 Macedonia.
3259 3671 3318 3726 Id
3339 3680 3441 3738 est,
3465 3689 3571 3728 non
3599 3674 3667 3731 in

2085 3754 2467 3810 Thessalonica
2493 3760 2730 3812 tantum.
2768 3756 2834 3812 Ut
2864 3758 3135 3815 abundetis
3162 3764 3348 3833 magis.
3394 3764 3508 3823 Hoc
3534 3775 3621 3821 est
3639 3810 3660 3832 ,

2081 3850 2245 3904 etiam
2275 3851 2487 3921 ignotos
2514 3867 2757 3923 quosque
2783 3852 3037 3922 diligatis.
3073 3852 3141 3908 Ut
3166 3858 3325 3928 quieti
3350 3858 3485 3912 sitis.
3522 3858 3667 3924 Qui-

2080 3941 2204 3995 dam
2249 3957 2435 3997 eorum
2478 3944 2715 4012 inquiete
2758 3961 2855 4014 per
2893 3945 3227 4001 diversorum
3271 3948 3662 4003 discurrebant

2082 4031 2294 4097 domus,
2317 4033 2491 4102 aliqua
2516 4035 2678 4088 etiam
2701 4036 2768 4090 ad
2791 4035 3066 4105 religionis
3083 4038 3425 4107 opprobrium
3448 4039 3517 4092 ab
3535 4040 3667 4095 iuti-

2080 4120 2289 4177 delibus
2311 4124 2664 4192 postulantes,
2692 4142 2852 4196 quam
2878 4143 3093 4183 causam
3116 4128 3324 4198 plenius
3343 4129 3410 4184 ad
3430 4132 3662 4188 eosdem

2080 4212 2411 4279 exsequitur.

2153 4298 2219 4352 Et
2250 4309 2303 4352 ut
2332 4310 2554 4355 vestrum
2591 4306 2851 4374 negotium
2883 4307 3069 4377 agatis.
3122 4307 3353 4363 Necesse
3386 4317 3472 4364 est
3502 4311 3658 4365 enim

2080 4391 2313 4446 otiosum
2354 4393 2694 4450 inhonestum
2738 4412 2894 4463 esse,
2948 4399 3077 4453 dum
3125 4402 3429 4455 necessaria
3473 4402 3661 4459 victus

2078 4485 2338 4553 requirit,
2377 4486 2671 4542 adulationi
2699 4504 2913 4558 quoque
2938 4506 3157 4559 operam
3187 4493 3349 4559 dare,
3381 4493 3657 4551 novitates

2076 4575 2238 4629 etiam
2286 4590 2560 4630 rumorum
2612 4578 2847 4642 sectari,
2897 4593 3183 4634 causarum
3235 4579 3660 4650 fabularumque

2076 4666 2458 4735 occupationes
2484 4666 2830 4734 conquirere,
2873 4682 2973 4736 per
2998 4682 3134 4736 quas
3170 4668 3489 4738 sibimetipsi
3525 4670 3650 4725 adi-

2078 4759 2192 4806 tum
2239 4762 2394 4824 paret
2441 4756 2508 4810 ad
2554 4754 2863 4809 facultatem
2887 4796 2903 4820 ,
2957 4771 3062 4825 qua
3110 4755 3441 4812 diversorum
3470 4757 3659 4813 valeat

2075 4841 2265 4897 domus
2294 4852 2601 4913 penetrare.
2650 4844 2751 4911 Qui
2792 4845 2908 4899 haec
2945 4846 3126 4901 omnia
3167 4846 3326 4912 facit,
3364 4847 3653 4905 inhoneste

2074 4932 2334 4987 ambulat.
2369 4933 2606 4989 Honeste
2635 4935 2724 4989 hic
2756 4934 2996 4989 ambulat
3019 4936 3404 5004 processionis,
3436 4945 3488 4990 et
3514 4936 3654 4991 visi-

472 5027 733 5084 Solitarii.
771 5030 1053 5087 Maluimus
1080 5033 1224 5087 enim
1255 5033 1352 5087 soli
1382 5048 1665 5092 remanere
1689 5051 1852 5106 quam
1881 5052 1972 5093 ne-
2070 5022 2294 5078 ίθῑίοηίε
2318 5032 2372 5077 et
2398 5023 2494 5079 θεῖ
2523 5023 2674 5078 Verbi
2702 5040 2865 5080 causa
2892 5025 3191 5081 ambulans-

399 5117 539 5171 scire
568 5120 694 5185 quid
724 5123 915 5191 agatis.
950 5122 1020 5177 Et
1047 5123 1283 5177 misimus
1312 5122 1658 5179 Timotheum.
1698 5124 1968 5192 Quaeritur

2142 5110 2209 5166 Ut
2234 5114 2443 5166 honeste
2469 5112 2744 5167 ambuletis
2772 5114 2841 5167 ad
2870 5131 2957 5169 eos
2981 5114 3070 5184 qui
3094 5113 3223 5182 foris
3249 5121 3388 5167 sunt.
3433 5112 3493 5167 Id
3527 5121 3649 5179 est,

398 5207 665 5274 quomodo
693 5208 1005 5267 Timotheus
1033 5212 1231 5267 missus
1260 5214 1347 5277 sit,
1380 5214 1472 5283 qui
1500 5215 1707 5283 pariter
1731 5215 1967 5285 scriptus
2067 5218 2136 5258 ηθ
2168 5217 2266 5257 V03
2311 5202 2412 5272 ίρεί
2456 5203 2714 5257 denum“
2734 5245 2747 5269 ν
2799 5204 2891 5273 qni
2936 5210 3192 5274 ρτεεειπθ
3229 5202 3498 5258 “demur-

397 5306 499 5352 cst.
531 5297 646 5353 Non
673 5313 801 5368 ergo
824 5301 927 5356 hac
950 5302 1065 5357 vice
1096 5303 1293 5358 missus
1319 5303 1408 5367 sit,
1435 5304 1528 5358 sed
1551 5304 1719 5374 prius.
1753 5303 1822 5358 In
1846 5305 1964 5360 hoc.

2137 5291 2215 5345 De
2247 5291 2638 5346 dormientibus.
2686 5292 2744 5348 Id
2792 5301 2895 5359 est,
2949 5293 3016 5348 de
3069 5292 3298 5348 mortuis
3343 5290 3649 5357 dormiunt,

398 5385 638 5454 Labore,
679 5395 774 5442 ut:
808 5387 943 5441 Ecce
968 5406 1059 5459 ego
1088 5391 1236 5444 mitto
1270 5408 1359 5445 vos
1388 5391 1521 5445 sicut
1556 5408 1672 5445 oves
1709 5393 1765 5445 in
1798 5391 1968 5445 medio
2069 5401 2204 5458 quas
2230 5393 2437 5440 certum
2458 5392 2541 5439 est
2579 5401 2880 5455 resurgere.

400 5471 660 5543 luporum,
688 5484 794 5532 etc.
825 5476 1038 5548 (Matth.
1069 5476 1145 5545 x).
1172 5476 1339 5533 Positi
1363 5497 1564 5534 sumus.
1596 5480 1639 5533 A
1666 5481 1793 5534 Deo.
1823 5479 1971 5534 Prce-

402 5562 703 5618 dicabamus
726 5566 887 5621 vobis.
926 5566 997 5622 Ut
1023 5581 1127 5622 non
1148 5582 1244 5623 vos
1269 5568 1383 5638 ipsa
1412 5571 1622 5625 novitas
1646 5571 1969 5635 deterreret,

400 5655 498 5709 sed
543 5656 722 5726 magis.
754 5658 1089 5727 prophetiam
1132 5665 1372 5712 nostram
1412 5658 1690 5728 ﬁrmaret,
1743 5660 1882 5716 sicut
1921 5668 1975 5714 ct

2149 5476 2316 5532 Verbo
2350 5476 2582 5540 Domini,
2614 5474 2689 5530 Ut
2717 5494 2728 5529 ε
2760 5475 2863 5541 Qui
2902 5475 3062 5530 credit
3085 5476 3141 5530 in
3180 5491 3263 5529 me
3284 5474 3380 5529 etsi
3404 5481 3653 5526 mortuus

2075 5568 2255 5637 fuerit,
2281 5568 2430 5620 vivet.
2468 5565 2634 5620 Verbo
2661 5566 2894 5630 Domini,
2927 5568 3017 5636 qui
3050 5568 3103 5623 in
3131 5565 3299 5621 Paulo
3326 5562 3659 5633 loquebatur

2077 5657 2207 5712 illud
2244 5658 2385 5727 quod
2414 5657 2676 5727 sequitur.
2712 5655 2849 5720 Quia
2880 5673 2971 5710 nos
2999 5658 3089 5729 qui
3115 5655 3352 5719 vivimus,
3398 5653 3487 5723 qui
3517 5650 3656 5704 resi-
