3982 6198
285 334 390 393 ρει

1317 338 1646 396 COLLECT.
1689 337 1757 393 ΙΝ
1795 335 2015 393 EPIST.
2055 340 2097 396 Il
2132 344 2225 398 AD
2265 344 2508 403 THESS.

3432 354 3538 412 222

287 453 383 506 dui
410 466 596 505 sumus
624 452 680 505 in
714 448 943 507 adventu
982 452 1218 522 Domini,
1242 473 1346 510 non
1389 458 1757 527 prceveniemus
1784 472 1871 511 eos
1895 457 1949 516 Α
1973 458 2263 531 vigilemus.
2311 461 2365 517 ld
2397 469 2509 527 est,
2541 462 2727 519 oculos
2764 477 2978 534 semper
3006 465 3073 522 ad
3100 465 3384 522 Dominum
3413 471 3549 541 vigi-

287 544 382 615 φιὶ
399 543 752 598 dormierunt.
774 543 889 601 Hoc
917 555 1098 602 autem
1124 548 1410 603 dicendum
1450 558 1661 618 reputat
1688 564 1872 604 secum

288 636 375 691 his
404 648 543 704 quos
567 633 724 689 vivos
768 636 1008 692 inveniet
1040 636 1156 694 dies
1174 636 1394 706 judicii,
1424 640 1551 693 dum
1586 640 1762 694 adhuc
1786 638 1870 692 vi-

286 733 425 780 vunt
469 725 524 779 in
568 740 819 795 corpore.
866 726 1039 781 Aliter
1068 728 1303 783 Verbum
1346 728 1559 783 Domini
1593 736 1711 784 est:
1751 727 1869 782 Non

284 815 655 887 prievenimus
707 830 803 872 eos
839 818 934 886 qui
971 819 1339 885 dormierunt,
1386 821 1512 891 quia
1558 828 1670 876 tam
1713 821 1870 876 velox

283 908 391 962 erit
426 907 762 961 resurrectio
798 920 986 962 eorum
1016 925 1179 983 quam
1218 920 1404 965 nostra
1445 913 1758 981 assumptio.

355 997 423 1051 In
451 998 618 1067 jussu
669 997 802 1065 Dei,
849 1006 910 1053 ut
954 1017 968 1054 :
1023 1000 1224 1056 Mortui
1265 1004 1480 1057 audient
1525 1021 1696 1059 vocem
1738 1003 1869 1058 Filii

284 1089 379 1142 Dei
412 1089 600 1159 (loan.
630 1090 708 1160 v).
751 1089 819 1143 Et
846 1090 901 1144 in
945 1107 1068 1145 voce
1107 1093 1429 1162 archangeli,
1480 1095 1581 1149 hoc
1627 1103 1711 1149 est
1757 1110 1866 1150 cm-

280 1180 500 1235 lestium
546 1181 844 1247 virtutum,
897 1190 991 1236 aut
1022 1183 1078 1236 in
1124 1184 1575 1240 manifestatione
1604 1189 1751 1242 vocis
1788 1205 1867 1242 ar-

283 1269 651 1339 ehangelicae;
675 1269 857 1336 aliter,
896 1270 949 1325 in
999 1287 1129 1327 voce
1170 1272 1394 1340 Christi,
1424 1275 1535 1330 sive
1558 1276 1865 1344 Michaelis,

280 1371 371 1415 aut
397 1361 695 1427 Gabrielis,
724 1364 870 1432 quod
901 1365 1289 1433 interpretatur
1320 1366 1578 1421 fortitudo
1610 1368 1736 1433 Dei,
1773 1371 1866 1439 qui

280 1454 413 1507 dicit
439 1468 454 1506 :
480 1455 713 1523 surgite,
761 1455 1220 1525 expergiscimini.
1247 1457 1315 1511 In
1339 1459 1483 1512 tuba.
1519 1459 1575 1512 ln
1604 1459 1862 1514 clamore.

279 1542 568 1598 Descendet
595 1544 661 1597 de
688 1544 833 1598 ctzlo.
861 1544 919 1598 In
947 1560 1095 1610 aera,
1124 1547 1237 1602 sive
1263 1563 1426 1617 supra
1454 1556 1694 1603 montem
1748 1548 1863 1603 Oli-

274 1636 410 1699 veti,
440 1635 587 1689 unde
625 1650 822 1705 corpus
858 1633 975 1703 ejus
1010 1636 1277 1691 elevatum
1316 1646 1430 1704 est,
1469 1639 1538 1694 ibi
1577 1642 1867 1709 prmsentia

276 1725 391 1793 ejus
413 1725 845 1781 demonstratur.

1975 550 2148 606 iantes
2169 564 2221 617 α,
2260 553 2345 608 vel
2387 554 2679 611 elevantes.
2728 555 2799 609 Et
2841 557 3004 611 sobrii
3045 560 3227 613 simus.
3284 558 3362 615 Ne
3402 576 3547 616 curae

1972 641 2131 711 hujus
2152 644 2277 698 vita:
2298 645 2570 701 inebrient
2594 656 2830 703 mentem
2853 658 3116 704 nostram.
3150 650 3291 705 Nam
3313 653 3403 722 qui
3425 653 3549 727 dor-

1972 734 2160 800 miunt,
2184 751 2330 790 nocte
2349 738 2634 792 dormiunt.
2672 739 2795 794 ldeo
2817 741 2983 796 occisi
3011 749 3065 796 et
3086 741 3221 796 ebrii
3247 751 3391 809 sunt,
3420 735 3546 814 quia

1971 822 2024 877 in
2059 825 2292 879 tenebris
2321 834 2468 892 sunt,
2499 830 2594 882 sed
2623 829 2711 884 hic
2741 831 2913 900 magis
2942 847 3049 885 nox
3078 843 3133 887 et
3157 834 3392 889 ebrietas
3415 834 3549 890 alle-

1969 914 2146 983 gorice
2180 930 2278 984 pro
2316 917 2619 987 ignorantia
2667 927 2721 973 et
2771 919 2996 975 libidine
3032 923 3358 991 accipienda:
3392 931 3541 979 sunt.

1968 1000 2156 1055 Induti
2182 1003 2417 1059 loricam.
2450 1005 2586 1073 Quia
2615 1007 2704 1061 alii
2732 1009 2860 1063 nudi
2885 1018 3013 1063 sunt
3037 1012 3128 1080 qui
3155 1012 3289 1067 ebrii
3318 1026 3462 1069 sunt.

2040 1092 2196 1147 Fidei
2221 1104 2271 1147 et
2296 1096 2588 1151 charitatis.
2617 1098 2805 1153 Omnis
2827 1099 3037 1169 justitia
3068 1101 3171 1155 ﬁde
3195 1111 3249 1156 et
3276 1104 3543 1159 eharitate

1968 1193 2208 1251 constat,
2240 1202 2401 1255 quam
2429 1187 2611 1243 loricae
2645 1190 2771 1243 alibi
2799 1192 3150 1260 comparavit.
3184 1190 3288 1256 Qui
3310 1203 3547 1247 mortuus

1966 1288 2040 1332 est
2066 1295 2157 1349 pro
2191 1278 2357 1331 nobis.
2387 1277 2444 1331 Id
2470 1285 2553 1331 est
2572 1318 2586 1342 ,
2614 1293 2681 1331 ne
2707 1294 2806 1333 nos
2844 1292 3197 1334 moreremur.
3236 1279 3300 1333 Ut
3331 1282 3435 1334 sive
3473 1283 3537 1334 vi.

1965 1367 2208 1436 gilemus,
2239 1367 2343 1420 sive
2364 1367 2707 1420 dormiamus.
2738 1367 2850 1422 Hoc
2879 1376 2981 1433 est,
3002 1377 3061 1423 ut
3084 1368 3195 1424 sive
3218 1371 3271 1424 in
3302 1385 3545 1440 corpore,

1966 1460 2079 1512 sive
2108 1465 2263 1511 extra
2306 1472 2502 1525 corpus
2529 1458 2885 1523 inveniamur,
2923 1475 3137 1530 semper
3160 1476 3281 1516 eum
3322 1463 3435 1532 ipso
3465 1462 3545 1515 vi-

1964 1563 2173 1603 vamus.
2206 1545 2273 1600 Ut
2297 1547 2563 1601 noveritis.
2589 1547 2990 1603 Honoriﬁcetis.
3018 1549 3301 1604 Laborant.
3328 1552 3544 1607 Scilicet

1966 1641 2022 1695 in
2050 1639 2315 1695 doctrina.
2359 1638 2553 1693 Pacem
2589 1640 2771 1693 habete
2800 1657 2920 1694 cum
2950 1640 3075 1695 illis.
3119 1642 3233 1697 Etsi
3276 1645 3544 1697 contraria

1963 1731 2163 1785 vestris
2195 1730 2435 1783 moribus
2465 1729 2720 1783 dixerint.
2759 1728 3017 1801 Corripite
3052 1731 3326 1802 inquietos.
3370 1732 3546 1803 Vagus

350 1815 647 1887 Resurgent
671 1819 845 1887 primi.
892 1818 1009 1874 Non
1043 1829 1286 1892 tempore
1304 1863 1319 1888 ,
1363 1822 1457 1878 sed
1488 1824 1724 1894 primatu
1754 1826 1869 1897 εἰο-
1894 1807 1942 1866 Β
1969 1819 2077 1873 huc
2098 1826 2153 1872 et
2176 1817 2303 1871 illuc
2330 1816 2713 1873 discurrentes.
2742 1818 3133 1873 Pusillanimes.
3162 1820 3217 1874 ld
3246 1828 3346 1884 est,
3372 1821 3546 1876 inten-

274 1905 386 1959 rite.
434 1904 730 1977 Rapiemur
763 1910 821 1963 in
859 1911 1100 1966 nubibus.
1152 1912 1303 1967 Sicut
1332 1931 1529 1985 corpus
1556 1917 1768 1973 Domini
1806 1920 1863 1974 in

272 1995 416 2049 nube
446 1994 719 2051 elevatum
750 2006 853 2053 est.
887 1998 946 2053 In
976 2001 1080 2056 hoc
1105 2011 1284 2058 autem
1314 2004 1656 2062 velocitatem
1684 2024 1867 2063 resur-

272 2084 536 2143 rectionis
574 2090 882 2159 significat;
931 2094 1072 2147 unde
1114 2094 1280 2152 Isaias
1318 2097 1488 2153 dicit:
1533 2098 1720 2154 Sancti
1749 2119 1865 2171 spe-

272 2186 451 2230 rantes
487 2178 547 2232 in
574 2178 826 2246 Domino,
859 2184 1134 2238 mutabunt
1161 2186 1555 2255 fortitudinem,
1595 2200 1863 2245 assument

268 2285 492 2337 pennas,
529 2278 586 2323 ut
612 2271 807 2341 aquila:
833 2272 1087 2340 volantes,
1113 2285 1218 2331 etc.
1247 2276 1402 2341 (Isai.
1430 2278 1544 2351 XL).

339 2436 489 2494 Sicut
521 2440 633 2509 fur.
671 2363 1131 2507 Quandoi‘r‘nlhgsr
1146 2367 1331 2500 sZierit
1361 2446 1602 2503 dormire
1637 2463 1859 2505 securos

273 2528 326 2582 in
354 2538 557 2594 nocte,
604 2541 706 2584 ut:
751 2532 929 2588 Media
967 2545 1114 2589 nocte
1145 2536 1345 2591 clamor
1377 2540 1551 2608 {actus
1592 2549 1701 2607 est,
1750 2550 1857 2598 etc.

273 2616 492 2686 (Matth.
523 2619 676 2693 xxv).
724 2619 845 2676 Paa:
871 2633 921 2677 et
947 2627 1219 2681 securitas.
1270 2627 1399 2685 Post
1434 2632 1675 2687 occisum
1707 2634 1865 2688 Anti-

273 2708 564 2762 christum.
610 2709 757 2764 Tunc
794 2715 1093 2784 repentinus
1131 2716 1208 2770 eis
1241 2721 1561 2789 superveniet
1597 2724 1858 2778 interitus.

274 2795 342 2850 Ut
368 2796 423 2850 in
449 2797 647 2853 diebus
666 2798 780 2855 Noe
804 2811 861 2855 et
882 2800 1242 2861 Sodomorum
1265 2803 1509 2881 contigit.
1540 2810 1687 2867 Sicut
1710 2813 1864 2871 dolor

270 2894 474 2955 partus.
511 2885 668 2943 Sicut
697 2888 787 2945 illa
813 2894 1063 2948 veniente
1089 2905 1246 2966 partu
1278 2899 1491 2955 dolores
1516 2918 1625 2957 non
1651 2903 1857 2978 effugit.

275 2974 397 3030 Non
426 2978 554 3032 estis
586 2979 643 3033 in
672 2982 917 3037 tenebris.
967 2984 1084 3041 Non
1112 2988 1244 3044 estis
1272 2989 1616 3060 ignorantes,
1659 3003 1720 3049 ut
1761 2974 1859 3051 ne-

272 3065 457 3122 sciatis
484 3083 587 3124 vos
623 3084 839 3142 semper
866 3074 1064 3132 debere
1103 3094 1227 3134 esse
1263 3089 1501 3150 paratos.
1544 3083 1676 3139 Filii
1703 3085 1855 3142 lueis.

1965 1909 2114 1963 tione
2153 1908 2503 1978 desperantes
2544 1908 2627 1962 vel
2676 1907 3006 1963 deficientes.
3052 1907 3329 1980 Suscipite.
3375 1908 3547 1964 Susti-

1965 2008 2107 2056 nete.
2144 1999 2405 2055 Putientes
2434 2008 2612 2054 estote.
2651 1999 2825 2054 Etiam
2863 2001 2930 2054 ad
2961 2010 3268 2072 correptos,
3297 2002 3422 2071 quia
3449 2004 3545 2056 im-

1964 2090 2226 2159 patientia
2259 2105 2365 2145 non
2396 2089 2642 2159 corrigit,
2670 2090 2763 2145 sed
2792 2090 2990 2146 irritat.
3018 2091 3245 2147 Invicem
3274 2101 3323 2146 et
3348 2093 3403 2147 in
3431 2109 3545 2147 om-

1964 2197 2074 2234 nes.
2124 2179 2240 2233 Non
2280 2180 2455 2235 solum
2491 2183 2546 2235 in
2586 2196 2683 2235 vos
2719 2179 3086 2247 Christianos,
3124 2181 3218 2237 sed
3262 2182 3316 2236 in
3352 2198 3543 2239 omnes

1963 2270 2230 2324 homines.
2276 2268 2551 2339 Spiritum.
2595 2268 2924 2339 Loquentem
2966 2271 3145 2325 varias
3180 2270 3417 2342 linguas,
3455 2270 3541 2326 vel

1962 2361 2208 2431 spiritum
2246 2361 2613 2426 exhortantis,
2654 2362 2818 2417 nolite
2848 2364 3118 2433 perversis
3150 2364 3536 2434 quaestionibus

1960 2453 2288 2523 opprimere.
2329 2451 2641 2522 Prophetias
2681 2454 2840 2508 nolite
2886 2470 3144 2524 spernere.
3188 2452 3314 2509 Sive
3357 2452 3535 2508 futura

1960 2545 2346 2613 praedicantes,
2382 2545 2495 2599 sive
2531 2546 2804 2615 praeterita
2843 2546 3189 2600 disserentes.
3226 2543 3453 2599 Tantum
3482 2554 3538 2598 ut

1960 2638 2204 2707 probetis.
2239 2636 2297 2691 Si
2326 2636 2427 2708 legi
2456 2652 2562 2691 non
2587 2644 2714 2691 sunt
2738 2637 3009 2691 contraria
3036 2650 3155 2705 quae
3185 2636 3452 2700 dicuntur,
3483 2644 3542 2690 et

1961 2729 2007 2782 si
2039 2730 2169 2800 quid
2199 2729 2305 2783 tale
2330 2728 2493 2783 fuerit
2525 2727 2773 2782 refutate.
2812 2726 3003 2781 Omnia
3028 2725 3257 2796 probate.
3288 2724 3343 2779 Si
3368 2741 3397 2779 a
3422 2726 3538 2779 dia-

1961 2822 2104 2885 bolo,
2138 2836 2207 2874 an
2233 2835 2263 2873 a
2288 2819 2400 2874 Deo
2426 2818 2552 2873 sint.
2584 2817 2795 2886 Integer
2817 2816 3049 2886 spiritus.
3076 2813 3223 2869 Mens
3249 2813 3303 2866 in
3331 2828 3438 2882 qua
3461 2820 3544 2868 est

1962 2913 2140 2982 imago
2172 2911 2265 2966 Dei
2296 2924 2573 2979 expressa,
2597 2908 2710 2962 sive
2738 2906 2987 2961 formata.
3011 2904 3116 2958 Alii
3144 2903 3391 2973 spiritum
3416 2916 3545 2956 con-

1962 3004 2245 3059 scientiam
2272 3001 2479 3065 dicunt,
2512 3007 2573 3054 ut
2604 3016 2618 3053 :
2649 2997 2818 3052 Nemo
2848 2997 2950 3052 scit
2978 3010 3041 3049 ea
3073 3009 3191 3063 quae
3217 2999 3342 3048 sunt
3370 2990 3544 3046 homi-

1962 3096 2078 3161 nis,
2107 3094 2213 3149 nisi
2244 3092 2465 3163 spiritus
2491 3090 2582 3160 qui
2614 3090 2669 3144 in
2703 3102 2769 3144 eo
2799 3095 2899 3143 est.
2936 3084 3139 3140 Fidelis
3164 3091 3261 3139 est.
3289 3082 3358 3136 Et
3381 3094 3541 3136 verax

272 3155 562 3260 ξείειιιίεξε,
607 3160 694 3260 vel
728 3161 950 3219 Christi.
1000 3165 1132 3221 Filii
1160 3169 1284 3223 diei.
1330 3171 1606 3229 Veritatis.
1651 3175 1855 3231 Noctis.
1886 3155 1932 3218 C
1965 3191 2021 3245 ίη
2056 3155 2524 3260 ῥτοωίεςζίοηίδιιεξ

272 3245 564 3317 Damonis,
598 3250 683 3306 vel
709 3255 940 3322 peccati.
974 3255 1345 3315 Tenebrarum.
1377 3262 1718 3332 Ignorantiaa.
1749 3267 1855 3324 Sed

392 3361 560 3418 Deest
585 3362 839 3422 fortassis
866 3369 1135 3426 habentes.

274 3503 3521 3542 _____________________________________________.__._.

1706 3637 2120 3748 νιιι.

795 3854 907 3935 IN
983 3857 1565 3939 EPISTOLAM
1628 3864 1708 3940 II
1770 3862 1906 3938 AD
1966 3855 3013 3940 THESSALONICENSES.

790 4113 1014 4173 CAPUT
1047 4119 1336 4177 PRIMUM.

344 4208 554 4264 Gratias
587 4226 742 4280 agere
776 4208 1018 4265 debemus
1060 4212 1189 4269 Deo.
1240 4213 1342 4281 Qui
1396 4213 1497 4269 sibi
1545 4211 1707 4269 talem
1753 4212 1856 4269 Ec-

272 4302 492 4355 clesiam
518 4300 788 4370 quaesivit.
822 4299 888 4354 In
914 4302 1207 4373 exemplum
1226 4304 1364 4375 justi
1388 4305 1584 4373 judicii
1614 4303 1732 4359 Dei.
1784 4303 1857 4360 Ut

272 4393 582 4462 exemplum
625 4392 766 4446 detis
802 4392 1008 4463 justum
1051 4394 1147 4450 Dei
1178 4395 1442 4464 judicium
1482 4397 1850 4467 exspectandi,

272 4497 431 4551 quem
456 4482 529 4535 ita
551 4482 776 4536 creditis
788 4493 1097 4539 venturum.
1126 4484 1185 4540 Si
1206 4496 1379 4541 tamen
1395 4488 1602 4557 justum
1622 4496 1716 4541 est.
1758 4486 1857 4542 Hic

272 4574 316 4626 si
338 4582 512 4626 tamen
533 4572 913 4630 conﬁrmantis
931 4584 1034 4641 est,
1054 4593 1160 4632 non
1186 4578 1494 4642 dubitantis,
1521 4579 1675 4649 quasi
1691 4578 1853 4643 dicat,

274 4662 318 4715 si
362 4671 542 4715 tamen
587 4660 709 4718 fons
736 4662 963 4731 iustitia:
991 4674 1169 4735 potest
1205 4667 1448 4737 judicare
1486 4668 1629 4737 quod
1653 4667 1858 4736 justum

275 4762 378 4808 est.
414 4754 549 4809 Nam
589 4757 730 4811 sicut
753 4756 1124 4813 indubitanter
1146 4774 1245 4827 pro
1270 4759 1487 4814 nomine
1521 4760 1732 4814 Domini
1765 4776 1859 4831 pa-

276 4846 538 4902 tientibus
582 4848 860 4917 requiem,
910 4848 988 4903 ita
1039 4849 1413 4905 incunctanter
1461 4851 1858 4908 tribulationem

274 4936 363 4990 his
388 4936 481 5007 qui
506 4952 603 4992 eos
630 4938 890 4993 tribulant
918 4941 1246 5008 repromisit.
1282 4940 1349 4995 In
1372 4943 1587 5011 flamma
1615 4943 1771 5013 ignis.
1800 4942 1858 4998 ld

275 5036 392 5091 est,
431 5036 493 5082 ut
534 5029 678 5098 ignis
717 5038 846 5085 ante
884 5031 1060 5101 ipsum
1092 5033 1377 5102 praecedat.
1412 5032 1565 5100 Quod
1606 5035 1650 5090 si
1686 5036 1863 5104 potuit

275 5116 492 5173 ﬂamma
516 5119 614 5174 Dei
641 5120 870 5190 imperio
892 5130 1003 5176 tres
1022 5137 1218 5191 pueros
1241 5125 1461 5179 omnino
1484 5140 1589 5179 non
1621 5134 1856 5195 tangere,

274 5224 443 5278 quare
470 5224 578 5265 non
615 5212 805 5266 eadem
837 5212 1076 5281 potentia
1113 5213 1233 5268 aliis
1266 5213 1478 5279 saevior,
1511 5213 1631 5269 aliis
1657 5214 1856 5279 mitior,

276 5294 391 5350 ﬁeri
420 5311 582 5366 posse
607 5300 897 5354 credatur?
926 5300 995 5353 Et
1032 5302 1119 5370 qui
1144 5317 1245 5354 non
1270 5300 1514 5356 obediunt
1544 5303 1657 5371 ejus
1684 5301 1862 5356 Evan-

270 5387 427 5456 gelia.
454 5389 776 5445 Peccatores
796 5391 924 5446 licet
948 5407 1052 5446 non
1075 5391 1293 5446 fuerint.
1311 5392 1353 5444 A
1381 5394 1517 5463 [acie
1536 5393 1765 5447 Domini.
1791 5393 1862 5449 Ut

272 5479 438 5534 illud:
464 5480 573 5547 Ite,
603 5483 894 5549 maledicti,
922 5484 978 5537 in
999 5485 1169 5554 ignem
1197 5493 1470 5538 (sternam.
1497 5481 1778 5553 Miriﬁcari
1806 5485 1862 5539 in

269 5571 538 5628 mnibus.
574 5572 711 5630 Cum
749 5574 864 5644 ipse
893 5574 948 5629 in
983 5574 1096 5631 suis
1130 5574 1510 5647 gloriﬁcandus
1547 5574 1652 5630 erit
1690 5591 1865 5631 mem—

272 5659 389 5714 bris
407 5701 421 5721 ,
450 5676 575 5733 qua:
608 5661 740 5717 solis
766 5663 1054 5733 splendore
1082 5661 1379 5733 fulgebunt.
1412 5662 1561 5717 Tunc
1586 5662 1730 5717 enim
1762 5663 1863 5718 mi-

276 5753 546 5809 rabuntur
569 5754 721 5822 impii
747 5763 803 5811 et
833 5754 1084 5811 irrisores
1106 5753 1423 5810 humilitatis
1450 5754 1503 5809 in
1533 5754 1859 5809 subitatione

1881 4450 1935 4509 D

1963 4120 2154 4177 salutis
2179 4122 2467 4192 insperatae
2488 4118 2778 4189 justorum.
2813 4119 2880 4176 In
2905 4139 3007 4193 quo
3031 4130 3080 4176 et
3109 4138 3339 4178 aramus.
3370 4124 3428 4181 In
3454 4141 3545 4182 ex-

1961 4212 2294 4281 spectatione
2332 4210 2477 4266 illius
2506 4211 2613 4266 diei
2641 4210 2852 4281 jutlicii.
2890 4210 2976 4265 Ita
3013 4220 3061 4265 et
3095 4211 3419 4283 gloriﬁcetur
3456 4232 3542 4271 no-

1961 4316 2079 4355 men
2100 4299 2329 4354 Domini.
2362 4299 2433 4355 Ut
2455 4298 2657 4354 Christi
2686 4314 2880 4354 nomen
2906 4299 2960 4353 in
2985 4300 3181 4356 vestris
3201 4303 3410 4357 actibus
3435 4303 3545 4358 cla-

1959 4404 2080 4443 rum
2111 4390 2213 4455 sit,
2245 4397 2301 4444 et
2335 4403 2434 4443 nos
2469 4389 2524 4442 in
2559 4389 2676 4460 ejus
2713 4389 2882 4459 signis
2911 4398 2966 4443 et
2998 4389 3287 4445 virtutibus
3321 4392 3543 4462 gloriosi

1961 4481 2149 4535 simus.

2581 4569 2808 4626 CAPUT
2844 4569 2909 4627 Il.

2031 4660 2299 4732 Rogamus
2323 4672 2496 4717 autem
2521 4681 2628 4730 vos,
2652 4665 2866 4734 fratres,
2887 4682 2981 4736 per
3007 4664 3285 4719 adventum
3306 4663 3539 4719 Domini.

1958 4752 2223 4818 Primum,
2255 4754 2341 4808 vel
2371 4757 2687 4821 secundum,
2711 4768 2819 4826 quo
2846 4757 3001 4812 vobis
3026 4756 3241 4811 cbarius
3263 4754 3396 4809 nihil
3423 4769 3542 4810 esse

1958 4857 2078 4897 sum
2115 4850 2313 4898 certus.
2358 4843 2428 4897 Et
2463 4855 2695 4899 nostram
2729 4848 3200 4916 congregationem.
3245 4844 3470 4911 Quando
3508 4860 3540 4899 a

1959 4941 2195 5000 quatuor
2239 4932 2417 4987 ventis
2444 4930 2579 4988 ’coali
2621 4935 3092 5005 congregabuntur
3124 4932 3315 4987 electi:
3342 4931 3413 4987 Ut
3448 4932 3541 4987 ubi

1959 5020 2123 5077 fuerit
2157 5038 2388 5093 corpus,
2428 5023 2553 5078 illuc
2580 5024 3052 5095 congregabuntur
3086 5023 3277 5093 aquila:
3309 5021 3539 5093 (Matth.

1962 5112 2141 5187 xxxv).
2174 5114 2358 5185 Neque
2378 5131 2470 5186 per
2493 5115 2753 5185 spiritum.
2785 5113 2971 5183 Neque
2994 5115 3146 5185 signa
3176 5129 3272 5169 vos
3301 5122 3541 5170 terreant

1962 5212 2216 5276 tanquam
2259 5222 2357 5278 per
2394 5207 2640 5278 spiritum
2682 5205 2857 5272 facta,
2895 5207 3021 5277 quia
3062 5207 3165 5263 hoc
3201 5215 3255 5261 et
3292 5207 3537 5262 Salvator

1960 5298 2301 5368 praemonuit.
2333 5296 2515 5369 Neque
2540 5314 2633 5367 per
2663 5296 2891 5352 verbum.
2924 5296 3001 5352 Ne
3035 5312 3214 5353 sermo
3245 5297 3538 5352 dialecticae

1962 5387 2190 5444 fallaciae
2214 5404 2310 5444 vos
2341 5388 2562 5443 seducat
2595 5387 2703 5441 ullo
2738 5388 2898 5443 modo
2936 5389 3038 5443 sub
3077 5388 3316 5458 qualibet
3358 5386 3538 5457 specie

1960 5480 2089 5535 boni
2125 5480 2210 5534 vel
2246 5479 2389 5534 mali.
2433 5477 2598 5543 Quasi
2639 5480 2792 5534 instet
2830 5480 2942 5534 dies
2980 5480 3207 5534 Domini.
3247 5478 3481 5534 Dicendo
3520 5499 3535 5533 :

1934 5569 2102 5624 ‘Ecce
2129 5577 2215 5623 est
2237 5567 2483 5623 Christus
2512 5568 2617 5632 hic,
2647 5568 2733 5623 vel
2765 5568 2892 5624 illic.
2926 5567 3187 5634 Quoniam
3220 5569 3322 5621 nisi
3343 5569 3539 5623 venerit

1962 5657 2209 5712 discessio
2254 5654 2384 5728 [Al.,
2424 5656 2723 5728 dissensio].
2758 5656 2871 5714 Hoc
2904 5666 3021 5723 est,
3048 5658 3150 5712 nisi
3176 5658 3539 5714 Antichristus

1963 5750 2199 5811 venerit,
2230 5761 2335 5803 non
2362 5747 2537 5803 veniet
2560 5748 2826 5805 Christus.
2856 5747 3007 5817 Quod
3044 5758 3223 5805 autem
3261 5746 3528 5801 discessio-
