3982 6198
400 324 508 381 29.5
1784 321 2060 379 SEDULII
2097 321 2293 381 SCO'I‘I
3555 318 3673 375 εει

403 456 517 493 nem
548 438 638 494 hic
671 437 834 502 dicit,
862 436 988 492 alibi
1011 451 1134 493 eum
1162 434 1397 506 refugam
1432 435 1720 506 appellavit
1747 436 1799 492 in
1832 437 1983 493 Lati—
2007 440 2056 499 Α
2083 436 2369 504 Arianum,
2389 438 2483 508 qui
2508 438 2628 493 ideo
2651 436 2868 493 Patrem
2890 436 3147 505 majorem
3167 441 3345 505 putat,
3368 434 3494 504 quia
3517 435 3675 504 prior

404 529 490 583 nis
511 527 923 598 exemplaribus.
949 525 1250 594 Utrumque
1272 534 1453 581 autem
1481 526 1555 580 ita
1578 526 1984 598 intelligendum
2087 529 2142 583 in
2186 527 2480 599 Scripturis
2522 530 2693 586 soleat
2736 528 3023 584 nominari.
3069 528 3138 583 Et
3179 528 3319 583 dedit
3358 528 3677 583 consolatio-

405 627 518 679 εει,
544 619 687 688 quod
711 618 813 672 nisi
837 616 1046 671 venerit
1075 614 1257 687 refuga
1284 616 1561 681 veritatis,
1585 617 1701 673 sive
1726 618 1806 672 sui
1839 618 1992 687 prin-
2089 640 2224 679 nem.
2251 623 2667 680 Promissionem
2688 665 2704 690 ,
2738 625 2851 679 sive
2881 623 3274 679 consolatorem
3298 622 3568 693 spiritum.
3603 621 3676 676 Et

407 710 615 779 cipatus
658 708 921 773 desertor,
960 707 1074 762 sive
1118 707 1379 762 discessio
1424 706 1701 777 gentilium
1749 724 1779 761 a
1821 723 1988 779 regno
2086 730 2228 768 spem
2250 714 2458 769 bonam.
2487 714 2622 784 Quia
2647 723 2827 786 potest
2852 723 2908 769 et
2929 729 3053 784 spes
3080 712 3219 767 mala
3245 727 3380 767 esse.

407 799 681 864 Romano,
712 800 851 854 sicut
879 798 931 852 in
963 792 1181 853 Daniele
1210 814 1308 869 per
1330 799 1517 853 bestia:
1539 798 1827 869 imaginem
1856 799 1984 854 (1ίεί-

406 896 512 941 tur.
564 886 756 941 Homo.
792 887 1178 942 Antichristus.
1222 887 1452 941 Peccati.
1503 887 1710 942 Diaboli
1757 888 1985 943 scilicet.

408 975 580 1047 Super
604 994 756 1031 omne
781 978 920 1047 quod
944 977 1137 1030 dicitur
1166 977 1325 1031 Deus.
1358 976 1533 1047 Super
1560 993 1777 1033 omnem
1802 979 1992 1033 videli-

407 1076 494 1122 cet
528 1068 824 1138 potentiam
855 1075 909 1122 et
947 1068 1306 1122 aeternitatem
1347 1083 1404 1122 se
1434 1067 1679 1136 jactabit.
1711 1070 1776 1123 Et
1810 1086 1991 1125 sacra-

409 1168 588 1213 menta
612 1161 836 1214 culturae
863 1159 1055 1214 divinae
1076 1161 1369 1230 corrigere,
1397 1162 1479 1215 vel
1512 1177 1709 1232 augere
1743 1178 1800 1218 se
1824 1164 1986 1218 dicat.

407 1250 475 1305 Et
504 1253 760 1322 templum
799 1252 1185 1323 Hierosolyma:
1223 1253 1449 1310 reficere
1482 1256 1734 1318 tentabit,
1774 1271 1992 1312 omnes-

408 1359 515 1413 que
539 1343 674 1415 legis
696 1345 1048 1400 caeremonias
1071 1353 1403 1411 restaurare,
1427 1354 1635 1401 tantum
1661 1357 1721 1402 ut
1746 1349 1992 1404 veritatis

407 1432 610 1487 Christi
644 1433 992 1502 Evangelium
1025 1434 1217 1499 solvat,
1246 1450 1364 1504 quae
1394 1452 1482 1490 res
1507 1435 1720 1492 Iudaeos
1744 1453 1866 1492 eum
1892 1454 1993 1508 pro

407 1521 624 1577 Christo
650 1525 923 1593 suscipere
951 1524 1320 1594 persuadebit,
1353 1527 1408 1580 in
1433 1542 1531 1582 suo
1554 1543 1662 1583 non
1696 1530 1749 1583 in
1776 1529 1874 1585 Dei
1897 1546 1994 1585 no-

406 1614 553 1671 mine
581 1616 906 1670 venientem.
941 1615 1082 1681 Quid
1116 1617 1365 1673 detineat.
1402 1618 1515 1675 Hoc
1548 1628 1660 1685 est,
1693 1636 1814 1691 qua:
1841 1638 1992 1679 mora

404 1719 490 1766 est
517 1717 575 1763 ut
601 1709 801 1763 veniat.
837 1707 905 1762 Ut
939 1708 1211 1765 reveletur.
1244 1710 1302 1766 Μ
1330 1719 1435 1777 εει,
1463 1712 1852 1769 Antichristus.
1879 1714 1994 1770 Suo

2706 846 2933 903 CAPUT
2966 845 3033 901 Ill

2161 978 2238 1033 De
2268 990 2473 1046 ca'tero,
2499 980 2709 1050 fratres,
2735 990 2879 1035 orate
2908 997 3001 1050 pro
3027 979 3194 1034 nobis.
3225 978 3327 1034 Dat
3354 978 3679 1034 humilitatis

2091 1069 2420 1138 exemplum,
2436 1081 2490 1125 et
2515 1070 2853 1124 occasionem
2878 1069 3181 1135 charitatis,
3212 1076 3269 1123 ut
3294 1084 3395 1138 pro
3413 1067 3678 1124 alterutro

2091 1160 2348 1213 audacius
2373 1175 2611 1214 oremus.
2647 1159 2715 1213 Et
2748 1159 3089 1230 glorificatur.
3128 1159 3449 1215 Auditorum
3489 1158 3679 1229 profe-

2092 1258 2202 1302 ctu.
2235 1248 2434 1302 Fidelis
2473 1259 2545 1303 est
2582 1249 2743 1304 Deus.
2772 1249 2828 1303 ld
2856 1256 2974 1314 εειι,
3012 1249 3105 1317 qui
3135 1264 3243 1305 non
3280 1248 3540 1318 relinquit
3566 1247 3681 1303 nisi

2092 1338 2460 1408 relinquentes
2488 1354 2564 1393 se.
2600 1338 2667 1393 Et
2705 1340 2957 1409 patientia
2993 1337 3210 1393 Christi.
3244 1337 3399 1394 Sicut
3423 1338 3677 1395 Christus

2092 1430 2411 1499 patientiam
2443 1431 2650 1485 habuit.

2164 1521 2547 1576 Denuntiamus
2587 1532 2762 1577 autem
2794 1523 2975 1589 “vobis,
3025 1532 3083 1577 ut
3120 1523 3435 1578 abstrahatis
3475 1540 3560 1579 vos
3612 1524 3680 1577 ab

2096 1612 2241 1665 omni
2266 1610 2435 1681 fratre
2462 1610 2764 1667 ambulante
2790 1613 3105 1668 inordinate.
3133 1614 3273 1681 Quia
3299 1613 3353 1668 in
3382 1613 3573 1683 primis
3602 1613 3685 1668 le-

2096 1700 2218 1756 nius
2254 1704 2723 1769 commonuimus,
2761 1712 2816 1759 ει
2853 1712 3034 1759 tamen
3071 1707 3362 1761 emendare
3401 1721 3461 1761 se
3495 1705 3687 1762 nolue-

408 1809 654 1871 tempore.
688 1799 745 1854 ld
773 1807 885 1867 εει,
915 1809 1040 1869 apto
1066 1809 1329 1871 tempore.
1357 1802 1482 1857 lam
1518 1804 1656 1858 enim
1689 1806 1993 1876 mysterium

2103 1804 2243 1860 runt,
2274 1804 2335 1850 ut
2356 1795 2442 1851 vel
2467 1796 2570 1851 hoc
2596 1798 2756 1851 modo
2781 1812 2888 1867 quo
2917 1798 3092 1852 sancti
3121 1811 3180 1852 se
3206 1798 3273 1852 ab
3298 1797 3378 1853 eis
3402 1809 3684 1867 separant,

405 1890 699 1961 iniquitatis
745 1900 1010 1961 operatur.
1056 1890 1423 1949 Antichristus
1469 1909 1568 1963 per
1603 1910 1702 1950 sua
1750 1898 1994 1953 membra

408 1981 549 2051 agit,
580 1988 639 2035 ut
663 1979 902 2043 Joannes
932 1983 1062 2037 dicit
1092 2001 1104 2036 :
1160 1983 1318 2039 Multi
1354 1986 1665 2041 Antichristi
1700 1987 1827 2058 facti
1869 1999 1995 2044 sunt

406 2070 599 2141 (Joan.
643 2072 735 2143 ιι).
767 2071 824 2126 In
855 2072 940 2128 bis
972 2088 1102 2143 ergo
1132 2075 1445 2145 mysterium
1474 2077 1776 2147 iniquitatis
1800 2094 1997 2150 opera-

406 2170 518 2227 tur,
561 2163 655 2231 qui
693 2163 845 2219 falsis
887 2164 1151 2220 doctrinis
1184 2164 1299 2233 ejus
1343 2168 1588 2236 pervium
1626 2168 1835 2224 faciunt
1870 2170 1994 2238 iter,

404 2264 542 2321 quos
569 2251 760 2307 beatus
795 2251 1031 2309 Joannes
1064 2254 1117 2310 in
1155 2255 1412 2310 mundum
1439 2257 1571 2313 dicit
1604 2258 1801 2314 exisse.
1844 2258 1997 2315 Sicut

405 2343 553 2396 enim
593 2341 844 2398 Christus
884 2361 1027 2400 nunc
1061 2361 1159 2415 per
1193 2348 1438 2402 membra
1473 2363 1573 2402 sua
1601 2359 1879 2419 cperatur,
1917 2351 1999 2405 sic

407 2431 795 2487 Antichristus.
824 2432 927 2499 Qui
950 2451 1107 2489 nunc.
1134 2435 1249 2490 Rex
1274 2439 1659 2495 Romanorum.
1692 2437 1867 2493 Tenet.
1892 2440 2001 2494 Re-

406 2536 594 2592 gnum.
628 2521 838 2577 Teneat.
864 2522 1110 2595 Regnum
1139 2542 1317 2581 suum.
1351 2527 1528 2583 Donec
1566 2529 1631 2583 de
1670 2531 1840 2584 medio
1876 2530 1993 2599 ﬁat.

408 2608 525 2666 Hoc
556 2618 640 2666 est
657 2651 674 2676 ,
700 2612 873 2668 donec
894 2629 1118 2685 regnum
1139 2655 1154 2679 ,
1183 2617 1324 2685 quod
1350 2633 1494 2672 nunc
1516 2626 1696 2686 tenet,
1722 2619 1790 2675 de
1818 2621 1998 2675 medio

410 2699 710 2768 auferatur,
734 2703 1048 2774 priusquam
1073 2706 1442 2764 Antichristus
1468 2711 1759 2766 reveletur.
1781 2712 1994 2767 Aliter:

414 2787 483 2844 Ut
513 2792 603 2861 qui
627 2807 770 2848 nunc
797 2801 963 2861 tenet,
988 2795 1040 2849 id
1068 2804 1171 2862 est,
1200 2797 1363 2864 Nero,
1392 2808 1570 2856 teneat
1593 2810 1723 2857 tunc
1753 2804 1997 2874 ejusdem

408 2880 647 2936 nominis
671 2882 808 2938 alter
845 2883 1007 2939 Nero.
1039 2885 1212 2941 Donec
1234 2889 1299 2943 de
1328 2890 1529 2957 medio,
1562 2892 1666 2947 hoc
1696 2902 1801 2959 est,
1829 2910 1998 2966 regno

408 2971 682 3027 mediante
716 2973 860 3030 illius
898 2984 1025 3031 tunc
1056 2976 1318 3044 Neronis,
1344 2991 1603 3037 nascatur
1630 2982 1998 3042 Antichristus

407 3057 465 3113 in
493 3060 668 3115 medio
702 3078 867 3131 regno
904 3065 1124 3122 alterius
1154 3077 1281 3124 tunc
1315 3069 1563 3127 Neronis.
1593 3071 1707 3127 Hoc
1739 3073 1806 3128 de
1831 3076 1996 3146 impe-

2098 1888 2443 1941 crubescant.
2476 1886 2647 1958 Hujus
2684 1888 2843 1957 plane
2871 1888 2975 1943 loci
3003 1889 3329 1944 auctoritate
3356 1890 3689 1944 subtrahen-

2098 1977 2199 2032 dus
2264 1985 2348 2032 est
2406 1978 2474 2033 ab
2522 1980 2671 2034 omni
2724 1978 3035 2035 Christiano
3082 1981 3175 2050 qui
3221 1996 3328 2035 non
3383 1981 3684 2036 secundum

2099 2067 2394 2137 apostolica
2441 2078 2711 2139 praecepta
2762 2070 2982 2124 incedit.
3027 2070 3085 2125 In
3129 2072 3305 2140 prima
3353 2079 3542 2143 rogat,
3595 2073 3687 2127 hic

2099 2156 2409 2225 denuntiat;
2439 2158 2494 2213 in
2525 2158 2614 2213 illa
2644 2159 2970 2214 blandientis
2999 2158 3220 2214 affectus
3247 2170 3350 2223 est,
3377 2160 3429 2215 in
3458 2162 3561 2216 hac
3587 2162 3688 2216 ob-

2098 2251 2347 2307 testantis
2384 2252 2648 2307 severitas
2690 2260 2748 2307 et
2789 2251 3065 2308 minantis.
3113 2251 3495 2306 Denuntiamus
3540 2253 3686 2307 vobis

2098 2340 2310 2409 fratres.
2354 2340 2490 2408 Quia
2536 2343 2688 2413 prius
2728 2352 2980 2413 rogantes
3016 2344 3420 2413 contempsistis
3454 2346 3684 2409 audire,

2099 2430 2292 2486 saltem
2336 2447 2483 2486 nunc
2524 2432 2906 2487 denuntiamus
2943 2433 3065 2488 voci
3110 2433 3353 2488 obedire.
3395 2433 3687 2503 lpsamque

2098 2521 2567 2578 denuntiationem
2607 2539 2717 2578 non
2756 2524 2903 2577 nudo
2930 2524 3127 2586 verbo,
3167 2525 3262 2579 sed
3290 2539 3413 2580 cum
3439 2524 3688 2579 obtesta-

2099 2612 2247 2666 tione
2277 2611 2515 2666 nominis
2552 2612 2764 2667 Domini
2794 2614 2964 2668 nostri
2998 2612 3125 2667 Jesu
3154 2613 3353 2668 Christi
3383 2613 3685 2668 terribilem

2099 2699 2295 2767 infert,
2325 2716 2394 2756 ne
2423 2699 2565 2757 forte
2593 2703 2894 2771 simplicem
2914 2744 2928 2768 ,
2957 2703 3106 2758 velut
3133 2704 3368 2759 humana
3397 2719 3529 2760 voce
3558 2720 3688 2775 pro-

2098 2789 2293 2855 latam,
2325 2806 2543 2846 rursum
2582 2802 3009 2849 contemnerent.
3054 2794 3268 2849 Imitari
3298 2813 3411 2850 nos.
3455 2795 3558 2864 Qui
3594 2813 3689 2852 su-

2098 2893 2219 2933 mus
2258 2877 2431 2934 forma
2468 2882 2826 2936 credentium.
2865 2882 2981 2938 Non
3020 2884 3146 2953 quia
3176 2900 3283 2939 non
3327 2885 3685 2942 habuerimus

2084 2974 2447 3038 potestatem,
2470 2985 2579 3026 non
2604 2972 2730 3041 quia
2753 2970 3005 3045 indignus
3024 2983 3110 3029 est
3127 2975 3409 3045 operarius
3433 2976 3687 3031 mercede

2099 3076 2230 3128 sua,
2259 3061 2357 3117 sed
2386 3070 2448 3116 ut
2481 3078 2581 3118 nos
2611 3061 2842 3118 formam
2879 3065 3138 3120 daremus
3180 3066 3333 3121 vobis
3362 3065 3429 3120 ad
3459 3066 3685 3121 imitan-

411 3150 493 3204 rio
519 3150 763 3209 Romano
792 3153 995 3210 dictum
1024 3165 1129 3223 εει,
1158 3167 1214 3213 ει
1237 3171 1522 3231 propterea
1552 3163 1778 3220 paulum
1806 3181 1913 3222 non
1942 3167 1996 3222 id
2023 3154 2068 3216 (ς,
2100 3147 2230 3203 dum
2257 3163 2379 3215 nos,
2411 3165 2481 3206 ne
2503 3151 2590 3206 cui
2618 3153 2959 3208 occasionem
2989 3154 3250 3221 avaritiae,
3277 3154 3362 3209 vel
3389 3155 3505 3220 otii,
3538 3156 3687 3226 quod

410 3248 598 3312 aperte
622 3244 862 3300 scribere
893 3247 1126 3304 voluisse
1147 3251 1352 3317 dicunt,
1371 3267 1438 3307 ne
1464 3255 1793 3311 calumniam
1817 3258 2000 3312 incur-

410 3342 588 3398 reret,
631 3337 772 3404 quod
807 3336 1053 3395 Romano
1092 3340 1320 3410 imperio
1355 3344 1498 3398 male
1529 3347 1829 3416 Optaverit,
1873 3364 1997 3404 cum

409 3433 727 3493 speraretur
748 3435 1029 3483 aeternum.
1057 3429 1259 3501 Spiritu
1281 3434 1386 3487 oris
1408 3436 1510 3489 sui.
1541 3436 1612 3492 Ut
1637 3436 1801 3494 Isaias
1823 3439 1953 3494 dicit
1981 3458 1995 3493 :

411 3510 482 3567 Et
503 3514 689 3583 spiritu
710 3515 968 3571 labiorum
982 3536 1195 3573 suorum
1215 3522 1488 3591 interficiat
1510 3524 1726 3595 impium
1743 3525 1876 3597 (lsa.
1893 3527 1994 3600 XI).

411 3603 677 3673 Prodigiis
701 3609 1057 3664 mendacibus.
1083 3611 1469 3684 Prmstigiosis,
1495 3616 1635 3671 sicut
1656 3625 1782 3672 ante
1808 3620 2003 3689 praedi-

410 3707 560 3755 ctum
591 3709 711 3768 est,
742 3703 948 3758 dabunt
984 3705 1169 3776 signa,
1204 3707 1276 3761 ita
1316 3715 1377 3761 ut
1414 3709 1761 3777 seducantur,
1799 3712 1843 3766 si
1881 3712 1998 3767 fieri

409 3800 613 3862 potest,
644 3793 810 3848 etiam
834 3794 1010 3861 electi,
1036 3812 1135 3865 per
1164 3797 1558 3868 phantasticam
1585 3800 1862 3869 virtutem,
1895 3803 2002 3858 sic-

410 3890 473 3937 ut
506 3882 729 3939 Jamues
766 3894 820 3938 et
856 3885 1124 3943 Mambres
1168 3904 1353 3944 coram
1409 3889 1691 3946 Pharaone
1731 3892 1995 3948 fecerunt.

411 3971 541 4027 Ideo
575 3973 739 4028 mittet
762 3973 869 4030 illis
898 3975 1038 4031 Deus
1061 3982 1414 4048 operationem
1434 3982 1648 4036 erroris.
1676 3982 1732 4037 Id
1754 3993 1856 4049 est,
1878 4000 2000 4053 per-

414 4065 593 4119 mittet
625 4064 841 4131 venire;
885 4081 1007 4119 nam
1037 4068 1080 4120 si
1110 4068 1251 4122 Deus
1280 4070 1475 4132 mittit,
1507 4085 1614 4125 non
1647 4078 1730 4125 est
1756 4075 2001 4142 operatio

415 4153 648 4210 Satanae.

487 4242 557 4297 Ut
570 4243 896 4313 judicentur.
921 4246 1144 4302 Poenam
1170 4250 1465 4319 patiantur.
1494 4252 1877 4311 Consenserunt
1900 4259 2003 4313 ini-

415 4333 623 4405 quitati.
657 4333 873 4392 Homini
900 4338 1164 4396 diabolica
1194 4350 1310 4396 arte
1340 4342 1563 4398 fallenti.
1592 4344 1658 4400 In
1682 4350 2002 4403 constitutio-

416 4441 533 4481 nem
566 4427 748 4497 glorite
779 4428 994 4485 Domini
1027 4434 1192 4486 nostri
1216 4432 1345 4488 Jesu
1379 4432 1594 4491 Christi.
1620 4435 1701 4493 Ad
1728 4439 1831 4495 hoc
1856 4442 2001 4497 enim

2096 3235 2222 3294 fons
2250 3248 2334 3294 cst
2358 3240 2769 3311 iuqnietudinis,
2797 3244 3182 3314 praeberemus.
3209 3244 3472 3311 Quoniam
3496 3247 3539 3301 si
3565 3247 3685 3317 quis

2101 3348 2205 3385 non
2236 3317 2343 3385 uult
2374 3335 2616 3403 operari,
2650 3351 2741 3388 nec
2772 3338 3069 3391 manducet.
3096 3336 3205 3391 Aut
3230 3338 3453 3394 sedeant
3488 3340 3684 3410 quieti,

2101 3430 2195 3476 aut
2222 3424 2267 3478 si
2299 3424 2412 3477 veri
2444 3433 2572 3479 sunt
2598 3425 2844 3495 apostoli,
2872 3443 2972 3483 nos
2997 3438 3317 3499 sequantur,
3347 3430 3393 3485 si
3419 3445 3526 3485 non
3555 3446 3690 3486 ava-

2099 3514 2259 3579 ritiae,
2290 3515 2383 3569 sed
2414 3514 2511 3571 Dei
2539 3531 2703 3571 causa
2731 3518 3010 3574 ambulare
3036 3533 3095 3574 se
3125 3520 3345 3575 ducunt.
3376 3519 3443 3575 Ut
3470 3538 3587 3575 cum
3613 3523 3691 3576 si-

2099 3604 2258 3661 lentio
2306 3616 2579 3676 operantes
2624 3625 2779 3662 suum
2825 3626 3015 3680 panem
3064 3610 3397 3665 manducent.
3447 3611 3690 3667 Comita-

2100 3704 2190 3752 tur
2216 3698 2360 3752 enim
2390 3698 2687 3768 loquacitas
2717 3700 3145 3771 inquietudinem
3174 3710 3229 3756 et
3255 3703 3687 3760 instabilitatem.

2100 3787 2267 3843 Suum
2292 3805 2499 3859 panem.
2530 3788 2648 3844 Non
2688 3791 2944 3848 alienum.
2978 3792 3157 3847 Nolite
3192 3794 3414 3864 deﬁcere
3446 3795 3571 3851 bene
3601 3796 3692 3866 fa-

2100 3880 2309 3935 cientes.
2337 3880 2473 3938 Aliis
2509 3882 2602 3951 qui
2641 3899 2748 3938 non
2786 3892 2913 3940 sunt
2940 3884 3278 3954 hujusmodi;
3309 3886 3485 3952 aliter,
3517 3887 3688 3943 etiam

2100 3969 2409 4038 hujusmodi
2437 3972 2739 4028 henefacite
2757 4014 2772 4039 ,
2805 3973 2928 4030 licet
2963 3976 3044 4029 eis
3071 3991 3178 4031 non
3203 3977 3686 4033 commisceamini.

2104 4057 2173 4113 Ut
2199 4060 2484 4116 erubescat.
2521 4062 2590 4118 Ut
2619 4080 2724 4119 non
2754 4066 2970 4136 penitus
2994 4067 3362 4122 abscindatur.

2174 4150 2433 4221 Corripite
2457 4162 2511 4205 ut
2536 4153 2771 4223 fratrem.
2796 4156 2965 4227 IEger
2987 4158 3131 4214 enim
3152 4158 3423 4214 curandus
3449 4167 3556 4225 est,
3581 4176 3690 4216 non

2103 4238 2379 4310 negandus
2406 4280 2420 4305 ,
2470 4256 2539 4296 ne
2592 4243 2646 4297 in
2694 4246 3018 4315 apostasiam
3067 4247 3377 4317 inquietudo
3419 4258 3689 4305 vertatur.

2104 4326 2227 4397 Ipse
2256 4339 2431 4382 autem
2459 4328 2716 4387 Dominus
2743 4335 2907 4404 pacis.
2942 4334 3011 4390 Ut
3030 4336 3249 4406 possitis
3272 4353 3465 4393 omnes
3493 4353 3693 4396 curare

2104 4418 2349 4488 pacilicc.
2380 4419 2534 4486 Quod
2563 4433 2640 4478 est
2664 4426 2887 4495 signum.
2920 4427 3243 4500 Agnitionis.
3278 4429 3346 4485 In
3377 4434 3519 4487 omni
3561 4432 3694 4504 Epi-

415 4515 591 4569 vocati
612 4531 819 4582 sumus,
845 4526 907 4572 ut
927 4518 1126 4574 Christi
1150 4520 1372 4591 gloriam
1398 4526 1766 4594 arquiramus.
1793 4527 1996 4585 Scimus

2103 4510 2237 4565 stola
2264 4511 2339 4566 ita
2366 4514 2553 4569 scribo.
2600 4516 2691 4572 Sic
2718 4520 2865 4573 enim
2890 4522 3263 4579 subscribebat
3280 4565 3295 4589 ,
3327 4533 3551 4595 excepta
3581 4525 3694 4582 Ga-

416 4609 556 4661 enim
578 4609 826 4678 quoniam
853 4627 971 4664 cum
992 4615 1317 4683 apparuerit,
1367 4616 1564 4673 similes
1590 4621 1638 4673 ei
1660 4621 1877 4676 erimus.
1905 4623 2005 4678 Do-

416 4700 597 4753 minus
623 4707 807 4755 noster
844 4700 1001 4757 Jesus
1033 4704 1313 4771 Christus,
1353 4716 1407 4762 ct
1440 4708 1583 4765 Deus
1607 4710 1787 4779 Pater,
1815 4724 2003 4770 contra

2103 4606 2354 4673 latarum,
2380 4623 2544 4678 quam
2568 4625 2636 4665 ex
2666 4612 2877 4683 integro
2901 4616 3122 4686 propria
3150 4633 3315 4672 manu
3344 4619 3690 4689 subscripsit,

2106 4705 2165 4751 ut
2190 4705 2313 4767 post
2340 4714 2461 4754 eam
2496 4716 2594 4756 nec
2624 4702 2748 4767 sibi,
2780 4720 2881 4759 nec
2910 4707 3103 4777 angelo
3131 4710 3436 4764 crederent.

413 4875 3678 4916 Μ

1186 5218 1297 5296 ΙΝ
1355 5217 1941 5297 EPISTOLAM
1997 5223 2130 5298 AD
2199 5226 2957 5314 COLOSSENSES.~

1880 5377 2230 5393 —-———_——-

933 5457 1162 5517 CAPUT
1195 5458 1486 5519 PRIMUM.

498 5542 699 5601 Paulus
727 5548 1012 5619 apostolus.
1042 5550 1154 5606 Hac
1171 5551 1291 5606 vice
1318 5555 1648 5623 apostolatus
1673 5555 2017 5639 auctoritate,

423 5632 592 5688 utitur
618 5652 629 5687 :
666 5636 718 5690 in
744 5637 1014 5707 aliquibus
1035 5641 1180 5695 enim
1203 5642 1478 5698 auditores
1498 5646 1864 5715 reprehendit.
1888 5647 1997 5701 Au-

416 5721 534 5776 dita
553 5722 658 5789 [ide
684 5734 867 5780 vestra.
897 5726 1013 5783 Non
1041 5729 1188 5798 visa,
1232 5729 1316 5785 vel
1343 5732 1555 5804 cognita
1577 5775 1590 5800 ,
1623 5736 1748 5806 quia
1787 5738 1854 5793 ad
1895 5738 1994 5795 hos

2103 5482 2210 5555 non
2242 5474 2506 5541 pervenit.
2550 5472 2773 5549 Propter
2804 5497 2967 5551 spem.
3006 5479 3125 5538 Non
3156 5492 3379 5555 propter
3405 5485 3689 5543 hominum

2100 5554 2352 5645 laudem,
2393 5564 2489 5618 sed
2527 5574 2747 5638 propter
2782 5570 2949 5625 vitam
2991 5554 3284 5640 aeternam,
3334 5581 3454 5645 quae
3493 5586 3581 5631 est
3630 5576 3689 5633 in

2099 5640 2339 5705 Christo.
2373 5650 2439 5707 In
2467 5654 2627 5711 caelis.
2664 5656 2734 5713 Ut
2761 5668 2846 5715 est
2882 5684 2894 5714 ε
2931 5661 3205 5719 Exsultate
3228 5640 3575 5736 quia'merces
3604 5683 3684 5721 ve-

2099 5750 2209 5794 stra
2250 5745 2458 5814 copiosa
2499 5757 2573 5804 est
2616 5749 2669 5804 in
2710 5750 2850 5806 caelis
2894 5752 3116 5823 (Matth.
3148 5756 3233 5825 v).
3269 5756 3417 5813 Sicut
3449 5758 3502 5812 in
3541 5760 3687 5812 omni
