3982 6198
352 363 453 419 227

355 583 439 628 ter
470 571 804 632 inhabitare,
836 565 1098 621 translato
1135 565 1300 618 verbo
1338 577 1468 616 usus
1507 567 1608 615 est.
1646 559 1710 612 In
1749 574 1929 628 exspo-

350 662 587 716 liatione.
626 659 683 711 in
723 655 1136 712 circumcisione
1172 653 1406 713 Christi,
1438 667 1535 721 per
1564 665 1724 719 quam
1759 658 1928 703 totum

350 759 587 805 veterem
630 746 973 815 exspoliastis
1013 745 1306 799 hominem.
1350 740 1652 811 Consepulti
1683 741 1738 793 in
1765 740 1931 810 bapti-

350 857 480 895 smo.
504 838 639 904 Quia
662 843 881 906 peccata
912 834 1243 904 sepeliuntur
1274 832 1327 885 in
1356 831 1644 899 baptismo.
1670 829 1737 882 Et
1759 845 1932 881 surre-

348 931 444 982 xit.
472 929 530 982 In
561 928 856 982 novitatem
876 925 1018 980 vitm.
1047 922 1377 993 Operationis
1399 921 1513 974 Dei.
1536 919 1594 974 ld
1617 926 1722 984 est,
1749 935 1931 973 resur-

351 1020 606 1074 rectionis
655 1016 876 1074 Christi.
929 1014 1334 1083 Conviviﬁcavit.
1389 1012 1696 1067 Auferendo
1739 1026 1931 1064 causas

352 1111 573 1175 mortis,
617 1108 670 1164 id
709 1117 823 1172 est,
861 1114 1101 1177 peccata.
1133 1103 1318 1158 Delens
1351 1102 1750 1172 chirographum
1790 1100 1930 1170 quod

352 1202 626 1254 adversum
668 1216 760 1253 nos
792 1207 925 1251 erat.
962 1196 1391 1265 Chirographum
1427 1192 1557 1247 dicit
1584 1189 1930 1245 maledictum

350 1290 504 1359 legis,
533 1290 673 1343 unde
703 1287 829 1341 alibi
861 1287 972 1340 ait:
1002 1284 1250 1340 Christus
1279 1298 1376 1337 nos
1414 1281 1643 1360 redemit
1670 1279 1735 1334 de
1766 1279 1930 1333 malc-

354 1377 502 1433 dicto
538 1378 702 1447 legis,
745 1392 852 1445 quo
885 1375 1193 1429 continetur
1232 1390 1244 1425 :
1286 1370 1594 1425 maledictus
1637 1368 1803 1421 omnis
1840 1367 1929 1436 qui

354 1487 459 1524 non
483 1470 823 1539 permanserit
861 1467 914 1521 in
942 1466 1178 1520 omnibus
1203 1480 1319 1532 qua:
1348 1462 1541 1531 scripta
1568 1468 1688 1513 sunt
1718 1460 1774 1511 in
1796 1457 1929 1510 libro

350 1557 498 1630 legis,
523 1569 578 1611 ut
609 1559 769 1627 faciat
796 1573 877 1609 ea.
905 1555 1132 1621 Quidam
1153 1568 1281 1607 vero
1305 1551 1491 1605 dicunt
1512 1547 1928 1618 chirographum

347 1667 502 1717 esse,
533 1650 688 1720 quasi
720 1650 980 1717 scriptam
1014 1645 1302 1716 quamdam
1332 1642 1474 1713 apud
1500 1642 1667 1695 Deum
1688 1681 1701 1704 ,
1732 1654 1931 1693 memo-

349 1742 487 1797 riam
515 1750 892 1810 peccatorum;
924 1739 1062 1793 unde
1084 1737 1198 1805 ipse
1225 1736 1278 1789 in
1304 1734 1527 1789 Cantico
1545 1732 1674 1787 dicit
1699 1750 1710 1783 :
1740 1730 1929 1783 Nonne

1731 343 2005 403 SEDULII
2043 343 2240 401 SCOTl

356 478 488 539 brze,
520 477 593 529 ita
622 473 762 544 quod
793 474 868 527 ait
890 470 1276 542 plenitudinem
1312 465 1607 522 divinitatis
1636 463 1925 534 corporali-
1956 471 2009 531 Α

3503 340 3609 398 938

2103 551 2165 608 Si
2204 566 2324 621 ergo
2371 550 2769 604 consurrexistis
2799 566 2918 604 cum
2947 546 3174 603 Christo.
3211 548 3615 617 Consequenter

2028 642 2203 711 primo
2230 647 2618 707 commortuos,
2650 640 2841 695 deinde
2868 638 3278 695 consurrexisse
3316 654 3418 694 nos
3438 640 3571 695 dicit
3596 681 3613 706 ,

2029 750 2129 790 nec
2157 736 2331 790 solum
2377 742 2535 790 terrae
2578 735 2735 797 mori,
2775 734 2870 789 sed
2917 734 3081 788 etiam
3110 733 3248 788 caelo
3285 732 3467 788 vivere
3513 749 3617 790 nos

2029 828 2317 881 hortatur:
2349 826 2516 892 Nihil,
2546 826 2741 895 inquit,
2766 834 3049 881 terrenum
3079 840 3174 880 vos
3205 824 3477 892 ambiatis,
3514 841 3616 881 ne-

2030 934 2132 988 que
2159 918 2383 973 mortale
2411 918 2688 988 qumratis.
2720 916 2851 982 Quia
2880 932 3089 970 sursum
3133 925 3253 969 sunt
3281 918 3469 985 sapite.
3501 917 3616 972 Hoc

2030 1020 2133 1077 est,
2168 1012 2444 1068 cmlestem
2485 1010 2769 1065 sectamini
2803 1010 3155 1080 sapientiam,
3199 1010 3293 1064 sed
3324 1025 3421 1066 nos
3467 1027 3613 1071 nunc

2030 1104 2261 1159 celerius
2325 1103 2575 1156 humana:
2622 1100 2901 1171 sapientia:
2957 1098 3193 1154 studium
3231 1084 3609 1169 impendimus.

2032 1191 2346 1260 Mortiﬁcate
2381 1192 2542 1261 igitur
2584 1190 2815 1244 membra
2838 1199 3011 1244 vestra
3047 1206 3164 1261 qua?
3187 1199 3309 1245 sunt
3335 1208 3493 1262 super
3508 1201 3618 1247 ter-

2031 1296 2165 1333 ram.
2199 1280 2356 1334 Prius
2393 1295 2522 1350 ergo
2555 1295 2717 1349 quam
2767 1286 2964 1333 caetera
3005 1288 3442 1349 perscrutemur,
3491 1298 3614 1352 qua:

2030 1371 2135 1426 ista
2162 1371 2271 1424 sint
2306 1370 2546 1425 membra
2579 1387 2700 1440 quae
2724 1371 3051 1426 mortiﬁcare
3073 1374 3423 1443 praeceperit,
3452 1375 3602 1429 inda-

2030 1478 2236 1535 gemus.
2273 1463 2458 1532 Neque
2484 1464 2628 1517 enim
2655 1463 2847 1517 beatus
2896 1465 3190 1533 Apostolus
3220 1466 3609 1520 abscissionem

2031 1570 2285 1608 manuum
2313 1561 2406 1608 aut
2432 1555 2627 1622 pedum
2671 1555 3029 1623 prmceptione
3061 1555 3464 1624 compellit,sed
3491 1572 3613 1612 cor-

2028 1661 2131 1715 pus
2171 1646 2402 1714 peccati,
2426 1645 2570 1714 quod
2606 1644 2792 1713 utique
2822 1652 3035 1699 constat
3055 1661 3121 1699 ex
3144 1647 3421 1713 membris,
3443 1664 3614 1718 quan.

2031 1735 2205 1789 tocius
2236 1734 2441 1789 destrui
2491 1734 2794 1800 desiderat;
2828 1735 2895 1789 de
2950 1750 3057 1804 quo
3083 1749 3309 1805 corpore
3337 1736 3505 1791 alibi:
3542 1736 3612 1791 Ut

350 1830 462 1885 [uec
489 1839 801 1899 congregata
831 1837 953 1882 sunt
983 1826 1123 1896 apud
1150 1842 1249 1889 me,
1281 1834 1327 1878 et
1356 1824 1561 1892 signata
1589 1823 1644 1874 in
1669 1820 1929 1873 thesauris
1957 1820 2003 1880 B
2031 1828 2352 1891 destruatur,
2386 1828 2562 1896 inquit
2589 1867 2604 1891 ,
2660 1816 2847 1897 corpus
2884 1828 3101 1897 peccati.
3142 1828 3210 1882 Et
3239 1844 3357 1898 qua:
3399 1830 3470 1885 sit
3496 1830 3615 1899 ejus

349 1918 516 1971 meis?
540 1917 607 1970 Et
630 1915 831 1970 Jerem.
862 1916 939 1967 ait
968 1933 980 1967 :
1016 1913 1297 1966 Peccatum
1319 1910 1476 1965 Iuda:
1497 1910 1745 1979 scriptum
1770 1917 1844 1960 est
1873 1908 1929 1960 in

348 2005 484 2076 ston
509 2006 706 2075 ferreo,
742 2006 796 2058 in
822 2020 994 2073 ungue
1018 2002 1356 2055 adamantina
1383 1999 1525 2071 (Jer.
1556 2015 1665 2053 xvn
1750 1998 1929 2051 Etiam

347 2096 464 2151 hinc
489 2111 619 2167 ergo
645 2096 819 2149 deleta
841 2101 926 2149 est
947 2094 1000 2147 in
1024 2108 1184 2148 cruce
1200 2132 1215 2157 ,
1245 2092 1373 2145 dum
1408 2091 1646 2146 dimissis
1669 2089 1927 2159 peccatis,

348 2189 512 2243 etiam
550 2187 807 2241 memoria
841 2193 925 2240 est
962 2185 1160 2240 abolita
1189 2190 1557 2254 peccatorum.
1598 2181 1769 2235 Aliter
1810 2181 1929 2235 chi-

352 2278 682 2348 rographum
721 2278 877 2340 dicit,
915 2278 1058 2345 quod
1100 2277 1387 2330 adversum
1426 2288 1596 2342 genus
1635 2273 1931 2326 humanum

349 2369 598 2425 diabolus
624 2370 729 2423 alta
758 2370 1017 2423 memoria
1054 2368 1390 2424 reconditum
1419 2365 1671 2420 habebat.
1710 2366 1930 2434 Aﬂigens

348 2461 485 2515 illud
507 2463 669 2515 cruci.
696 2460 831 2528 Quia
858 2476 957 2515 nos
981 2460 1047 2514 de
1074 2459 1223 2529 ligno
1250 2458 1471 2512 tulimus
1500 2456 1628 2511 illud
1654 2457 1933 2525 chirogra-

350 2552 517 2622 phum
538 2592 552 2617 ,
583 2552 703 2607 ideo
728 2567 835 2606 non
861 2551 1036 2622 potuit
1064 2550 1263 2614 deleri,
1295 2548 1398 2602 nisi
1435 2545 1741 2618 adigeretur
1763 2545 1929 2616 ligno,

348 2651 413 2698 ut
439 2644 570 2698 dicit
603 2662 616 2696 :
662 2642 803 2696 Tulit
831 2652 1043 2713 peccata
1067 2654 1246 2697 nostra
1283 2658 1440 2711 super
1477 2641 1678 2711 lignum
1704 2638 1756 2711 (Ι
1784 2637 1928 2692 Petr.

348 2736 448 2809 tv).
474 2736 611 2790 Nam
633 2737 823 2791 titulus
843 2737 933 2806 qui
960 2736 1193 2804 scriptus
1212 2744 1298 2789 est
1321 2750 1485 2802 super
1504 2747 1744 2796 crucem,
1769 2731 1933 2785 istum

352 2829 571 2883 titulum
600 2827 944 2897 chirographi
970 2825 1188 2880 delevit.
1221 2822 1539 2893 Exspatians
1585 2820 1928 2890 principatus.

351 2923 668 2984 Daemones,
707 2922 833 2989 quia
873 2918 1109 2989 praedam
1149 2916 1363 2987 generis
1400 2912 1621 2969 humani
1648 2912 1715 2965 ab
1745 2911 1825 2964 eis
1851 2925 1936 2963 ra-

351 3018 563 3080 puerat.
606 3007 883 3061 Traduzrit.
922 3006 1192 3075 Alligavit.
1235 3004 1305 3057 Et
1345 3002 1643 3072 captivavit.
1687 2999 1931 3053 Mortem.

2029 1918 2324 1973 destructio
2372 1927 2768 1988 consequenter
2796 1917 3050 1985 exponit:
3079 1916 3146 1970 Ut
3193 1918 3342 1987 jam,
3394 1919 3613 1988 inquit,

2030 2027 2133 2064 non
2172 2010 2459 2063 serviamus
2507 2017 2748 2079 peccato;
2799 2023 2830 2061 a
2872 2022 2980 2076 quo
3028 2007 3250 2062 liberari
3284 2009 3448 2063 etiam
3487 2025 3616 2065 cum

2033 2102 2239 2171 ejulatu
2285 2102 2541 2172 postulat,
2583 2101 2768 2157 dicens
2797 2119 2811 2155 :
2843 2101 3042 2171 Infelix
3068 2119 3161 2173 ego
3194 2104 3369 2169 homo,
3393 2104 3507 2175 quis
3532 2122 3617 2160 me

2029 2191 2266 2246 liberabit
2291 2193 2354 2246 de
2380 2208 2595 2262 corpore
2632 2192 2794 2261 hujus
2819 2192 3000 2245 mortis
3031 2191 3204 2263 (Rom.
3227 2191 3341 2263 vt)?
3369 2193 3482 2250 Hoc
3510 2195 3615 2249 ita-

2030 2297 2134 2352 que
2158 2298 2359 2353 corpus
2383 2284 2590 2352 peccati
2617 2283 2803 2338 multis
2828 2284 3083 2338 vitiorum
3109 2285 3368 2339 membris
3411 2287 3615 2355 proba--

2031 2382 2121 2427 tur
2153 2383 2513 2438 exstructum,
2537 2382 2592 2429 et
2621 2376 2689 2429 ad
2712 2375 2829 2444 ejus
2845 2375 3080 2445 pertinet
3107 2376 3412 2443 portionem
3447 2378 3614 2446 quid-

2031 2466 2158 2535 quid
2205 2466 2289 2521 vel
2330 2464 2491 2532 facto,
2517 2465 2602 2519 vel
2638 2465 2806 2529 dicto,
2832 2464 2917 2519 vel
2959 2465 3282 2535 cogitatione
3329 2474 3613 2537 peccatur,

2031 2554 2183 2623 cujus
2218 2557 2459 2610 membra
2502 2554 2805 2610 rectissime
2854 2570 3015 2624 super
3042 2561 3240 2609 terram
3273 2570 3392 2610 esse
3418 2556 3614 2611 dicun-

2034 2654 2159 2709 tur;
2220 2660 2325 2699 non
2363 2645 2507 2709 enim
2544 2650 2771 2714 possunt
2827 2642 2883 2696 hi
2930 2642 3022 2711 qui
3072 2658 3258 2697 eorum
3307 2642 3615 2698 ministerio

2031 2742 2258 2789 utuntur
2289 2734 2525 2789 veridice
2553 2732 2816 2803 proﬁteri,
2852 2731 3049 2785 Nostra
3094 2740 3265 2786 autem
3294 2733 3613 2787 conversatio

2030 2825 2088 2878 in
2116 2824 2252 2878 cmlis
2281 2833 2377 2878 est.
2410 2823 2594 2877 Primo
2617 2822 2798 2891 itaque
2827 2820 3242 2876 fornicationem
3274 2822 3497 2877 credidit
3537 2822 3619 2877 in-

2032 2914 2328 2977 ferendam,
2362 2928 2482 2984 quae
2517 2912 2720 2967 carnali
2768 2911 3130 2981 permixtione
3152 2911 3451 2980 perﬁcitur.
3482 2910 3621 2965 Ter-

2034 3004 2167 3057 tium
2196 3003 2404 3073 peccati
2433 3002 2733 3057 membrum
2780 3001 3056 3057 libidinem
3084 3001 3256 3071 ponit,
3280 3015 3400 3070 quae
3436 3001 3490 3054 in
3528 3014 3618 3054 se-

352 3096 602 3152 Fiducia.
637 3095 768 3150 Sine
801 3096 1016 3150 timore.
1060 3092 1270 3147 Palam.
1299 3091 1416 3146 Non
1446 3091 1692 3145 latenter.
1725 3088 1935 3141 Trium-
1968 3159 1997 3163 _
2034 3096 2276 3152 cessibus
2295 3095 2489 3149 animm
2516 3094 2827 3150 coalescens
2847 3135 2860 3158 ,
2914 3095 3172 3149 accedere
3202 3093 3353 3163 cupit
3401 3092 3565 3147 etiam
3600 3130 3617 3154 ,

354 3189 521 3258 pham
542 3185 662 3239 illos
690 3186 745 3240 in
771 3186 1060 3255 semetipso.
1090 3183 1299 3238 Devicit
1327 3181 1526 3252 palam,
1551 3188 1607 3235 et
1637 3179 1928 3235 crucifixus
1955 3159 1999 3222 Ο
2030 3190 2123 3245 sed
2170 3190 2287 3244 sine
2333 3190 2589 3260 passione
2631 3190 2875 3259 corporis
2928 3204 3036 3244 non
3090 3159 3305 3258 potest}
3335 3187 3613 3242 libidinem

352 3275 657 3345 confusione
696 3283 986 3344 contempta
1033 3272 1410 3341 triumphavit;
1459 3286 1566 3325 non
1615 3268 1924 3334 occidendo,

353 3369 448 3423 sed
476 3368 781 3432 moriendo;
815 3382 915 3421 nec
935 3366 1045 3419 vim
1070 3364 1373 3430 inferendo,
1396 3364 1490 3418 sed
1510 3362 1847 3428 sustinendo,
1871 3369 1931 3416 ut

357 3459 544 3524 nobis,
616 3458 893 3514 confracta
944 3458 1092 3513 omni
1138 3457 1422 3527 superbia,
1476 3456 1726 3511 vincendi
1775 3456 1931 3510 daret

351 3550 677 3620 exemplum.
714 3549 882 3603 Nemo
922 3565 1012 3603 vos
1040 3547 1264 3619 judicet.
1319 3546 1534 3602 Nullum
1558 3547 1703 3600 enim
1743 3546 1798 3599 in
1824 3545 1929 3600 hoc

352 3642 512 3696 debet
532 3657 652 3697 esse
670 3640 955 3710 judicium,
982 3641 1124 3710 quod
1151 3656 1273 3695 cum
1300 3639 1489 3694 umbra
1511 3647 1675 3703 esset,
1699 3638 1929 3694 cessavit

350 3746 579 3801 corpore
603 3733 882 3798 veniente,
912 3732 1039 3801 quia
1077 3732 1310 3801 imagine
1338 3746 1444 3785 non
1475 3737 1561 3785 est
1594 3744 1757 3799 opus,
1789 3729 1929 3783 veri-

353 3829 465 3876 tate
488 3832 771 3892 prazsente.
802 3822 1003 3894 Corpus
1029 3833 1203 3877 autem
1229 3812 1441 3877 Christi.
1471 3822 1529 3876 Id
1552 3829 1656 3888 est,
1686 3820 1766 3876 rei
1792 3821 1931 3875 veri-

360 3921 463 3967 tas.
504 3912 672 3966 Nemo
699 3930 784 3968 vos
810 3915 1022 3968 seducat
1055 3915 1109 3968 in
1134 3904 1447 3968 humilitate.
1482 3912 1650 3969 Nemo
1678 3912 1801 3967 ﬁcta
1825 3912 1927 3965 hu-

353 4004 583 4059 militate
617 4005 911 4074 superbus,
949 4013 1004 4058 et
1040 4005 1260 4074 angelos
1297 4005 1481 4059 videre
1525 4019 1585 4059 se
1630 4003 1926 4066 mentiens,

352 4092 552 4147 frustra
593 4107 753 4160 super
790 4092 1037 4145 homines
1067 4092 1265 4160 jactet,
1314 4091 1440 4158 quia
1484 4092 1719 4144 visiones
1756 4104 1788 4142 a
1831 4103 1929 4143 suo

310 4254 321 4263 ,
353 4182 592 4251 loquitur
619 4183 798 4236 corde.
840 4182 964 4236 Sive
995 4196 1153 4235 nemo
1182 4188 1290 4235 tam
1328 4181 1546 4234 humilis
1579 4181 1681 4235 sibi
1712 4188 1766 4234 et
1805 4179 1930 4234 reli-

352 4274 536 4343 giosus
564 4272 827 4337 videatur,
849 4281 909 4326 ut
931 4272 1164 4343 Angelos
1192 4271 1284 4340 qui
1310 4272 1477 4324 Deum
1512 4269 1726 4332 vident,
1766 4283 1824 4323 se
1854 4268 1931 4321 vi-

355 4364 485 4419 dere
509 4364 819 4418 mentiatur.
852 4362 1019 4419 Sensu
1054 4362 1227 4417 carnis
1264 4378 1393 4416 suaz.
1425 4360 1542 4415 Non
1579 4358 1931 4430 spiritualiter

354 4456 677 4528 intelligens.
702 4456 826 4510 Non
848 4466 1025 4510 tenens
1048 4463 1222 4524 caput.
1249 4452 1523 4507 Christum
1546 4466 1651 4505 non
1681 4450 1926 4515 credens,

1953 4499 2008 4559 D

2030 3281 2177 3335 enim
2206 3281 2274 3335 ab
2298 3295 2364 3335 eo
2388 3281 2530 3350 quod
2551 3279 2709 3334 libeat
2740 3281 2940 3335 dictam
2967 3294 3087 3335 esse
3116 3295 3222 3334 non
3257 3280 3477 3333 dubium
3506 3288 3613 3334 est.

2044 3424 2047 3429 .
2102 3370 2587 3442 Concupiscentiam
2626 3370 2841 3426 malam.
2877 3372 3007 3439 Quae
3046 3387 3155 3427 non
3181 3371 3355 3426 solum
3386 3371 3453 3426 ad
3474 3386 3615 3441 pra!-

2028 3462 2227 3517 dictam
2249 3462 2595 3532 impudicitiae
2618 3461 2944 3530 passionem,
2977 3477 3167 3517 verum
3207 3462 3372 3516 etiam
3404 3462 3470 3516 ad
3495 3477 3617 3517 om-

2026 3566 2123 3606 nes
2144 3551 2332 3605 noxias
2358 3550 2676 3619 cupiditates
2697 3551 3025 3621 generaliter
3046 3551 3237 3607 referri
3257 3559 3455 3622 potest,
3488 3568 3612 3621 qua:

2028 3647 2295 3709 corrupta
2333 3641 2705 3694 tantummodo
2728 3641 3025 3695 voluntatis
3056 3649 3140 3695 est
3185 3641 3450 3712 aegritudo
3477 3681 3492 3707 ,
3546 3642 3614 3696 de

2028 3745 2133 3800 qua
2158 3730 2417 3783 Dominus
2462 3730 2515 3784 in
2536 3728 2825 3801 Evangelio
2857 3748 2870 3783 :
2902 3730 3005 3795 Qui
3032 3730 3237 3795 viderit,
3271 3730 3466 3801 inquit,
3495 3747 3611 3784 mu-

2027 3818 2206 3874 lierem
2265 3819 2334 3873 ad
2403 3819 2869 3889 concupiscendum
2898 3859 2915 3882 ,
2970 3819 3255 3874 moechatus
3331 3831 3405 3876 est
3461 3820 3613 3875 illam

2030 3909 2241 3982 (Matth.
2270 3908 2348 3981 v).
2400 3910 2796 3966 Fornicationis
2834 3919 3014 3966 autem
3064 3903 3264 3981 genera
3303 3920 3432 3967 sunt
3482 3912 3612 3967 tria.

2025 3999 2288 4065 Primum,
2317 4014 2415 4069 per
2441 4000 2585 4069 quod
2614 4000 2927 4055 commixtio
2952 4001 3236 4071 utriusque
3282 4016 3445 4057 sexus
3489 4017 3616 4071 per-

2029 4089 2223 4144 ﬁcitur.
2266 4090 2576 4146 Secundum
2627 4091 2830 4160 absque
2854 4089 3086 4146 femineo
3124 4099 3302 4156 tactu,
3339 4106 3448 4160 quo
3478 4091 3610 4158 Her,

2028 4178 2170 4232 ﬁlius
2232 4178 2381 4233 Iudae
2407 4181 2729 4248 patriarchae
2752 4196 2783 4234 a
2805 4181 3031 4237 Domino
3072 4197 3359 4252 percussus
3395 4182 3616 4254 legitur,

2027 4268 2170 4337 quod
2202 4269 2256 4323 in
2292 4267 2587 4339 Scripturis
2623 4271 2822 4326 sanctis
2870 4272 3209 4327 immunditia
3244 4281 3613 4344 nuncupatur.

2029 4358 2293 4424 Tertium,
2321 4360 2461 4428 quod
2489 4361 2671 4417 animo
2691 4378 2755 4418 ac
2785 4360 2966 4418 mente
3022 4364 3354 4433 concipitur,
3406 4365 3472 4421 de
3504 4381 3617 4435 quo

2033 4449 2291 4505 Dominus
2324 4450 2538 4520 inquit:
2576 4450 2678 4517 Qui
2721 4453 2902 4507 viderit
2940 4454 3211 4509 mulierem
3251 4455 3319 4509 ad
3369 4456 3620 4526 concupi-

353 4549 447 4621 qui
470 4548 710 4604 omnium
739 4556 1044 4602 sanctorum
1073 4553 1234 4615 caput
1257 4553 1357 4599 est.
1386 4543 1473 4598 Ea;
1496 4559 1598 4613 quo
1625 4551 1790 4596 totum
1816 4558 1932 4595 cor—
1953 4541 2004 4559 "
2032 4541 2300 4607 scendum,
2325 4542 2608 4597 mwchatus
2641 4552 2717 4597 est
2745 4542 2912 4600 illam.
2963 4544 3093 4611 Quae
3135 4545 3240 4600 tria
3267 4560 3468 4617 genera
3491 4546 3625 4603 bea-

350 4657 450 4712 pus
471 4654 564 4710 per
585 4653 747 4692 nexus
769 4647 815 4690 et
843 4637 1232 4707 conjunctiones
1257 4636 1704 4690 subministratum
1729 4643 1777 4687 et
1807 4651 1932 4688 con-

352 4741 629 4787 structum.
674 4728 994 4797 Quicunque
1032 4727 1197 4795 igitur
1236 4735 1390 4780 extra
1438 4725 1540 4780 hoc
1584 4738 1780 4793 corpus
1823 4730 1928 4787 est,

353 4819 750 4891 quantumlibet
776 4832 835 4872 se
856 4814 1048 4886 jactet,
1073 4816 1162 4871 ille
1187 4831 1291 4870 non
1312 4815 1475 4880 vivet,
1498 4816 1619 4884 quia
1641 4821 1801 4884 caput
1822 4828 1928 4867 non

355 4914 522 4970 habet
548 4912 854 4977 Christum,
884 4909 975 4979 qui
1005 4917 1089 4964 est
1115 4908 1248 4962 vita.
1278 4906 1471 4962 Crescit
1501 4908 1553 4959 in
1595 4914 1927 4976 augmentum

356 5004 475 5058 Dei.
510 5002 569 5057 In
599 5010 945 5074 augmentum
981 4999 1224 5068 corporis
1258 4998 1430 5062 illius,
1466 4997 1610 5066 quod
1640 5006 1722 5051 est
1752 4996 1939 5050 Eccle-

355 5094 458 5149 sia.
494 5092 578 5147 Ne
613 5093 902 5164 tetigeritis.
938 5088 1137 5145 Iudaeis
1177 5088 1324 5143 dicit.
1367 5086 1550 5157 Neque
1588 5086 1932 5156 gustaveritis.

356 5184 668 5239 lmmundos
705 5184 855 5238 cibos
891 5181 1186 5237 secundum
1220 5180 1413 5249 legem.
1456 5178 1523 5231 In
1566 5178 1779 5231 interitu
1824 5177 1936 5245 ipso

360 5290 480 5329 usu.
510 5272 636 5327 ldeo
664 5287 770 5326 non
797 5273 996 5326 debent
1024 5286 1123 5340 pro
1156 5284 1352 5338 magno
1375 5268 1591 5331 haberi,
1620 5267 1747 5337 quia
1772 5267 1939 5322 inter-

2036 4639 2122 4688 tus
2146 4631 2435 4701 Apostolus
2458 4632 2576 4702 pari
2598 4633 2759 4688 modo
2781 4634 3177 4702 exstinguenda
3204 4636 3568 4705 pronuntians
3597 4652 3614 4688 :

2036 4720 2352 4792 Mortiﬁcate
2373 4763 2388 4787 ,
2420 4723 2614 4793 inquit,
2644 4723 2876 4778 membra
2920 4734 3088 4779 vestra
3133 4742 3252 4796 qua
3303 4735 3424 4782 sunt
3460 4742 3621 4796 super

2031 4822 2250 4880 terram,
2281 4814 2697 4883 fornicationem,
2725 4814 3136 4880 immunditiam,
3162 4815 3430 4870 libidinem
3452 4857 3468 4882 ,
3505 4823 3615 4870 etc.

2037 4899 2169 4965 Quae
2201 4911 2275 4955 est
2299 4901 2561 4955 idolorum
2586 4902 2825 4956 seruitus.
2848 4900 3040 4957 Cernis
3064 4903 3245 4975 itaque
3259 4903 3328 4958 ad
3358 4912 3621 4973 quantam

2031 4991 2207 5047 labem
2232 4994 2411 5049 rabies
2457 4995 2575 5049 hare
2612 5009 2711 5063 per
2747 4994 2947 5064 gradus
2972 4996 3214 5066 singulos
3262 5003 3506 5058 crescat,
3557 5004 3622 5050 ut

2033 5084 2196 5140 etiam
2223 5085 2488 5140 idolorum
2525 5086 2608 5140 vel
2641 5085 3056 5142 simulacrorum
3096 5086 3333 5141 servitus
3368 5085 3618 5156 Apostoli

2032 5191 2165 5232 voce
2197 5178 2594 5247 pronuntietur,
2619 5193 2685 5234 eo
2707 5178 2850 5250 quod
2877 5178 3050 5249 ﬁgura
3080 5178 3176 5232 Dei
3216 5177 3453 5250 imagine
3479 5194 3620 5249 prae-

2035 5268 2306 5334 termissa,
2339 5283 2498 5337 quam
2529 5269 2719 5324 devote
2742 5269 2984 5326 serviens
3003 5269 3114 5324 Deo
3138 5268 3543 5323 immaculatam
3562 5267 3619 5322 in

356 5370 489 5417 eunt
516 5369 572 5417 et
613 5361 818 5416 vadunt
854 5361 909 5414 in
944 5375 1216 5415 secessum
1254 5359 1477 5414 ventris.
1525 5357 1655 5423 Qua:
1691 5367 1810 5411 sunt
1848 5373 1935 5409 ra—
2035 5358 2326 5426 semetipso
2352 5358 2539 5413 debuit
2586 5358 2892 5425 custodire,
2943 5358 3224 5414 hominum
3268 5357 3471 5429 ﬁguras
3516 5358 3621 5413 im-

357 5452 549 5505 tionem
583 5451 792 5523 quidem
837 5449 1102 5503 habentia.
1144 5448 1258 5504 Hoc
1295 5459 1406 5514 est,
1445 5448 1696 5503 videntur
1735 5448 1934 5501 habere
2028 5463 2251 5517 pressas
2279 5464 2433 5514 auro,
2460 5458 2516 5504 et
2550 5450 2772 5522 diligere
2800 5467 2900 5522 pro
2931 5452 3042 5507 Deo
3073 5450 3287 5517 maluit,
3311 5458 3368 5506 et
3394 5449 3618 5505 intueri.

358 5543 594 5612 aliquam
620 5544 918 5608 rationem,
959 5541 1003 5595 si
1029 5541 1257 5611 mystice
1293 5549 1348 5594 et
1382 5557 1488 5595 non
1514 5538 1810 5595 secundum
1854 5554 1937 5594 so-
2036 5536 2481 5607 lndignationem.
2518 5539 2637 5610 ipsa
2662 5549 2748 5596 est
2794 5557 2917 5610 quae
2950 5541 3182 5597 inebriat
3216 5548 3474 5595 mentem.
3500 5537 3622 5592 No-

357 5632 467 5689 lam
501 5632 735 5686 litteram
768 5640 1124 5700 exponantur,
1163 5637 1304 5685 etut
1335 5619 1440 5683 non
1478 5632 1543 5684 ad
1568 5630 1825 5686 honorem
1851 5629 1936 5684 vel
2036 5628 2126 5682 lite
2174 5631 2401 5683 mentiri.
2434 5630 2599 5685 Filios
2632 5632 2775 5686 enim
2804 5633 3055 5688 veritatis
3077 5649 3182 5689 non
3205 5632 3333 5687 licet
3375 5630 3617 5686 mentiri.

358 5726 428 5783 ad
455 5725 790 5784 saturitatem
818 5724 1020 5779 ventris
1046 5721 1402 5778 historialiter
1431 5720 1578 5776 ﬁant.
2041 5718 2145 5785 Qui
2172 5732 2451 5777 renovatur
2476 5724 2532 5777 in
2559 5724 2821 5794 agnitione
2851 5724 2966 5780 Dei.
3009 5725 3144 5781 Cum
3169 5725 3293 5795 quis
3317 5721 3617 5795 cognoveri
