3982 6198
282 305 397 362 229

1234 294 1258 310 “
1317 299 1643 360 COLLECT.
1682 304 1751 359 IN
1791 304 2010 361 EPIST.
2051 305 2069 358 I
2108 305 2198 360 AD
2237 303 2512 365 TIMOTH.

3433 294 3541 370 250'

293 418 446 485 cujus
475 416 654 483 imago
683 420 789 477 est,
813 422 866 468 et
892 415 945 468 in
973 423 1233 484 quantum
1269 424 1447 485 potest
1488 416 1679 470 nititur
1700 416 1868 471 simu-
1897 420 1950 479 Α
1974 423 2114 470 sent.
2152 414 2405 470 Timentes
2437 416 2736 470 Dominum.
2778 416 2877 483 Qui
2917 418 3112 487 ubique
3149 433 3361 491 semper
3382 422 3556 489 videt,

293 516 425 560 tare.
459 503 559 557 Ubi
612 520 716 556 non
745 513 819 557 est
868 505 1150 558 masculus.
1204 504 1338 571 Quia
1369 507 1511 574 apud
1547 505 1716 559 Deum
1764 521 1874 560 non

292 597 619 667 pmdicatur
639 611 821 660 sexus,
846 595 930 649 vel
964 612 1151 667 genus,
1176 597 1258 651 vel
1284 599 1480 667 patria,
1507 598 1593 652 vel
1615 598 1870 659 conditio.

294 686 391 740 sed
421 685 538 739 sola
559 685 904 740 conversatio
928 703 941 739 :
974 701 1097 738 nam
1122 685 1358 740 carnalis
1399 695 1484 741 est
1521 687 1623 741 ista
1653 686 1877 741 diversi-

294 788 397 831 tas.
448 774 553 831 Sed
606 778 783 830 omnia
812 777 868 829 in
907 776 1145 832 omnibus
1180 777 1416 832 Christus
1469 788 1564 833 est.
1596 778 1747 846 Quod
1802 780 1877 834 ita

293 868 408 933 ﬁet,
450 882 574 923 cum
602 868 780 922 omnis
810 883 982 933 amor,
1012 884 1172 924 omne
1201 870 1545 933 desiderium,
1578 884 1736 924 omne
1767 878 1878 923 stu-

292 960 467 1025 dium,
495 960 675 1014 omnis
702 966 951 1025 conatus,
988 961 1165 1014 omnis
1196 961 1451 1029 cogitatio
1478 970 1679 1023 nostra,
1719 975 1879 1015 omne

292 1048 442 1119 quod
461 1050 732 1114 videmus,
760 1050 904 1118 quod
933 1049 1227 1118 loquimur,
1247 1052 1391 1120 quod
1422 1066 1722 1121 speramus,
1739 1052 1880 1106 Deus

298 1142 424 1206 erit,
454 1140 656 1209 illaque
692 1141 888 1205 unitas,
914 1157 1033 1210 qua:
1060 1157 1203 1197 nunc
1244 1151 1330 1196 est
1363 1142 1540 1196 Patris
1566 1158 1685 1197 cum
1722 1142 1877 1206 Filio,

297 1240 352 1285 et
377 1230 503 1285 Filii
545 1246 668 1286 cum
697 1230 859 1286 Patre
886 1231 940 1284 in
980 1241 1223 1285 nostrum
1259 1230 1423 1286 fuerit
1466 1246 1683 1286 sensum
1734 1246 1882 1285 men-

300 1328 519 1389 temque
555 1320 847 1385 transl’usa,
874 1320 927 1375 id
953 1330 1057 1386 est,
1091 1329 1151 1375 ut
1189 1322 1638 1390 quemadmodum
1665 1338 1763 1377 nos
1793 1323 1883 1376 ille

300 1412 517 1467 sincera
542 1420 598 1465 et
622 1427 755 1480 pura
795 1422 958 1479 atque
986 1411 1340 1466 indissolubili
1369 1412 1543 1483 diligit
1572 1414 1836 1467 charitate
1866 1453 1879 1475 ,

298 1517 401 1557 nos
455 1516 670 1572 quoque
727 1503 776 1556 ei
820 1510 1076 1572 perpetua
1110 1510 1166 1556 et
1206 1502 1549 1571 inseparabili
1602 1502 1884 1556 dilectione

293 1589 606 1660 iungamur.
638 1590 849 1644 Induite
876 1608 996 1661 ergo
1026 1609 1110 1645 vos
1154 1592 1310 1645 sicut.
1336 1592 1483 1645 electi
1519 1592 1631 1645 Dei.
1658 1591 1749 1645 Illa
1793 1592 1885 1645 de-

292 1691 585 1752 ponentes,
614 1683 729 1736 haec
776 1682 979 1736 induite
1004 1698 1123 1737 cum
1166 1683 1298 1737 estis
1347 1683 1523 1737 electi.
1565 1681 1884 1751 Suﬂ'erentes

1980 513 2035 560 et
2060 505 2172 559 odit
2196 520 2354 559 omne
2388 506 2530 574 quod
2570 505 2751 559 ﬁctum
2801 514 2901 559 est.
2937 506 3168 563 Scientes
3196 510 3335 579 quod
3363 527 3397 564 a
3447 510 3559 564 Do-

1977 595 2118 647 mino
2171 594 2433 663 accipietis
2486 595 2872 649 retributionem
2933 597 3270 653 haereditatis.
3332 600 3561 657 Etiamsi

1980 683 2221 751 ingratos
2246 683 2493 737 dominos
2530 684 2796 749 habeatis,
2828 685 2993 739 nolite
3020 697 3210 755 putare
3258 688 3561 745 infructuo-

1978 789 2098 827 sum
2127 787 2246 826 esse
2272 773 2574 839 servitium,
2606 774 2751 843 quod
2782 785 3003 843 propter
3030 776 3199 830 Deum
3235 779 3555 843 exhibitum,

1979 866 2184 922 caelesti
2216 868 2654 921 remuneratione
2694 868 3025 937 pensabitur.
3053 868 3155 934 Qui
3181 870 3318 922 enim
3365 884 3552 935 nocet,

1981 959 2187 1029 recipiet
2212 959 2266 1012 id
2288 960 2427 1030 quod
2453 961 2628 1031 inique
2661 961 2835 1030 gessit.
2864 960 2991 1016 Sive
3023 977 3209 1017 servus
3234 964 3325 1033 qui
3369 965 3553 1019 Domi-

1980 1065 2106 1104 num
2137 1053 2543 1122 contempserit,
2575 1054 2687 1108 sive
2723 1053 2983 1108 Dominus
3009 1054 3101 1123 qui
3131 1063 3321 1111 contra
3346 1072 3562 1112 servum

1982 1142 2164 1213 inique
2184 1144 2373 1212 egerit.
2402 1144 2469 1197 Et
2495 1162 2597 1199 non
2636 1155 2711 1198 est
2763 1161 3104 1215 personarum
3144 1136 3383 1217 acceptio
3423 1149 3565 1219 apud

1984 1236 2147 1290 Deum
2185 1236 2235 1305 (1
2264 1235 2408 1291 Petr.
2436 1237 2516 1308 ιι).
2557 1236 2672 1291 Hoc
2695 1238 2844 1302 dicit,
2869 1245 2930 1292 ut
2953 1238 3370 1294 consolationem
3393 1240 3555 1295 habe-

1983 1332 2126 1389 rent,
2174 1326 2408 1380 scientes
2439 1342 2592 1381 suam
2637 1326 2890 1396 iniuriam
2926 1343 3033 1383 non
3063 1343 3184 1383 esse
3221 1330 3563 1399 apud‘Deum

1986 1414 2234 1468 inultam.

2619 1505 2847 1563 CAPUT
2883 1507 2972 1561 IV.

2058 1593 2287 1660 Domini,
2303 1596 2440 1665 quod
2457 1596 2661 1665 justum
2676 1607 2751 1651 est
2788 1605 2837 1651 et
2858 1615 3081 1667 aequum,
3107 1600 3264 1654 servis
3283 1610 3549 1669 praestate,

1984 1684 2201 1737 scientes
2229 1687 2478 1754 quoniam
2524 1696 2571 1739 et
2603 1704 2689 1740 vos
2731 1686 3014 1741 Dominum
3058 1688 3255 1743 habetis
3302 1690 3358 1743 in
3412 1691 3562 1747 caelo.

296 1774 540 1827 invicem.
586 1772 847 1842 Exemplo
887 1772 1107 1837 Christi,
1141 1774 1231 1842 qui
1281 1770 1622 1827 inﬁrmitates
1667 1780 1882 1826 nostras
1912 1774 1957 1832 B
1988 1771 2230 1827 Orationi
2259 1776 2465 1828 instate.
2504 1775 2659 1831 Nunc
2713 1777 2977 1847 generalis
3034 1780 3341 1835 exhortatio
3370 1782 3558 1837 subse-

298 1864 559 1934 portavit.
617 1863 769 1929 Quod
805 1873 880 1917 est
935 1863 1199 1917 vinculum
1239 1864 1585 1934 perfectionis.
1632 1861 1883 1917 Charitas

297 1957 445 2009 enim
473 1954 643 2009 multa
673 1956 914 2010 membra
943 1955 996 2008 in
1023 1969 1187 2008 unum
1209 1955 1409 2024 colligit
1432 1968 1645 2022 corpus.
1678 1951 1747 2004 Et
1781 1968 1886 2021 pax

294 2043 517 2097 Christi.
541 2043 643 2110 Qui
668 2059 768 2113 pro
807 2044 1057 2098 omnibus
1086 2052 1329 2098 mortuus
1375 2052 1477 2105 est,
1511 2052 1566 2097 et
1594 2056 1721 2107 suos
1753 2041 1885 2095 dile-

300 2134 378 2187 xit
408 2135 680 2189 inimicos.
712 2133 778 2187 In
801 2134 1045 2187 cordibus
1094 2135 1294 2187 vestris.
1328 2134 1444 2186 Non
1473 2134 1525 2186 in
1564 2132 1704 2186 facie
1733 2130 1886 2185 falla-

294 2227 439 2279 citer
466 2225 759 2285 arridente,
779 2224 860 2277 vel
884 2238 1133 2279 sermone
1158 2224 1360 2278 doloso.
1401 2220 1551 2275 Grati
1577 2231 1756 2276 estote.
1785 2221 1886 2276 Be-

300 2315 514 2369 neliciis
533 2314 756 2369 Christi.
787 2313 841 2366 In
885 2314 1154 2367 nonnullis
1180 2312 1578 2382 exemplaribus
1606 2313 1837 2367 habetur
1867 2328 1879 2364 :

300 2404 373 2457 Et
405 2404 581 2473 gratia
615 2412 805 2466 estote;
833 2403 936 2458 hoc
974 2411 1076 2467 est,
1109 2402 1273 2457 nolite
1299 2402 1399 2472 legi
1428 2401 1738 2466 assimilari,
1767 2415 1886 2470 qua:

301 2498 479 2549 vicem
508 2495 702 2558 reddit,
726 2496 819 2549 sed
851 2494 1062 2565 gratim,
1087 2508 1207 2564 quae
1238 2493 1466 2561 ignoscit
1510 2492 1671 2547 etiam
1703 2491 1881 2544 inimi-

300 2590 402 2643 cis.
435 2587 507 2642 In
529 2588 738 2641 nomine
770 2587 1000 2641 Domini.
1027 2587 1083 2640 Id
1108 2595 1220 2649 est,
1273 2587 1338 2639 ad
1383 2584 1608 2655 gloriam
1653 2585 1885 2639 nominis

310 2680 523 2734 Domini
571 2679 742 2733 nostri
793 2678 917 2733 Jesu
971 2677 1171 2733 Christi
1210 2677 1372 2731 facite
1418 2677 1620 2730 omnia.
1674 2672 1885 2728 Gratias

303 2782 511 2842 agentes
543 2771 673 2825 Deo.
702 2771 803 2837 Qui
846 2771 1039 2826 Filium
1067 2786 1222 2826 suum
1259 2771 1325 2824 ad
1370 2771 1484 2825 ham
1529 2769 1766 2824 docenda
1793 2767 1887 2824 de-

304 2865 510 2917 stinare
536 2863 787 2931 dignatus
814 2869 913 2915 est.
954 2861 1043 2915 Sic
1081 2861 1306 2930 oportuit
1356 2860 1412 2911 in
1444 2858 1684 2911 Domino.
1715 2857 1773 2911 ln
1801 2857 1885 2912 his

304 2971 424 3023 qua:
446 2955 558 3009 Deo
604 2954 841 3022 placent.
876 2953 1053 3006 Nolite
1100 2954 1268 3006 amari
1320 2968 1428 3006 esse
1456 2951 1525 3006 ad
1568 2950 1705 3005 illas.
1760 2952 1885 3008 Vult

276 3052 552 3098 ,eessante
575 3043 849 3111 voluptate
898 3058 1001 3096 non
1032 3042 1385 3098 contumelias
1416 3052 1468 3095 et
1509 3041 1689 3096 odium
1717 3082 1730 3106 ,
1787 3042 1881 3097 sed

1985 1862 2187 1931 quitur.
2218 1863 2405 1921 Sermo
2426 1876 2592 1921 vester
2624 1883 2825 1937 semper
2854 1869 2910 1920 in
2954 1867 3063 1922 sale
3104 1870 3172 1923 sit
3201 1870 3462 1925 conditus.
3504 1872 3563 1927 Id

1985 1961 2089 2017 est,
2115 1964 2326 2026 gratum
2364 1957 2600 2025 proferte
2642 1972 2985 2023 sermonem,
3032 1958 3145 2013 sale
3184 1960 3463 2029 sapientia:
3505 1970 3562 2017 et

1986 2047 2209 2102 rationis
2230 2046 2527 2113 conditum,
2556 2062 2624 2102 ne
2651 2048 2813 2102 stulta
2842 2055 3027 2103 nostra
3058 2049 3246 2119 religio
3267 2065 3297 2103 a
3326 2051 3563 2119 philoso-

1983 2139 2104 2208 phis
2138 2146 2192 2192 et
2220 2140 2469 2209 gentibus
2489 2140 2804 2195 aestimetur.
2845 2137 2911 2193 Ut
2935 2140 3112 2194 sciatis
3136 2146 3393 2212 quomodo
3416 2158 3564 2212 opor-

1984 2238 2088 2282 teat
2128 2246 2216 2283 vos
2241 2230 2521 2300 unicuique
2552 2230 2876 2298 respondere.
2925 2230 3096 2284 Aliter
3118 2230 3264 2285 enim
3290 2232 3514 2302 paganis
3542 2272 3557 2297 ,

1985 2319 2142 2372 aliter
2177 2317 2395 2382 Iudaeis,
2424 2319 2579 2372 aliter
2602 2319 2901 2385 haereticis,
2950 2327 3005 2374 et
3030 2321 3242 2375 caeteris
3274 2322 3552 2376 contradi-

1985 2408 2232 2462 centibus
2259 2408 2494 2462 veritati.

2061 2498 2191 2563 Qua:
2213 2498 2353 2551 circa
2383 2515 2464 2552 me
2492 2508 2630 2553 sunt.
2660 2499 2891 2555 Securos
2918 2500 3038 2555 illos
3066 2499 3182 2554 vult
3201 2514 3324 2555 esse
3366 2500 3432 2555 de
3464 2516 3561 2555 sua

1987 2589 2376 2651 incolumitate,
2399 2603 2466 2642 ne
2491 2589 2593 2643 hac
2618 2598 2800 2644 essent
2829 2590 3049 2644 tristitia
3070 2590 3337 2658 occupati.
3365 2588 3564 2644 Conca-

1987 2678 2159 2747 ptivus
2185 2694 2349 2732 meus.
2377 2677 2549 2732 Simul
2585 2678 2797 2732 vinctus
2824 2687 2962 2743 erat,
2989 2679 3103 2734 sive
3133 2679 3564 2747 compatiebatur

1989 2769 2272 2824 charitatis
2292 2768 2505 2823 affectu.
2529 2767 2879 2822 Consobrinus
2905 2768 3182 2822 Barnabte.
3207 2768 3377 2822 Filius
3406 2783 3557 2822 soro-

1988 2859 2065 2913 ris
2089 2858 2368 2914 Barnabte.
2400 2857 2502 2924 Qu'
2532 2875 2595 2913 ea:
2638 2859 2796 2914 vobis.
2823 2859 2900 2914 De
2919 2869 3099 2915 vestro
3120 2874 3337 2931 genere.
3376 2859 3563 2914 Hiero-

1989 2950 2115 3021 poli.
2141 2951 2391 3015 Civitate,
2426 2949 2480 3004 in
2507 2965 2610 3019 qua
2664 2950 2905 3020 sepultus
2932 2957 3016 3005 est
3042 2948 3278 3006 Joannes
3301 2948 3559 3017 Baptista.

2000 3041 2128 3095 Vide
2154 3041 2520 3095 ministerium.
2574 3040 2673 3097 Hic
2715 3042 2971 3097 diaconus
3016 3040 3182 3096 fuisse
3231 3039 3562 3109 perhibetur.

306 3134 648 3187 dilectionem
665 3148 936 3187 crescere.
971 3131 1179 3196 Patres,
1213 3132 1371 3185 nolite
1396 3148 1678 3201 provocare
1705 3133 1773 3186 ad
1799 3134 1884 3187 in-
1915 3116 1960 3178 C
1995 3130 2251 3184 Memores
2272 3139 2429 3185 estote
2459 3130 2781 3185 vinculorum
2812 3148 3065 3186 meorum.
3118 3130 3243 3186 Sive
3273 3139 3456 3196 orate,
3504 3139 3567 3185 ut

305 3223 661 3291 dignationem
712 3221 850 3291 ﬁlios
895 3230 1105 3275 vestros.
1158 3220 1236 3275 Ne
1284 3222 1587 3290 exasperati
1639 3221 1880 3276 iracundi

306 3313 461 3377 ﬁant,
488 3313 579 3382 qui
604 3313 851 3383 exemplo
879 3321 1057 3368 vestro
1087 3312 1401 3382 patientiam
1432 3311 1639 3367 discere
1659 3310 1877 3366 debuis-

1990 3222 2184 3276 reddar
2223 3222 2406 3281 vobis:
2450 3222 2564 3278 sive
2613 3223 2900 3279 imitamini
2952 3222 3296 3279 tolerantiam
3323 3237 3564 3277 mearum

1986 3312 2320 3381 passionum.

1064 3784 1168 3858 IN
1232 3777 1802 3857 EPISTOLAM
1861 3775 1895 3851 Ι
1958 3776 2085 3852 ΑΙ)
2142 3775 2803 3853 TIMOTHEUM.

822 4017 1039 4077 CAPUT
1077 4015 1365 4072 PRIMUM.

390 4113 585 4170 Paulus
604 4110 871 4182 apostolus
899 4110 1025 4165 Jesu
1056 4108 1272 4175 Christi,
1300 4109 1578 4164 .ecundum
1608 4108 1882 4178 imperium

312 4203 428 4257 Dei.
456 4200 570 4257 Non
607 4201 901 4257 secundum
930 4201 1403 4270 preesumptionem
1444 4215 1638 4254 meam.
1670 4197 1737 4252 Et
1765 4196 1881 4253 Sal-

1983 4014 2107 4084 quia
2134 4013 2185 4067 in
2206 4020 2473 4083 praecepto
2502 4012 2839 4067 mendacium
2870 4027 2976 4067 non
3006 4012 3297 4082 invenitur,
3322 4018 3551 4077 etlinem

1984 4106 2148 4161 habet
2185 4106 2239 4160 in
2272 4106 2559 4171 charitate,
2587 4120 2695 4160 non
2722 4112 2780 4159 ut
2803 4106 3146 4177 genealogiaa.
3175 4105 3431 4181 Prtecepti
3454 4128 3555 4166 au-

1985 4203 2091 4249 tem
2116 4195 2245 4251 dicit
2285 4196 2524 4250 omnium
2555 4197 2963 4261 mandatorum,
3009 4207 3069 4251 ut
3095 4206 3214 4253 est:
3254 4200 3410 4257 Omni
3438 4220 3559 4259 con-

309 4293 523 4346 vatoris.
558 4291 734 4347 Unum
768 4291 1053 4360 imperium
1080 4289 1227 4345 Patri
1253 4297 1308 4344 et
1352 4289 1489 4344 Filio
1511 4304 1628 4344 esse
1656 4289 1881 4343 demon-
1907 4324 1960 4386 Β
1985 4291 2320 4344 summationi
2343 4291 2447 4343 vidi
2466 4289 2626 4358 ﬁnem
2648 4288 2833 4342 latum.
2861 4288 3103 4343 Charitas
3130 4292 3308 4360 igitur.
3333 4294 3559 4352 Dilectio

311 4391 465 4437 strat.
494 4381 598 4447 Qui
625 4391 700 4435 est
727 4396 840 4451 spes
865 4390 1060 4434 nostra.
1100 4379 1158 4434 Id
1186 4387 1288 4443 est,
1312 4380 1364 4433 in
1390 4394 1547 4448 quem
1577 4394 1877 4449 speramus.

314 4475 597 4530 Timotheo.
656 4475 762 4529 Iste
790 4473 1102 4528 Timotheus
1130 4472 1413 4541 episcopus
1443 4470 1542 4524 fuit
1590 4470 1643 4524 in
1672 4470 1884 4539 Epheso

310 4574 370 4620 ut
427 4566 480 4619 in
516 4565 654 4621 libro
709 4563 1066 4618 Historiarum
1101 4562 1318 4616 dicitur.
1368 4557 1551 4613 Gratia
1595 4570 1641 4613 et
1688 4560 1885 4612 miseri-

312 4654 510 4708 cordia.
542 4653 964 4709 Misericordiam
1009 4652 1158 4707 addit
1194 4660 1415 4722 propter
1458 4651 1574 4720 ejus
1624 4650 1886 4705 honorem

312 4747 639 4815 nimiamque
687 4746 805 4816 ejus
855 4745 1217 4801 dilectionem.
1263 4744 1370 4797 Ant
1408 4743 1533 4813 quia
1572 4742 1885 4797 Timotheus

313 4838 572 4894 stomachi
600 4838 785 4895 dolore
833 4836 1132 4901 laborabat,
1165 4837 1288 4891 ideo
1333 4834 1705 4890 misericordia
1745 4833 1887 4887 iudi-

310 4938 519 4995 guerat.
558 4927 710 4985 Sicut
739 4928 919 4998 rogavi
944 4938 1012 4981 te.
1044 4927 1204 4983 Addit
1225 4926 1364 4980 inl’ra
1393 4926 1495 4981 hoc
1515 4932 1838 4995 praeceptum
1866 4944 1878 4978 :

312 5019 626 5075 Commendo
650 5020 763 5083 tibi,
792 5020 870 5088 ﬁli
893 5020 1176 5085 Timothee,
1205 5021 1310 5075 hoc
1327 5020 1590 5084 est,sicut
1619 5019 1797 5089 rogavi
1833 5027 1883 5072 te

309 5118 369 5163 ut
394 5122 707 5165 remaneres
747 5109 963 5178 Ephesi,
997 5110 1075 5164 sic
1116 5117 1172 5163 et
1213 5109 1309 5163 hoc
1350 5118 1664 5179 prtt’ceptum
1687 5109 1883 5164 iterum

309 5198 632 5253 commendo.
651 5197 1162 5270 Nequeintenderent
1177 5196 1545 5266 fabulis.Quas
1571 5198 1883 5253 deuteroses

309 5286 603 5356 appellant.
646 5286 802 5343 Unde
852 5286 1240 5365 quvangelio
1303 5286 1560 5343 docentes
1607 5287 1881 5343 doctrinas

308 5377 609 5442 hominum,
637 5377 1087 5433 condemnamur.
1121 5376 1188 5430 Et
1224 5376 1556 5447 genealogiis.
1582 5378 1637 5431 ld
1660 5386 1760 5442 est,
1793 5393 1883 5447 ge-

306 5466 681 5522 nerationibus
704 5467 1049 5536 antiquorum
1077 5507 1091 5532 ,
1137 5467 1190 5520 in
1233 5465 1428 5536 quibus
1470 5467 1571 5522 sibi
1615 5482 1880 5522 summam

307 5555 592 5610 scientiam
641 5556 942 5621 vindicant,
964 5556 1009 5610 si
1049 5570 1236 5611 omnes
1261 5558 1637 5626 generationes
1664 5571 1881 5611 enume-

304 5653 454 5700 rant.
483 5642 640 5700 Finis
692 5656 865 5701 autem
904 5649 1164 5718 pra'cepti.
1223 5646 1337 5703 Hoc
1380 5655 1490 5713 eSt,
1541 5646 1877 5716 adimpletio,

1988 4379 2082 4433 Dei
2106 4388 2160 4433 et
2186 4380 2436 4447 proximi.
2467 4378 2618 4432 Finis
2654 4379 2897 4449 prwcepti
2944 4388 3040 4432 est.
3102 4380 3159 4433 In
3196 4395 3301 4449 qua
3329 4390 3443 4438 tota
3469 4386 3558 4441 lex

1984 4471 2180 4540 pendet
2199 4480 2254 4525 et
2277 4473 2569 4541 prephetze.
2603 4471 2727 4525 Haec
2760 4471 2806 4525 si
2830 4471 2895 4526 de
2924 4474 3086 4526 corde
3134 4488 3271 4541 puro
3295 4474 3384 4539 sit,
3414 4477 3555 4530 dini-

1987 4561 2087 4615 cile
2114 4561 2421 4630 delinquere
2448 4563 2763 4632 poterimus.
2796 4562 2876 4616 De
2925 4563 3081 4617 corde
3131 4581 3285 4634 puro.
3319 4564 3449 4621 Sine
3476 4570 3555 4623 vi-

1987 4652 2096 4706 tiis.
2136 4651 2203 4704 Et
2228 4653 2542 4706 conscientia
2565 4652 2717 4706 bona.
2745 4652 2814 4707 Ut
2839 4654 3171 4708 conscientia
3207 4663 3294 4709 tua
3317 4656 3556 4711 testimo-

1987 4741 2135 4795 nium
2164 4742 2445 4811 perhibeat
2467 4743 2736 4797 charitati.
2769 4743 2837 4796 Et
2860 4743 2963 4811 [ide
2991 4761 3092 4798 non
3139 4744 3283 4812 ﬁcta.
3311 4743 3388 4800 Ne
3412 4746 3557 4803 aliud

1986 4832 2169 4897 corde,
2200 4831 2341 4885 aliud
2364 4845 2456 4885 ore
2478 4832 2835 4900 proferamus.
2864 4833 3012 4887 Bona
3037 4844 3113 4888 est
3135 4834 3237 4889 lex.
3264 4835 3376 4891 Hoc
3403 4838 3553 4904 dicit,

1986 4939 2056 4979 ne
2081 4924 2201 4992 quis
2222 4932 2434 4993 putaret
2470 4939 2591 4978 eum
2632 4939 2886 4994 spernere
2915 4925 3103 4992 legem.
3144 4924 3281 4990 Quia
3298 4924 3450 4993 justo
3473 4932 3559 4984 lex

1988 5029 2091 5065 non
2122 5022 2195 5066 est
2216 5012 2406 5082 posita.
2437 5010 2637 5067 Novam
2665 5014 2834 5084 legem
2863 5013 3229 5082 implentibus,
3260 5014 3346 5069 lex
3376 5016 3552 5071 vindi-

1986 5110 2088 5155 cta:
2108 5117 2213 5156 non
2235 5111 2318 5157 est
2344 5104 2537 5172 posita.
2567 5101 2869 5174 Plagiariis.
2901 5103 3003 5169 Qui
3035 5104 3410 5162 innocentibus
3436 5108 3555 5178 pla-

1985 5208 2083 5263 gas
2110 5192 2363 5247 inlerunt.
2393 5193 2733 5263 Evangelium
2770 5194 2952 5263 gloria:
2975 5194 3091 5249 Dei.
3127 5195 3231 5252 Per
3258 5198 3399 5267 quod
3442 5199 3555 5270 glo-

1984 5283 2226 5337 rilicatur
2258 5283 2415 5346 Deus,
2462 5284 2576 5338 sive
2614 5283 2667 5336 in
2698 5299 2805 5352 quo
2835 5293 3087 5340 narratur
3114 5287 3180 5342 de
3221 5287 3393 5359 gloria
3434 5289 3553 5345 Dei.

1985 5372 2138 5437 Quod
2175 5373 2419 5441 ignorans
2440 5372 2557 5440 feci.
2582 5372 2776 5426 Levius
2799 5388 2928 5445 ergo
2956 5389 3075 5430 esse
3095 5384 3376 5446 peccatum
3405 5377 3556 5451 igno-

1982 5462 2174 5514 rantiae
2201 5461 2551 5515 demonstrat.
2581 5458 3035 5530 Superabundavit
3065 5465 3260 5534 gratia.
3297 5463 3415 5521 Non
3461 5483 3555 5524 so-

1984 5552 2092 5605 lum
2123 5560 2341 5621 peccata
2374 5551 2597 5617 dimisit,
2620 5552 2711 5606 sed
2758 5551 2899 5606 bona
2939 5553 3105 5608 dedit.
3135 5552 3338 5612 Fidelis
3360 5573 3554 5613 sermo.

1984 5645 2153 5711 Quem
2184 5659 2373 5700 onmes
2398 5645 2713 5709 crcdunt,et
2734 5645 2973 5700 omnium
2994 5647 3341 5705 conscientiae
3368 5663 3557 5705 verum
