3982 6198
343 321 437 382 231

1734 291 2004 352 SEDULII
2041 284 2233 345 SCOTl

3495 273 3602 328 239

345 447 465 488 esse
487 432 830 501 cognoscunt.
876 422 947 477 Et
973 419 1113 475 omni
1144 404 1436 486 acceptione
1469 413 1676 485 dignus.
1708 410 1766 464 id
1795 416 1878 501 est
1899 449 1914 473 ,
1945 408 1993 469 Α
2019 397 2404 501 prmpartlverit
2432 397 2572 452 Deus
2599 394 2686 451 bis
2711 394 2818 501 qui
2845 387 3298 501 diliguntrillumu
3312 385 3602 501 prospicit,

349 499 571 576 auribus
615 524 670 571 et
711 513 872 569 corde
909 508 1276 578 acceptabilis.
1322 502 1389 559 Ut
1423 511 1715 576 peccatores
1749 499 1920 555 salvos

349 612 560 681 faceret.
588 606 657 661 Ut
689 618 704 657 :
743 601 863 656 Non
890 600 1006 654 veni
1038 615 1221 654 vocare
1251 597 1456 667 justas,
1484 594 1574 649 sed
1604 602 1919 681 peccatores.

352 674 586 765 Quorum
608 694 807 763 primus
831 707 923 762 ego
968 706 1104 743 sum.
1147 688 1288 742 Ante
1331 687 1556 741 Paulum
1604 700 1712 739 non
1754 674 1927 737 ‘érant

348 784 693 859 peccatores?
720 781 878 837 Certe
900 779 986 835 vel
1034 780 1149 850 ipse
1192 777 1366 831 Adam
1418 785 1543 830 ante
1589 789 1779 829 omnes
1805 814 1819 838 ,
1874 779 1929 826 et

348 879 505 950 plena
530 872 904 946 peccatoribus
941 871 1114 926 deleta
1147 868 1345 924 diluvio
1376 876 1542 930 terra,
1579 873 1634 919 et
1674 864 1929 933 deinceps

351 982 511 1036 quam
543 962 899 1019 multi?Unde
922 976 1051 1031 ergo
1072 973 1259 1012 verum
1286 964 1389 1021 est,
1414 957 1524 1025 Ego
1548 954 1751 1025 primus
1774 953 1930 1006 sum?

358 1058 597 1111 Primum
643 1071 702 1110 se
731 1053 870 1108 dixit
922 1068 1029 1107 non
1055 1057 1398 1120 peccatorum
1440 1048 1647 1110 ordine,
1672 1046 1765 1100 sed
1801 1060 1929 1115 pec-

353 1149 460 1203 cati
484 1146 869 1217 magnitudine,
893 1140 1312 1212 magnitudinem
1335 1138 1416 1193 sui
1448 1136 1651 1206 peccati
1682 1134 1929 1197 attendit,

353 1239 494 1292 unde
512 1237 743 1306 primum
770 1249 829 1288 se
848 1233 985 1287 dixit
1002 1239 1371 1302 peccatorum,
1386 1226 1655 1295 quomodo
1683 1224 1934 1278 dicuntur

356 1329 499 1382 inter
521 1328 828 1390 advocatos,
859 1324 1006 1380 verbi
1032 1320 1222 1392 gratia,
1246 1317 1405 1387 primi
1435 1316 1675 1370 :Primus
1697 1322 1780 1367 est
1810 1312 1930 1375 iste,

356 1434 465 1471 non
489 1417 613 1486 quia
636 1417 818 1486 plures
845 1428 1011 1467 annos
1032 1412 1195 1465 habet
1219 1424 1285 1462 ex
1330 1421 1436 1476 quo
1457 1419 1651 1459 causas
1681 1403 1809 1473 agit,
1842 1400 1935 1455 sed

356 1525 463 1578 quo
493 1508 654 1575 cmpit
691 1515 916 1561 caeteros
936 1516 1213 1573 superare.
1248 1498 1490 1553 Primum
1525 1510 1654 1566 ergo
1680 1511 1738 1550 se
1774 1495 1933 1560 dixit,

354 1598 482 1666 quia
517 1611 674 1650 nemo
703 1594 948 1649 acerbior
984 1593 1123 1646 inter
1149 1594 1521 1659 persecutores
1552 1585 1801 1654 erat,qui
1825 1583 1937 1652 pri¢

355 1688 596 1744 mitivam
624 1686 914 1740 Ecclesium
960 1690 1083 1753 post
1124 1693 1410 1736 ascensum
1432 1676 1645 1730 Domini
1668 1673 1936 1744 persecuti

359 1786 502 1834 sunt.
534 1778 614 1831 Ad
642 1776 1083 1846 informationem.
1129 1772 1212 1826 Ad
1231 1769 1558 1839 exemplum,
1583 1776 1643 1822 ut
1666 1782 1825 1821 nemo
1848 1766 1940 1821 de-
1965 1764 2013 1823 B

359 1877 557 1939 speret.
598 1866 728 1936 Regi
757 1874 931 1918 autem
979 1861 1294 1917 saeculorum
1323 1862 1512 1914 honor.
1540 1854 1644 1924 Qui
1671 1855 1801 1910 mihi
1840 1854 1940 1908 tri-

359 1958 478 2013 buit
500 1957 716 2011 veniam
744 1970 849 2009 non
874 1951 1125 2007 merenti.

433 2046 548 2101 Hoc
566 2054 879 2116 praeceptum
903 2040 1207 2096 commendo
1244 2039 1357 2092 tibi.
1385 2038 1673 2104 Hucusque
1703 2033 1770 2089 de
1797 2041 1939 2088 statu

362 2154 462 2195 suo
494 2137 763 2208 quomodo
812 2136 1005 2191 debeat
1037 2132 1361 2188 adversariis
1400 2130 1761 2199 respondere;
1815 2126 1942 2182 hinc

363 2230 458 2283 dat
503 2226 878 2281 auctoritatem
905 2223 1193 2279 ordinandi
1234 2220 1586 2289 docendique.
1642 2216 1940 2274 Secundum

362 2316 713 2389 pra-cedentes
758 2314 1075 2385 prophetias.
1111 2311 1417 2366 Secundum
1467 2308 1610 2379 quod
1638 2308 1802 2362 etiam
1842 2307 1946 2361 hoc

364 2407 597 2463 ollicium
631 2404 865 2459 habebat
888 2403 1112 2473 gratiam
1142 2399 1513 2470 prophetandi.
1544 2397 1669 2453 Sive
1716 2395 1946 2465 prophe-

365 2504 457 2558 tite
480 2510 761 2565 vocantur,
795 2515 913 2568 quze
940 2500 993 2552 in
1044 2499 1343 2568 baptismo.
1378 2495 1464 2550 vel
1499 2496 1552 2550 in
1605 2494 1947 2550 ordinatione

374 2592 442 2648 de
470 2608 534 2646 eo
580 2590 891 2661 prophetico
920 2595 1131 2643 cantata
1177 2595 1330 2652 sunt,
1374 2586 1427 2640 id
1458 2595 1560 2650 est,
1590 2585 1716 2653 quia
1756 2584 1810 2638 in
1855 2584 1946 2637 illo

371 2683 631 2752 completa
660 2690 816 2745 sunt;
853 2680 965 2735 sive
985 2679 1278 2749 prophetiae
1304 2675 1703 2746 praedicationis
1745 2673 1947 2728 intelli-

369 2782 588 2843 guntur.
634 2769 846 2824 Habens
874 2769 1049 2839 fidem.
1086 2769 1191 2823 Pro
1217 2768 1404 2821 armis.
1466 2764 1533 2818 Et
1587 2766 1775 2818 bonam
1832 2778 1948 2816 con-

371 2865 663 2920 scientiam.
713 2862 943 2932 lmplens
991 2862 1132 2930 quod
1173 2862 1349 2916 docet.
1406 2858 1577 2924 Quam
1604 2857 1818 2928 quidam
1867 2873 1947 2910 re-

370 2953 635 3024 pellentes.
666 2952 800 3005 Male
820 2951 1067 3005 vivendo.
1105 2948 1260 3003 Circa
1299 2948 1476 3017 ﬁdem.
1520 2945 1650 3013 Quae
1685 2955 1772 2999 est
1793 2943 1949 3013 quasi

373 3043 619 3114 quaedam
646 3042 817 3095 navis.
869 3039 1010 3105 Quos
1056 3038 1252 3093 tradidi
1298 3037 1533 3093 Satante.
1564 3036 1637 3092 Ut
1690 3050 1758 3091 ex
1806 3049 1949 3104 pra:-

2023 508 2123 562 per
2143 486 2440 543 ineffabiles
2467 498 2724 540 excessus
2750 484 2975 537 Domino
3018 476 3201 533 refert.
3232 475 3298 529 In
3331 476 3474 555 omni
3497 477 3608 546 pie-

2025 589 2131 633 tate
2160 586 2206 631 et
2235 575 2493 629 castitate.
2526 572 2607 626 Ad
2636 572 2740 626 hoc
2786 569 2899 622 vult
2937 584 3035 621 nos
3085 581 3205 621 esse
3249 564 3460 633 quietos
3483 604 3498 628 ,
3549 570 3610 618 ut

2025 666 2212 737 pietati
2227 672 2283 719 et
2299 663 2558 727 castitati,
2577 677 2683 715 non
2699 658 3020 714 dissensioni
3034 664 3197 725 atque
3217 654 3442 708 luxurias
3466 663 3612 707 tran-

2027 758 2268 827 quillitas
2291 765 2477 809 nostra
2510 751 2778 821 proﬁciat.
2810 748 2926 802 Hoc
2951 748 3087 801 enim
3113 756 3380 815 acceptum
3421 758 3517 799 est.
3552 745 3610 799 l.l

2029 855 2131 911 est,
2160 854 2219 900 ut
2245 846 2409 901 etiam
2437 860 2533 914 pro
2559 842 2754 896 talibus
2779 849 2982 895 oretur.
3031 838 3133 903 Qui
3155 853 3333 890 omnes
3374 837 3611 889 homines

2029 937 2137 992 vult
2164 937 2333 991 salvos
2360 937 2499 1005 ﬁeri,
2525 946 2573 989 et
2605 934 2673 987 ad
2713 933 3029 1003 agnitionem
3060 929 3292 984 veritatis
3318 929 3508 982 venire.
3552 928 3612 981 Si

2031 1027 2133 1096 ipsi
2162 1027 2274 1095 jam
2302 1025 2518 1079 vocanti
2555 1022 2664 1077 Deo
2693 1020 3000 1076 consentire
3022 1018 3321 1082 voluerint,
3369 1027 3463 1072 aut
3499 1034 3615 1071 om-

2033 1134 2122 1171 nes
2144 1118 2398 1181 homines,
2427 1115 2633 1170 scilicet
2683 1113 3127 1184 praedestinatos;
3171 1112 3286 1166 sive
3314 1128 3490 1165 omnes
3516 1112 3615 1165 ho-

2034 1208 2217 1271 mines,
2238 1207 2339 1261 hoc
2365 1214 2467 1271 cst,
2497 1219 2710 1259 omnem
2733 1218 2940 1267 sexum,
2971 1210 3203 1273 gentem,
3227 1201 3611 1265 conditionem,

2033 1302 2142 1348 etc.
2169 1293 2315 1349 Unus
2338 1296 2476 1349 enim
2504 1294 2663 1358 Deus,
2690 1309 2825 1347 unus
2854 1303 2902 1346 et
2939 1292 3197 1346 mediator
3226 1291 3320 1345 Dei
3349 1301 3397 1345 et
3444 1292 3615 1346 homi-

2037 1399 2183 1437 num.
2209 1382 2288 1438 Ac
2314 1384 2360 1438 si
2406 1383 2631 1449 diceret,
2660 1383 2781 1437 ideo
2808 1397 2998 1438 omnes
3027 1381 3143 1436 vult
3179 1381 3388 1436 salvare
3411 1422 3427 1447 ,
3486 1384 3612 1452 quia

2036 1473 2187 1529 unus
2204 1473 2347 1529 Deus
2387 1489 2576 1528 omnes
2612 1474 2835 1537 creavit,
2864 1481 2921 1527 et
2945 1487 3085 1527 unus
3117 1472 3380 1527 mediator
3401 1487 3617 1527 recrea-

2037 1563 2136 1617 vit.
2161 1562 2335 1617 Homo
2366 1562 2605 1617 Christus
2631 1561 2807 1617 Iesus.
2834 1561 2968 1628 Quia
2992 1562 3057 1616 de
3079 1563 3367 1617 traditione
3386 1571 3506 1617 erat
3532 1562 3618 1617 di-

2039 1662 2244 1718 cturus,
2274 1652 2395 1707 ideo
2418 1652 2691 1706 hominem
2721 1651 3057 1705 solummodo
3096 1650 3413 1704 nominavit.
3446 1649 3617 1721 Cujus

2039 1743 2411 1797 testimonium.
2445 1742 2515 1797 Ut
2539 1727 2624 1796 est
2646 1760 2658 1794 :
2683 1738 2751 1795 In
2775 1741 2871 1795 hoc
2893 1741 3032 1795 enim
3055 1740 3167 1794 ueni
3192 1749 3248 1793 ut
3269 1741 3617 1794 testimonium

2037 1832 2335 1902 perhibeam
2364 1832 2590 1886 veritati.
2633 1829 2911 1884 Veritatem
2946 1829 3085 1883 dfco.
3116 1829 3270 1895 Quod
3306 1829 3357 1883 in
3387 1829 3491 1884 hoc
3516 1845 3617 1898 po-

2040 1922 2176 1977 situs
2201 1937 2342 1988 sum,
2367 1929 2428 1975 ut
2451 1922 2640 1977 doctor
2652 1919 2905 1976 Gentium
2925 1920 3050 1974 sim.
3069 1917 3297 1973 Oratein
3313 1920 3453 1972 omni
3477 1918 3617 1972 loco.

2040 2010 2156 2067 Non
2187 2020 2248 2065 ut
2268 2009 2468 2076 Judaei,
2535 2011 2627 2080 qui
2671 2011 2725 2065 in
2773 2008 2975 2079 templo
3023 2016 3231 2062 tantum
3283 2006 3620 2062 Hierusalem

2043 2101 2375 2157 adorandum
2406 2100 2675 2156 dicebant.
2713 2099 2838 2154 Non
2871 2100 2927 2153 in
2963 2100 3110 2153 tortis
3138 2098 3392 2152 crinibus.
3431 2096 3509 2153 Ne
3533 2113 3623 2153 oc-

2044 2200 2317 2255 casionem
2349 2199 2478 2254 deut
2495 2197 2975 2268 concupiscentiae;
2994 2195 3190 2250 Mulier
3216 2197 3404 2250 discat.
3429 2196 3477 2249 A
3499 2197 3620 2249 viro

2044 2306 2162 2346 suo.
2194 2289 2462 2344 Honorem
2490 2290 2599 2344 Deo
2625 2289 2915 2343 tribuimus
2937 2326 2953 2353 ,
3000 2287 3215 2356 quando
3265 2301 3365 2355 pro
3410 2286 3622 2341 collatis

2044 2381 2202 2436 bonis
2226 2380 2411 2449 dignas
2436 2389 2639 2450 gratias
2666 2377 2987 2442 referimus;
3016 2376 3240 2447 gloriam
3273 2391 3402 2431 vero
3426 2415 3442 2440 ,
3492 2392 3620 2431 cum

2048 2471 2251 2526 nostris
2278 2470 2435 2524 bonis
2456 2470 2708 2541 operibus
2744 2470 2858 2539 ipse
2897 2467 3249 2538 gloriﬁcatur.
3295 2466 3492 2520 Docere
3523 2483 3624 2519 au-

2048 2569 2148 2614 tem
2176 2560 2384 2613 mulieri
2407 2576 2509 2613 non
2528 2559 2787 2630 permitto.
2818 2558 2877 2612 ld
2898 2570 3000 2623 est,
3029 2558 3241 2628 publice
3264 2572 3369 2611 non
3396 2557 3622 2627 permit—

2048 2652 2211 2705 titur:
2242 2666 2365 2704 nam
2389 2650 2557 2705 tilium
2581 2650 2667 2705 vel
2692 2650 2918 2704 fratrem
2940 2650 3101 2703 debet
3124 2649 3316 2704 docere
3341 2649 3617 2719 privatim.

2050 2741 2157 2796 Sed
2195 2757 2304 2795 esse
2328 2742 2383 2794 in
2404 2740 2630 2794 silentio.
2679 2739 2758 2794 Ne
2819 2738 3133 2812 mysterium
3181 2739 3285 2795 sibi
3314 2739 3623 2809 usurpando

2050 2831 2347 2901 superbiat,
2372 2836 2546 2885 taceat
2570 2830 2624 2884 in
2642 2828 2903 2885 Ecclesia.
2924 2830 3091 2884 Adam
3111 2830 3247 2882 enim
3283 2830 3482 2899 primus
3507 2827 3620 2896 for-

2050 2931 2222 2977 matus
2250 2930 2344 2976 est.
2372 2921 2567 2976 Reddit
2588 2935 2779 2975 causas
2807 2936 2906 2976 cur
2924 2935 3016 2975 eas
3037 2920 3166 2975 velit
3190 2935 3310 2975 esse
3329 2919 3620 2988 subiectas,

2053 3013 2260 3069 scilicet
2294 3013 2418 3084 quia
2439 3013 2767 3082 posteriores
2788 3013 2843 3067 in
2869 3011 3078 3067 factura
3104 3022 3265 3077 sunt,
3315 3021 3371 3067 et
3413 3011 3624 3080 priores

373 3101 516 3187 senti
536 3101 1110 3199 correptionewdiseant
1159 3126 1395 3181 futurum
1429 3125 1691 3196 judicium
1718 3101 1825 3179 non
1848 3139 1944 3178 ne—
1969 3109 2015 3172 C
2046 3103 2101 3157 in
2128 3104 2307 3199 Fulpa:
2352 3103 2419 3156 Ει
2440 3103 2610 3199 Addi"
2639 3119 2743 3199 ηξὶη
2780 3111 2853 3199 εεῇ
3207 3101 3397 3199 "fidit"
3446 3111 3621 3199 αιξιεπξ

375 3235 523 3291 gare.
550 3217 753 3271 Traditi
780 3226 906 3271 sunt
928 3224 1107 3270 autem
1137 3216 1205 3269 ad
1244 3214 1668 3280 emendandum,
1730 3228 1839 3268 non
1880 3213 1947 3268 ad

379 3310 731 3381 perdendum.

992 3396 1217 3454 CAPUT
1252 3396 1316 3452 Il.

460 3490 691 3544 Primum
731 3505 852 3559 ergo
892 3490 1122 3543 omnium
1160 3488 1369 3542 obsecro
1410 3486 1525 3556 ﬁeri
1554 3487 1950 3541 obsecrationes.

382 3582 478 3636 llis
506 3580 686 3636 verbis
717 3578 1005 3650 Apostolus
1050 3578 1497 3649 quadripartitam
1534 3576 1795 3631 orationis
1839 3591 1954 3645 spe-

379 3672 517 3726 ciem
556 3669 834 3724 evidenter
864 3667 1137 3734 distinxit;
1175 3669 1271 3724 sed
1293 3676 1473 3722 tamen
1501 3666 1653 3722 vobis
1698 3666 1956 3738 indagan-

385 3762 511 3816 dum
533 3769 637 3825 est,
666 3761 794 3831 quid
822 3759 1217 3825 obsecratione,
1252 3759 1378 3828 quid
1405 3757 1672 3823 oratione,
1696 3758 1825 3828 quid
1861 3773 1956 3828 po-

383 3853 693 3917 stulatione,
724 3851 855 3920 quid
892 3852 1192 3921 gratiarum
1244 3851 1456 3906 actione
1486 3836 1761 3921 ’signetur.
1797 3848 1958 3904 Obse-

382 3944 641 3998 crationes
672 3942 856 4010 itaque
881 3949 1026 4004 sunt,
1058 3940 1365 4009 imploratio
1384 3955 1480 3994 seu
1505 3939 1695 4009 petitio
1716 3953 1816 4008 pro
1832 3954 1956 4007 pec-

383 4036 542 4099 catis,
570 4049 674 4102 qua
702 4032 784 4085 vel
812 4044 912 4099 pro
933 4031 1302 4097 praesentibus,
1327 4030 1412 4083 vel
1450 4029 1737 4099 praeteritis
1764 4030 1958 4084 admis-

385 4127 460 4180 sis
515 4122 884 4190 unusquisque
943 4126 1293 4189 compunctus
1352 4119 1564 4172 veniam
1616 4121 1953 4189 deprecatur.

388 4211 663 4267 Orationes
708 4215 853 4273 sunt,
885 4208 1078 4278 quibus
1113 4207 1310 4277 aliquid
1354 4205 1648 4271 oll‘erimus,
1681 4222 1775 4263 seu
1798 4203 1959 4262 i'ove-

384 4316 507 4357 mus
542 4301 651 4356 Deo
687 4318 701 4355 :
736 4298 920 4356 Graece
948 4300 1091 4355 enim
1145 4300 1317 4353 oratio
1359 4297 1680 4373 [προσευχὴ]
1705 4339 1720 4363 ,
1773 4308 1997 4365 votum,

386 4393 575 4449 Latine
594 4399 769 4447 sonat.
818 4390 1048 4447 Oramus
1071 4392 1212 4444 enim
1244 4404 1365 4443 cum
1424 4388 1792 4443 renuntiantes
1831 4389 1958 4444 huic

387 4484 587 4540 mundo
610 4481 932 4551 spondemus
968 4495 1067 4533 nos
1114 4476 1466 4533 mortiﬁcatos
1510 4477 1720 4531 cunctis
1749 4478 1957 4533 actibus

386 4584 445 4631 et
463 4570 1177 4630 conversationimundante.
1231 4567 1492 4632 Oramus,
1539 4582 1659 4622 cum
1689 4566 1958 4636 promitti-

389 4683 511 4722 mus
537 4681 636 4721 nos
665 4663 1028 4719 firmissimam
1059 4660 1299 4731 corporis
1347 4660 1675 4724 castitatem,
1709 4674 1805 4714 seu
1856 4659 1957 4714 im-

389 4759 641 4818 mobilem
669 4755 985 4827 patientiam
1009 4754 1343 4809 exhibituros
1370 4766 1490 4807 esse
1526 4761 1787 4821 perpetuo
1807 4791 1822 4817 ,
1873 4752 1958 4806 vel

384 4869 511 4910 cum
545 4866 576 4907 e
597 4848 759 4906 corde
782 4853 969 4901 nostro
996 4844 1208 4899 radices
1252 4844 1365 4906 iraa,
1401 4841 1513 4896 sive
1544 4841 1777 4895 tristitiae
1801 4855 1963 4896 vove-

387 4960 510 4999 mus
534 4941 774 4998 funditus
808 4936 1093 4993 eruendas.
1126 4931 1532 4987 Postulationes.
1555 4929 1698 4996 Quas
1723 4944 1820 4999 pro
1843 4928 1962 4983 aliis

386 5049 624 5121 quoque,
650 5034 774 5087 dum
813 5044 998 5086 sumus
1030 5027 1084 5081 in
1115 5025 1329 5080 fervore
1370 5023 1593 5091 spiritus
1638 5019 1958 5085 constituti,

389 5109 622 5180 solemus
644 5124 910 5187 emittere,
941 5118 1024 5174 vel
1050 5132 1151 5188 pro
1176 5116 1357 5172 charis
1382 5113 1589 5168 scilicet
1626 5111 1847 5174 nostris,
1875 5109 1962 5165 vel

389 5231 488 5285 pro
521 5215 682 5268 totius
712 5212 893 5267 mundi
920 5219 1075 5281 parte
1097 5216 1382 5280 poscentes
1408 5225 1419 5259 :
1452 5213 1507 5259 et
1540 5212 1600 5258 ut
1623 5202 1792 5274 ipsius
1819 5201 1960 5271 Apo-

390 5306 512 5362 stoli
539 5304 716 5359 verbis
738 5301 1078 5370 eloquamur,
1100 5314 1222 5354 cum
1243 5314 1338 5368 pro
1373 5294 1611 5350 omnibus
1639 5290 1956 5357 hominibus,

389 5415 485 5464 pro
511 5398 730 5468 regibus,
774 5404 823 5449 et
861 5408 955 5464 pro
994 5393 1229 5446 omnibus
1265 5391 1354 5461 qui
1388 5391 1443 5443 in
1486 5387 1802 5442 sublimitate
1840 5393 1960 5439 sunt

391 5487 769 5557 supplicamus.
801 5484 1106 5539 Gratiarum
1130 5481 1377 5544 actiones,
1402 5494 1537 5550 quas
1566 5491 1719 5531 mens
1739 5474 1821 5529 vel
1837 5489 1960 5529 cum

392 5578 662 5649 praeterita
685 5577 795 5632 Deo
830 5574 1023 5630 recolit
1060 5570 1354 5631 beneficia,
1396 5570 1479 5623 vel
1508 5583 1631 5623 cum
1676 5565 1961 5635 praesentia

393 5669 804 5739 contemplatur,
830 5682 925 5721 seu
962 5680 1085 5720 cum
1127 5665 1181 5716 in
1226 5660 1462 5713 futurum
1513 5674 1632 5727 qua:
1673 5667 1727 5710 et
1760 5663 1959 5725 quanta

2048 3193 2263 3249 seducta
2286 3194 2342 3247 in
2364 3194 2793 3263 prtevaricatione
2816 3193 2936 3264 fuit.
2962 3193 3039 3247 Ex
3062 3193 3200 3248 libro
3229 3193 3296 3248 de
3322 3192 3517 3249 Genesi
3556 3193 3624 3246 ad

2049 3285 2284 3341 litteram
2310 3284 2615 3340 undecimo.
2658 3283 2748 3338 Vir
2773 3286 2982 3355 quidem
3011 3302 3116 3339 non
3146 3284 3293 3339 debet
3339 3284 3508 3339 uelare
3532 3301 3626 3339 ca-

2048 3386 2310 3449 put,.cum
2338 3378 2405 3431 sit
2436 3377 2606 3447 imago
2628 3385 2675 3430 et
2704 3375 2874 3447 gloria
2895 3376 3008 3430 Dei.
3039 3374 3234 3430 Mulier
3260 3386 3432 3429 autem
3456 3374 3627 3444 gloria

2050 3471 2149 3525 viri
2175 3478 2270 3534 est,
2299 3484 2407 3523 non
2428 3469 2571 3538 quod
2596 3481 2749 3521 mens
2795 3466 3008 3521 feminae
3032 3465 3276 3520 eamdem
3332 3465 3625 3535 imaginem

2052 3576 2244 3630 capere
2267 3576 2374 3614 non
2409 3559 2598 3628 possit,
2624 3575 2747 3614 cum
2786 3559 2839 3613 in
2868 3558 2955 3613 illa
2982 3559 3157 3629 gratia
3192 3558 3336 3613 dicat
3367 3572 3469 3612 nec
3510 3572 3629 3611 ma-

2053 3655 2260 3709 sculum
2293 3666 2446 3718 esse,
2492 3668 2593 3707 nec
2619 3653 2898 3719 feminam,
2931 3653 3024 3707 sed
3050 3652 3176 3721 quia
3238 3651 3483 3706 fortassis
3534 3650 3626 3704 illa

2054 3746 2158 3801 hoc
2180 3744 2417 3800 nondum
2440 3752 2778 3814 perceperat,
2809 3746 2953 3816 quod
2985 3745 3056 3799 sit
3090 3744 3146 3797 in
3176 3744 3448 3814 agnitione
3492 3742 3587 3808 Dei
3610 3782 3626 3807 ,

2054 3843 2110 3892 et
2132 3837 2248 3890 viro
2267 3843 2486 3906 regente
2508 3851 2570 3890 ac
2613 3836 2956 3906 dispensante
2994 3834 3268 3904 paululum
3300 3835 3473 3889 fuerat
3497 3848 3622 3903 per-

2054 3935 2297 3995 ceptura.
2327 3925 2512 3995 Neque
2538 3925 2683 3980 enim
2708 3924 2909 3980 frustra
2944 3934 2999 3980 et
3040 3925 3169 3979 illud
3188 3924 3478 3994 Apostolus
3504 3925 3582 3979 ait
3610 3941 3625 3976 :

2055 4017 2224 4071 Adam
2248 4018 2384 4071 enim
2404 4017 2605 4088 primus
2631 4016 2887 4087 formatus
2909 4027 3004 4083 est,
3034 4017 3218 4071 deinde
3244 4017 3378 4080 Eva,
3394 4026 3443 4070 et
3457 4017 3632 4071 Adam

2054 4122 2157 4159 non
2186 4115 2262 4160 est
2288 4107 2530 4161 seductus
2550 4147 2565 4172 ,
2603 4106 2794 4160 mulier
2824 4116 2998 4160 autem
3040 4107 3249 4160 seducta
3271 4116 3365 4160 est.
3401 4105 3469 4160 In
3490 4124 3633 4177 prtu-

2054 4194 2374 4248 varicatione
2404 4195 2547 4264 facta
2573 4204 2669 4249 est.
2702 4194 2773 4251 Ut
2800 4211 2899 4264 per
2927 4194 3071 4249 illam
3098 4196 3261 4249 etiam
3290 4196 3376 4249 vir
3420 4210 3632 4265 prteva—

2055 4284 2340 4339 ricaretur.
2365 4283 2498 4338 Nam
2531 4294 2585 4340 et
2624 4285 2800 4354 ipsum
2846 4285 2978 4341 dicit
3004 4287 3501 4354 praevaricatorem,
3534 4287 3632 4344 ubi

2059 4375 2168 4429 ait:
2203 4374 2270 4428 In
2290 4373 2683 4430 similitudinem
2735 4376 3182 4445 praevaricationis
3216 4375 3343 4431 Adae
3364 4418 3380 4442 ,
3418 4378 3508 4448 qui
3554 4386 3635 4433 est

1981 4441 2034 4500 Ῑ)
2060 4464 2230 4533 forma
2283 4463 2450 4533 futuri
2464 4481 2482 4529 ;
2529 4441 2805 4520 seductum
2843 4473 3019 4519 tamen
3049 4474 3246 4537 negat:
3283 4441 3495 4522 nam-et
3548 4468 3634 4522 in-

2060 4561 2363 4625 terrogatus
2409 4570 2517 4611 non
2551 4555 2664 4609 ait:
2691 4554 2881 4609 Mulier
2902 4571 3061 4625 quam
3110 4557 3304 4612 dedisti
3344 4558 3477 4613 mihi
3501 4597 3520 4625 ,
3551 4573 3635 4614 se-

2062 4645 2215 4699 duxit
2246 4660 2353 4710 me,
2375 4654 2430 4700 et
2457 4645 2797 4715 manducavi,
2837 4647 2931 4700 sed
2956 4664 2967 4699 :
2998 4649 3124 4715 Ipsa
3149 4648 3296 4713 mihi,
3323 4648 3518 4719 inquit,
3541 4652 3632 4705 de-

2062 4735 2137 4788 dit
2166 4752 2199 4788 a
2231 4734 2392 4805 ligno,
2416 4746 2464 4789 et
2492 4736 2801 4789 manducavi
2845 4733 2997 4805 (Gen.
3041 4737 3146 4809 ιιι).
3188 4737 3282 4792 Illa
3303 4755 3472 4795 vero:
3506 4739 3633 4796 Ser-

2055 4843 2200 4895 pens,
2231 4826 2425 4895 inquit,
2455 4826 2660 4880 seduxit
2697 4842 2798 4880 me.
2821 4825 2901 4880 lta
2932 4824 3209 4894 Salomon,
3236 4829 3322 4883 vir
3350 4837 3512 4886 tantte
3540 4846 3633 4886 sa-

2056 4915 2287 4985 pientiae,
2318 4916 2681 4983 nunquidnam
2710 4915 3036 4970 caedendum
3074 4924 3178 4983 est,
3205 4919 3350 4988 quod
3372 4920 3427 4973 in
3456 4920 3629 4975 simu-

2058 5007 2326 5060 lacrorum
2354 5005 2498 5059 cultu
2535 5006 2767 5061 credidit
2809 5021 2930 5061 esse
2976 5007 3180 5077 aliquid
3210 5008 3493 5064 utilitatis?
3522 5008 3632 5065 Sed

2058 5094 2343 5150 mulierum
2391 5096 2562 5149 amori
2607 5095 2674 5149 ad
2719 5096 2820 5150 hoc
2859 5097 3058 5151 malum
3091 5096 3327 5152 trahenti
3377 5100 3636 5155 resistere

2059 5204 2167 5244 non
2194 5188 2377 5250 valuit,
2411 5187 2614 5242 faciens
2643 5190 2784 5257 quod
2808 5188 3010 5245 sciebat
3032 5204 3136 5244 non
3160 5189 3627 5259 esse‘faciendum,

2060 5295 2130 5335 ne
2156 5294 2282 5334 suas
2319 5279 2513 5348 quibus
2534 5278 2834 5348 deperierat
2862 5287 3024 5349 atque
3063 5278 3292 5336 deﬂebat
3319 5280 3633 5338 mortiferas

2064 5370 2285 5425 delicias
2306 5370 2671 5425 contristaret.
2707 5369 2785 5424 Ita
2817 5378 2872 5423 et
2896 5370 3064 5424 Adam
3089 5410 3104 5435 ,
3165 5381 3513 5440 posteaquam
3562 5373 3633 5428 de

2062 5463 2208 5532 ligno
2254 5461 2523 5533 prohibito
2571 5461 2791 5516 seducta
2841 5459 3035 5516 mulier
3079 5462 3439 5527 manducavit,
3472 5462 3637 5531 eique

2063 5553 2229 5619 dedit,
2248 5569 2309 5610 ut
2326 5553 2486 5609 simul
2509 5553 2746 5620 ederent,
2771 5553 2944 5608 noluit
2969 5568 3090 5608 eam
3106 5561 3450 5617 contristare,
3467 5566 3635 5622 quam

2062 5648 2318 5704 credebat
2350 5660 2506 5713 posse
2530 5646 2645 5700 sine
2686 5659 2785 5700 suo
2815 5644 3009 5700 solatio
3046 5644 3449 5703 contabescere.
3479 5641 3525 5698 si
3565 5642 3638 5697 ab
