3982 6198
228 424 332 479 933

1233 419 1563 475 COLLECT.
1608 419 1674 474 IX
1714 419 1935 475 EPIST.
1979 419 1998 473 Ι
2039 419 2129 473 AD
2169 419 2450 476 TIMO'I'Il.

3368 431 3476 489 9.54

225 539 339 608 ejus
364 535 697 590 alienaretur
720 534 921 596 animo,
946 541 1001 586 et
1029 533 1248 587 omnino
1277 535 1383 589 illis
1429 535 1656 591 interest
1695 537 1804 590 dis-
1833 540 1880 597 Α
1909 543 2002 587 aut
2024 550 2221 604 paucos
2246 537 2528 606 recipiens,
2556 533 2792 611 implevit
2815 543 3193 612 hcspitaliatis
3210 545 3475 607 cilicium:

227 629 424 684 cordia.
459 624 577 678 Non
616 624 834 693 quidem
874 625 1053 678 carnis
1109 623 1280 678 victus
1326 628 1755 696 concupiscentia
1787 669 1801 693 ,

227 734 382 790 quam
418 718 660 771 nondum
691 727 936 770 senserat
979 717 1029 769 in
1067 717 1348 771 resistente
1379 719 1494 789 lege
1539 721 1807 774 membro-

226 823 338 860 rum
367 806 470 875 legi
499 805 698 859 mentis
725 821 856 868 suze,
887 805 980 859 sed
1028 805 1238 859 amicali
1287 807 1519 875 quadam
1572 809 1806 864 benevo-

225 897 407 961 lentia,
441 912 546 966 qua
571 895 885 966 plerumque
911 895 968 948 lit
1009 903 1064 948 ut
1088 893 1390 950 offendatur
1414 898 1575 962 Deus,
1610 915 1676 951 ne
1705 899 1803 952 ho-

225 1005 307 1042 mo
343 1005 411 1043 ex
451 987 908 1041 amieoinimicus
954 985 1257 1055 liatzquod
1309 1002 1429 1041 cum
1473 989 1648 1042 facere
1694 1004 1802 1043 non

223 1079 470 1132 debuisse
512 1078 707 1132 divina:
757 1077 1039 1132 sententia:
1081 1076 1260 1144 justus
1290 1079 1465 1132 exitus
1523 1079 1797 1136 indicavit.

224 1171 360 1237 Ergo
384 1169 492 1224 alio
518 1170 676 1224 modo
701 1170 934 1238 quodam
957 1168 1116 1222 etiam
1142 1169 1254 1238 ipse
1269 1169 1523 1238 deceptus
1549 1179 1628 1225 est
1654 1212 1668 1237 ,
1705 1173 1800 1227 sed

224 1261 340 1314 dolo
369 1260 462 1314 illo
487 1260 799 1328 serpentino
854 1247 975 1327 quo.
1015 1259 1208 1313 mulier
1237 1261 1454 1314 seducta
1485 1269 1569 1316 est
1593 1303 1606 1327 ,
1656 1263 1801 1318 nullo

223 1356 378 1408 modo
420 1354 572 1407 Illum
616 1353 854 1406 arbitror
882 1353 1122 1420 potuisse
1149 1353 1353 1407 seduci.
1418 1353 1567 1408 Hanc
1618 1365 1799 1410 autem

222 1443 440 1513 proprie
483 1442 849 1496 seduCtionem
879 1441 1164 1511 appellavit
1197 1442 1501 1510 Apostolus,
1526 1461 1628 1513 qua
1657 1447 1799 1500 idem

221 1533 360 1601 quod
403 1534 737 1586 suadebatur
768 1547 889 1585 cum
921 1531 1114 1586 falsum
1147 1542 1310 1597 esset,
1339 1550 1523 1588 verum
1555 1544 1797 1604 putatum

219 1631 320 1683 est,
345 1621 403 1676 id
454 1630 557 1685 est,
602 1623 743 1690 quod
800 1621 940 1675 Deus
983 1622 1103 1677 ideo
1151 1624 1352 1693 lignum
1410 1625 1536 1679 illud
1581 1636 1798 1696 tangere

220 1713 594 1782 prohibuerat,
618 1712 758 1780 quod
785 1711 950 1765 sciret
979 1728 1072 1768 eos
1098 1753 1113 1777 ,
1169 1714 1214 1768 si
1264 1714 1599 1784 tetigissent,
1657 1716 1799 1770 velut

221 1803 346 1856 deos
372 1801 609 1865 futuros,
654 1809 907 1870 tanquam
929 1803 1007 1856 eis
1035 1803 1370 1856 divinitatem
1402 1803 1682 1868 invideret,
1705 1805 1796 1875 qui

1907 627 2188 696 episcopus
2217 629 2319 681 nisi
2345 644 2532 686 omnes
2563 635 2848 703 receperit,
2890 635 3208 692 inhumanus
3234 648 3337 693 est.
3371 639 3478 694 Do-

1907 714 2128 768 ciln'lem.
2161 716 2214 769 Id
2239 726 2342 780 est,
2378 720 2692 786 sapientem.
2731 722 2845 774 Non
2874 723 3206 778 t't'nolcntum.
3250 727 3319 782 Ut
3347 729 3480 785 lidu~

1906 805 2117 860 cialiter
2149 809 2318 875 possit
2347 811 2622 880 corripere
2653 814 2912 868 ebriosos.
2949 815 3069 869 Non
3104 836 3477 887 percussorem.

1907 894 1981 948 Ne
2015 897 2083 949 sit
2115 898 2360 964 petulans
2387 901 2453 954 ad
2496 901 2825 957 exedendam.
2877 903 2978 958 Sed
3026 907 3329 964 modestum.
3379 911 3481 978 Qui

1903 986 2083 1038 omnia
2115 987 2242 1041 facit
2281 1004 2402 1042 cum
2449 1008 2720 1046 mensura.
2772 995 2892 1048 Non
2924 998 3253 1068 tteopltylum.
3292 1002 3348 1056 Id
3377 1015 3480 1069 est,

1904 1093 2072 1146 nuper
2097 1078 2435 1134 instructum.
2480 1083 2562 1135 Ne
2585 1084 2636 1136 in
2663 1084 2953 1154 superbiam
2980 1088 3166 1142 elatus.
3193 1092 3248 1146 Id
3282 1103 3388 1157 est,
3413 1113 3483 1152 ne

1904 1189 2072 1241 nuper
2101 1186 2320 1231 renatus
2347 1179 2454 1232 cito
2483 1180 2652 1248 possit
2681 1197 2776 1249 per
2804 1182 3160 1252 ignorantiam
3197 1188 3400 1254 extolli,
3427 1199 3483 1245 et

1900 1273 2050 1332 putet
2076 1282 2133 1320 se
2164 1283 2267 1321 non
2321 1277 2425 1322 tam
2457 1270 2812 1326 ministerium
2858 1274 3176 1330 humilitatis
3199 1294 3360 1347 quam
3389 1282 3484 1334 ad-

1903 1354 2356 1412 ministrationem
2416 1359 2690 1414 SlDCtllat‘lS
2749 1364 3028 1430 potestatis
3092 1366 3366 1436 adeptum,
3426 1379 3481 1424 et

1901 1445 2401 1500 condemnationem
2443 1449 2704 1516 superbiae
2751 1460 3025 1504 mereatur
3052 1454 3190 1506 sicut
3216 1453 3480 1520 diabolus.

1899 1534 1987 1602 qui
2015 1551 2113 1602 per
2141 1534 2462 1604 jactantiam
2487 1538 2756 1607 judicatus
2791 1548 2952 1607 atque
2976 1541 3215 1609 dcjectus
3258 1551 3357 1597 est.
3413 1542 3479 1598 Ιμέ

1900 1643 2000 1679 non
2027 1629 2079 1681 in
2107 1629 2437 1698 approbrium
2467 1631 2683 1693 incidat,
2719 1642 2766 1684 et
2795 1631 2852 1684 in
2887 1633 3126 1704 laqueum
3157 1633 3371 1687 diaboli.
3411 1634 3480 1691 Ut

1902 1731 2008 1768 non
2036 1716 2370 1786 vituperetur
2417 1719 2772 1773 ministerium
2821 1730 3081 1774 nostrum.
3140 1722 3214 1776 Ab
3264 1724 3343 1778 liis
3390 1727 3478 1795 qui

1901 1802 2030 1870 foris
2061 1815 2198 1859 sunt.
2230 1803 2428 1860 Judaeis
2463 1807 2786 1873 infidelibus,
2817 1817 2871 1862 et
2896 1808 3120 1876 Grmcis,
3151 1821 3204 1865 et
3228 1799 3496 1883 paganis;

218 1907 306 1946 eos
337 1892 592 1946 homines
622 1891 841 1945 fecerat.
861 1891 916 1945 In
947 1895 1390 1961 prievaricatione
1420 1895 1614 1949 mulier
1641 1897 1799 1949 sedu-
1829 1873 1874 1932 Β
1901 1893 2099 1949 Omnes
2123 1897 2264 1950 enim
2288 1898 2607 1953 naturaliter
2628 1908 2823 1953 norunt
2852 1900 3069 1969 culpare
3107 1902 3256 1966 vitia,
3287 1912 3339 1956 et
3369 1903 3479 1958 lau-

218 1993 297 2037 cta
322 1983 448 2048 fuit,
487 1984 582 2038 sed
613 1999 718 2037 non
746 1985 866 2038 ideo
895 1985 1143 2053 desperet
1172 1985 1384 2050 mulier,
1417 1987 1540 2054 quia
1565 2002 1659 2055 per
1701 1988 1799 2040 ba-

218 2075 471 2141 ptismum
499 2115 514 2138 ,
541 2074 682 2143 quod
727 2081 810 2128 est
845 2074 1078 2128 filiorum
1110 2075 1204 2128 Dei
1249 2075 1543 2140 veneratio,
1573 2085 1627 2130 et
1682 2076 1796 2144 ipsa

216 2165 534 2229 salvabitur,
565 2180 668 2219 non
699 2165 804 2219 Eva
827 2205 842 2230 ,
890 2167 983 2221 sed
1030 2167 1255 2221 credens
1284 2167 1507 2221 mulier:
1535 2168 1657 2237 quia
1688 2168 1794 2222 Eva

217 2255 278 2308 ad
309 2256 618 2324 eseruplum
650 2256 876 2310 adducta
920 2264 1000 2311 est
1024 2258 1330 2319 ereationis,
1355 2272 1453 2311 nec
1503 2258 1569 2312 de
1621 2258 1797 2328 ipsius

215 2345 382 2399 salute
408 2348 630 2416 proprie
681 2347 1028 2401 tractabatur.
1059 2345 1116 2401 Si
1152 2349 1531 2418 permanserint
1585 2349 1639 2402 in
1668 2349 1792 2417 ﬁde.

217 2433 364 2489 Sicut
395 2437 645 2504 superius
676 2436 740 2490 de
771 2436 961 2504 plurali
992 2451 1216 2491 numero
1247 2436 1529 2490 mulierum
1557 2438 1624 2490 ad
1681 2437 1794 2492 sin-

216 2529 452 2598 gularem
487 2530 758 2594 transivit,
782 2530 967 2584 dicens
993 2548 1005 2583 :
1037 2529 1228 2583 Mulier
1256 2531 1310 2585 in
1348 2529 1556 2584 silentio
1581 2530 1749 2584 discat
1777 2571 1791 2596 ,

217 2620 286 2673 ita
316 2629 369 2674 et
399 2621 490 2675 hic
518 2622 660 2676 redit
691 2623 757 2676 ad
786 2622 1064 2692 pluralem.

819 2733 1044 2789 CAPUT
1083 2734 1167 2789 llI.

290 2801 568 2857 Humanus
613 2817 820 2857 sermo:
868 2803 923 2857 Si
959 2807 1077 2874 quis
1120 2806 1468 2874 episcopatum
1509 2807 1790 2864 desiderat.

215 2889 369 2944 Prius
410 2891 578 2945 laicos
629 2891 884 2956 instituit,
927 2894 991 2946 de
1039 2894 1233 2962 quibus
1263 2895 1447 2963 optimi
1497 2895 1695 2966 quique
1737 2898 1792 2951 in

219 2983 578 3035 sacerdotium
609 2981 897 3051 eliguntur,
948 2991 1002 3038 et
1050 2985 1127 3037 sic
1167 2985 1297 3038 dicit
1341 2985 1524 3053 quales
1562 2986 1795 3040 debeant

217 3071 472 3125 ordinari.
507 3073 711 3126 Battum
743 3090 869 3144 opus
893 3074 1168 3127 desiderat.
1216 3076 1296 3128 Ad
1335 3075 1458 3130 boni
1495 3078 1675 3146 operis
1703 3079 1794 3132 tle-

218 3164 469 3218 siderium
529 3173 874 3233 provocatur,
927 3180 1032 3219 non
1090 3166 1328 3220 honoris.
1392 3165 1603 3237 Oportet
1655 3171 1791 3224 enim

217 3257 520 3323 hujusmodi
574 3257 1068 3326 irrcprehensilrilem
1114 3274 1244 3322 esse,
1283 3259 1434 3312 unius
1491 3261 1669 3314 uxoris
1717 3261 1792 3314 ri-

221 3362 350 3399 ram.
406 3345 650 3400 Primum
689 3347 868 3415 itaque
915 3348 1031 3402 sine
1069 3348 1297 3401 crimine
1346 3349 1435 3413 sit,
1487 3351 1627 3418 quod
1667 3360 1795 3420 puto

220 3439 318 3492 alio
348 3438 516 3492 verbo
568 3439 636 3491 ad
690 3437 1028 3492 Timotheum
1078 3439 1604 3508 irreprehensibilem
1651 3439 1795 3496 ordi-

218 3541 412 3592 natum,
460 3547 569 3584 non
604 3545 709 3597 quo
732 3545 796 3584 eo
827 3537 1030 3584 tantum
1062 3545 1168 3600 quo
1196 3531 1528 3586 ordinandus
1571 3539 1650 3586 est
1678 3533 1794 3585 sine

218 3619 316 3674 ullo
342 3622 414 3674 sit
439 3621 694 3680 crimine.
722 3629 779 3674 et
811 3621 1111 3689 praeteritas
1139 3619 1374 3674 maculas
1398 3635 1533 3674 nova
1573 3636 1796 3675 convcr-

215 3715 413 3766 satione
460 3712 741 3774 deleverit,
790 3712 881 3765 sel
912 3727 977 3764 ex
1007 3726 1069 3764 eo
1102 3718 1342 3778 tempore
1373 3726 1479 3779 quo
1539 3709 1795 3764 in'Chri-

216 3810 293 3856 sto
340 3811 568 3856 renatus
621 3800 763 3854 nulla
814 3801 1020 3869 peccati
1070 3801 1403 3855 conscientia
1460 3801 1787 3854 mordeatur.

214 3891 488 3957 Quomodo
542 3892 688 3945 enim
747 3899 921 3960 potest
968 3906 1201 3960 praeesse
1253 3891 1526 3955 ECClOSltL‘,
1579 3889 1792 3944 auferre

214 3983 404 4035 malum
433 3981 503 4035 de
535 3982 711 4034 medio
756 3979 892 4048 ejus,
933 3981 1024 4049 qui
1059 3968 1115 4032 in-
1167 3981 1417 4034 delictum
1455 3973 1637 4033 simile
1673 3995 1793 4034 cor-

216 4073 421 4126 ruerit?
457 4073 567 4124 Aut
631 4085 734 4139 qua
801 4069 1046 4124 libertate
1106 4070 1378 4138 corripere
1427 4077 1789 4138 peccantem,

213 4179 325 4216 cum
362 4165 562 4217 tacitus
593 4164 693 4216 sibi
720 4162 829 4230 ipse
863 4163 1180 4230 respondeat
1219 4163 1403 4215 eadem
1431 4177 1488 4216 se
1513 4162 1794 4217 admisisse

211 4271 322 4322 quae
346 4254 623 4323 corripit?
652 4253 803 4319 Quod
844 4262 1020 4306 autem
1048 4253 1121 4306 ait
1162 4261 1286 4306 ante
1316 4254 1536 4324 gradum
1564 4272 1574 4305 :
1627 4251 1792 4307 Unius

211 4349 385 4399 uxoris
412 4348 608 4408 cirum,
632 4345 711 4399 sic
734 4344 1030 4414 intelligere
1055 4344 1334 4410 debemus,
1360 4354 1417 4398 ut
1447 4361 1550 4399 non
1574 4361 1789 4400 omnem

211 4451 594 4505 monogamum
644 4435 858 4505 digamo
903 4444 1152 4504 putemus
1201 4450 1318 4490 esse
1370 4436 1666 4500 meliorem,
1699 4437 1792 4489 sed

211 4541 312 4591 quo
372 4525 418 4578 is
471 4523 648 4593 possit
709 4524 776 4577 ad
835 4524 1228 4600 monogamiam
1291 4532 1344 4578 et
1405 4525 1788 4579 continentiam

212 4617 499 4681 coarctari,
549 4615 640 4684 qui
697 4615 776 4669 sui
815 4615 1055 4685 exemplo
1099 4613 1390 4685 przefuerat
1431 4615 1482 4668 in
1529 4615 1786 4669 docendo.

215 4703 334 4758 Esto
354 4706 556 4774 quippe
587 4704 820 4773 aliquem
860 4702 1311 4758 adolescentulum
1344 4701 1623 4773 coniugem
1672 4720 1791 4774 per-

212 4794 426 4858 didisse,
459 4804 517 4847 ct
559 4793 742 4848 carnis
789 4794 1106 4849 necessitate
1143 4807 1472 4864 Superatum,
1520 4795 1790 4864 accepisse

211 4899 432 4938 morem
483 4885 800 4946 secundam,
839 4899 998 4952 quam
1045 4892 1098 4937 et
1142 4885 1256 4952 ipse
1299 4884 1478 4937 statim
1525 4883 1787 4946 amiserit,

209 4975 540 5043 etdeinceps
588 4973 782 5027 vixerit
821 4972 1198 5037 continenter;
1251 4971 1414 5026 alium
1454 4987 1583 5026 vero
1621 4987 1789 5042 usque

203 5065 273 5117 ad
323 5075 660 5119 senectutem
715 5062 965 5118 habuisse
1020 5063 1442 5128 matrimonium,
1497 5072 1552 5118 ct
1611 5062 1793 5118 uxoris

206 5169 384 5218 nsum,
431 5164 492 5207 ut
538 5153 782 5223 plerique
824 5154 1116 5217 aestimant,
1165 5152 1392 5217 felicem,
1445 5168 1716 5221 nunquam
1758 5166 1787 5206 a

202 5245 384 5298 camis-
414 5259 580 5312 Opere
612 5258 858 5298 cessasse
883 5261 894 5295 :
923 5244 1044 5313 quis
1074 5244 1227 5296 nobis
1254 5243 1462 5296 videtur
1493 5244 1555 5297 de
1583 5243 1788 5296 duobus

201 5331 396 5384 melior
435 5348 580 5395 esse,
637 5332 881 5401 pudicior
913 5348 977 5386 ac
1021 5331 1419 5386 continentior?
1458 5330 1654 5400 Utique
1697 5331 1790 5401 qui

201 5423 389 5478 infelix
417 5426 582 5478 etiam
620 5425 671 5478 in
700 5426 940 5480 secundo
984 5424 1328 5478 matrimonio
1360 5423 1480 5487 fuit,
1518 5431 1571 5478 et
1599 5433 1785 5492 postea

199 5515 392 5579 pudice
421 5522 478 5568 et
522 5523 715 5569 sancte
756 5522 1112 5568 conversatus
1147 5521 1248 5576 est,
1280 5520 1334 5566 et
1367 5528 1470 5566 non
1505 5513 1550 5566 is
1589 5512 1681 5582 qui
1725 5503 1814 5567 ab-

199 5604 389 5657 uxoris
411 5605 666 5673 amplexu
711 5620 815 5658 nec
853 5603 1004 5657 senili
1037 5611 1118 5658 est
1165 5612 1444 5672 separatus
1483 5611 1658 5656 aetate.
1693 5599 1795 5656 0r-

195 5703 401 5746 κεκτη.
437 5693 496 5749 Id
527 5705 632 5758 est,
667 5695 752 5749 bis
773 5695 1024 5747 omnibus
1048 5693 1416 5762 spiritualibus
1442 5693 1792 5748 ornamentis.

199 5779 550 5852 Hospitalem.
599 5783 801 5840 Laicus
829 5784 974 5838 enim
1002 5798 1186 5848 unum,
1213 5790 1306 5836 aut
1343 5781 1504 5847 duos,
1541 5791 1633 5836 aut
1663 5791 1791 5847 tres,

643 5879 916 5937 l's'rnoL.
951 5874 1108 5935 CIII.

1818 4566 1868 4623 D

1901 1984 2029 2039 dare
2076 1987 2323 2041 virtutes.
2369 1988 2632 2043 Diaconos
2657 1990 2897 2044 similiter
2941 1992 3177 2062 pudicos.
3237 1993 3348 2049 Hoc
3373 2007 3476 2062 est,

1899 2084 2109 2144 oportet
2136 2076 2384 2131 similiter
2428 2091 2521 2133 eos
2570 2080 3065 2151 irreprehensibiles
3092 2099 3232 2150 esse,
3279 2095 3336 2139 ut
3367 2087 3479 2155 cpi-

1899 2165 2046 2232 scopi
2095 2166 2377 2236 eligantur.
2435 2165 2542 2221 Sed
2587 2171 2846 2238 quaeritur
2907 2188 3003 2226 cur
3049 2175 3112 2227 de
3148 2175 3477 2245 presbyteris

1899 2257 2099 2311 nullam
2149 2257 2335 2313 fecerit
2373 2248 2723 2316 mentionem.
2771 2262 2875 2318 Sed
2919 2264 3080 2318 etiam
3115 2266 3256 2336 ipsos
3283 2267 3332 2320 in
3363 2269 3476 2339 epi-

1899 2363 2184 2416 sc0porum
2242 2351 2462 2407 nomine
2518 2355 2943 2422 comprehendit.
3015 2355 3137 2409 Non
3195 2357 3467 2429 bilingues.

1898 2436 2032 2502 Quia
2065 2453 2286 2493 susurro
2315 2449 2369 2492 et
2415 2441 2670 2510 bilinguis
2714 2443 2909 2497 inultos
2954 2445 3240 2500 conturbat
3285 2463 3470 2516 pacem

1896 2529 2174 2583 habentes.
2211 2530 2332 2585 Non
2362 2543 2508 2602 turpe
2531 2533 2731 2588 lucrum
2756 2547 3027 2592 sectantes.
3064 2539 3240 2610 Turpe
3266 2540 3473 2596 lucrum

1895 2630 1997 2683 est,
2036 2621 2100 2675 de
2130 2622 2442 2678 coelestibus
2471 2626 2738 2695 mysteriis
2767 2635 2977 2682 terrena
3007 2631 3222 2684 sectari.
3263 2630 3473 2686 [laben-

1895 2721 1968 2764 tes
1993 2713 2296 2781 mysterium
2325 2713 2450 2781 ﬁdei
2474 2715 2525 2767 in
2550 2717 2866 2769 conscientia
2890 2735 3043 2787 pura.
3075 2718 3128 2771 Id
3151 2727 3252 2784 est,
3286 2728 3468 2774 utnon

1895 2811 2116 2870 prepter
2152 2800 2359 2856 lucrum
2405 2801 2673 2858 Christum
2702 2806 3006 2875 prcedicent,
3049 2816 3103 2861 et
3132 2824 3227 2878 pro
3256 2807 3472 2866 Christo

1898 2893 2165 2958 laborent,
2199 2904 2255 2948 ut
2283 2912 2389 2948 non
2418 2907 2678 2965 quastum
2707 2913 2823 2951 esse
2846 2898 3154 2953 existiment
3191 2901 3468 2968 pietatem.

1895 2978 2144 3035 Mulieres
2187 2982 2426 3036 similiter
2451 2983 2688 3053 pudicas.
2723 2985 2983 3040 Similiter
3012 3003 3104 3041 eas
3136 2997 3191 3041 ut
3219 2989 3473 3044 diaconos

1894 3069 2201 3140 eligijubet.
2237 3071 2384 3125 Unde
2411 3072 2723 3143 intelbgitur
2753 3065 2893 3143 quod
2935 3075 3000 3130 de
3031 3077 3112 3130 his
3145 3078 3305 3143 dicat,
3337 3095 3475 3148 quas

1893 3159 2068 3214 adhuc
2099 3161 2255 3216 hodie
2295 3162 2350 3215 in
2396 3161 2612 3218 Oriente
2645 3164 2977 3220 diaconissas
3020 3167 3307 3237 appellant.
3343 3169 3473 3232 Dia—

1895 3251 2012 3303 coni
2032 3251 2133 3303 sint
2154 3252 2309 3304 unius
2334 3253 2512 3306 uxoris
2538 3253 2648 3306 viri.
2683 3254 2796 3308 Non
2827 3263 2884 3308 ut
2911 3257 3172 3312 haberent
3199 3248 3347 3324 dicit,
3378 3261 3475 3312 sed

1896 3357 1962 3395 ne
2022 3343 2156 3397 duas
2207 3343 2514 3399 habuerint.
2569 3345 2673 3412 Qui
2722 3349 2857 3400 enim
2907 3349 3030 3402 bene
3076 3350 3469 3405 ministraverit.

1895 3433 2143 3488 Ostendit
2183 3449 2286 3489 non
2322 3436 2679 3492 ministerium
2736 3447 2964 3504 tantum,
3016 3441 3108 3494 sed
3158 3441 3472 3510 qualitatem

1895 3523 2178 3576 ministerii
2209 3527 2485 3594 praemium
2513 3529 2830 3595 promereri.
2869 3527 2931 3584 Et
2957 3528 3173 3582 multum
3211 3530 3466 3596 ﬁduciam

1893 3614 1946 3664 in
1989 3614 2112 3682 ﬁde.
2169 3614 2235 3668 Et
2289 3617 2428 3684 apud
2464 3616 2630 3670 Deum
2676 3617 2909 3688 petendi,
2959 3628 3012 3671 et
3057 3619 3194 3688 apud
3221 3619 3467 3674 hornines

1893 3703 2142 3769 docendi,
2179 3711 2232 3758 et
2260 3707 2422 3759 etiam
2458 3707 2731 3776 arguendi.
2776 3707 3031 3762 Columna
3066 3719 3114 3762 et
3157 3709 3464 3777 ﬁrmamen-

1894 3802 2002 3845 tum
2029 3795 2278 3847 veritatis.
2314 3795 2368 3849 Id
2412 3807 2515 3860 est,
2551 3797 2601 3849 iu
2639 3814 2743 3866 qua
2787 3814 2929 3852 nunc
2969 3798 3081 3853 sola
3111 3801 3310 3855 veritas
3355 3812 3464 3857 Slat

1897 3885 2127 3949 firmata,
2157 3902 2274 3953 qua:
2321 3898 2445 3940 ante
2492 3888 2542 3941 in
2574 3888 2688 3956 lege
2715 3899 2831 3943 erat
2859 3891 3049 3959 posita.
3083 3890 3150 3944 Et
3193 3893 3466 3963 manifeste

1896 3993 2146 4046 ntagnum
2190 3990 2262 4030 est
2308 3980 2514 4048 pictatis
2544 3992 2945 4034 sacramentum.
2981 3981 3111 4036 Cum
3145 3991 3192 4037 te
3217 3993 3466 4053 oporteat

1893 4067 2187 4120 Ecclesium
2236 4069 2436 4124 Christi
2485 4071 2698 4135 docere,
2751 4085 2857 4124 non
2897 4081 2978 4126 est
3023 4073 3119 4127 tibi
3158 4076 3466 4146 ambiguum

1895 4156 2024 4225 quid
2059 4155 2271 4220 doceas,
2304 4158 2425 4211 dum
2456 4158 2735 4214 manifeste
2765 4170 3002 4230 apparet,
3044 4163 3183 4232 quod
3217 4180 3467 4235 magnum

1892 4255 1976 4298 est
2002 4255 2418 4301 sacramentum.
2466 4248 2671 4301 Dicitur
2719 4248 2820 4302 hoc
2867 4260 3282 4314 sacramentum,
3327 4257 3472 4324 quod

1893 4337 2140 4406 primitus
2154 4339 2538 4393 occultabatur.
2565 4339 2718 4404 Quod
2733 4340 3119 4409 manifestatum
3137 4354 3209 4397 est
3227 4346 3279 4397 in
3293 4362 3470 4400 carne.

1894 4428 2045 4493 Quod
2095 4444 2238 4482 nunc
2282 4430 2335 4484 in
2377 4430 2537 4483 carne
2567 4429 2767 4484 Christi
2799 4431 3125 4484 declaratum
3164 4441 3266 4497 est,
3299 4435 3472 4504 magis

1895 4516 2142 4572 videlicet
2196 4521 2368 4589 primo
2417 4528 2471 4574 et
2525 4519 2852 4588 pastoribus.
2911 4520 3266 4588 Justiﬁcatum
3310 4524 3470 4578 estin

1896 4610 2102 4678 spiritu.
2132 4609 2342 4664 Justum
2371 4626 2489 4665 esse
2530 4611 2582 4664 in
2613 4611 2804 4680 Spiritu
2841 4611 3262 4666 demonstratum
3291 4622 3394 4678 est,
3417 4615 3472 4668 in

1899 4698 2068 4752 forma
2095 4700 2298 4754 scilicet
2328 4699 2604 4765 columbai,
2639 4703 2753 4755 sive
2800 4701 2940 4770 quod
2987 4703 3360 4772 prophetatum
3389 4715 3473 4757 est

1897 4785 1995 4861 per
2049 4788 2306 4857 Spiritum
2355 4798 2616 4843 sanctum.
2649 4789 2921 4861 Apparuit
2972 4792 3189 4860 angelis.
3243 4793 3466 4859 Quando

1898 4860 2150 4934 dicebant
2180 4895 2192 4932 :
2235 4875 2413 4931 Gloria
2438 4880 2492 4932 in
2521 4879 2734 4933 excelsis
2770 4879 2916 4944 Deo;
2958 4877 3016 4934 et
3044 4871 3257 4948 quando
3293 4881 3365 4934 illi
3412 4881 3464 4937 in

1897 4983 2080 5024 eremo
2109 4967 2506 5034 ministrabant,
2539 4971 2591 5024 in
2622 4971 2811 5039 dieque
2855 4970 3204 5024 ascensionis.
3253 4971 3470 5026 Assum-

1893 5070 2040 5130 ptum
2075 5070 2148 5113 est
2180 5061 2232 5114 in
2263 5061 2447 5131 gloria.
2485 5061 2553 5138 L't
2593 5060 2853 5130 apostolis
2890 5060 3189 5138 videntibus
3227 5065 3472 5121 ascendit

1889 5153 1942 5206 in
1977 5153 2192 5208 collum.

2525 5237 2749 5295 CAPUT
2781 5240 2869 5295 IV.

1962 5329 2191 5402 Spiritus
2212 5339 2404 5384 autem.
2433 5328 2679 5383 Sanctus.
2707 5327 2982 5398 Manifeste
3001 5328 3144 5384 dicit.
3168 5331 3272 5386 Per
3293 5332 3472 5402 ipsum

1895 5421 2100 5475 scilicet
2127 5418 2350 5471 Paulum
2377 5416 2742 5486 prophetalem
2796 5415 2998 5472 inducit
3028 5416 3302 5485 affectum,
3330 5436 3466 5490 quo-

1896 5511 2054 5565 modo
2102 5508 2305 5579 antiqui
2342 5507 2618 5562 dicebant:
2670 5506 2792 5563 ihee
2820 5508 2949 5563 dicit
2973 5507 3205 5579 Spiritus
3227 5517 3464 5565 sanctus.

1900 5600 2038 5666 Quia
2067 5600 2119 5652 in
2148 5598 2438 5653 novissimis
2477 5599 2811 5666 temporibus.
2859 5598 3150 5668 Postquam
3191 5600 3258 5655 de
3283 5615 3467 5655 sacra-

1898 5698 2079 5745 mento
2109 5689 2392 5754 intimavit,
2421 5703 2562 5742 nunc
2593 5688 2791 5744 indicat
2821 5690 2963 5760 quod
3009 5688 3137 5745 illud
3165 5703 3470 5746 sacramen-

1901 5790 2010 5834 tum
2040 5779 2412 5835 hzcrcticorum
2455 5780 2686 5836 nubibus
2715 5783 3052 5837 obscuratur.
3082 5779 3149 5836 In
3187 5779 3464 5853 hypocrisi.

2997 5873 3035 5933 8
