3982 6198
423 379 530 433 235

1803 381 2071 437 ΒΕΒῙἸᾸΙ
2112 380 2306 437 SCOTI

3557 392 3670 446 Ξῖ)ἕῖ

426 498 480 553 ld
513 506 614 560 est,
645 496 786 550 aliud
811 497 862 550 in
892 494 1237 565 θοι-ἀρκτιΙὶυά
1269 494 1320 548 in
1351 494 1510 548 labiis
1531 493 1884 565 proferentes,
1913 497 1995 550 vel
2025 499 2070 560 Α
2099 502 2182 547 est
2209 480 2430 558 inﬁdeli,
2469 494 2595 563 quia
2636 494 2799 548 etiam
2844 494 2918 549 illi
2949 496 3266 550 naturaliter
3301 497 3499 551 habent
3527 501 3678 556 circa

427 588 736 642 retinentes.
783 585 1155 639 Cauteriatam.
1192 585 1468 650 Vitiatam,
1518 585 1600 640 vel
1643 586 1990 641 maculatam.

424 674 816 730 Prohibentium
847 675 1056 728 nubere.
1108 675 1166 728 Id
1207 684 1310 742 est,
1340 691 1463 730 cum
1495 676 1595 746 ipsi
1627 678 1848 742 nubant,
1893 688 1952 731 ut
1981 697 1992 731 :

423 764 527 830 Qui
568 765 824 833 prtedicas
853 782 955 818 non
987 765 1297 836 furandum,
1339 766 1536 836 furoris
1583 765 1760 837 (Rom.
1787 769 1871 837 ιι).
1918 768 1995 822 Illi

420 864 598 911 autem
648 855 750 910 hoc
794 870 899 909 non
929 870 1111 909 amore
1143 857 1408 910 castitatis
1453 865 1506 910 et
1551 857 1890 911 abstinentiae
1919 857 1999 911 fa-

419 944 650 1010 ciebant,
692 943 786 999 sed
833 952 890 997 ut
938 945 1240 998 sanctiores
1273 945 1483 1000 cmteris
1512 946 1843 1000 viderentur.
1895 947 2000 1002 Per

419 1036 628 1090 rerbum
670 1035 783 1089 Dti.
814 1035 866 1089 ld
892 1044 997 1098 est,
1029 1050 1136 1104 quo
1161 1033 1528 1088 sanctiﬁcatur
1555 1035 1706 1090 cibus
1747 1053 1811 1090 ac
1842 1037 1998 1092 bene-

419 1129 616 1182 dicitur
663 1126 790 1180 "(re
820 1143 1108 1196 proponens
1139 1127 1415 1196 fratribus.
1443 1127 1658 1181 Libram
1683 1127 1910 1196 jUSlIlIlB
1941 1131 1994 1183 in

418 1221 669 1275 omnibus
694 1228 900 1284 tenens,
927 1229 979 1275 et
1008 1221 1187 1274 omnia
1217 1221 1610 1276 rationabiliter
1635 1230 1690 1276 et
1719 1224 1996 1279 moderate

420 1310 757 1380 dispensans.
825 1307 999 1363 Verbis
1045 1309 1188 1378 ﬁdei.
1239 1310 1412 1366 V‘erba
1458 1312 1673 1380 proprie
1724 1311 1843 1367 ﬁdei
1874 1322 1999 1368 sunt

421 1401 639 1456 traditio
668 1401 934 1471 symboli:
980 1401 1119 1478 bona
1151 1415 1282 1454 vero
1325 1400 1590 1466 doctrina,
1635 1417 1737 1469 qua
1783 1403 1887 1455 vita
1919 1401 1997 1456 in-

420 1493 664 1548 stituitur
702 1493 1028 1546 Christiana.
1077 1491 1271 1546 Inancs
1326 1493 1556 1562 fabulas.
1601 1492 1732 1547 Arte
1783 1509 1998 1563 compo-

421 1584 582 1638 situm
629 1583 985 1636 mendacium.
1045 1580 1223 1635 Pietas
1266 1590 1439 1635 autem
1483 1581 1551 1635 uti
1589 1583 1784 1635 omnia.
1837 1583 1900 1636 Et
1931 1584 1997 1638 ad

420 1675 656 1744 praesens
685 1670 914 1742 tenipus,
949 1681 1003 1726 et
1032 1671 1086 1725 in
1126 1671 1387 1726 futurum.
1433 1671 1568 1726 Nam
1596 1680 1649 1726 et
1697 1675 1809 1742 ipsa
1836 1674 1996 1728 vidua

421 1769 477 1817 et
513 1751 852 1831 in'prtesenti
891 1765 996 1816 est'
1019 1769 1196 1830 pasta.
1229 1769 1284 1815 et
1323 1776 1530 1816 merces
1569 1759 1684 1828 ejus
1722 1770 1904 1815 manet
1943 1765 1995 1816 in

2099 584 2373 652 proximos
2403 583 2697 658 pietatem;
2729 585 2845 639 sive
2873 585 2918 639 si
2959 601 3064 655 qua
3099 587 3258 640 vidua
3298 586 3436 642 ﬁlios
3472 591 3679 658 orpha-

2101 689 2198 728 nos
2223 673 2478 746 negligat,
2501 673 2660 742 hujus
2687 676 2968 731 sententiae
2989 677 3189 731 crimen
3217 679 3462 732 incurrit.
3501 678 3684 734 Simul

2100 764 2392 818 notandum
2423 774 2506 819 est
2531 767 2790 833 quosdam
2835 764 3021 821 lideles
3047 780 3166 821 esse
3205 768 3259 821 in
3313 769 3549 833 nomine,
3581 769 3687 840 qui

2099 852 2407 908 inﬁdelibus
2455 855 2861 914 conversatione
2909 857 3119 926 pejores
3163 867 3308 911 sunt.
3363 857 3533 912 Vidua
3564 859 3683 912 .eli-

2101 952 2276 1009 gatur.
2312 943 2368 996 In
2397 941 2758 997 ministerium
2791 944 3122 1008 diaconatus,
3155 945 3235 999 vel
3266 954 3323 1000 ut
3347 956 3684 1002 sustentetur

2098 1033 2290 1101 opibus
2343 1033 2615 1088 Ecclesiae.
2673 1033 2798 1088 Non
2839 1036 3012 1088 minus
3065 1054 3322 1090 annorum
3379 1041 3677 1109 sexaginta.

2099 1122 2231 1175 Nam
2249 1122 2493 1190 juniores
2517 1125 2692 1178 viduae
2714 1134 2938 1194 possunt
2967 1125 3030 1178 ad
3058 1141 3213 1178 suum
3238 1143 3374 1195 opus
3400 1128 3682 1193 laborare,

2099 1220 2159 1265 ut
2187 1228 2290 1266 non
2317 1222 2613 1292 aggravent
2639 1215 2957 1270 Ecclesium.
2987 1213 3152 1269 Unius
3192 1218 3287 1270 riri
3336 1234 3488 1271 uxor.
3525 1219 3686 1274 Unde

2100 1302 2435 1375 intelligitur,
2467 1307 2608 1374 quod
2650 1307 2736 1360 illa
2783 1322 2901 1375 quae.
2941 1323 3062 1362 cum
3103 1308 3346 1378 plurimis
3391 1310 3521 1368 viris
3551 1309 3682 1375 fuit,

2100 1393 2259 1447 vidua
2288 1411 2390 1448 non
2430 1397 2518 1449 sit.
2579 1397 2990 1452 Tribulatianem
3043 1402 3316 1469 patientes.
3376 1401 3431 1455 In
3460 1419 3685 1458 carcere

2098 1487 2182 1540 vel
2206 1489 2522 1556 aegritudine
2567 1491 2772 1559 positis.
2823 1489 2880 1546 Si
2915 1508 3065 1546 omne
3113 1509 3239 1562 opus
3274 1497 3464 1548 bonum
3501 1497 3684 1549 subse-

2099 1585 2218 1628 cuta
2256 1585 2350 1629 est.
2376 1577 2618 1632 Breviter
2650 1579 2898 1634 universa
2925 1582 3205 1636 conclusit.
3232 1583 3478 1638 Iuniores
3499 1595 3679 1638 autem

2097 1665 2305 1719 viduas.
2336 1666 2392 1720 ιιι
2422 1675 2526 1731 est,
2560 1668 2784 1723 minoris
2830 1671 3005 1724 aetatis
3055 1687 3214 1740 quam
3253 1675 3554 1744 sexaginta
3577 1690 3684 1729 an-

2100 1771 2320 1810 norum.
2353 1756 2509 1811 Tales
2549 1773 2677 1828 ergo
2718 1759 2893 1813 devita
2925 1760 3046 1816 aliis
3090 1761 3142 1815 in
3174 1763 3472 1818 ministerio
3497 1764 3685 1818 diaco-

420 1867 556 1908 tevo.
585 1851 738 1908 Unde
772 1851 1022 1907 Salomon
1059 1853 1134 1905 ait
1161 1867 1177 1904 :
1207 1850 1500 1922 Longitudo
1531 1851 1736 1906 dierum
1781 1853 1833 1906 in
1873 1852 2000 1906 ἀεῖ-
2031 1865 2077 1923 Β
2105 1857 2264 1916 natus
2289 1864 2618 1919 prteponere,
2650 1867 2717 1905 ne
2762 1851 2960 1906 malum
3001 1869 3100 1923 pro
3135 1855 3274 1908 bono
3303 1855 3459 1908 detur
3497 1870 3687 1910 exem-

422 1951 534 1998 tera
561 1943 674 2013 ejus
709 1939 888 2014 (Prov.
919 1941 1024 2013 ut).
1060 1941 1262 1996 Fidelis
1291 1957 1480 1996 sermo.
1508 1940 1678 2008 Quem
1709 1944 1775 1997 de
1800 1943 1998 2012 pietate

421 2033 690 2104 prtedixit,
735 2031 931 2102 ﬁdelis,
974 2033 1027 2088 id
1076 2041 1182 2097 est,
1220 2047 1381 2086 verax
1428 2032 1568 2103 apud
1618 2035 1855 2089 omnium
1905 2036 1999 2088 bo-

422 2141 613 2181 norum
661 2127 1070 2190 conscientiam,
1117 2135 1172 2181 et
1217 2127 1301 2181 cui
1352 2142 1509 2182 nemo
1540 2128 1716 2184 bonus
1759 2130 1996 2185 resistat.

425 2212 530 2280 Qui
560 2223 633 2268 est
663 2215 807 2268 salus
830 2217 1076 2269 omnium.
1122 2213 1371 2270 Omnium
1419 2217 1472 2270 in
1515 2219 1788 2286 praesenti.
1826 2217 1993 2273 Fide-

422 2303 571 2357 lium.
605 2302 780 2357 Etiam
809 2304 863 2358 in
899 2302 1098 2358 futuro.
1131 2303 1258 2358 ch
1300 2305 1540 2376 praecipe,
1580 2316 1627 2360 et
1675 2307 1820 2361 doce.
1855 2307 1999 2364 Prte-

425 2395 564 2465 cipe,
596 2402 656 2448 ut
678 2393 840 2459 ﬁant;
869 2395 1019 2458 doce,
1052 2410 1158 2465 quo
1193 2393 1352 2452 modo
1383 2395 1534 2460 ﬁant,
1584 2396 1669 2451 vel
1695 2398 1837 2466 quali
1865 2414 2000 2470 prae-

428 2481 539 2535 tnio
569 2481 955 2536 remuneranda
1005 2487 1132 2540 sint.
1169 2482 1304 2536 Dum
1350 2486 1495 2538 venio
1536 2485 1744 2539 attende
1771 2485 1994 2551 lectioni,

423 2571 796 2636 abortat-iani,
826 2573 1096 2626 doctrinm.
1125 2571 1306 2628 Primo
1333 2575 1465 2644 lege,
1493 2575 1685 2630 deinde
1711 2577 2000 2634 exhortare

423 2670 483 2716 ut
517 2650 668 2726 ﬁant,
693 2670 967 2731 postremo
1015 2663 1148 2718 doce
1189 2665 1461 2734 quomodo
1509 2664 1874 2735 intelligantur
1899 2667 1983 2720 ob-

423 2768 606 2818 scura,
633 2761 694 2808 ut
721 2756 926 2823 possint
973 2753 1092 2810 ﬁeri
1121 2771 1240 2826 quae
1271 2755 1538 2827 leguntur.
1581 2754 1706 2810 Noli
1747 2756 2000 2827 negligere

421 2843 668 2913 gratiam.
699 2843 793 2899 Ille
821 2845 1040 2916 negligit
1071 2846 1320 2916 gratiam,
1369 2846 1460 2915 qui
1505 2853 1783 2914 acceptum
1833 2845 2000 2900 talen-

423 2943 536 2988 tum
561 2950 666 2989 non
695 2945 929 2990 exercet.
961 2933 1068 2989 Per
1093 2937 1435 3007 praphetiam.
1463 2935 1519 2990 Id
1539 2944 1643 3001 est,
1670 2936 2000 2992 benedictio-

423 3039 566 3078 nem.
593 3022 722 3079 Cum
746 3020 1068 3096 impositione
1086 3044 1356 3080 manuum.
1379 3026 1634 3082 Mearnm.
1661 3023 1998 3097 Presbyterii.

425 3112 694 3184 Episcopi.
729 3115 857 3170 Hac
901 3118 1169 3170 meditare.
1213 3117 1401 3171 Omnis
1435 3116 1584 3170 enim
1632 3115 1906 3186 perlectus
1931 3131 1997 3172 ex

2099 1941 2264 2010 plum.
2295 1941 2361 1995 In
2388 1939 2594 1996 Christo
2626 1944 2836 1996 nubere.
2873 1943 2928 1996 Id
2955 1953 3053 2006 est,
3086 1945 3138 1998 in
3169 1946 3424 2000 societate
3451 1946 3682 2013 Christi,

2098 2042 2152 2088 et
2180 2043 2319 2088 statu
2343 2034 2620 2089 viduitatis
2647 2036 2850 2091 nubere
2877 2037 3078 2094 volunt.

2171 2121 2309 2186 Quia
2354 2124 2576 2194 primam
2622 2125 2797 2183 fidem.
2850 2124 2905 2180 Id
2951 2135 3052 2190 est,
3087 2126 3218 2182 ﬁdes
3257 2143 3362 2197 qua
3388 2143 3446 2183 se
3486 2128 3688 2183 viduas

2097 2211 2460 2281 promiserant
2490 2227 2892 2281 permansuras.
2951 2213 3074 2268 Haec
3123 2224 3301 2269 autem
3349 2217 3532 2287 regula
3569 2232 3686 2270 nou

2107 2301 2279 2357 solum
2317 2303 2369 2356 in
2399 2303 2598 2368 viduis,
2624 2302 2714 2357 sed
2739 2304 2903 2357 etiam
2947 2305 2999 2358 iu
3026 2305 3325 2375 virginibus
3351 2306 3687 2362 continenti—

2098 2393 2306 2462 busque
2333 2401 2598 2448 servatur.
2890 2388 2892 2390 ’

2171 2481 2348 2537 Otiose
2372 2483 2691 2538 discurrunt.
2736 2484 2926 2538 Divino
2953 2484 3171 2538 minime
3204 2485 3393 2538 timore
3423 2483 3682 2549 detentae,

2099 2589 2200 2628 nec
2240 2574 2420 2627 mariti
2463 2576 2716 2643 potestati
2762 2574 3034 2642 subjectze,
3064 2575 3317 2643 nullaque
3341 2591 3466 2628 cura
3492 2575 3683 2628 dome-

2101 2667 2247 2721 stiea:
2264 2667 2631 2734 occupationis
2651 2666 2906 2721 astrictus.
2934 2664 3188 2718 Curiosrr.
3218 2665 3272 2717 Id
3296 2675 3397 2727 est,
3421 2665 3486 2718 de
3514 2666 3684 2718 rebus

2100 2755 2202 2810 sibi
2232 2770 2336 2807 non
2362 2755 2754 2824 pertinentibus
2776 2754 3074 2824 loquentes.
3116 2753 3243 2806 Volo
3273 2770 3392 2822 ergo
3409 2754 3680 2824 juniores.

2098 2845 2155 2900 Id
2182 2856 2284 2915 est,
2311 2861 2415 2900 non
2443 2854 2717 2900 voventes.
2752 2845 2969 2898 Nullam
3017 2845 3338 2898 occasionem
3384 2844 3529 2896 dare.
3563 2843 3684 2897 Hoc

2099 2946 2202 3003 est,
2226 2954 2294 2992 ne
2321 2953 2418 3007 per
2467 2938 2680 2992 illarum
2734 2935 3174 2991 incontinentiam
3207 2933 3390 3003 religio
3431 2933 3684 3003 blasphe-

2099 3037 2295 3082 metur.
2332 3026 2661 3082 Adversa'rio.
2711 3026 2767 3080 Id
2792 3036 2895 3088 est,
2921 3025 3151 3088 diabolo,
3189 3024 3272 3078 vel
3303 3023 3518 3078 cuilibet
3546 3036 3680 3092 per-

2099 3131 2257 3172 verso
2310 3117 2531 3171 homini.
2586 3116 2709 3170 1am
2757 3114 2892 3169 enim
2941 3114 3180 3183 quadam
3231 3128 3488 3166 conversa:
3528 3122 3678 3163 sunt.

424 3203 772 3260 meditatione
801 3205 1096 3261 descendit.
1135 3205 1203 3260 In
1229 3207 1312 3260 his
1335 3216 1462 3259 esto.
1502 3203 1616 3259 Non
1653 3207 1798 3260 enim
1826 3207 2003 3262 omnis
2031 3207 2076 3270 C
2107 3206 2302 3262 Reddit
2329 3221 2547 3261 causam
2584 3221 2750 3274 quare
2779 3220 2872 3260 eas
2920 3206 3120 3259 nubere
3152 3203 3286 3258 velle
3329 3203 3681 3272 prtedixerat.

427 3297 482 3348 in
512 3295 599 3350 bis
631 3303 714 3350 est
756 3297 846 3366 qui
881 3297 1188 3352 meditatur.
1247 3295 1314 3350 Ut
1359 3297 1622 3367 profectus
1675 3307 1796 3351 tuus
1834 3298 2001 3352 mani-

427 3386 591 3454 festus
616 3386 683 3440 sit
714 3387 971 3441 omnibus.
1016 3387 1130 3442 Hoc
1157 3395 1262 3450 est,
1305 3395 1364 3440 ut
1409 3387 1656 3457 exemplo
1698 3394 1788 3442 tuo
1815 3402 2003 3444 omnes

427 3473 494 3530 ad
559 3475 780 3532 meliora
831 3477 1134 3548 proﬁciant.
1197 3477 1418 3531 Attende
1477 3477 1571 3530 tibi
1625 3485 1674 3531 et
1729 3476 2000 3531 doctrinm.

428 3565 614 3620 Primo
663 3566 781 3632 tibi,
831 3565 1023 3621 deinde
1070 3567 1350 3631 doctrinae,
1394 3573 1454 3620 ut
1496 3565 1694 3635 ubique
1745 3566 2003 3622 sollicitus

426 3663 480 3710 et
507 3663 562 3710 te
589 3661 712 3710 actu
734 3655 930 3721 salves,
954 3665 1008 3711 et
1033 3655 1153 3712 illos
1171 3656 1414 3712 doctrina
1435 3655 1639 3727 pariter
1658 3664 1711 3710 et
1735 3656 1997 3726 exemplo.

1059 3769 1283 3826 CAPUT
1323 3768 1386 3825 Υ.
1449 3833 1452 3836 ,

500 3837 765 3893 Seniorent
791 3855 854 3892 ne
881 3840 1245 3908 increpaveris.
1279 3839 1355 3895 Ne
1383 3843 1598 3914 indigne
1641 3844 1822 3898 ferens
1864 3857 1925 3896 se
1971 3857 2002 3896 a

422 3925 638 3995 juniore
679 3935 1007 3996 correptum,
1064 3942 1437 3999 exasperetur,
1483 3941 1536 3987 et
1581 3948 1686 3987 non
1737 3930 2000 4002 proﬁciat.

430 4016 534 4072 Sed
563 4017 793 4070 obsecra.
837 4017 902 4071 Ut
931 4033 1030 4070 suo
1052 4019 1203 4085 quasi
1248 4030 1399 4088 pater
1425 4037 1492 4074 ex
1537 4027 1692 4078 senio
1717 4021 2002 4093 [exemplo]

431 4105 678 4159 instituat
721 4105 986 4173 juniores.
1041 4104 1264 4160 Iuvenes
1320 4116 1374 4159 ut
1423 4108 1633 4176 fratres.
1686 4109 1906 4163 Fratres
1947 4119 2006 4164 ut

431 4195 617 4259 coarv'i,
643 4193 801 4249 liberi
829 4195 911 4249 vel
958 4207 1371 4252 eommonentur
1400 4199 1650 4254 similiter
1685 4211 1742 4254 ut
1770 4216 2003 4256 sorores.

440 4282 639 4340 Viduas
662 4285 881 4340 honora.
908 4284 964 4340 Id
992 4293 1097 4351 est,
1144 4288 1448 4341 necessaria
1476 4287 1562 4343 eis
1580 4289 1890 4359 praebendo,
1918 4305 2006 4345 so-

437 4378 567 4434 latia
602 4377 949 4434 conferendo.
982 4377 1113 4444 Quae
1154 4397 1265 4434 rere
1305 4381 1474 4434 vidua:
1498 4392 1638 4448 sunt.
1665 4381 1722 4436 Id
1749 4391 1853 4448 est,
1889 4383 2005 4436 sine

432 4471 552 4525 viro
576 4471 899 4541 nuptiisque.
951 4467 1009 4524 Si
1047 4487 1151 4541 qua
1181 4481 1355 4524 autem
1401 4469 1558 4524 vidua
1599 4470 1756 4538 ﬁlios,
1787 4482 1877 4525 aut
1917 4489 2006 4525 ne-

2105 3294 2172 3350 Ut
2213 3297 2294 3350 his
2321 3313 2439 3367 qua:
2484 3313 2599 3350 vere
2645 3296 2812 3350 vidua:
2855 3306 2976 3350 sunt
3031 3297 3270 3366 suﬁiciat.
3319 3294 3375 3348 Id
3417 3306 3515 3356 est,
3553 3310 3685 3364 qua:

2102 3389 2247 3442 omni
2273 3388 2473 3442 auxilio
2501 3389 2755 3443 desolata;
2792 3397 2934 3443 sunt.
2987 3388 3195 3458 Duplici
3221 3391 3435 3441 honore.
3483 3386 3691 3456 Magno

2102 3478 2324 3542 honore,
2361 3477 2442 3532 vel
2467 3488 2684 3548 propter
2711 3479 2934 3548 gradum
2959 3476 3117 3532 ollicii
3148 3486 3200 3532 et
3227 3477 3502 3532 doctrinae.
3545 3476 3690 3538 Bari

2101 3572 2387 3624 trituranti.
2437 3570 2493 3624 Id
2523 3580 2629 3632 est,
2658 3571 2864 3624 doctori
2909 3557 3260 3640 praedicanti:
3312 3568 3376 3622 Ut
3407 3579 3456 3622 et
3500 3571 3690 3623 etrters‘

2100 3659 2336 3712 timorem
2362 3659 2606 3712 habeant.
2649 3660 2901 3714 Videntes
2931 3659 3204 3714 tenemini
3243 3659 3564 3728 pepercisse.

2175 3746 2299 3801 Sine
2337 3748 2667 3818 pra’judicio.
2723 3748 2790 3804 Ut
2839 3748 3090 3802 Salomon
3122 3749 3234 3801 ait:
3291 3747 3420 3801 Cum
3449 3747 3689 3801 consilio

2103 3838 2276 3891 omnia
2307 3837 2410 3906 fac.
2437 3836 2503 3891 In
2531 3837 2899 3892 declinatione.
2929 3838 2996 3894 Ut
3021 3856 3033 3892 :
3087 3837 3274 3908 Neque
3315 3839 3383 3892 ad
3409 3838 3648 3890 dextram
3667 3879 3689 3901 ,

2106 3945 2268 3998 neque
2289 3929 2356 3980 ad
2387 3929 2655 3983 sinistram
2701 3929 2945 3984 declines.
2998 3927 3180 4000 Neque
3214 3927 3693 3982 communicaveris

2102 4028 2324 4086 peccatis
2349 4017 2553 4072 alienis.
2578 4017 2635 4072 Si
2661 4019 2802 4073 enim
2833 4021 2939 4073 cito
2967 4028 3091 4072 ante
3117 4029 3323 4088 tempus
3350 4033 3538 4071 manus
3567 4018 3694 4072 cui-

2105 4107 2224 4160 dam
2250 4106 2588 4174 imposueris,
2631 4109 2866 4177 peccatis
2903 4107 3020 4177 ejus
3046 4106 3484 4162 eommunicabis.
3527 4104 3689 4171 Quo—

2104 4197 2344 4250 rumdam
2375 4197 2640 4252 hominum
2663 4208 2872 4268 peccata
2891 4198 3178 4268 manifesta
3205 4207 3346 4252 sunt.
3393 4196 3589 4252 Statim
3621 4198 3690 4252 in

2105 4288 2218 4358 ipSa
2249 4290 2647 4344 examinatione
2675 4300 2953 4361 apparent.

2176 4379 2554 4436 Pracedentia.
2595 4383 2892 4451 Antequam
2941 4384 3063 4454 quis.
3097 4383 3321 4454 gradum
3350 4382 3695 4438 ecclesiasti-

2103 4485 2223 4526 cum
2267 4472 2512 4540 accipiat.
2563 4472 2643 4525 Ad
2679 4473 2962 4542 judicium.
3014 4473 3292 4542 Manifesta
3324 4482 3440 4527 sunt
3483 4474 3552 4526 ad
3583 4474 3696 4544 ju-

431 4570 575 4633 potes
599 4560 770 4614 habet.
809 4559 1016 4614 Tandiu
1059 4569 1210 4631 regat
1253 4561 1491 4627 domum,
1541 4561 1777 4632 quandiu
1814 4561 2004 4616 edocet
2027 4566 2080 4625 D
2105 4561 2322 4626 dicium,
2352 4564 2454 4617 hoc
2479 4571 2582 4628 est,
2613 4564 2725 4618 sive
2746 4564 2872 4618 dum
2899 4564 3088 4632 dejecti
3115 4565 3693 4630 excommunicantur,

433 4652 574 4708 ﬁlios
598 4652 866 4724 parvulos,
913 4661 1006 4708 aut
1053 4661 1293 4722 nepotes,
1341 4653 1578 4726 ut.__quod
1614 4669 1646 4708 a
1695 4654 2007 4724 parentibus

432 4743 652 4814 pictatis
683 4744 972 4812 acceperit,
1004 4743 1125 4799 ﬁliis
1173 4743 1397 4798 reddat:
1450 4744 1524 4799 ita
1570 4754 1769 4810 tamen,
1813 4753 2006 4800 utnon

438 4836 539 4890 hac
563 4833 908 4896 excusatione
937 4835 1178 4889 avaritia:
1234 4831 1470 4899 studeat,
1515 4835 1606 4888 sed
1636 4833 2006 4888 suﬁicientiam

439 4933 649 4980 tantum
671 4923 771 4981 sibi
803 4935 981 4980 servet
1003 4935 1057 4980 et
1093 4925 1299 4990 liberis,
1328 4941 1396 4980 ne
1439 4926 1492 4979 in
1522 4926 1602 4980 eis
1631 4925 1744 4994 ipsa
1773 4925 2011 4980 occasio-

437 5031 560 5070 nem
588 5017 677 5072 det
714 5017 910 5073 saeculo
935 5016 1226 5073 serviendi.

508 5107 777 5164 Desolata.
808 5107 854 5162 Α
880 5107 1131 5177 conjugio
1154 5105 1412 5160 maritali.
1463 5104 1529 5157 Et
1574 5105 1723 5156 instet
1761 5103 2010 5156 orationi.

439 5195 626 5264 Qualis
653 5196 752 5251 l'uit
774 5196 926 5252 Anna
953 5196 1060 5251 ﬁlia
1087 5193 1354 5256 Phanuel,
1387 5192 1520 5247 tales
1549 5191 1806 5260 praecepit
1848 5192 2006 5244 bona

439 5287 573 5356 rari,
597 5301 717 5359 qua:
744 5287 798 5342 in
840 5285 1038 5358 templo
1079 5285 1164 5340 die
1191 5291 1247 5339 et
1292 5291 1448 5336 nocte
1487 5280 1722 5334 orationi
1765 5279 2009 5333 vacabat.

455 5376 640 5434 Vivens
666 5388 896 5434 mortua.
929 5375 1235 5431 Secundum
1274 5374 1508 5428 animam
1533 5388 1550 5437 ;
1577 5386 1709 5441 ergo
1730 5369 1773 5426 si
1809 5383 1926 5439 qua:
1957 5367 2012 5422 in

443 5468 651 5526 deliciis
694 5477 778 5526 est
825 5475 1056 5532 mortua,
1097 5475 1299 5536 quanto
1324 5465 1494 5534 magis
1537 5477 1655 5532 quae
1682 5463 1736 5516 in
1778 5459 2013 5530 peccatis

444 5560 724 5614 versatur?
762 5557 822 5614 Si
848 5560 964 5628 quis
1005 5567 1176 5610 autem
1204 5571 1416 5610 suorum
1447 5565 1493 5608 et
1518 5553 1743 5607 maxime
1768 5550 2011 5604 domesti-

445 5665 624 5704 corum
649 5664 829 5703 curam
857 5663 959 5701 non
996 5645 1167 5700 habet.
1208 5643 1265 5698 Si
1311 5644 1433 5715 quis
1463 5643 1649 5696 viduas
1687 5640 1890 5712 abjicit,
1921 5645 2013 5692 aut

449 5737 690 5812 pupillos,
722 5737 808 5796 vel
843 5737 1075 5794 tnasime
1102 5743 1350 5808 parentes
1378 5743 1432 5792 et
1465 5747 1749 5805 pauperes,
1779 5731 2012 5788 deterior

2101 4653 2215 4707 sive
2240 4653 2363 4708 dum
2385 4653 2551 4723 plagis
2574 4654 2926 4723 praesentibus
2940 4655 3391 4723 praedamnantur.
3411 4651 3697 4716 Quosdam

2107 4752 2280 4796 autem
2310 4753 2356 4796 et
2390 4744 2785 4813 subsequuntur.
2838 4741 2964 4798 Post
3003 4744 3392 4810 ordinationem
3434 4743 3699 4798 sciuntur

2108 4833 2330 4887 aliorum
2355 4843 2597 4903 peccata,
2625 4847 2743 4901 qua:
2765 4833 3077 4888 celaverunt
3105 4843 3228 4888 ante
3257 4834 3659 4886 ordinationem
3684 4855 3702 4902 ς

2110 4920 2228 4975 ideo
2287 4923 2556 4990 praedixit:
2617 4921 2742 4976 Sine
2789 4921 3098 4992 prerjudicio
3157 4922 3284 4975 nihil
3341 4921 3559 4989 faciens.
3611 4921 3698 4978 Et

2110 5028 2298 5064 manus
2323 5011 2424 5064 cito
2453 5011 2643 5065 nemini
2672 5013 2994 5081 imposueris,
3024 5012 3193 5065 donec
3234 5010 3376 5064 scias
3404 5010 3446 5064 si
3478 5010 3701 5068 lateant

2110 5113 2346 5172 peccata,
2387 5118 2454 5156 an
2495 5118 2621 5155 non.
2657 5101 3067 5172 Subsequuntur.
3105 5101 3215 5155 lloc
3261 5111 3364 5165 est,
3396 5100 3508 5153 sive
3554 5102 3706 5154 sub—

2110 5193 2350 5261 sequitur
2371 5192 2423 5244 in
2453 5189 2688 5247 futurum
2711 5192 2986 5264 judicium,
3017 5192 3129 5245 sive
3156 5191 3242 5244 hic
3266 5189 3360 5243 diu
3378 5189 3550 5243 latere
3577 5205 3707 5248 nor.

2109 5290 2354 5350 poswnt.
2387 5280 2501 5335 Non
2537 5298 2664 5352 ergo
2700 5283 2894 5336 debent
2923 5281 3077 5336 facile
3125 5280 3384 5334 ordinari.
3429 5275 3713 5332 Similiter

2110 5384 2157 5423 et
2189 5371 2328 5440 facta
2361 5371 2492 5426 bona
2535 5371 2812 5440 manifesta
2845 5381 2985 5425 sunt.
3022 5369 3144 5424 Non
3191 5369 3334 5424 enim
3371 5375 3532 5437 potest
3567 5367 3713 5422 abs-

2115 5463 2264 5516 condi
2311 5462 2487 5517 ciritas
2534 5480 2690 5532 supra
2734 5472 2956 5515 montem
3002 5470 3172 5530 posita
3217 5458 3430 5530 (Matth.
3468 5456 3542 5526 v),
3593 5460 3710 5514 sed

2115 5553 2276 5606 etiam
2310 5565 2428 5622 quae
2475 5554 2541 5609 ad
2579 5563 2789 5625 tempus
2834 5552 3029 5620 latent,
3074 5566 3181 5606 non
3215 5555 3439 5619 possunt
3485 5545 3717 5607 diutius

2112 5641 2384 5698 occultari.
