3982 6198
277 431 369 488 2ὗῖ

899 537 1123 594 CAPUT
1156 538 1239 593 Vl.

339 634 653 702 Quicunque
679 638 798 684 sunt
819 629 912 684 sub
931 631 1065 700 jugo
1092 630 1244 695 servi,
1287 630 1526 684 dominos
1564 644 1686 682 suos
1710 630 1850 682 omni

276 729 461 782 honore
500 725 694 795 dignos
736 725 1076 788 arbitrentur,
1106 740 1171 778 ne
1208 739 1394 778 nomen
1437 723 1645 776 Domini
1682 731 1729 776 et
1757 721 1852 774 do-

276 815 438 868 ctrina
481 811 887 881 blasphematur.
933 811 989 867 ld
1032 820 1136 878 est,
1186 826 1251 866 ne
1297 811 1580 866 videantur
1609 826 1705 880 per
1730 809 1852 865 reli—

276 908 484 977 gionem
513 905 567 957 in
594 903 837 958 deterius
861 901 1176 973 profecisse.
1221 902 1326 968 Qui
1353 913 1526 956 autem
1555 901 1730 971 ﬁdeles
1759 903 1854 954 ha-

280 997 394 1050 bent
425 994 691 1047 dominos.
729 992 842 1047 Hoc
870 999 972 1056 est,
1025 1007 1092 1047 ne
1136 992 1238 1047 sibi
1276 992 1638 1060 aequalitatem
1683 992 1856 1046 vindi-

277 1093 414 1148 cent,
446 1098 653 1151 eosque
681 1091 1047 1146 contemnam,
1079 1089 1306 1150 quorum
1348 1080 1542 1136 fratres
1589 1089 1716 1136 sunt
1755 1095 1852 1150 per

275 1178 448 1232 iidem.
479 1176 750 1245 Beneﬁcii.
779 1175 928 1229 Fidei
957 1185 1013 1230 et
1043 1174 1394 1245 baptismatis.

340 1270 659 1324 Exhortare.
699 1268 988 1323 Praemium
1016 1268 1362 1322 ostendendo.
1408 1266 1477 1320 Et
1498 1266 1748 1337 superbus
1774 1267 1851 1320 ni-

277 1363 345 1416 hil
366 1364 559 1416 sciens.
595 1360 773 1431 Super
814 1360 949 1415 alios
977 1374 1035 1414 se
1061 1359 1347 1421 extollens.
1379 1374 1500 1413 cum
1531 1375 1636 1414 non
1665 1360 1737 1414 sit
1763 1360 1854 1414 de-

279 1468 487 1508 sursum
515 1453 740 1507 veniens
763 1466 924 1520 quem
970 1450 1228 1520 praedicat
1259 1451 1546 1520 sapientia.
1592 1449 1695 1505 Sed
1737 1450 1853 1504 lan-

275 1558 540 1612 guescens.
563 1540 700 1608 Quia
727 1555 824 1595 nec
853 1540 1033 1595 solida:
1063 1540 1308 1594 veritatis
1348 1531 1849 1594 scientia'convale-

1303 425 1630 481 COI.LECT.
1671 423 1738 479 ΙΝ
1779 425 1994 480 l'ZPiST.
2037 425 2078 480 ll
2120 426 2211 481 AD
2250 427 2528 483 TlMOTll.

1881 542 1930 599 Α
1957 538 2106 594 cialis
2135 553 2264 594 vero
2293 541 2518 594 avaritia
2573 555 2692 610 quae
2737 543 2985 597 usitatius
3030 543 3329 614 appellatur
3372 562 3526 602 amor

3419 436 3520 489 238

1954 629 2214 698 pecunias,
2238 630 2391 698 cujus
2419 631 2634 684 nomine
2667 631 2951 700 Apostolus
2978 647 3076 702 per
3101 635 3334 704 Speciem
3358 649 3550 707 genus

1952 721 2278 790 signiﬁcans,
2312 721 2669 776 universalem
2696 723 2977 776 avaritiam
3023 724 3238 778 volebat
3277 726 3524 798 intelligi,

1951 811 2176 865 dicendo
2203 829 2216 863 :
2254 808 2426 863 Radix
2449 812 2680 864 omnium
2707 811 2964 865 malorum
2991 823 3067 867 est
3109 815 3356 868 avaritia.
3406 815 3521 872 liae

1952 903 2152 958 etenim
2183 902 2426 958 diabolus
2453 903 2668 968 cecidit,
2697 904 2788 972 qui
2816 904 3004 973 utique
3048 920 3155 960 non
3193 908 3396 962 amavit
3434 924 3528 978 pe-

1950 994 2186 1057 cuniam,
2213 995 2305 1047 sed
2325 993 2594 1063 prepriam
2614 1002 2953 1063 potestatem.
2980 996 3152 1050 Radix
3179 997 3360 1053 excisa
3387 1014 3529 1054 sem~

1950 1099 2048 1155 per
2063 1085 2260 1140 densos
2290 1093 2505 1153 reparat
2535 1101 2740 1151 ramos;
2771 1086 3044 1141 evellenda
3065 1095 3146 1142 est
3186 1103 3317 1156 ergo
3353 1091 3526 1154 radix,

1952 1189 2020 1229 ne
2063 1175 2198 1229 rami
2241 1175 2506 1244 superﬂue
2551 1176 2870 1231 excidantur
2915 1195 2928 1230 :
2973 1177 3095 1246 quia
3128 1178 3181 1232 in
3229 1191 3531 1250 transgres-

1951 1257 2102 1319 sione
2121 1265 2253 1318 Adm
2276 1265 2438 1318 multa
2467 1273 2621 1319 erant
2650 1266 2804 1331 vitia,
2833 1273 2891 1320 ut
2918 1276 3001 1322 est
3019 1252 3038 1321 V:
3078 1265 3136 1322 Si
3164 1268 3228 1322 de
3267 1269 3363 1322 hoc
3391 1270 3532 1340 ligno

1949 1355 2298 1426 gustat'erilis,
2331 1355 2631 1422 aperientur
2655 1355 2792 1408 oculi
2823 1358 3002 1419 uestri,
3051 1369 3096 1410 et
3124 1358 3268 1412 eritis
3295 1359 3428 1412 sicut
3455 1359 3532 1412 dii

1952 1440 2101 1513 (Gen.
2127 1441 2234 1513 ni).
2261 1442 2500 1512 Denique
2527 1460 2649 1498 cum
2673 1444 2870 1498 dixerit
2903 1447 3222 1515 aperientur,
3247 1449 3334 1504 hic
3352 1458 3529 1503 osten-

1951 1532 2096 1586 ditur
2119 1533 2422 1600 cupiditas;
2453 1542 2508 1587 et
2534 1535 2746 1602 quando
2794 1535 2993 1589 dixerit
3038 1537 3388 1606 gustat'eritis,
3440 1539 3536 1592 hic

277 1632 390 1692 scit,
418 1631 511 1686 sed
538 1631 765 1685 diversis
783 1630 1157 1685 occasionibus
1177 1631 1412 1702 languet,
1432 1639 1486 1684 et
1504 1645 1709 1699 pugnas
1731 1645 1850 1684 vcr-

1955 1620 2072 1690 gula
2099 1618 2342 1687 videtur;
2371 1630 2427 1677 et
2470 1623 2684 1692 quando
2719 1625 2918 1678 dixerit
2957 1627 3102 1680 eritis
3147 1627 3279 1681 sicut
3319 1629 3414 1693 dii,
3456 1629 3530 1684 ibi

277 1722 461 1778 borum
498 1723 770 1776 observat.
821 1720 1150 1792 Suspiciones
1195 1721 1370 1775 malw.
1419 1720 1545 1776 Sive
1598 1722 1847 1776 haeresim
1948 1711 2197 1781 Superbia
2227 1712 2514 1767 reveletur.
2544 1712 2613 1766 Et
2641 1714 2968 1770 inseruerunt
3009 1731 3064 1769 se
3101 1715 3368 1770 doloribus
3396 1716 3534 1770 mul-

277 1812 334 1865 de
359 1811 541 1865 altero
566 1811 931 1880 suspicantur,
956 1810 1068 1866 sive
1095 1811 1372 1866 audientes
1398 1821 1591 1880 putant
1616 1813 1847 1868 deficere

1955 1803 2036 1855 tis.
2067 1801 2281 1868 Quanto
2317 1803 2546 1873 amplius
2584 1805 2893 1872 habuerint,
2922 1814 3072 1861 tanto
3110 1807 3292 1877 plures
3335 1807 3534 1862 sollici-

277 1902 579 1955 veritatem.
610 1899 989 1956 Existimantes
1011 1911 1265 1973 quaestum
1293 1919 1402 1956 esse
1419 1902 1680 1973 pietatem.
1711 1904 1847 1971 Quia
1879 1882 1923 1939 Β
1954 1893 2199 1948 Nimim
2227 1895 2498 1948 sustinent
2527 1896 2820 1952 cruciatus-

275 2001 463 2063 putant
492 2001 735 2063 quastus
760 1994 844 2048 sui
872 2009 1037 2048 causa
1065 2009 1260 2049 novum
1301 1997 1512 2050 venisse
1558 2004 1849 2052 testamen—

278 2093 408 2137 tum.
435 2083 535 2138 Est
565 2094 737 2137 autem
773 2093 1002 2153 quantus
1045 2101 1282 2155 magnus.
1331 2086 1553 2141 Multum
1595 2087 1848 2158 acquirit,

275 2175 356 2244 qui
399 2173 571 2228 habet
609 2175 864 2244 pietatem
903 2191 1025 2231 cum
1066 2173 1404 2241 su'llicientia,
1453 2192 1560 2234 non
1595 2177 1846 2243 luxuriat,

275 2263 359 2317 sed
381 2270 626 2316 natura:
663 2263 788 2332 quia
811 2279 931 2335 qua:
957 2271 1161 2318 tantum
1191 2271 1398 2318 natura:
1424 2265 1708 2329 sufﬁciunt,
1741 2267 1853 2336 pie-

277 2361 349 2408 tas
376 2354 575 2422 exigit.
1731 2361 1738 2364 '

336 2441 496 2496 Nihil
532 2443 671 2496 enim
695 2443 967 2499 intulimus
989 2445 1044 2498 in
1070 2444 1208 2499 hunc
1243 2444 1517 2499 mundum.
1553 2444 1691 2500 Nudi
1736 2441 1854 2502 nati

274 2548 479 2598 sumus,
510 2531 643 2586 nudi
667 2533 833 2588 etiam
870 2535 1118 2589 morituri
1148 2533 1290 2605 (Job.
1323 2534 1395 2600 1);
1423 2533 1681 2606 quidquid
1704 2536 1850 2591 enim

273 2622 349 2676 hic
406 2611 712 2688 invenitur,
767 2624 858 2679 hic
883 2625 1220 2694 relinquitur.
1283 2623 1398 2679 Non
1454 2635 1536 2680 est
1583 2633 1850 2692 nostrum,

272 2713 402 2780 quod
436 2727 548 2766 non
573 2728 788 2783 semper
812 2721 1056 2768 nostrum
1083 2722 1186 2768 est.
1218 2712 1362 2783 Ergo
1385 2713 1504 2769 illas
1528 2715 1742 2771 divitias
1763 2729 1854 2770 ac-

270 2804 574 2871 quirarnus,
599 2820 738 2874 quas
759 2805 1036 2860 nobiscum
1062 2807 1130 2861 ad
1152 2807 1426 2862 caelestem
1455 2809 1684 2877 patriam
1708 2808 1852 2864 ferre

272 2895 566 2962 possimus.

332 2984 396 3037 Et
450 2985 718 3039 desideria
771 2985 953 3041 multa.
1022 2986 1340 3042 Divitiarum
1390 2987 1532 3042 enim
1582 2989 1852 3045 desideria

271 3089 548 3144 nunquam
587 3076 874 3131 satiantur.
908 3076 1038 3142 Quae
1061 3089 1294 3148 mergunt
1321 3079 1374 3132 in
1400 3080 1685 3135 interitum.
1716 3081 1851 3136 Dum

268 3167 570 3221 ambitione
615 3167 879 3222 honorum
921 3159 1212 3233 tumentes,
1261 3170 1314 3223 in
1355 3170 1522 3226 caalos
1547 3185 1718 3241 usque
1749 3172 1854 3228 eie-

268 3255 366 3308 vati
394 3269 584 3324 usque
615 3256 684 3310 ad
713 3256 915 3311 inferos
940 3225 1341 3328 demerguntur.
1373 3225 1511 3314 Sive
1539 3225 1847 3318 desideran-
1877 3225 1920 3287 Ο

265 3352 334 3400 tes
360 3346 590 3401 alienas
636 3362 788 3417 opes,
834 3356 894 3401 ut
934 3348 1140 3414 Achab,
1190 3365 1358 3420 usque
1389 3351 1456 3405 ad
1499 3350 1843 3408 homicidium

262 3438 613 3505 perveniunt.
666 3437 839 3492 Radix
863 3441 999 3493 enim
1021 3441 1250 3495 omnium
1290 3440 1545 3497 malorum
1565 3446 1844 3516 cupiditas.

260 3526 446 3585 lerito
501 3529 727 3585 initium
771 3533 948 3587 omnis
989 3535 1197 3604 peccati
1247 3535 1552 3606 superbiam
1603 3539 1847 3596 dillinivit

261 3618 576 3691 Scriptura,
619 3622 847 3678 dicens:
896 3624 1112 3680 Initium
1154 3630 1320 3681 omnis
1363 3630 1560 3700 peccati
1607 3634 1847 3703 superbia

259 3705 416 3776 (Eccl.
462 3715 555 3782 ι).
603 3707 701 3765 Cui
753 3712 1063 3768 testimonio
1093 3729 1198 3769 non
1234 3715 1675 3774 inconvenientcr
1697 3728 1850 3788 apta-

256 3807 338 3852 tur
363 3802 546 3856 etiam
582 3800 740 3865 illud,
769 3800 911 3870 quod
939 3803 1012 3856 ait
1047 3801 1332 3874 Apostolus
1359 3823 1372 3858 :
1423 3803 1596 3860 Radix
1621 3807 1848 3861 omnium

255 3887 515 3942 malorum
542 3889 778 3942 avaritia
802 3899 898 3955 est,
932 3891 976 3944 si
1006 3892 1286 3947 avaritiam
1316 3894 1616 3964 generalem
1658 3895 1852 3950 intelli-

252 3992 458 4045 gamus,
508 3994 627 4049 qua
675 3979 910 4049 quisque
951 3981 1148 4052 aliquid
1190 3985 1394 4053 appetit
1438 3985 1665 4055 amplius
1689 4001 1850 4055 quam

253 4077 461 4134 oportet
490 4079 735 4139 propter
762 4069 1140 4126 excellentiam
1169 4087 1321 4127 suam
1342 4082 1392 4128 et
1426 4083 1645 4145 propter
1673 4089 1853 4144 quem-

249 4157 364 4209 dam
403 4161 662 4230 propriae
691 4160 773 4215 rei
803 4173 1067 4228 amorem,
1093 4161 1180 4217 cui
1206 4165 1476 4234 sapienter
1514 4179 1708 4220 nomen
1749 4164 1852 4219 La-

251 4247 356 4299 tina
385 4250 581 4322 lingua
631 4252 858 4319 indidit,
903 4267 1028 4308 cum
1072 4253 1356 4325 appellavit
1395 4257 1672 4326 privatum.
1716 4255 1851 4328 Spe-

2023 1982 2232 2039 Sectare
2261 1995 2454 2039 autem.
2483 1987 2538 2040 ld
2567 1997 2669 2052 est,
2698 1989 2750 2041 in
2782 1988 2865 2043 his
2894 1997 3012 2043 esto
3035 1987 3203 2044 dives.
3233 1987 3528 2044 Justitiam.

1949 2075 2006 2130 in
2027 2075 2264 2147 judiciis.
2292 2075 2566 2132 Certamen
2587 2077 2728 2146 ﬁdei.
2765 2079 2821 2133 ld
2847 2087 2948 2144 cst,
2979 2087 3038 2134 ut
3063 2079 3221 2134 ﬁdem
3251 2080 3527 2136 defendas.

2021 2167 2358 2238 Apprehende
2387 2171 2544 2224 vitam
2590 2179 2858 2224 (eternam.
2909 2170 2978 2226 Ut
3025 2171 3099 2224 illi
3125 2172 3350 2241 cupiunt
3389 2181 3530 2226 tem-

1949 2258 2190 2328 poralem
2217 2267 2421 2314 tenere.
2454 2259 2644 2315 Coram
2677 2261 2854 2316 multis
2875 2261 3108 2317 testibus.
3133 2261 3329 2317 Coram
3353 2277 3534 2317 sacer-

1951 2350 2190 2416 dotibus,
2209 2351 2292 2406 vel
2319 2352 2586 2408 ministris
2605 2353 2892 2408 virtutibus
2910 2353 3239 2409 coelestibus.
3269 2352 3532 2425 Pracipio

1951 2441 2066 2495 tibi.
2093 2440 2344 2512 Praecipit
2364 2452 2542 2498 autem
2574 2444 2896 2499 auctoritate
2941 2444 3209 2516 magistri.
3259 2443 3386 2500 Sine
3417 2461 3530 2499 ma.

1952 2531 2093 2586 cula.
2158 2532 2389 2587 Maculat
2437 2534 2583 2588 enim
2635 2535 3052 2603 quodammodo,
3105 2542 3161 2588 et
3210 2534 3530 2604 reprehendi

1952 2620 2082 2682 facit
2105 2624 2380 2688 mandata,
2410 2625 2500 2693 qui
2534 2634 2741 2694 peccat.

2025 2713 2136 2779 Qui
2151 2715 2501 2770 testimonium
2529 2715 2754 2770 reddidit
2770 2717 2866 2770 sub
2893 2713 3084 2770 Pontio
3110 2714 3308 2769 Pilato.
3331 2714 3528 2770 Dicens

1953 2806 2022 2861 ad
2051 2805 2279 2860 Pilatum
2314 2824 2327 2858 :
2358 2805 2470 2875 Ego
2499 2806 2570 2859 ad
2608 2807 2706 2860 hoc
2743 2805 2856 2860 uni
2883 2807 2937 2860 in
2975 2807 3115 2860 hunc
3156 2805 3440 2869 mundum,
3469 2814 3532 2858 ut

1953 2896 2302 2950 testimonium
2323 2894 2620 2966 perhibeam
2655 2896 2882 2962 ueritati,
2905 2895 3110 2951 scilicet
3135 2911 3234 2965 pro
3264 2911 3328 2950 ea
3357 2895 3520 2950 etiam

1953 2985 2249 3043 moriendo.
2270 2983 2374 3049 Qui
2393 2984 2536 3040 solus
2557 2985 2708 3042 habet
2727 2985 3193 3040 immortalitatem.
3216 2987 3270 3041 id
3293 2994 3398 3051 est,
3421 3002 3529 3042 non

1955 3075 2169 3146 accipit.
2203 3074 2376 3139 Quem-
2404 3075 2532 3129 oidit
2567 3075 2835 3130 hominum
2873 3091 3041 3130 nemo.
3073 3075 3246 3132 Nemo
3267 3077 3402 3131 vidit
3425 3075 3531 3132 sic-

1954 3169 2032 3223 uti
2064 3175 2169 3232 est,
2195 3168 2288 3222 sed
2336 3167 2706 3236 unusquisque
2729 3182 2829 3236 pro
2856 3169 3070 3222 merito.
3103 3167 3234 3222 Nam
3265 3175 3322 3222 et
3356 3167 3528 3224 solem

1953 3267 2102 3314 tanto
2143 3259 2374 3329 atnplius
2415 3258 2600 3313 vident
2635 3258 2865 3328 singuli,
2905 3268 3108 3327 quanto
3138 3259 3324 3329 purior
3367 3257 3530 3314 fuerit

1951 3351 2096 3405 acies
2124 3350 2424 3405 oculorum.
2456 3347 2581 3402 Non
2613 3347 2830 3420 superbe
2861 3366 3060 3419 sapere.
3103 3349 3248 3404 Raro
3271 3350 3416 3404 enim
3445 3350 3528 3405 in-

1950 3443 2134 3498 venies
2187 3440 2440 3506 divitem,
2487 3441 2596 3497 nisi
2639 3441 2952 3511 superbum.
2998 3441 3081 3494 Ad
3127 3441 3428 3508 fruendum.
3471 3441 3529 3495 ω

1951 3543 2065 3598 εει,
2102 3549 2208 3588 non
2244 3534 2312 3588 ad
2341 3532 2742 3597 occultandum,
2769 3531 2853 3588 vel
2882 3532 2948 3586 ad
2982 3532 3380 3601 negotiandum.
3413 3531 3525 3586 Ne-

1950 3640 2049 3695 que
2069 3639 2278 3694 sperare
2302 3624 2358 3676 in
2381 3624 2578 3677 incerto
2606 3623 2926 3692 divitiarum.
2959 3622 3034 3674 De
3061 3621 3258 3688 quibus
3285 3621 3524 3675 incertus

1951 3730 2010 3769 es
2052 3724 2230 3768 utrum
2277 3713 2383 3769 ilhc
2412 3713 2544 3778 tibi,
2575 3728 2650 3767 an
2680 3723 2734 3767 tu
2775 3712 2882 3767 illis
2907 3711 3135 3767 celerius
3167 3710 3524 3767 subtraharis.

1959 3805 2149 3859 Veram
2183 3805 2360 3858 suam.
2401 3804 2461 3858 Id
2488 3812 2600 3868 est,
2645 3803 2902 3867 futuram,
2947 3800 3177 3858 allirmat
3204 3811 3528 3871 praesentem

1950 3894 2117 3947 vitam
2159 3908 2264 3946 non
2294 3908 2416 3948 esse
2446 3907 2652 3947 veram.
2695 3891 3000 3962 Depositum
3040 3892 3264 3945 custodi.
3307 3890 3366 3945 id
3403 3899 3525 3955 est,

1951 3982 2380 4038 commendatum
2417 3999 2448 4036 a
2478 3981 2634 4044 nobis
2669 3995 2825 4036 serva
2867 3977 3199 4047 mandatum,
3241 3981 3356 4037 sive
3397 3981 3524 4036 ﬁdei

1953 4073 2254 4143 depositum
2273 4074 2504 4128 custodi.
2528 4071 2762 4127 Fallacis
2780 4073 3031 4128 scientiae.
3053 4071 3379 4130 Dialecticte.
3396 4070 3527 4127 Gro-

1953 4165 2028 4220 tia
2053 4175 2242 4218 tecum.
2265 4163 2589 4219 Permaneat
2608 4164 2661 4218 in
2683 4171 2962 4219 aeternum.

1781 4499 2036 4613 ΣΙ.

1016 4726 1124 4805 ΙΝ
1187 4727 1766 4807 EPISTOLAM
1828 4727 1904 4806 II
1971 4730 2098 4806 AD
2147 4724 2802 4804 TIMOTHEUM.

811 4965 1038 5024 CAPUT
1076 4967 1361 5024 PRIMUM.

305 5060 522 5118 Paulus
564 5056 861 5132 apostolus
898 5055 1028 5111 Iesu
1056 5053 1251 5112 Christi
1293 5074 1388 5128 per
1413 5058 1644 5113 ooluntat

236 5155 534 5208 mundam
577 5149 1004 5222 promissionem
1035 5148 1171 5202 vitae.
1203 5147 1376 5215 Quam
1404 5150 1672 5220 promittit
1701 5147 1856 5206 Chri-

237 5251 346 5298 stus
367 5242 746 5313 condignum
774 5238 1154 5292 exhibentibus
1175 5238 1534 5306 promissione
1556 5239 1856 5294 servitium.
1960 5239 2164 5294 iterum
2201 5235 2563 5307 praesentiam.
2591 5229 2659 5284 Ut
2695 5229 2964 5284 resuscites
3002 5227 3228 5297 gratiam
3261 5227 3378 5284 Dei.
3419 5227 3532 5285 Hoc

219 5313 329 5389 'Cni
347 5337 534 5391 seruio
559 5351 601 5387 α
632 5329 860 5403 proavis
893 5329 1040 5382 meis.
1068 5328 1124 5383 ld
1151 5337 1254 5395 est,
1285 5346 1316 5384 a
1348 5331 1687 5400 patriarcbis.
1723 5329 1856 5386 Nam
1960 5337 2066 5394 est,
2107 5334 2169 5382 ut
2196 5327 2264 5382 de
2289 5326 2376 5382 die
2401 5325 2457 5380 in
2485 5322 2630 5377 diem
2655 5319 2891 5375 studium
2918 5319 3245 5388 prtedicandi
3277 5334 3527 5376 renoves.

233 5433 282 5478 et
303 5441 406 5498 ego
431 5421 784 5480 Emicsiam
819 5416 1021 5474 Christi
1048 5433 1155 5473 non
1188 5417 1577 5485 malevolentia,
1607 5421 1700 5476 sed
1729 5421 1862 5491 legis
1966 5418 2074 5473 Per
2108 5413 2484 5485 impositionem
2509 5423 2780 5462 manuum.
2809 5407 2885 5498 Ald
2908 5415 3012 5472 est,
3047 5406 3204 5476 juxta
3231 5407 3531 5498 ordinatio-

232 5495 600 5573 znuilatione
637 5509 958 5564 vastabam.
997 5507 1066 5562 In
1110 5509 1427 5564 conscientia
1467 5525 1622 5579 pura.
1651 5509 1862 5564 Nullum
1970 5521 2095 5564 nem
2127 5513 2269 5560 tuam
2297 5503 2352 5558 in
2380 5500 2764 5570 episcopatum.
2796 5495 3050 5568 Spiritum
3088 5498 3310 5553 timoris.
3354 5496 3428 5554 Ut
3463 5499 3534 5553 ti-

231 5607 435 5666 iabens
460 5601 790 5664 criminale
813 5606 1120 5671 peccatum.
1971 5609 2214 5653 ineamus
2245 5598 2637 5663 persecutores,
2659 5589 2754 5660 qui
2781 5603 2882 5646 nos
2909 5588 3194 5659 prohibent
3215 5587 3534 5660 praedicare.

292 5701 457 5768 Quod
484 5701 628 5756 sine
657 5693 1060 5748 intermissione
1084 5689 1302 5744 habeam
1329 5690 1406 5744 tui
1433 5691 1757 5744 memoriam.
1788 5690 1864 5745 Eo

232 5796 366 5863 quod
405 5787 730 5853 meruisti,
762 5793 826 5840 ut
853 5792 908 5840 te
935 5782 1168 5853 cogitem
1210 5796 1437 5851 semper.
1471 5779 1674 5835 lentor
1695 5780 1867 5850 lacry-

1891 4971 1944 5031 D
1968 4985 2176 5024 mortua
2196 4978 2428 5022 tuarum.
2451 4965 2598 5034 Quas
2623 4977 2713 5021 me
2749 4961 2981 5020 abeunte
3000 4976 3034 5018 ι
3064 4969 3117 5016 te
3141 4958 3346 5016 fudisti.
3379 4957 3536 5016 Unde

1960 5066 2016 5114 et
2041 5075 2127 5114 me
2153 5057 2221 5112 sd
2263 5057 2535 5112 tristitiam
2564 5053 2891 5125 provocasti,
2932 5063 3096 5121 quam
3123 5057 3214 5104 tua
3240 5059 3368 5119 opto
3395 5063 3532 5119 pne-

1960 5149 2134 5204 sentin
2179 5146 2430 5203 relevari.
2477 5141 2545 5198 Ut
2591 5141 2786 5212 gaudio
2819 5139 3068 5210 .implear.
3111 5137 3338 5208 Propter
3385 5148 3530 5194 tuam

1759 5058 1855 5113 Dei

1973 5686 2079 5742 Sed
2113 5683 2332 5739 uirtutis.
2359 5681 2416 5736 ιιι
2439 5689 2545 5745 est,
2575 5678 2784 5734 ﬁducia:
2809 5680 3155 5749 pradicandi.
3188 5679 3254 5734 Et
3297 5679 3530 5734 dilectio-

1972 5779 2073 5834 uis.
2097 5773 2163 5830 Ut
2189 5774 2302 5828 sive
2320 5787 2420 5843 pro
2440 5771 2570 5836 Deo,
2596 5771 2709 5826 sive
2728 5785 2828 5840 pro
2845 5769 3103 5826 alterutro
3125 5769 3353 5825 libenter
3371 5768 3472 5821 etin
3482 5782 3532 5819 ut
