3982 6198
393 366 498 420 239

1784 359 2048 415 SEDL'LII
2091 360 2287 416 SCOTI

3526 359 3560 411 9.
3574 359 3634 412 ιο

392 477 700 531 moriamur.
739 473 802 528 Et
833 473 1100 528 sobrietas.
1133 473 1200 527 Ut
1233 473 1412 526 auritis
1451 473 1629 526 sobria
1671 482 1846 525 llietllt‘.
1876 471 1954 525 fac
1987 482 2034 534 Λ
2061 474 2406 527 tcntationes.
2453 471 2550 523 Ille
2592 469 2764 538 ﬁdelis
2796 479 3078 540 permanet.
3133 468 3266 521 Nam
3310 469 3489 523 omnia
3529 487 3651 541 qua:

391 567 614 620 ciamus.
645 562 770 618 Noli
809 578 928 630 ergo
963 561 1278 614 erubescere.
1315 560 1430 614 Non
1469 571 1519 616 te
1549 562 1744 630 pudeat
1775 562 1964 629 praeli-

391 671 534 719 care,
562 662 616 708 ct
646 650 918 706 testiﬁcari
949 650 1222 705 Christum
1270 651 1588 706 cruciﬁxum
1623 665 1813 718 meque
1850 650 1961 702 vin-

389 755 476 804 ctu
487 762 532 798 an
564 759 660 813 pro
683 757 768 796 eo.

459 834 561 889 Sed
598 832 881 886 collabora.
925 832 1131 886 Mecum
1171 831 1349 885 simul.
1381 831 1682 886 Secundum
1721 831 1959 882 virtutem

387 927 504 980 Dei.
549 925 676 991 Quae
726 940 823 978 nos
867 923 1136 978 confortat
1184 923 1472 976 virtutibus
1501 937 1598 990 per
1628 936 1725 974 nos
1769 918 1954 975 factis.

389 1015 518 1068 Ante
559 1023 790 1082 tempora
832 1010 1128 1065 swcularia.
1169 1010 1276 1064 Ut:
1307 1009 1478 1078 Elegit
1520 1026 1613 1062 nos
1657 1008 1798 1060 Deus
1838 1017 1959 1060 ante

388 1101 566 1156 mundi
597 1099 1030 1153 constitutionem.

459 1191 561 1257 Qui
607 1192 861 1244 destruxit
892 1190 1100 1260 quidem
1142 1199 1377 1242 mortem.
1413 1189 1702 1256 Peccatum
1745 1197 1799 1242 et
1841 1188 1957 1242 dia—

386 1283 584 1338 bolum.
616 1280 938 1334 llluminavit
976 1289 1147 1333 autem
1185 1280 1361 1331 vitam.
1401 1277 1648 1332 Ostendit
1691 1277 1958 1346 quomodo

389 1373 498 1426 vita
526 1381 582 1425 et
628 1369 960 1438 incorruptio
993 1376 1346 1438 quairerctnr.
1375 1367 1480 1422 Sed
1508 1385 1614 1421 non
1639 1367 1954 1436 confundor.

389 1470 445 1523 In
477 1465 858 1522 tentationibus
881 1473 934 1517 et
961 1465 1014 1517 in
1043 1464 1268 1517 catenis.
1298 1463 1368 1516 At
1393 1477 1494 1517 nos
1520 1478 1549 1516 e
1575 1462 1850 1516 contrario
1873 1478 1961 1516 so-

390 1557 454 1612 lis
516 1554 814 1625 opprobriis
858 1553 1255 1610 confundimur.
1306 1552 1428 1608 Scio
1471 1553 1628 1606 enim.
1683 1552 1960 1607 Christum

387 1643 471 1698 cui
513 1641 745 1705 credidi,
783 1641 837 1695 id
862 1650 972 1704 est,
1001 1642 1112 1695 scio
1153 1657 1278 1695 cum
1323 1641 1533 1696 ﬁdelem
1577 1649 1954 1710 etpotentem.

387 1732 683 1801 Depositum
709 1747 896 1783 meum.
921 1730 1169 1786 Animam
1214 1731 1294 1786 vel
1320 1733 1622 1801 praemium.
1646 1731 1957 1802 Exemplum

2066 566 2342 631 promisit,
2381 563 2646 631 implebit.
2679 563 2804 631 quia
2848 561 3044 615 veritas
3080 567 3264 613 contra
3304 575 3361 613 se
3409 562 3648 624 non,fa-

2067 654 2204 718 ciet,
2245 671 2316 708 ne
2353 671 2410 709 se
2441 670 2639 723 negare
2674 655 2940 709 videatur.
2975 652 3277 707 Commone.
3315 652 3370 707 Id
3407 661 3522 718 cst,
3548 655 3653 709 im-

2065 757 2214 810 pera.

2138 833 2462 901 Test'ﬁcans.
2501 834 2554 887 Id
2583 843 2696 897 est,
2727 833 2936 888 fortiter
2962 834 3176 888 docens.
3205 829 3396 886 Coram
3431 833 3559 887 Deo.
3589 835 3648 889 In

2063 923 2336 977 voluntate
2368 924 2483 978 Dei.
2517 923 2635 976 Non
2679 939 2769 992 per
2799 924 3199 976 contentionem.
3235 921 3313 976 Ne
3339 923 3436 976 tibi
3465 925 3652 979 nullus

2063 1015 2246 1069 credat
2288 1015 2653 1070 contende-nti.
2704 1012 3032 1067 Probabilem
3079 1013 3318 1065 exhibere
3369 1012 3492 1067 Deo.
3535 1015 3651 1070 Hoc

2062 1113 2164 1168 est,
2198 1105 2269 1158 ita
2305 1106 2446 1168 vive,
2485 1120 2552 1158 ne.
2582 1105 2723 1158 dicta
2753 1101 2911 1156 factis
2937 1099 3310 1154 deﬁcientibus
3337 1102 3645 1158 erubescas.

2065 1196 2245 1252 Stulta
2278 1209 2452 1258 autem
2477 1209 2524 1251 et
2554 1196 2883 1266 inaniloquia
2911 1195 3095 1249 devita.
3122 1193 3234 1248 Hoc
3256 1199 3361 1255 est,
3386 1192 3649 1262 irreligio-

2066 1301 2157 1340 sas
2181 1287 2558 1342 haereticorum
2585 1273 2812 1350 fabulas,
2838 1284 2930 1353 qui
2957 1291 3150 1353 negant
3174 1282 3644 1336 resurrectionem.

2064 1373 2368 1443 Proﬁcient.
2401 1376 2677 1431 Crescent.
3097 1440 3102 1444 _

2133 1465 2202 1520 Et
2241 1483 2409 1519 sermo
2439 1483 2617 1520 eorum
2660 1466 2795 1520 sicut
2835 1480 3021 1516 cancer
3058 1463 3239 1532 serpit.
3282 1462 3492 1517 Cancer
3521 1479 3645 1519 esse

2061 1553 2257 1607 dicitur
2279 1553 2488 1615 vulnus,
2514 1554 2657 1623 quod
2682 1553 2734 1606 in
2762 1552 3014 1606 mamillis
3036 1551 3278 1606 nascitur
3299 1551 3642 1612 feminarum,

2061 1644 2257 1714 quibus
2288 1646 2390 1699 nisi
2423 1647 2530 1700 cito
2560 1645 2888 1700 subventum
2919 1645 3100 1709 fuerit,
3129 1660 3248 1698 cum
3281 1644 3429 1699 virus
3458 1645 3524 1698 ad
3551 1662 3649 1700 cor

2061 1733 2339 1801 serpserit,
2379 1735 2583 1788 nullum
2628 1735 2767 1788 ultra
2799 1735 3096 1788 remedium
3124 1742 3226 1787 est.
3257 1733 3333 1786 lla
3368 1735 3652 1789 haeretico-

387 1822 535 1875 habe.
561 1821 817 1890 Regulam
845 1822 1072 1874 custodi.
1103 1821 1366 1877 Sanorum
1393 1822 1682 1885 verborum.
1709 1824 1838 1890 Quzn
1861 1839 1960 1892 pa—
1988 1819 2032 1876 Β
2063 1837 2179 1874 rum
2205 1833 2331 1877 sunt
2356 1823 2621 1892 colloquia
2649 1825 2887 1888 vitanda,
2918 1839 2984 1878 ne
3014 1839 3108 1894 per
3135 1837 3293 1878 aures
3323 1825 3645 1879 irrcmedia-

389 1919 513 1976 rant
549 1911 856 1964 sanitatem.
899 1909 1105 1962 Bonum
1142 1909 1454 1978 depositum.
1497 1912 1840 1976 Doctrinam,
1877 1913 1959 1967 vel

390 2002 719 2065 mandatum,
748 2016 842 2056 seu
869 2000 1110 2070 gradum.
1139 1998 1251 2054 Scis
1281 2000 1399 2066 hoc,
1425 2003 1562 2073 quod
1589 2013 1882 2057 averterunt
1906 2020 1960 2057 se

390 2111 420 2146 a
449 2108 547 2145 me.
576 2091 778 2146 Idcirco
805 2099 856 2144 te
892 2106 1226 2156 commoneo,
1261 2093 1388 2161 quia
1423 2110 1558 2164 quos
1599 2110 1686 2148 me
1724 2111 1829 2150 non
1859 2112 1959 2165 pu-

391 2185 569 2239 tabam
611 2185 878 2250 deserere,
914 2184 1337 2253 dereliqucrunt.
1371 2185 1583 2241 Omnes.
1630 2186 1736 2242 Pro
1781 2197 1954 2257 parte.

393 2275 474 2330 Ex
499 2276 644 2330 Asia.
666 2275 888 2330 Minore.
906 2276 1214 2346 Onesipltori
1236 2277 1435 2332 domui.
1460 2277 1574 2336 Non
1599 2279 1700 2334 sibi
1721 2281 1844 2346 soli,
1868 2281 1960 2336 sed

389 2367 534 2422 omni
564 2367 742 2421 domui
771 2365 905 2434 eius.

1014 2455 1234 2511 CAPUT
1274 2456 1334 2510 ll.

463 2567 541 2622 Tu
584 2585 726 2639 ergo,
763 2568 841 2637 ﬁli
872 2569 966 2633 mi,
1002 2570 1296 2638 confortare
1333 2572 1386 2624 in
1415 2574 1608 2641 gratia,
1640 2587 1758 2644 qua:
1797 2584 1872 2627 est
1911 2575 1964 2626 in

390 2661 596 2715 Christo
627 2659 774 2714 lesu.
805 2660 872 2714 Et
899 2676 1016 2732 qutr.
1041 2661 1236 2715 audisti
1269 2679 1300 2715 α
1341 2677 1422 2716 me
1446 2679 1538 2733 per
1557 2663 1749 2718 multos
1791 2675 1960 2718 testes.

391 2749 516 2804 Sive
543 2750 902 2820 praesentibus
926 2750 1110 2805 multis
1140 2751 1237 2805 tibi
1270 2751 1392 2806 dedi
1421 2752 1692 2816 mandata,
1735 2755 1968 2823 qualiter

390 2841 584 2896 dooere
621 2839 851 2902 debeas;
884 2840 997 2894 sive
1036 2855 1155 2908 quae
1183 2839 1325 2906 dixi,
1371 2840 1554 2895 multis
1585 2842 1980 2911 prophetarum

391 2930 715 2986 testimoniis
740 2938 796 2985 et
829 2931 1090 3000 exemplis
1117 2932 1453 2986 conﬁrmavi.
1505 2931 1635 2986 Hcce
1661 2935 1966 2989 commenda

389 3023 629 3091 ﬁdelibus
673 3022 984 3075 hominibus.
1029 3023 1128 3088 Qui
1174 3023 1407 3078 ﬁdeliter
1447 3031 1674 3092 possunt
1715 3024 1810 3079 Dei
1843 3039 1965 3095 gra-

392 3113 521 3165 tiam
568 3111 898 3179 dispensare,
931 3111 1032 3164 hoc
1064 3119 1178 3174 est,
1227 3111 1390 3166 solius
1434 3112 1529 3166 Dei
1575 3127 1736 3167 causa
1767 3115 1962 3182 prndi-

390 3219 532 3257 eare.
566 3202 732 3256 Nemo
765 3203 995 3257 militans
1023 3204 1134 3256 Deo
1162 3203 1392 3273 implicat
1420 3221 1474 3258 se
1501 3206 1716 3275 negotiis
1739 3206 1960 3261 περαιο-

391 3293 550 3345 ribus.
578 3293 988 3361 Comparatione
1015 3293 1357 3348 militantium
1396 3295 1586 3358 utitur,
1630 3297 1964 3351 ct'ostendit

389 3381 556 3436 multo
585 3383 754 3449 magis
784 3396 881 3436 nos
909 3397 938 3434 a
970 3383 1198 3450 negotiis
1227 3383 1572 3438 srecuiaribos
1602 3385 1806 3440 liberos
1839 3402 1966 3442 esse

389 3472 603 3536 debere,
650 3480 708 3525 ut
752 3471 968 3526 Christo
1011 3472 1348 3540 placeamus,
1395 3487 1516 3527 cum
1565 3475 1731 3528 etiam
1781 3476 1962 3530 seculi

392 3561 588 3615 milites
613 3576 644 3615 a
677 3561 901 3630 reliquis
930 3562 1138 3615 actibus
1167 3572 1380 3627 vacent,
1408 3571 1467 3616 ut
1497 3565 1707 3631 possint
1731 3567 1842 3635 regi
1866 3582 1963 3621 suo

389 3650 604 3716 placere
643 3648 902 3718 perfecte.
927 3651 1024 3704 Cui
1054 3668 1107 3704 se
1147 3652 1400 3719 probavit.
1437 3653 1508 3707 Se
1550 3653 1763 3708 obtulit.
1795 3655 1962 3709 Nemo

387 3743 550 3804 ollim,
579 3743 779 3811 inquit,
823 3743 1032 3797 duobus
1075 3742 1309 3798 dominis
1341 3745 1545 3798 servire
1588 3755 1782 3814 potest.
1821 3747 1962 3799 Nam

387 3843 452 3884 et.
473 3832 560 3899 qui
589 3841 751 3884 certat
787 3832 842 3884 in
867 3848 1053 3900 agone,
1096 3849 1197 3885 non
1234 3833 1572 3887 coronabitur-
1596 3835 1694 3890 nisi
1738 3835 1962 3904 legitime

387 3923 682 3976 certaverit.
721 3922 838 3975 Alia
881 3925 1281 3990 comparatione
1332 3924 1561 3992 idipsum
1601 3925 1773 3979 dicit:
1808 3925 1960 3979 multi

387 4013 531 4067 enim
573 4020 808 4076 certant,
833 4014 928 4066 sed
961 4014 1049 4066 ille
1093 4014 1241 4066 solus
1271 4015 1361 4080 qui
1395 4023 1507 4069 tota
1550 4017 1747 4070 virtute
1773 4017 1965 4071 vicerit

388 4112 679 4155 coronatus
718 4101 840 4152 erit.
890 4099 1238 4154 Laborantem
1280 4103 1565 4169 agricolam
1611 4115 1806 4172 oportet
1850 4108 1962 4174 pri-

391 4203 528 4239 mum
557 4188 620 4239 de
661 4185 916 4255 fructibus
962 4187 1211 4255 accipere.
1257 4186 1332 4240 Ne
1363 4189 1482 4256 quis
1523 4190 1727 4242 diceret
1763 4209 1774 4242 :
1815 4192 1962 4246 Unde

388 4292 517 4347 ergo
544 4277 784 4334 victurus
827 4292 970 4341 sum,
999 4277 1042 4331 si
1087 4292 1172 4331 me
1201 4285 1371 4334 totum
1409 4294 1744 4348 occupavero
1780 4283 1833 4335 in
1863 4284 1958 4337 do-

388 4369 594 4423 ctrina?
620 4369 854 4423 ostendit
893 4385 1014 4423 eum
1043 4369 1311 4437 primitias
1340 4369 1550 4439 frugum
1581 4387 1610 4424 a
1641 4374 1834 4442 papuio
1865 4376 1958 4428 de-

388 4460 512 4514 bere
556 4458 852 4528 perciperc,
889 4459 1192 4512 mercedem
1235 4474 1398 4527 quam
1437 4477 1466 4514 a
1512 4461 1736 4516 Domino
1766 4467 1957 4520 messis

387 4553 646 4623 percipiet
673 4551 726 4604 in
757 4550 954 4604 futuro.
1103 4620 1111 4627 .

454 4641 693 4710 lntellige
732 4657 847 4709 quw
875 4640 1011 4692 dico.
1054 4638 1188 4704 Quia
1220 4641 1528 4709 parabolam
1568 4643 1722 4697 dixit.
1753 4644 1957 4698 Memor

385 4741 492 4785 esto
535 4727 798 4784 Christum
842 4729 1021 4782 Jesum
1068 4730 1431 4783 resurrerisse.
1474 4727 1584 4785 I-loc
1633 4741 1716 4785 cst
1765 4742 1954 4787 contra

386 4823 502 4877 illos
527 4822 615 4892 qui
653 4821 831 4876 carnis
866 4821 1318 4875 resurrectionem
1367 4824 1651 4892 negabant,
1685 4834 1740 4878 et
1769 4826 1957 4878 adver-

384 4927 476 4964 sus
501 4911 616 4964 illos
641 4910 731 4979 qui
759 4918 951 4979 aegrum
975 4909 1252 4963 Christum
1279 4911 1330 4962 in
1366 4925 1530 4965 carne
1560 4913 1789 4976 venisse,
1821 4930 1956 4983 quos

382 4999 537 5054 Iesus
578 5001 926 5054 antichristus
953 4998 1218 5069 appellat;
1246 4999 1328 5053 vel
1367 5000 1504 5054 sicut
1540 5001 1626 5055 ille
1659 5011 1781 5069 post
1811 5017 1955 5055 mor-

386 5098 492 5140 tem
525 5090 833 5153 resurrexit,
863 5089 932 5142 ita
965 5098 1021 5143 ct
1062 5096 1118 5141 tu
1161 5089 1381 5142 habebis
1409 5090 1658 5143 solatium
1700 5099 1823 5159 post
1856 5093 1952 5144 tri-

385 5180 729 5233 bnlationem.

454 5266 749 5321 Secundum
791 5270 1111 5339 euangelium
1141 5287 1328 5324 incum.
1359 5270 1666 5325 Secundum
1694 5273 1836 5340 quod
1863 5287 1952 5326 me

383 5359 674 5425 praedicare
698 5371 805 5411 non
831 5360 1025 5414 nescis.
1054 5360 1156 5413 Sed
1181 5371 1354 5414 sermo
1396 5361 1607 5414 Domini
1636 5377 1739 5414 non
1765 5371 1838 5415 est
1870 5363 1948 5415 al-

384 5445 589 5513 ligatus.
635 5447 768 5514 Quia
815 5457 1104 5517 praesentes
1159 5451 1323 5504 doceo
1371 5450 1712 5513 liniue-taliter,
1743 5461 1809 5504 ει
1856 5451 1947 5504 lit-

386 5538 513 5590 toris
556 5539 804 5594 absentes
844 5541 1163 5593 continuare
1217 5556 1322 5594 non
1367 5550 1539 5595 cesso.
1583 5539 1808 5610 PrOpter
1848 5541 1954 5596 ele-

383 5636 509 5677 ctos.
539 5624 593 5677 Id
620 5635 724 5688 est,
756 5637 812 5679 ut
846 5629 946 5681 sim
975 5628 1280 5695 exemplum
1298 5625 1501 5682 eiectis.
1538 5627 1604 5681 Ut
1646 5640 1691 5682 et
1717 5631 1817 5699 ipsi
1861 5647 1947 5684 sa-

383 5718 540 5770 lutent
565 5727 909 5785 consequamu
919 5734 957 5768 r.
1001 5717 1054 5771 Id
1077 5728 1176 5781 est,
1213 5717 1539 5772 sustinentes
1563 5735 1682 5773 meo
1703 5721 1950 5789 exemplo

2063 1911 2240 1966 Lilitcr
2264 1914 2546 1967 vulnerent
2572 1922 2800 1967 mentes.

2129 2002 2256 2060 lam
2289 2003 2484 2072 factam
2518 2021 2627 2058 csse
2670 2003 3112 2058 resurrectionem.
3142 2004 3197 2058 ld
3249 2013 3364 2066 est,
3396 2019 3460 2058 eo
3497 2004 3642 2073 quod

2061 2094 2355 2148 succedunt
2385 2092 2479 2148 ﬁlii
2515 2101 2639 2163 post
2668 2101 2938 2162 parentes.
2970 2092 3076 2146 Aut
3105 2092 3178 2147 illi
3209 2101 3415 2147 tantum
3455 2107 3644 2146 resur-

2062 2193 2339 2251 rcxcrunt,
2377 2185 2443 2240 de
2473 2187 2667 2253 quibus
2691 2186 2743 2238 in
2773 2185 3099 2255 Evangelio:
3130 2185 3196 2238 Et
3225 2184 3388 2248 multa
3417 2201 3641 2254 corpora

2060 2285 2355 2328 sanctorum
2396 2277 2485 2345 qui
2529 2276 2850 2329 dormierunt
2887 2285 3246 2328 surrexerunt.
3287 2274 3391 2326 Aut
3439 2274 3639 2342 factum

2061 2384 2168 2421 esse
2205 2367 2653 2421 resurrectionem.
2681 2365 2741 2420 Id
2789 2375 2900 2428 est,
2937 2366 3145 2420 animas
3185 2367 3238 2419 in
3280 2364 3382 2422 alia
3414 2380 3642 2434 corpora

1975 2509 1986 2520 ,
2061 2458 2291 2520 transire
2330 2467 2600 2526 putantes,
2647 2458 2938 2514 secundum
2984 2457 3316 2510 Platonicum
3365 2471 3638 2510 errorem.

2066 2544 2169 2598 Sed
2202 2546 2412 2608 ﬁrmum
2446 2545 2841 2614 fundamentum
2879 2545 2972 2598 Dei
3003 2555 3126 2598 stat.
3166 2544 3300 2610 Quia
3343 2545 3378 2598 ii
3414 2544 3468 2597 in
3504 2559 3642 2612 quo-

2065 2651 2180 2690 rum
2223 2636 2385 2690 corde
2421 2635 2554 2696 ﬁdes
2588 2636 2788 2689 Christi
2830 2634 3069 2699 fundata,
3103 2651 3209 2690 non
3254 2644 3373 2689 sunt
3412 2635 3639 2697 seducti,

2064 2723 2145 2778 vel
2185 2725 2336 2780 moti.
2387 2723 2545 2777 Nat-it
2589 2723 2843 2778 Dominus
2888 2726 2976 2794 qni
3014 2735 3132 2778 sunt
3174 2725 3305 2794 ejus.
3339 2724 3452 2778 Hoc
3484 2725 3637 2778 testi-

2066 2815 2304 2870 monium
2345 2815 2398 2868 in
2441 2813 2688 2868 Numeris
2714 2815 2972 2884 scriptum
3002 2824 3102 2869 est.
3142 2813 3244 2878 Qui
3273 2823 3391 2868 sunt
3419 2815 3553 2882 ejus.
3580 2814 3639 2868 id

2067 2913 2171 2972 est,
2197 2905 2288 2974 qui
2319 2904 2684 2974 przedestinati
2729 2912 2850 2959 sunt
2897 2907 2964 2959 ad
2997 2906 3162 2959 vitam
3190 2917 3469 2970 aeternam,
3495 2905 3638 2959 sicut

2065 2995 2229 3067 Moysi
2273 3006 2509 3066 tempore
2547 2997 2580 3050 ii
2626 2998 2715 3065 qui
2767 3013 2794 3049 a
2829 2998 3035 3051 Datin-an
3072 3007 3124 3051 et
3149 2997 3349 3052 Abiron
3390 2997 3642 3052 subversi

2064 3101 2170 3140 non
2197 3095 2340 3150 sunt,
2370 3101 2475 3139 non
2507 3085 2664 3139 simul
2694 3101 2814 3140 cum
2847 3085 3025 3155 impiis
3054 3086 3348 3155 perierunt,
3377 3086 3485 3139 Dco
3516 3084 3636 3137 illos

1988 3178 2033 3240 C
2064 3177 2262 3246 optime
2323 3183 2696 3244 cognoscente.
2741 3174 2808 3227 Et
2851 3176 3080 3228 (lisceJat
3125 3175 3188 3228 ab
3245 3176 3532 3244 iniquitate.
3571 3175 3639 3227 Iit

2067 3283 2172 3320 non
2210 3267 2366 3319 simul
2395 3275 2578 3335 pereat
2610 3282 2730 3319 cum
2761 3266 2974 3334 iniquis.
3008 3264 3109 3329 Qui
3148 3267 3416 3317 nominant
3454 3280 3640 3317 nomen

2067 3358 2186 3411 Dei.
2220 3358 2352 3412 Dum
2381 3357 2508 3410 illud
2537 3364 2780 3410 sanctum
2808 3355 3080 3423 etjustum
3111 3356 3198 3410 sit.
3233 3353 3296 3408 In
3329 3371 3516 3424 magna
3542 3371 3639 3406 au-

2066 3458 2165 3502 tem
2196 3448 2368 3502 domo.
2408 3448 2653 3518 Magnam
2682 3449 2897 3501 domum
2927 3464 3031 3500 non
3073 3447 3363 3502 Ecclesium
3397 3446 3545 3510 dicit,
3578 3453 3640 3500 ut

2065 3535 2281 3606 quidam
2316 3544 2483 3604 putat,
2510 3551 2627 3606 quae
2673 3551 2777 3588 non
2813 3536 2973 3589 habet
3010 3536 3296 3600 maculam,
3327 3550 3498 3603 neque
3546 3551 3639 3587 ru-

2065 3643 2207 3696 gam,
2235 3627 2326 3679 sed
2355 3627 2608 3679 mundum
2637 3627 2689 3679 in
2716 3641 2822 3694 quo
2852 3625 3057 3678 zizania
3088 3634 3210 3679 sunt
3243 3626 3403 3695 mista
3433 3625 3633 3678 tritico.

2064 3719 2198 3774 Nam
2225 3720 2672 3774 resurrectionem
2701 3727 2954 3788 negantes
2979 3734 3055 3772 ce.
3073 3727 3183 3770 tum
3209 3727 3290 3772 est
3314 3717 3366 3770 in
3395 3715 3634 3769 Ecclesia

2063 3824 2181 3864 esse
2225 3825 2329 3864 non
2362 3823 2536 3878 posse.
2577 3807 2715 3861 Vasa
2759 3825 2942 3861 aurea.
2977 3807 3204 3862 Sensum
3242 3807 3496 3860 mundum
3533 3806 3632 3858 ba-

2063 3900 2271 3963 bcntes,
2309 3899 2392 3952 vel
2441 3897 2682 3968 apostoli.
2727 3897 2980 3966 Argentea
3035 3914 3178 3950 vasa.
3227 3896 3488 3964 Loquelas
3534 3897 3635 3949 iia~

2062 3987 2249 4042 bentcs
2299 3988 2576 4041 doctrinm.
2630 3986 2748 4038 Alia
2814 3985 3021 4056 quidem
3071 3987 3124 4038 in
3181 3987 3444 4038 honorem.
3500 3986 3636 4040 Vita:

2061 4091 2294 4137 a‘ternze.
2327 4081 2394 4138 In
2454 4081 2839 4136 contumeliam.
2885 4079 3083 4135 Putate.
3117 4080 3177 4134 Si
3219 4079 3332 4148 quis
3379 4080 3636 4142 emunda-

2063 4173 2185 4223 rerit
2216 4189 2268 4224 se
2299 4171 2361 4224 ab
2406 4172 2541 4226 istis.
2571 4171 2624 4232 Id
2652 4181 2764 4234 cst,
2798 4171 2842 4223 si
2878 4170 2999 4239 quis
3029 4184 3057 4221 a
3091 4169 3394 4224 doctoribus
3423 4184 3482 4222 se
3524 4168 3635 4222 lue-

2062 4267 2244 4320 reticis
2272 4265 2662 4327 emundavcrit,
2688 4273 2741 4316 et
2769 4261 3055 4317 crediderit
3078 4261 3523 4314 resurrectionem
3554 4259 3633 4312 fu-

2061 4365 2253 4417 turam,
2284 4363 2338 4409 et
2365 4353 2624 4421 judicium
2658 4353 2766 4415 Dei,
2814 4369 2909 4422 per
2944 4353 3044 4405 hoc
3071 4365 3227 4404 omne
3260 4365 3393 4418 opus
3421 4350 3626 4403 bonum

2061 4445 2282 4513 implere
2313 4444 2619 4497 contendet.
2651 4441 2911 4496 Juvenilia
2949 4440 3207 4493 desideria
3245 4440 3384 4508 fuge.
3425 4439 3480 4492 Id
3524 4449 3629 4501 est,

1982 4514 2035 4572 Ῐ)
2062 4532 2488 4586 fornicationem.
2528 4527 2721 4582 Pacem
2767 4546 2883 4581 cum
2928 4529 3007 4580 Itis
3037 4529 3125 4598 qui
3173 4530 3407 4580 invocant
3449 4527 3631 4580 Domi-

2059 4639 2199 4676 num.
2245 4622 2324 4674 Ad
2373 4621 2492 4693 illos
2535 4621 2676 4673 enim
2720 4635 2820 4694 pax
2866 4617 3136 4687 jungcnda
3190 4627 3312 4682 est,
3359 4619 3447 4686 qui
3499 4617 3629 4687 jun-

2057 4719 2187 4778 gunt
2219 4726 2276 4763 se
2304 4709 2547 4763 Domino.
2577 4707 2646 4760 De
2686 4713 2840 4760 corde
2868 4724 3019 4776 puro.
3048 4706 3104 4760 Id
3138 4717 3252 4771 est,
3281 4722 3386 4761 non
3415 4714 3626 4760 tantum

2058 4801 2232 4854 labiis.

2128 4888 2345 4942 Servum
2394 4898 2566 4940 autem
2617 4886 2845 4940 Domini.
2887 4884 3114 4939 Servum
3144 4884 3365 4951 Christi,
3397 4886 3488 4954 qui
3519 4901 3628 4939 non

2056 4978 2334 5045 clamgbit,
2379 4992 2553 5045 neque
2579 4976 2886 5030 contendet.
2929 4974 3035 5028 Sed
3078 4978 3364 5038 modestum
3408 4992 3515 5029 esse
3557 4977 3627 5028 ad

2053 5065 2245 5120 omna.
2283 5065 2395 5119 Non
2423 5066 2596 5120 solum
2639 5067 2704 5119 ad
2746 5067 2966 5120 amicos.
3000 5067 3304 5120 Docibilem.
3343 5068 3443 5134 Qui
3489 5068 3630 5124 bene

2053 5155 2184 5209 alios
2226 5156 2431 5210 doceat.
2479 5153 2607 5208 Cum
2653 5155 2921 5208 modestia.
2962 5155 3014 5207 I-.i
3061 5164 3173 5218 est,
3217 5171 3322 5209 non
3377 5173 3500 5211 cum
3538 5155 3619 5210 fu-

2055 5264 2194 5303 rore.

2663 5335 2886 5391 CAPUT
2927 5336 3008 5390 Ill.

2125 5426 2234 5480 Hoc
2276 5437 2447 5480 autem
2475 5427 2624 5490 scito,
2670 5426 2793 5494 quia
2823 5428 2876 5478 in
2915 5427 3204 5484 novissimis
3249 5427 3428 5481 diebus
3463 5430 3632 5482 insta-

2050 5517 2173 5569 bunt
2203 5529 2432 5584 tempora
2471 5515 2784 5583 pericu'osa.
2831 5515 2946 5572 Non
2985 5517 3056 5570 sit
3104 5517 3203 5583 tibi
3246 5517 3347 5572 hoc
3389 5517 3626 5583 mirum,

2049 5609 2190 5676 quod
2236 5608 2473 5674 quotidie
2508 5604 2686 5674 pejora
2734 5609 3073 5674 perveniunt.
3124 5605 3334 5678 Seipsos
3365 5619 3625 5678 amantes.

2051 5697 2166 5752 Non
2199 5697 2292 5750 Dei
2337 5696 2582 5766 gloriam,
2612 5695 2702 5750 sed
2743 5710 2893 5749 suam
2929 5707 3249 5767 quazrentes.
3285 5695 3620 5752 Parentibus.
