3982 6198
272 453 372 507 ‘ZM

1385 447 1713 505 COLLECT.
1759 447 1821 501 IN
1864 447 2077 502 EPIST.
2120 448 2208 502 AD
2245 448 2478 504 TITUM.

3427 451 3533 506 ειη

275 569 331 623 Id
361 575 465 628 est,
499 575 556 621 et
578 563 966 635 corporalibus.
989 571 1041 616 et
1074 559 1441 632 spiritualibus
1469 579 1575 615 non
1603 561 1850 616 obedien-
1885 562 1932 620 Α
2027 559 2219 629 Argue.
2245 561 2584 616 Peecatores.
2611 561 2858 616 Obsecro.
2883 558 3154 616 Seniores.
3175 562 3416 631 lncrepa.
3435 561 3538 617 Su-

277 668 378 711 tes.
426 655 556 710 Sine
603 657 815 724 a/Tectu.
865 652 1261 707 Misericordize.
1315 651 1718 704 Incontiuentes.
1759 651 1860 703 Per

277 746 571 800 luxuriam.
605 743 839 814 Speciem
867 744 1093 811 pietatis.
1127 741 1183 794 ld
1209 750 1309 805 est,
1336 742 1386 794 in
1419 741 1626 805 habitu,
1654 757 1746 793 seu
1775 741 1861 792 do-

275 837 476 889 ctrina.
511 833 858 902 Abnegantes.
898 831 1179 900 Operibus.
1213 829 1315 896 Qui
1357 839 1626 899 penetrant
1654 829 1856 882 domus.

277 925 356 979 Ad
399 923 806 993 prmdicandum
838 921 922 974 vel
957 921 1340 974 setlucemlum.
1387 921 1456 973 Et
1497 922 1726 990 captivas
1757 921 1856 971 du-

277 1027 400 1071 cunt
434 1013 794 1078 mulierculas,
821 1025 1062 1067 oneratas
1090 1015 1331 1082 peccatis.
1361 1013 1416 1067 Id
1439 1022 1543 1077 est,
1577 1013 1863 1082 impunita-

278 1119 385 1162 tem
415 1107 524 1160 illis
552 1112 607 1159 et
646 1105 860 1159 veniam
885 1105 1279 1174 promittentes,
1311 1105 1421 1159 sive
1457 1103 1697 1157 infirmas
1745 1104 1861 1156 ani-

277 1215 395 1252 mas
439 1213 561 1266 qua:
609 1196 822 1250 feminis
870 1205 1274 1267 comparantur,
1303 1195 1557 1247 haeretica
1593 1195 1859 1262 perversi-

276 1297 389 1341 tate
425 1291 801 1354 corrumpunt.
831 1283 1048 1354 Semper
1074 1284 1345 1338 discentes.
1377 1282 1520 1339 Nova
1546 1298 1758 1352 semper
1787 1284 1864 1336 (ll-

277 1393 432 1431 scere
462 1377 759 1445 cupientes.
1184 1357 1193 1366 ’

348 1465 806 1531 Quemadmodum
832 1465 966 1517 enim
1009 1463 1224 1518 Jamnes
1260 1472 1306 1517 et
1354 1463 1613 1517 Mambres
1667 1463 1860 1517 restite-

277 1567 400 1609 runt
443 1556 635 1625 Moysi.
688 1555 753 1608 lli
789 1562 914 1608 sunt
962 1555 1134 1623 magi,
1178 1555 1267 1623 qui
1324 1553 1564 1608 fecerunt
1609 1554 1759 1623 signa
1807 1552 1859 1606 in

277 1647 514 1717 :Egypto
545 1655 731 1700 contra
764 1646 914 1714 signa
946 1645 1136 1715 Moysi.
1169 1645 1232 1697 Et
1279 1646 1394 1698 huic
1438 1645 1654 1697 nomina
1701 1645 1850 1698 inve-

276 1737 503 1790 niuntur
531 1750 636 1787 non
666 1736 720 1787 in
753 1734 907 1788 libris
941 1733 1098 1804 legis,
1128 1734 1220 1787 sed
1246 1733 1443 1787 Paulus
1465 1734 1715 1802 protulit,
1746 1735 1858 1788 sive

277 1831 376 1895 per
421 1826 719 1896 Spiritum,
763 1826 875 1879 sive
921 1840 1016 1894 per
1065 1825 1312 1893 peritiam
1354 1824 1578 1877 aliarum
1610 1823 1857 1894 Scriptu~

277 1933 484 1970 rarum.

343 2006 501 2060 Circa
530 2005 708 2074 ﬁdem.
749 2005 886 2072 Quia
927 2020 1034 2059 non
1062 2006 1264 2059 intrant
1307 2006 1360 2058 in
1393 2004 1573 2069 ﬁdem,
1601 2005 1692 2060 sed
1725 2003 1857 2060 foris

275 2105 420 2150 sunt.
443 2092 569 2148 Non
590 2095 883 2163 proﬁcient.
907 2095 985 2148 Ad
1012 2097 1309 2148 nocendum
1335 2094 1471 2147 aliis.
1500 2093 1644 2148 Sicut
1667 2103 1713 2148 et
1736 2095 1864 2148 alio-

277 2202 409 2238 rum.
455 2185 511 2237 Id
539 2195 643 2248 est,
671 2200 947 2254 magorum
985 2185 1102 2250 fuit,
1131 2201 1251 2239 eum
1282 2184 1515 2240 confessi
1539 2194 1663 2239 sunt
1695 2187 1861 2255 digito

277 2277 372 2330 Dei
405 2291 465 2330 se
497 2276 665 2330 fuisse
690 2283 988 2344 superatos.

347 2366 426 2418 Tu
456 2373 633 2418 autem
664 2376 931 2419 assecutus
956 2382 1201 2420 es‘meam
1228 2367 1540 2420 doctrinam.
1567 2365 1620 2420 Id
1649 2375 1753 2430 est,
1783 2367 1863 2420 id-

276 2458 424 2512 circo
451 2457 547 2510 tibi
582 2472 687 2510 non
715 2457 901 2521 timeo,
927 2459 1053 2526 quia
1082 2459 1193 2511 seio
1222 2467 1273 2511 te
1299 2459 1596 2511 doctrinam
1622 2467 1674 2510 et
1698 2459 1861 2511 vitam

276 2563 456 2602 meam
505 2548 824 2617 cognovisse
871 2550 1092 2617 optime.
1134 2548 1201 2601 Et
1244 2566 1307 2602 ex
1341 2549 1577 2602 omnibus
1631 2549 1863 2603 liberavit

277 2638 558 2690 Dominus.
584 2638 659 2691 Ita
687 2647 741 2692 et
769 2639 834 2692 tle
863 2641 1110 2693 omnibus
1137 2649 1188 2693 te
1211 2640 1520 2709 eripiet.‘Et
1547 2642 1600 2694 in
1629 2656 1858 2694 errorem

276 2727 556 2780 mittentes.
585 2726 654 2781 Ut
680 2737 761 2781 est
785 2747 800 2780 :
841 2728 962 2782 Non
990 2730 1157 2782 solum
1191 2747 1292 2783 non
1328 2732 1537 2785 intratis
1565 2733 1617 2784 in
1647 2749 1860 2801 regnum

276 2819 548 2884 calorum,
592 2821 682 2874 sed
725 2823 976 2876 intrantes
1016 2824 1296 2892 prohibetis
1343 2825 1557 2895 (Matth.
1585 2827 1759 2896 xxm).
1792 2827 1860 2879 Et

276 2910 478 2963 credita
525 2912 638 2965 tibi.
670 2912 713 2964 Α
763 2913 875 2968 Deo
905 2930 1001 2984 per
1039 2931 1156 2970 nos.
1191 2915 1372 2970 Sciens
1415 2935 1446 2969 a
1480 2933 1581 2986 quo
1610 2918 1856 2970 didicisti.

279 3001 405 3053 Sive
432 3017 462 3053 a
495 3017 626 3055 vero
661 3004 925 3072 apostolo,
965 3006 1076 3060 sive
1106 3022 1202 3075 per
1231 3007 1400 3076 legem
1441 3022 1468 3060 a
1501 3007 1626 3061 Deo.
1663 3005 1766 3061 Per
1795 3009 1862 3076 ﬁ-

278 3092 392 3141 dem
424 3105 546 3159 quas
572 3102 646 3144 est
688 3093 742 3146 in
783 3093 988 3148 Christo
1019 3094 1168 3148 Jesu.
1201 3096 1327 3150 Sine
1357 3097 1460 3151 [ide
1486 3100 1629 3151 enim
1660 3099 1859 3153 Christi

279 3179 474 3232 litterae
519 3181 658 3253 legis
685 3199 791 3236 non
827 3184 942 3252 jam
991 3185 1258 3240 sulliciunt
1287 3188 1352 3242 ad
1384 3188 1631 3242 salutem.
1677 3188 1860 3244 Omnis

281 3267 561 3337 Scriptura
595 3272 845 3327 dir-initus
871 3275 1126 3339 inspirata
1155 3277 1300 3331 utilis
1331 3287 1405 3332 est
1441 3279 1515 3331 ad
1549 3279 1857 3333 docendum.

281 3357 486 3412 Docere
508 3365 763 3417 convenit
783 3366 850 3419 de
875 3366 958 3420 bis
981 3381 1100 3435 quze
1123 3369 1206 3438 agi
1234 3367 1448 3423 debent.
1474 3369 1715 3440 Arguere
1735 3385 1862 3426 vero

279 3459 616 3515 peccatores,
651 3456 924 3524 corrigere
953 3472 1083 3511 vero
1118 3458 1460 3527 ptenitentes,
1505 3461 1740 3527 erudire,
1770 3461 1861 3515 ad-

280 3541 481 3595 ducere
509 3542 784 3600 hominem
808 3547 874 3600 ad
899 3547 1186 3615 justitiam.

895 3635 1121 3693 CAPUT
1162 3640 1248 3693 IV.

358 3725 632 3793 Testiﬁcor
660 3743 837 3780 coram
871 3728 980 3781 Deo
1021 3739 1068 3782 et
1108 3728 1236 3784 Jesu
1264 3730 1492 3787 Christo.
1519 3733 1870 3789 Contestatur

284 3817 434 3868 illum
471 3831 569 3885 per
595 3817 842 3872 universa
873 3833 991 3887 qua:
1027 3821 1194 3874 credit
1227 3823 1416 3892 religio
1444 3823 1776 3887 Christiana,
1808 3831 1867 3877 ut

287 3908 510 3960 verbum
543 3908 634 3962 Dei
673 3909 938 3962 instanter
967 3912 1264 3966 annuntiet.
1297 3914 1400 3977 Qui
1429 3913 1768 3983 judicaturus
1794 3924 1869 3968 est

285 4000 427 4052 uiuos
464 4010 510 4052 et
561 4011 811 4054 mortuos.
854 4002 988 4068 Quia
1033 4005 1184 4058 vivos
1233 4005 1486 4070 inveniet,
1530 4015 1584 4060 et
1629 4017 1868 4062 mortuos

284 4089 590 4142 suscitabit.

357 4172 528 4226 Iusta.
571 4173 884 4232 Commode.
912 4178 1231 4248 Opportune.
1263 4181 1631 4251 Opportunum
1669 4192 1755 4237 est
1799 4183 1866 4237 li-

285 4265 476 4318 benter
512 4267 880 4333 audientibus;
911 4270 1270 4339 importunum
1307 4287 1435 4328 vero
1473 4275 1656 4329 invitis
1697 4282 1752 4329 et
1780 4289 1868 4329 no-

286 4353 522 4410 lentibus
548 4358 861 4426 praedicare.

1961 652 2155 720 perbos
2184 661 2238 706 et
2266 653 2602 706 resistentes.
2629 650 2733 705 Sed
2762 652 2875 705 tunc
2903 651 3082 704 omnia
3112 667 3232 706 cum
3257 653 3534 721 patientia,

1961 749 2015 794 et
2039 742 2332 795 secundum
2358 742 2658 796 doctrinam
2685 741 2883 811 perﬁce
2915 742 3065 810 legis.

2047 831 2350 900 Magistros.
2411 831 2721 884 llmreticos.
2787 829 3059 884 Pruriens.
3104 831 3393 886 'Placentes
3441 821 3538 884 au-

1963 922 2110 974 ribus
2157 921 2365 974 scilicet
2400 922 2723 975 auditorum.
2769 919 2938 974 Aliter
2979 920 3337 975 :Prurientes
3385 923 3534 975 auri-

1961 1015 2077 1078 bus,
2109 1014 2211 1067 hoc
2257 1020 2371 1078 est,
2421 1012 2521 1081 ipsi
2551 1013 2822 1066 auditores
2853 1013 3072 1067 auribus
3101 1012 3526 1067 considerantes.

1962 1104 2206 1158 Pruritus
2255 1113 2338 1158 est
2405 1104 2548 1158 enim
2613 1104 2918 1158 incendium
2975 1103 3184 1166 carnis,
3231 1104 3348 1156 sine
3399 1103 3537 1158 ell‘u-

1962 1195 2112 1247 sioae
2135 1195 2409 1264 sanguinis
2435 1193 2518 1246 vel
2547 1193 2786 1256 seminis,
2813 1193 2892 1247 sic
2911 1194 3133 1247 verbum
3161 1193 3537 1247 haereticorum

1963 1281 2213 1339 sollicitat
2263 1299 2420 1337 aures
2469 1282 2799 1336 audientium
2839 1284 2954 1338 sine
3004 1284 3232 1337 veritate
3282 1283 3540 1354 praedica-

1964 1373 2146 1427 tionis.

2031 1463 2112 1514 Ad
2143 1462 2353 1532 fabulas
2382 1471 2556 1516 autem
2604 1471 2983 1517 convertentur.
3019 1463 3099 1517 Ad
3132 1463 3408 1520 fabulosus
3455 1480 3540 1520 as-

1963 1551 2245 1604 sertiones.

2035 1639 2384 1693 Illinisterium
2417 1651 2562 1694 tuum
2594 1641 2766 1711 imple.
2796 1639 3017 1696 Scilicet
3042 1642 3399 1711 episcopatus,
3435 1659 3540 1697 non

1963 1729 2105 1782 enim
2138 1745 2351 1799 semper
2378 1746 2474 1785 ero
2508 1731 2818 1800 incorpore
2845 1739 2904 1784 ut
2940 1731 3149 1786 valeam
3179 1747 3538 1787 commonere.

1967 1820 2239 1876 Certamen
2268 1825 2456 1876 bonum
2491 1825 2700 1878 certari.
2750 1825 2904 1879 Modo
2937 1824 3047 1892 jam
3081 1827 3412 1882 conﬁdenter
3439 1828 3541 1881 hoc

1889 1893 1935 1951 Β
1964 1913 2091 1968 dicit
2139 1915 2191 1967 in
2239 1923 2483 1968 extremo
2526 1916 2652 1969 vitae
2684 1916 2852 1969 limite
2884 1917 3223 1978 constitutus,
3259 1932 3541 1986 compara-

1965 2004 2110 2057 tione
2136 2005 2308 2057 utitur
2331 2019 2460 2059 sane
2494 2005 2547 2058 in
2576 2019 2744 2075 agone
2771 2006 3113 2060 certantium.
3146 2004 3369 2061 Certari.
3403 2007 3541 2061 Con-

1964 2101 2046 2146 tra
2085 2102 2208 2148 octo
2254 2095 2417 2159 vitia,
2472 2097 2760 2160 daennmes,
2793 2097 3093 2161 haereticos,
3143 2108 3535 2166 persecutores.

1963 2183 2186 2238 Cursum
2241 2188 2613 2240 consummari.
2667 2187 2723 2240 In
2775 2187 3044 2241 mandatis
3091 2188 3303 2242 divinis.
3352 2188 3540 2242 Fidem

1961 2275 2177 2328 servari.
2205 2273 2449 2344 Suscepti
2473 2276 2633 2330 ollieii
2657 2277 2816 2330 tidem
2845 2277 2898 2330 in
2925 2277 3082 2331 linem
3111 2293 3280 2347 usque
3310 2280 3538 2332 servavi.

1964 2365 2209 2434 Reposito
2238 2376 2313 2420 est
2351 2369 2479 2421 milii
2510 2385 2702 2422 corona
2725 2371 2970 2439 justitite.
3015 2371 3072 2424 Id
3123 2379 3236 2435 est,
3271 2373 3542 2441 hucusque

1961 2454 2172 2510 labores
2202 2473 2390 2526 passus
2422 2475 2564 2525 sum,
2596 2477 2738 2515 nunc
2786 2469 2963 2516 autem
3012 2463 3314 2516 mercedem
3356 2479 3539 2532 exspe-

1962 2555 2069 2601 cto.
2114 2549 2301 2603 Justus
2343 2549 2541 2604 Iudex.
2587 2552 2684 2617 Qui
2718 2569 2823 2606 non
2866 2568 3162 2621 personas,
3210 2552 3302 2607 sed
3350 2555 3539 2608 merita

1963 2637 2232 2706 respiciet.
2278 2638 2495 2693 Festina
2547 2641 2614 2693 ad
2662 2657 2761 2694 me.
2797 2641 2879 2695 Ab
2923 2643 3136 2711 Epheso
3174 2642 3242 2696 ad
3292 2641 3538 2695 Romam.

1963 2727 2151 2783 Demas
2191 2747 2269 2783 me
2294 2731 2594 2801 dereliquit,
2628 2732 2848 2802 diligens
2876 2733 2972 2785 hoc
3000 2732 3270 2787 steculum.
3304 2732 3536 2787 Necesse

1961 2823 2102 2874 enim
2140 2830 2278 2887 erat,
2305 2830 2362 2876 ut
2391 2822 2617 2893 diligens
2647 2824 2900 2877 sceculum
2928 2824 3258 2894 relinqueret
3281 2825 3535 2879 szeculum

1963 2910 2350 2980 relinquentem
2377 2930 2389 2965 :
2420 2927 2578 2967 omne
2602 2914 2744 2967 enim
2773 2914 2973 2968 animal
3004 2915 3069 2968 ad
3097 2914 3270 2970 simile
3299 2915 3398 2969 sibi
3424 2913 3542 2982 iun—

1961 2999 2125 3068 gitur.
2164 2999 2308 3053 Titus
2334 3000 2390 3053 in
2418 3000 2760 3054 Dalmatiam.
2801 3001 2894 3056 Isti
2921 3010 3098 3056 autem
3137 3003 3286 3056 missi
3329 3012 3455 3057 sunt
3483 3011 3539 3056 et

1963 3091 2334 3144 deseruerunt.
2358 3087 2615 3142 Penulam
2639 3107 2795 3160 quam
2825 3090 3007 3161 reliqui
3035 3090 3237 3144 Troade
3257 3092 3396 3163 apud
3417 3090 3544 3145 Caro

1963 3195 2086 3250 pum
2112 3181 2315 3234 teniens
2343 3181 2476 3249 aﬁ'er
2500 3189 2684 3234 tecum.
2712 3181 2914 3237 Penula
2949 3189 3032 3236 est
3059 3183 3202 3236 enim
3241 3183 3456 3237 lacerna
3489 3183 3542 3237 in

1967 3271 2183 3324 modum
2222 3271 2460 3324 cucullus.
2506 3271 2635 3325 item
2677 3271 2890 3326 lacerna
2919 3273 3077 3336 stola,
3109 3281 3200 3326 aut
3231 3289 3398 3343 genus
3439 3289 3532 3328 cu-

1968 3363 2121 3417 cullus
2150 3363 2379 3417 subtilis.
2413 3363 2614 3417 Penula
2652 3364 2901 3418 Latinum
2933 3373 3047 3431 est,
3086 3365 3139 3420 id
3178 3375 3290 3429 est,
3325 3365 3536 3420 lacerna

1968 3453 2192 3508 clarata.
2218 3453 2422 3507 Reddat
2448 3454 2525 3507 illi
2547 3455 2801 3510 Dominus
2825 3455 3106 3509 secundum
3143 3473 3296 3524 opera
3325 3456 3456 3525 ejus.
3486 3455 3542 3510 In

1968 3543 2071 3597 hoc
2104 3544 2408 3614 prephetat,
2440 3560 2546 3598 non
2574 3553 2754 3613 optat,
2798 3545 3090 3599 secundum
3122 3544 3504 3612 Hieronymum
3527 3585 3540 3606 ,

1970 3640 2029 3684 ut
2079 3633 2133 3686 in
2183 3642 2413 3687 tractatu
2461 3633 2826 3688 Ecclesiastici
2875 3635 2990 3702 ipse
3034 3634 3127 3685 ait.
3167 3632 3348 3686 Verbis
3393 3634 3539 3686 meis.

1970 3721 2182 3787 Quanto
2208 3723 2378 3792 magis
2406 3722 2544 3776 tuis?

2039 3811 2108 3863 In
2157 3811 2328 3880 prima
2375 3811 2692 3877 defensione.
2739 3811 2962 3877 Quando
3004 3809 3217 3863 defendi
3268 3810 3320 3862 in
3371 3809 3539 3863 Roma

1969 3901 2332 3972 evangelicum
2379 3902 2569 3967 ﬁdem,
2608 3904 2840 3958 secundo
2883 3918 3024 3956 anno
3053 3901 3296 3956 Neronis.
3337 3901 3412 3956 De
3454 3919 3541 3954 an:

1967 3993 2150 4048 leonis.
2171 3989 2416 4046 Neronis.
2446 3993 2521 4047 Ab
2545 3993 2686 4047 omni
2705 4009 2854 4062 opere
2882 3991 3038 4047 malo.
3067 3993 3144 4047 Ab
3169 3993 3535 4046 insidiantium

1969 4082 2324 4153 malignitate.
2344 4081 2586 4136 Erastus.
2611 4083 2758 4136 Pauli
2787 4083 3096 4152 discipulus.
3122 4081 3366 4136 Claudia.
3387 4081 3539 4149 Qum-

1965 4174 2092 4228 dam
2148 4173 2359 4227 mulier.
2387 4173 2516 4226 Cum
2555 4174 2741 4244 spiritu
2785 4185 2893 4228 tuo.
2925 4175 3058 4241 Quia
3095 4189 3257 4230 carne
3299 4183 3542 4230 mortuus

1969 4263 2322 4332 spiritualiter
2347 4262 2501 4316 vivis.

2065 4517 2538 4527 .___.-——-—-————-c-——.~
2543 4516 3447 4529 W-

1754 4631 2078 4742 XII.

1217 4863 1326 4941 ΙΝ
1381 4857 1963 4937 EPISTOLAM
2024 4859 2156 4934 AD
2211 4857 2578 4934 TITUM.

797 5129 1025 5184 CAPUT
1057 5127 1343 5184 PRIMUM.

368 5257 515 5312 [huc
570 5259 864 5327 Epistulam
927 5261 1116 5316 scribit
1168 5259 1236 5313 de
1294 5259 1571 5328 Nicopoli,
1625 5274 1746 5328 quae
1806 5257 1858 5313 in

286 5349 502 5404 Actiaco
563 5350 743 5404 littore
811 5351 913 5405 sita
974 5359 1099 5414 est,
1160 5350 1228 5402 ad
1289 5349 1466 5403 Titum
1539 5349 1858 5417 discipulum

286 5451 460 5497 suum,
513 5454 675 5508 quem
733 5438 909 5493 Creta:
958 5439 1284 5508 reliquerat,
1332 5439 1398 5491 ad
1457 5438 1716 5492 ecclesias
1774 5439 1856 5490 in-

282 5527 585 5583 struendas.

349 5641 553 5698 Paulus
589 5661 768 5698 servus
796 5644 912 5698 Dei.
939 5643 993 5698 ld
1037 5653 1153 5709 est,
1189 5658 1296 5696 non
1340 5641 1578 5712 peccati,
1621 5649 1713 5695 aut
1760 5657 1852 5696 ve-

283 5734 408 5787 teris
457 5734 610 5804 legis.
659 5736 936 5804 Apostolus
981 5745 1152 5788 autem
1199 5733 1412 5787 Christi.
1447 5731 1579 5797 Quia
1624 5731 1691 5785 ab
1742 5731 1855 5802 ipso

286 5825 478 5877 missus
524 5827 623 5879 fuit
675 5827 991 5896 praedicare.
1035 5825 1330 5880 Secundum
1375 5824 1526 5892 ﬁdem
1578 5823 1854 5877 electorum

1888 5109 1940 5168 1)
1969 5101 2083 5156 Dei.
2125 5103 2179 5157 ld
2235 5111 2347 5167 est,
2386 5103 2680 5158 secundum
2725 5104 2970 5158 eamdem
3019 5103 3211 5170 tidem,
3261 5121 3366 5178 qua
3417 5123 3538 5164 cre-

1963 5194 2151 5247 dentes
2177 5179 2330 5247 eleCti
2361 5203 2506 5254 sunt,
2540 5209 2660 5248 cum
2697 5201 3086 5261 cognoscerent
3117 5195 3416 5252 veritatem.
3460 5198 3528 5253 Et

1963 5283 2275 5350 agnitionem
2326 5284 2573 5336 veritatis.
2621 5281 2792 5348 Quam
2835 5282 3092 5352 prmdico,
3130 5293 3188 5340 ut
3235 5299 3534 5354 agnoscant

1962 5373 2244 5426 veritatem
2292 5372 2423 5427 Novi
2463 5373 2832 5438 Testamenti,
2887 5373 3074 5430 relicta
3141 5374 3340 5430 littera.
3402 5374 3534 5441 Qua!

1960 5462 2242 5515 secundum
2282 5463 2522 5530 pietatem
2559 5472 2654 5516 est.
2695 5460 2812 5517 Non
2854 5465 3198 5519 severitatem
3226 5465 3423 5520 veteris
3458 5465 3534 5520 le-

1963 5551 2062 5620 gis.
2095 5551 2266 5605 Aliter
2294 5569 2305 5604 :
2340 5551 2462 5606 Haec
2505 5559 2595 5606 est
2626 5551 2783 5623 plane
2814 5555 3036 5617 veritas,
3069 5569 3188 5623 qua:
3218 5569 3326 5609 non
3371 5554 3535 5610 habet

1963 5645 2249 5710 pietatem;
2303 5642 2449 5696 verbi
2499 5643 2694 5713 gratia,
2727 5644 2786 5697 si‘
2819 5643 2942 5714 quis
2978 5645 3387 5714 grammaticam
3437 5661 3531 5701 no-

1962 5734 2101 5788 verit
2142 5743 2314 5789 artem
2353 5742 2408 5790 et
2453 5733 2820 5802 dialecticam,
2861 5744 2920 5792 ut
2957 5737 3098 5792 inter
3133 5735 3268 5794 falsa
3305 5746 3361 5792 et
3399 5753 3529 5792 vera

1962 5821 2252 5891 dijudicet,
2303 5824 2501 5895 absque
2554 5825 2750 5895 pietate
2818 5827 3004 5883 notitia
3073 5827 3315 5881 veritatis
3375 5825 3525 5878 dele-
