3982 6198
387 416 493 471 945

1765 406 2032 463 SEDULII
2069 405 2266 464 SCOTI

3522 409 3628 464 ‘3“

392 543 504 587 ctat
551 534 617 589 ad
657 545 913 604 prteseus,
945 526 1035 582 sed
1067 524 1420 580 aeternitatem
1470 538 1575 577 non
1610 521 1774 577 habet
1819 537 1958 592 pra-
1983 524 2035 583 Α
2059 519 2324 590 cupidum.
2363 516 2561 587 Turpis
2601 516 2734 572 lucri
2783 517 3036 587 appetitio
3073 525 3158 572 est
3193 517 3314 588 plus
3341 533 3504 588 quam
3541 535 3634 575 ne-

391 629 639 684 miorum.

461 797 593 850 Ante
620 804 852 864 tempora
899 790 1196 846 sa-culariu.
1225 788 1364 844 Ante
1392 789 1576 842 mundi
1613 789 1791 842 omnia
1824 795 1956 841 tem-

394 900 560 954 pora,
605 882 742 954 apud
779 896 838 936 se
886 880 1162 950 proposuit
1209 894 1304 948 per
1348 877 1542 932 Filium
1587 877 1796 931 salvare
1841 891 1958 931 cre-

393 977 602 1031 dentes.
635 973 888 1043 Tempora
911 980 1084 1024 autem
1112 968 1389 1023 smcularia
1411 969 1554 1022 dicit.
1581 965 1693 1022 Hoc
1713 974 1816 1030 est,
1840 982 1961 1035 qua:

390 1065 574 1121 multis
621 1063 830 1119 saeculis
861 1062 1094 1132 cyclisve
1134 1061 1202 1115 ab
1239 1059 1392 1114 initio
1437 1058 1622 1112 mundi
1672 1057 1958 1112 revolvun-

393 1165 518 1210 tur:
552 1163 676 1208 sunt
699 1152 896 1207 etenim
934 1159 1172 1220 tempora
1213 1165 1334 1221 quae
1361 1164 1467 1202 non
1495 1155 1620 1202 sunt
1647 1147 1950 1211 saecularia,

392 1255 453 1301 ut
479 1247 638 1300 unius
664 1246 833 1311 horai,
857 1243 942 1298 vel
965 1244 1069 1298 diei
1099 1250 1329 1311 tempus,
1356 1256 1476 1310 quae
1501 1255 1606 1295 non
1633 1240 1841 1294 seculis
1866 1238 1960 1294 sed

2056 625 2206 665 eesse
2232 617 2317 664 est
2345 609 2408 663 de
2439 608 2796 677 praesentibus
2822 608 3078 678 cogitare.

2127 699 2234 754 Sed
2263 698 2590 770 hospitalem.
2623 698 2911 767 ﬂuensque
2939 699 3064 767 quid
3095 715 3202 754 non
3225 700 3414 754 debeat
3435 700 3638 756 habere

2056 791 2340 859 episcopus
2385 789 2498 843 sive
2535 789 2836 858 presbyter,
2859 804 3003 843 nunc
3040 789 3168 858 quid
3206 789 3406 844 habere
3445 789 3638 844 debeat

2057 881 2376 950 explicatur.
2428 881 2740 951 Benignum.
2785 880 2924 935 Ante
2974 881 3363 951 episcopatum.
3398 882 3634 936 Iustum.

2057 972 2368 1041 lnjudiciis.
2408 972 2812 1042 Amplectentem
2852 989 2967 1026 eum
3005 974 3094 1043 qui
3123 973 3408 1026 secundum
3438 974 3639 1030 doctri-

2059 1079 2180 1116 nam
2215 1072 2291 1116 est
2321 1062 2527 1132 ﬁdelem
2571 1079 2881 1116 sermonem.
2915 1061 3030 1117 Non
3079 1063 3290 1118 fabulas
3326 1063 3636 1120 smculares.

2061 1152 2127 1205 Et
2149 1152 2462 1206 seductores.
2500 1152 2556 1206 ln
2593 1152 2800 1215 Graeco,
2830 1154 3088 1207 mentium
3127 1153 3442 1223 deceptores
3482 1152 3639 1226 [φρι-

2058 1241 2338 1313 ναπάται].
2370 1241 2602 1295 Maxime
2631 1242 2722 1312 qui
2750 1243 2813 1295 de
2843 1243 3235 1297 circumcisione
3266 1251 3406 1297 sunt.
3433 1243 3490 1297 Id
3517 1253 3638 1308 est,

394 1335 682 1390 momentis
720 1339 986 1389 constant.
1026 1331 1378 1399 Manifestavit
1418 1339 1590 1383 autem
1648 1329 1962 1398 temporibus
2061 1333 2152 1400 qui
2177 1332 2443 1386 humanas
2462 1332 2642 1401 potius
2664 1332 2984 1386 traditiones
3006 1347 3166 1401 quam
3191 1334 3368 1387 divina
3387 1334 3641 1388 mandata

393 1429 505 1481 suis
547 1427 752 1481 verbum
791 1442 943 1480 suum
972 1425 1026 1478 in
1055 1422 1441 1494 praedicatione.
1482 1420 1713 1476 Attende
1756 1429 1959 1474 textum
2064 1421 2376 1490 loquuntur.
2407 1421 2510 1486 Qui
2537 1422 2804 1476 universas
2828 1422 3013 1476 domus
3043 1423 3364 1476 subvertant.
3394 1423 3467 1478 De
3495 1423 3641 1478 cibo-

395 1528 452 1574 et
489 1520 733 1575 ordinem
778 1517 1027 1571 lectionis
1059 1530 1073 1568 :
1104 1514 1358 1584 quoniam
1391 1517 1500 1566 vita
1547 1519 1768 1574 mterna,
1802 1527 1966 1581 quam
2063 1528 2184 1566 rum
2233 1511 2568 1576 differentia,
2619 1519 2676 1567 et
2725 1513 2792 1568 de
2840 1513 3289 1578 circumcisione,
3321 1524 3378 1568 et
3418 1515 3641 1568 sabbato

395 1625 503 1664 non
560 1609 789 1663 mendax
827 1607 968 1661 Deus
1013 1614 1140 1660 ante
1187 1605 1381 1661 secula
1435 1613 1636 1659 aeterna
1673 1603 1925 1673 promisit
1948 1643 1963 1668 ,
2066 1609 2382 1666 tractantes,
2409 1602 2594 1656 ethoc
2627 1617 2735 1655 non
2773 1602 2892 1656 zelo
2926 1601 3023 1656 Dei
3063 1601 3297 1668 faciunt,
3334 1604 3426 1660 sed
3471 1605 3644 1674 turpis

395 1715 501 1754 non
541 1698 642 1752 alia
683 1699 753 1752 sit
793 1697 995 1767 absque
1020 1697 1188 1752 verbo
1217 1696 1311 1750 Dei
1351 1713 1364 1749 :
1400 1693 1758 1764 Manifestavit
1793 1695 1966 1758 enim,
2065 1693 2200 1748 lucri
2245 1693 2438 1764 gratia.
2467 1692 2612 1747 Dixit
2656 1693 2873 1764 quidam
2919 1710 2984 1748 ex
3023 1693 3128 1748 illis
3165 1697 3405 1765 proprius
3430 1695 3643 1749 illorum

394 1790 589 1859 inquit,
613 1788 923 1858 temporibus
951 1788 1062 1841 suis
1102 1786 1311 1840 uerbum
1352 1801 1524 1848 suum,
1557 1785 1700 1852 quod
1727 1783 1780 1837 in
1817 1783 1966 1852 prin-
2066 1785 2333 1855 propheta.
2365 1784 2630 1852 Quoniam
2670 1785 2736 1839 ad
2777 1785 2984 1839 exitum
3018 1786 3304 1850 sermonis,
3329 1794 3385 1840 et.
3420 1788 3486 1839 ad
3519 1801 3646 1840 con-

395 1880 536 1948 cipio
571 1886 688 1933 erat
717 1877 856 1947 apud
888 1877 1057 1932 Deum
1089 1876 1327 1931 Patrem.
1356 1875 1655 1931 Secundum
1689 1874 1965 1944 imperium
1994 1863 2040 1922 Β
2068 1876 2351 1930 tineutiam
2379 1875 2482 1930 loci
2520 1876 2756 1945 pertinet
2786 1877 2887 1930 hoc
2927 1878 3068 1946 quod
3097 1877 3173 1930 ait
3204 1895 3230 1929 τ’
3252 1877 3393 1931 Dixit
3427 1879 3644 1948 quidam

396 1965 683 2022 Saluatoris
714 1967 876 2021 nostri
903 1966 1020 2020 Dei.
1043 1965 1176 2021 Cum
1205 1965 1431 2020 Paulum
1457 1976 1511 2020 et
1537 1957 1842 2020 Barnabam
1879 1978 1967 2020 se-
2064 1983 2129 2021 ex
2155 1966 2260 2020 illis
2280 1967 2522 2037 proprius
2546 1966 2757 2020 illorum
2785 1969 3035 2038 propheta
3055 2011 3071 2034 ,
3095 1969 3314 2024 videtur
3341 1969 3408 2023 ad
3433 1984 3527 2024 eos
3556 1983 3644 2024 re-

396 2059 610 2129 gregari
635 2061 909 2128 prmeepit,
937 2068 996 2114 ut
1022 2059 1223 2114 Gentes
1247 2061 1520 2114 docerent.
1545 2058 1721 2129 Hujus
1746 2059 1823 2112 rei
1850 2075 1968 2128 gra-

397 2150 470 2203 tia
505 2149 687 2220 reliqui
712 2160 758 2204 te
780 2150 964 2205 Cretan
982 2151 1270 2220 Postquam
1292 2151 1623 2206 credentium
1647 2150 1779 2204 dura
1801 2150 1968 2204 corda

399 2241 684 2303 mollierat,
705 2250 812 2296 tam
836 2242 887 2295 in
908 2242 1076 2312 signis
1095 2257 1255 2311 quam
1281 2256 1550 2305 sermone,
1575 2249 1630 2295 et
1657 2240 1971 2295 fundamen-

401 2339 511 2385 tum
554 2331 674 2387 lidei
698 2333 923 2401 jecerat,
951 2334 1003 2388 id
1033 2342 1145 2398 est,
1188 2332 1494 2395 Christum,
1535 2333 1754 2402 reliquit
1783 2331 1964 2386 Titum

401 2420 574 2475 Creta:
602 2422 943 2492 discipulum,
973 2431 1034 2478 ut
1068 2423 1373 2478 rudimenta
1414 2422 1686 2477 nascentis
1725 2421 1969 2476 ecclesia!

399 2511 774 2576 conﬁrmaret,
815 2512 926 2582 ipse
964 2528 1194 2583 pergens
1232 2511 1298 2566 ad
1334 2511 1469 2567 alias
1508 2512 1778 2567 nationes.
1815 2509 1970 2578 Quod

401 2611 581 2657 autem
627 2603 749 2656 ait:
789 2601 855 2657 Ut
895 2621 956 2658 ea
1015 2621 1132 2674 quae
1181 2603 1366 2658 desunt
1429 2603 1694 2672 corrigas,
1737 2600 1972 2656 ostendit

401 2695 630 2749 necdum
653 2710 746 2749 eos
769 2696 835 2748 ad
858 2695 1068 2765 plenam
1091 2696 1306 2751 venisse
1326 2695 1607 2750 scientiam
1629 2693 1897 2756 veritatis,
1917 2696 1973 2745 et

404 2783 530 2839 licet
551 2783 618 2839 ab
641 2785 898 2854 Apostolo
918 2786 1147 2842 correcti
1175 2786 1396 2848 iuerint,
1426 2793 1606 2839 tamen
1634 2784 1808 2839 adhuc
1836 2780 1974 2836 indi-

403 2893 536 2950 gere.
569 2879 928 2934 correctione.
969 2878 1234 2949 Corrigas.
1261 2879 1320 2934 In
1361 2877 1549 2934 Graeco
1575 2884 1755 2931 autem
1788 2889 1975 2945 supcr-

404 2970 646 3038 corrigas
667 2968 1094 3044 [ἘπιδιορΘὼσῃΙ.
1117 2967 1285 3024 Unius
1323 2969 1501 3023 uxoris
1533 2969 1629 3022 vir.
1663 2967 1720 3021 ld
1741 2973 1844 3029 est,
1866 2981 1974 3034 quo

405 3059 578 3126 possit
603 3060 669 3113 ad
705 3061 1098 3129 monogamiam
1124 3068 1180 3115 et
1206 3060 1590 3115 continentiam
1621 3058 1756 3112 alios
1779 3057 1975 3112 cohor~

407 3147 532 3210 tari,
558 3147 651 3218 qui
693 3150 776 3204 sui
815 3149 1119 3219 exemplum
1145 3149 1397 3220 prmierat
1425 3150 1478 3203 in
1518 3149 1777 3204 docendo.
1804 3145 1972 3202 Filios

404 3239 596 3294 habens
629 3239 828 3308 ﬁdeles.
854 3242 912 3295 ιη
949 3241 1110 3297 domo
1163 3243 1378 3312 prepria
1411 3243 1562 3310 prius
1599 3242 1844 3304 doctrina
1875 3255 1971 3296 sua

406 3339 678 3387 noscatur.
709 3329 924 3401 Oportet
963 3334 1100 3386 enim
1143 3334 1437 3404 episcopum
1478 3334 1588 3387 sine
1623 3333 1838 3387 crimine
1863 3348 1972 3386 esse

405 3421 539 3476 sicut
585 3421 683 3476 Dei
737 3422 1164 3492 dispensatorem.
1218 3423 1394 3494 [psum
1449 3423 1581 3478 dicit
1624 3423 1970 3492 episcopum,

407 3528 566 3583 quem
596 3515 746 3584 prius
775 3517 1146 3585 presbyterum
1177 3514 1508 3579 nominavit,
1544 3524 1832 3583 antequam
1861 3513 1975 3568 dia-

409 3605 516 3660 boli
537 3606 793 3660 instinctu
815 3606 989 3660 studia
1007 3606 1058 3660 in
1089 3607 1344 3676 religione
1371 3605 1652 3668 tierent,ct
1665 3604 1974 3660 dicerentiu

410 3695 617 3765 populis
642 3714 654 3748 :
686 3695 796 3765 Ego
835 3712 951 3752 sum
988 3693 1169 3760 Pauli,
1205 3713 1296 3767 ego
1324 3705 1497 3749 autem
1521 3693 1726 3765 Apollo,
1755 3711 1846 3765 ego
1875 3712 1974 3748 au-

410 3797 511 3841 tem
540 3785 750 3857 Cephte,
779 3789 1049 3843 communi
1080 3789 1518 3858 presbyterbrum
1553 3785 1776 3841 oonsilio
1805 3785 1978 3841 eccle-

411 3880 504 3934 siae
527 3879 981 3950 gubernabautur.
1016 3877 1304 3948 Postquam
1333 3893 1459 3932 vero
1488 3878 1857 3946 unusquisque
1882 3891 1978 3931 eos

411 3985 547 4039 quos
576 3969 946 4038 baptizaverat
966 3983 1094 4022 suos
1116 3969 1338 4037 putabat
1363 3982 1505 4031 esse,
1531 3983 1639 4022 non
1669 3968 1894 4031 Christi,
1923 3968 1977 4022 in

417 4068 534 4115 toto
548 4060 681 4114 orbe
709 4059 984 4114 decretum
1029 4065 1142 4120 est,
1178 4065 1239 4109 ut
1272 4071 1409 4110 unus
1434 4058 1499 4110 de
1519 4058 1846 4126 presbyteris
1872 4058 1980 4112 ele-

415 4159 566 4212 ctus,
610 4151 1065 4215 superponeretur
1092 4146 1322 4210 caeteris,
1346 4145 1412 4198 ad
1435 4158 1595 4213 quem
1635 4148 1810 4212 omnis
1848 4163 1978 4203 cura

417 4236 658 4290 ecclesiae
685 4235 998 4304 pertineret,
1029 4244 1086 4290 et
1113 4236 1460 4291 schismatum
1491 4237 1695 4291 semina
1729 4237 1980 4293 tolleren-

421 4338 525 4381 tur.
553 4325 610 4380 ln
636 4325 860 4381 Actibus
881 4327 1242 4397 apostolorum
1271 4326 1528 4395 scriptum
1559 4335 1663 4390 est,
1691 4328 1829 4395 quod
1859 4344 1983 4382 cum

421 4417 658 4473 venisset
699 4416 974 4485 apostolus
1011 4415 1209 4470 Paulus
1248 4415 1484 4470 Miletum
1507 4457 1522 4480 ,
1551 4417 1771 4470 miserat
1812 4417 1983 4486 Ephe-

419 4525 572 4573 sum,
613 4514 669 4560 et
713 4515 998 4561 vocaverat
1042 4507 1385 4577 presbyteros
1423 4504 1664 4573 ejusdem
1710 4507 1980 4571 ecclesiae,

420 4600 612 4670 quibus
645 4606 829 4667 postea
860 4598 999 4651 inter
1028 4605 1254 4651 czetcros
1291 4596 1369 4650 sic
1402 4595 1613 4650 locutus
1643 4605 1726 4650 est
1756 4613 1768 4649 :
1800 4596 1985 4650 Atten-

420 4692 526 4745 dite
571 4688 712 4744 vobis
750 4698 800 4742 et
844 4689 982 4742 omni
1012 4688 1175 4757 gregi,
1210 4687 1262 4740 in
1289 4703 1388 4762 quo
1414 4703 1498 4740 ros
1526 4685 1754 4756 Spiritus
1780 4697 1989 4741 sanctus

421 4782 590 4849 posuit
621 4780 882 4850 episwpos
901 4794 1108 4848 pascere
1150 4775 1437 4830 Ecclesium
1465 4776 1694 4842 Domini,
1714 4793 1867 4847 quam
1897 4793 1988 4830 ac-

419 4872 623 4945 quisit'il
645 4886 737 4940 per
760 4869 1063 4938 sanguinem
1089 4884 1262 4921 suum.
1282 4867 1348 4920 Et
1368 4867 1456 4920 hic
1471 4867 1776 4938 diligentius
1799 4867 1992 4922 obser-

424 4975 568 5032 vato,
599 4963 866 5036 quomodo
912 4963 1072 5016 unius
1121 4959 1356 5014 civitatis
1403 4959 1598 5028 Ephesi
1646 4960 1991 5030 presbyteros

424 5072 640 5121 vocans,
667 5064 852 5127 postea
880 5053 1159 5122 episcopos
1189 5049 1400 5104 dixerit.
1433 5048 1559 5103 ligec
1592 5057 1872 5120 propterea
1893 5091 1905 5110 ,
1936 5059 1996 5105 ut

427 5149 835 5204 ostenderemus
859 5144 999 5215 apud
1022 5150 1234 5196 veteres
1270 5141 1483 5197 eosdem
1522 5139 1684 5208 fuisse
1714 5141 1996 5210 preslzytc-

433 5256 521 5295 ros
550 5252 686 5308 quos
715 5236 1016 5305 episcopos.
1053 5231 1313 5286 Paulatim
1338 5245 1483 5291 vero,
1515 5238 1571 5282 ut
1603 5229 1996 5284 dissensionum

424 5333 690 5404 plantaria
720 5329 1099 5392 cvellerentur,
1130 5328 1195 5382 ad
1227 5340 1388 5380 unum
1426 5339 1642 5380 omnem
1677 5323 1995 5378 sollicitudi-

425 5441 547 5480 nem
587 5438 708 5480 esse
746 5420 995 5476 delatam.
1031 5415 1152 5471 Non
1188 5415 1518 5470 iracundum.
1553 5413 1845 5470 Iracundus
1881 5421 1996 5478 est,

429 5531 536 5571 non
575 5517 667 5584 qui
705 5511 993 5583 aliquando
1033 5507 1303 5570 irascitur,
1340 5507 1432 5561 sed
1466 5505 1555 5576 qui
1594 5520 1805 5574 semper
1832 5503 1896 5558 ad
1924 5504 1999 5560 le-

428 5622 549 5662 vem
583 5602 950 5675 responsionis
985 5614 1172 5655 auram
1207 5596 1362 5665 quasi
1403 5612 1434 5650 a
1475 5604 1636 5650 vento
1663 5596 1848 5650 folium
1885 5610 2000 5651 mo-

430 5707 604 5754 vetur.
633 5693 753 5749 Non
767 5707 1141 5767 percussorem.
1165 5689 1221 5744 id
1250 5695 1353 5751 est,
1379 5701 1448 5740 ne
1469 5687 1698 5742 aliorum
1719 5687 2000 5742 conscien-

431 5792 561 5856 tiam
591 5787 732 5847 mala
755 5783 1162 5842 conversatione
1188 5776 1471 5850 percutiat.
1506 5774 1626 5833 Non
1667 5779 1830 5849 turpis
1870 5777 2002 5834 lucri

2067 2061 2212 2114 ferre
2241 2061 2307 2116 de
2335 2060 2530 2129 quibus
2551 2061 2797 2130 superius
2824 2069 2906 2116 est
2928 2061 3140 2116 locutus
3165 2080 3178 2114 :
3212 2061 3442 2118 Maxime
3461 2063 3553 2132 qui
3575 2063 3643 2117 de

2070 2150 2467 2205 circumcisione
2493 2159 2636 2213 sunt,
2663 2166 2792 2219 quos
2813 2159 3008 2220 oportet
3041 2151 3285 2220 redargui
3317 2152 3408 2220 qui
3437 2152 3648 2205 univer-

2064 2260 2151 2297 sas
2167 2242 2348 2296 domos
2361 2243 2684 2305 subvertant,
2701 2242 2937 2295 docentes
2959 2257 3075 2311 qua:
3097 2259 3202 2295 non
3229 2253 3449 2312 oportet,
3479 2245 3648 2312 turpis

2068 2337 2204 2392 lucri
2240 2337 2436 2407 gratia,
2477 2345 2536 2391 ut
2564 2345 2824 2406 sequatur
2849 2356 2860 2390 :
2891 2336 3039 2391 Dicit
3067 2336 3279 2404 quidam
3307 2352 3371 2389 ex
3399 2336 3504 2389 illis
3525 2353 3649 2405 pro-

2070 2428 2219 2498 prius
2250 2444 2428 2482 eorum
2454 2427 2722 2496 propheta.
2756 2426 2892 2493 Quia
2921 2441 3051 2481 vero
3075 2427 3130 2480 in
3170 2425 3316 2480 nullo
3351 2427 3650 2496 propheta-

2072 2535 2191 2574 rum
2217 2519 2307 2588 qui
2335 2519 2472 2589 apud
2495 2516 2734 2570 Judaeam
2756 2516 3035 2572 vaticinati
3056 2524 3204 2581 sunt,
3223 2517 3308 2571 hic
3336 2517 3653 2572 hcxametcr

2070 2608 2372 2663 versiculus
2400 2606 2688 2677 reperitur,
2729 2605 2942 2660 videtur
2981 2607 3112 2660 mihi
3143 2606 3429 2675 dupliciter
3462 2606 3645 2673 legen-

2072 2698 2222 2762 dum,
2246 2706 2306 2750 ut
2336 2698 2437 2751 hoc
2469 2695 2610 2766 quod
2638 2697 2751 2749 ait:
2776 2695 2924 2750 Dixit
2953 2695 3166 2766 quidam
3187 2713 3251 2750 ea:
3276 2695 3381 2749 illis
3408 2697 3651 2766 proprius

2071 2805 2248 2843 eorum
2273 2788 2542 2858 propheta,
2576 2788 2627 2842 id
2652 2795 2755 2847 est,
2785 2785 3142 2841 Cretensium.
3169 2785 3276 2840 Sed
3315 2787 3440 2855 quia
3481 2785 3650 2840 multa

2073 2879 2127 2935 in
2171 2881 2347 2936 medio
2393 2888 2552 2943 sunt,
2586 2889 2641 2935 et
2678 2879 2782 2934 hoc
2819 2877 3110 2934 absurdum
3139 2877 3374 2941 videtur,
3419 2886 3475 2931 et
3513 2876 3656 2932 forte

2071 2989 2232 3029 nemo
2263 2974 2508 3044 recipiat,
2538 2981 2823 3042 propterea
2850 2987 2971 3024 eum
3004 2969 3372 3040 superioribus
3401 2984 3520 3038 qua:
3541 2983 3654 3022 ma-

2073 3064 2156 3135 gis
2184 3063 2361 3119 vicina
2393 3071 2519 3118 sunt
2565 3063 2725 3117 aliter
2776 3061 3066 3129 aptandum
3115 3067 3218 3122 est,
3273 3069 3334 3112 ut
3369 3058 3608 3128 legamus
3633 3078 3650 3112 :

2077 3154 2210 3210 Sunt
2242 3165 2414 3209 autem
2440 3154 2593 3208 multi
2611 3162 2659 3207 et
2683 3168 2786 3206 non
2807 3152 3023 3216 subditi,
3049 3150 3314 3221 uaniloqui
3337 3159 3384 3205 et
3410 3151 3655 3204 seducto-

2082 3263 2184 3310 res,
2213 3246 2436 3300 maxime
2463 3247 2551 3316 qui
2583 3245 2648 3297 de
2676 3243 3069 3298 circumcisione
3099 3251 3254 3306 sunt,
3297 3259 3423 3313 quos
3453 3251 3652 3312 oportet

2083 3338 2358 3408 redargui,
2391 3338 2478 3408 qui
2507 3337 2772 3390 universas
2815 3334 2996 3387 domos
3039 3333 3367 3398 subvertant,
3415 3332 3654 3386 docentes

2079 3447 2196 3501 quae
2225 3429 2326 3483 non
2357 3437 2554 3498 oportet
2581 3427 2746 3497 turpis
2773 3426 2906 3495 lucri
2939 3426 3130 3496 gratia.
3167 3424 3316 3478 Dixit
3353 3425 3564 3494 quidam
3589 3439 3656 3478 ex

2082 3521 2185 3575 illis
2215 3521 2458 3590 proprius
2487 3535 2665 3571 eorum
2702 3518 2973 3587 propheta.
3012 3516 3081 3569 At
3121 3515 3173 3570 id
3199 3515 3343 3584 quod
3372 3514 3487 3568 ait:
3520 3511 3656 3567 Pro-

2078 3612 2224 3680 prius
2271 3626 2444 3664 eorum
2493 3608 2740 3678 propheta
2763 3648 2778 3671 ,
2821 3621 2926 3661 non
2962 3607 3028 3660 ad
3067 3604 3281 3659 Judacos
3318 3603 3653 3673 specialiter,

2081 3702 2176 3773 qui
2203 3700 2437 3756 maxime
2460 3700 2526 3754 de
2556 3698 2971 3754 circumcisione
3013 3704 3172 3761 sunt,
3214 3695 3306 3750 sed
3348 3695 3414 3749 ad
3456 3694 3663 3750 multos

2084 3791 2368 3856 referatur,
2398 3791 2490 3860 qui
2537 3805 2644 3844 non
2695 3788 2893 3843 subditi
2943 3797 3106 3849 sunt,
3148 3794 3204 3841 et
3251 3785 3551 3855 vaniloqui,
3597 3793 3658 3839 et

2085 3886 2344 3940 mentium
2380 3883 2716 3951 deeeptores,
2746 3879 2836 3948 qui
2867 3878 3054 3946 utique
3073 3876 3199 3945 quia
3223 3877 3277 3931 in
3303 3877 3460 3930 Creta
3478 3882 3656 3940 erant,

2085 3975 2374 4031 Cretenses
2392 3971 2560 4026 fuisse
2580 3969 2828 4025 credendi
2853 3976 2994 4023 sunt.
3015 3963 3279 4020 Cretenses
3296 3981 3494 4035 semper
3511 3980 3662 4018 men-

2085 4064 2256 4117 daces.
2283 4061 2395 4115 Hoc
2417 4060 2758 4130 Epimenides
2782 4060 2893 4112 sive
2924 4057 3282 4112 Callimachus
3313 4055 3658 4124 Cyrenensis,

2087 4154 2150 4208 de
2173 4153 2444 4206 Laudibus
2468 4149 2618 4205 lovis
2641 4157 2833 4204 contra
2862 4147 3148 4203 Cretenses
3173 4145 3328 4208 dixit,
3376 4146 3468 4214 qui
3511 4146 3663 4201 dice-

2087 4241 2217 4295 haut
2241 4240 2380 4309 apud
2411 4253 2505 4293 eos
2535 4237 2801 4306 sepultum
2845 4250 3006 4304 quem
3048 4242 3253 4302 raptum
3301 4233 3561 4301 putabant
3603 4234 3662 4288 in

2090 4331 2309 4386 curtum.
2344 4328 2495 4384 Hunc
2521 4336 2690 4382 totum
2718 4324 3042 4380 versiculum
3074 4323 3415 4391 Epimenides
3442 4325 3509 4379 de
3535 4339 3665 4380 ora-

2091 4427 2228 4481 culis
2271 4425 2582 4498 scriptitans
2629 4422 2792 4485 dixit;
2833 4429 2888 4476 et
2925 4419 3200 4489 proprium
3238 4417 3424 4471 vitium
3448 4417 3660 4488 gentis,

2091 4517 2232 4585 quod
2263 4524 2344 4571 est
2373 4512 2706 4568 mendacium
2727 4552 2741 4575 ,
2775 4511 2971 4580 arguit.
3005 4509 3072 4562 Et
3103 4507 3224 4562 ideo
3264 4508 3367 4562 hoc
3394 4505 3667 4561 versiculo

2093 4607 2290 4662 Paulus
2318 4605 2556 4660 abutitur
2580 4603 2822 4659 scribens
2849 4601 2915 4656 ad
2946 4600 3125 4654 Titum
3157 4608 3217 4653 ut
3241 4597 3405 4654 falsos
3435 4598 3664 4654 Creten-

2093 4695 2231 4749 sium
2283 4695 2530 4750 doctores
2575 4692 2794 4762 pr0prio
2849 4691 2900 4744 in
2950 4705 3048 4745 suo
3108 4690 3329 4745 doctore
3380 4698 3662 4754 conterat;

2095 4802 2254 4855 quem
2310 4785 2428 4839 ideo
2472 4783 2792 4854 prophetam
2843 4780 2992 4842 dicit,
3043 4781 3154 4834 sive
3191 4780 3255 4833 ad
3297 4779 3348 4834 id
3386 4779 3662 4842 alludens,

2098 4877 2242 4946 quod
2274 4877 2410 4929 tales
2442 4872 2734 4929 Christiani
2773 4871 2905 4924 tales
2944 4879 3256 4925 mereantur
3299 4870 3499 4925 habere
3540 4886 3668 4939 pro—

2097 4968 2309 5037 phetas,
2337 4982 2442 5035 quo
2472 4965 2628 5018 modo
2648 4972 2701 5017 et
2730 4962 3005 5032 propheta:
3036 4969 3190 5015 erant
3210 4960 3370 5024 Baal;
3399 4961 3509 5014 sive
3537 4976 3668 5014 vero

2096 5057 2221 5126 quia
2254 5057 2319 5109 de
2344 5054 2579 5109 oraculis
2605 5052 2897 5122 scripserat
2923 5058 3083 5120 atque
3112 5052 3407 5118 responsis,
3437 5065 3557 5120 quae
3583 5049 3670 5104 fu—

2098 5155 2219 5201 tura
2270 5145 2437 5200 multo
2481 5153 2605 5198 ante
2653 5143 3034 5212 prmdieebant.
3083 5139 3326 5209 Denique
3374 5141 3486 5208 ipse
3532 5141 3673 5195 liber

2097 5235 2452 5292 Oraculorum
2484 5233 2637 5288 titulo
2664 5239 3014 5303 praenotatur.
3047 5229 3204 5284 Malm
3227 5229 3401 5283 bestico
3420 5271 3434 5295 ,
3470 5241 3672 5284 ventres

2097 5328 2250 5400 pigri.
2283 5326 2336 5380 ln
2366 5325 2719 5380 Cretensibus
2757 5324 3002 5394 arguitur
3043 5321 3251 5376 falsitas
3283 5329 3340 5377 et
3378 5321 3667 5384 ferocitas,

2099 5433 2164 5473 ac
2192 5416 2456 5487 ingluvies
2473 5423 2527 5470 et
2547 5414 2835 5484 pigritudo.
2858 5412 3225 5467 Testimonium
3253 5413 3348 5466 hoc
3373 5427 3548 5465 verum
3571 5420 3672 5465 est.

2097 5507 2250 5575 Quod
2281 5506 2416 5560 dixit
2450 5505 2515 5558 de
2562 5503 2666 5558 illis
2706 5502 2957 5572 proprius
2991 5516 3177 5555 eorum
3219 5501 3503 5570 propheta.
3547 5497 3676 5552 Non

2099 5597 2420 5652 intendentes
2456 5593 2698 5649 Judaicis
2728 5593 2946 5663 fabulis.
2972 5591 3029 5647 Si
3060 5592 3182 5662 quis
3222 5600 3345 5661 post
3384 5590 3675 5644 adventum

2100 5688 2299 5744 Christi
2342 5686 2776 5748 circumciditur,
2824 5685 3067 5741 Judaicis
3119 5683 3288 5740 servit
3337 5681 3551 5736 fabulis.
3604 5681 3679 5736 Et

2104 5780 2361 5834 ttmtdutis
2393 5777 2677 5832 hominum.
2711 5779 2751 5833 Τ
2759 5779 3112 5832 raditionihus
3150 5777 3448 5832 hominum.
3483 5773 3683 5828 Adver-
