3982 6198
235 316 347 374 245

1302 309 1632 366 COLLECT.
1675 305 1744 362 IN
1781 305 1997 362 EPIST.
2037 306 2131 362 AD
2168 303 2403 362 TITUM.

3381 302 3488 357 2ιὸ

235 428 476 486 sontium
499 439 556 479 se
580 440 612 478 a
639 421 878 478 veritate.
914 419 1048 476 Novi
1086 419 1290 477 scilicet
1321 419 1669 477 ’l'cstamenti.
1704 417 1825 472 Om-
1852 417 1900 476 A
1927 414 2086 471 Aliud
2109 424 2194 472 est
2217 415 2362 471 enim
2385 428 2572 469 sanam
2599 412 2899 468 doctrinam
2931 411 3097 482 loqui,
3122 410 3265 468 aliud
3285 428 3349 469 ea
3370 429 3488 483 qua:

236 521 333 574 nia
357 514 557 571 munda
583 513 818 566 mundis.
844 511 980 578 Quia
1013 511 1190 566 adhuc
1216 513 1511 568 secundum
1531 511 1701 580 legem
1725 510 1826 563 im-

241 607 445 662 munda
467 606 757 660 vocabant.
786 603 977 658 Omnia
1005 603 1220 658 munda.
1251 603 1347 660 His
1374 603 1622 656 videlicet
1649 601 1740 670 qui
1767 600 1823 655 in

242 700 462 756 Christo
480 695 730 757 credunt,
757 705 812 750 et
837 696 1015 750 sciunt
1047 710 1261 749 omnem
1289 704 1594 750 creaturam
1627 693 1824 747 bonam

245 802 388 852 esse,
415 797 471 842 et
495 787 632 840 nihil
650 784 1016 853 obiiciendum
1039 787 1180 854 quod
1198 800 1322 839 cum
1342 785 1634 855 gratiarum
1658 784 1825 838 actio-

246 892 312 933 ne
339 877 662 948 percipitur.
695 873 1062 945 Coinquinatis
1090 884 1270 928 autem
1293 884 1341 927 et
1366 873 1663 941 inﬁdelibus
1697 873 1827 926 nihil

247 980 318 1024 est
350 968 636 1031 mundum,
667 965 758 1020 sed
789 967 1077 1036 inquinata:
1130 972 1252 1018 sunt
1288 979 1466 1017 eorum
1511 972 1557 1016 et
1593 978 1738 1016 mens
1779 972 1827 1015 et

247 1060 588 1115 conscientia.
623 1057 918 1127 Propterea
964 1057 1128 1110 etiam
1178 1071 1297 1124 qua:
1335 1062 1458 1110 sunt
1500 1055 1698 1108 munda
1731 1068 1829 1122 per

249 1159 524 1212 naturam,
554 1149 636 1202 eis
667 1147 943 1201 immunda
976 1146 1130 1212 fiunt,
1163 1160 1269 1200 non
1300 1160 1407 1214 quo
1436 1144 1521 1198 vel
1568 1144 1826 1198 mundum

247 1239 448 1308 aliquid
479 1238 565 1292 vel
592 1237 928 1291 immundum
946 1237 1046 1300 sit,
1078 1235 1170 1290 sed
1197 1250 1295 1304 pro
1321 1233 1579 1303 qualitate
1599 1248 1826 1288 vescen-

250 1333 405 1393 tium,
434 1337 492 1383 et
527 1329 785 1382 mundum
815 1328 1053 1390 mundis,
1099 1334 1157 1381 et
1202 1326 1536 1380 immundum
1566 1325 1830 1380 contami-

245 1421 389 1472 natis
421 1418 537 1481 ﬁat,
565 1417 764 1485 alioqui
795 1416 1036 1470 inﬁdeles
1053 1430 1294 1486 quosque
1318 1425 1371 1469 et
1391 1415 1643 1480 pollutos,
1664 1415 1829 1468 etiam

247 1508 407 1580 panis
436 1505 830 1561 benedictionis
854 1515 909 1560 et
951 1505 1092 1560 calix
1134 1506 1450 1560 Dominicus
1499 1521 1605 1559 non
1637 1504 1825 1572 juvat,

245 1605 371 1673 quia
412 1603 504 1673 qui
539 1602 817 1656 comederit
843 1601 1055 1669 indigne
1084 1601 1146 1654 de
1173 1617 1306 1670 pane
1333 1600 1425 1653 illo
1443 1640 1465 1663 ,ς
1492 1608 1540 1654 et
1569 1600 1634 1653 de
1669 1599 1832 1653 calice

245 1693 454 1755 biberit,
477 1692 746 1761 judicium
793 1691 889 1744 sibi
918 1690 1200 1743 mondttcui
1239 1699 1288 1742 et
1331 1690 1456 1743 bibit
1483 1689 1534 1760 (l
1565 1689 1687 1743 Cor.
1724 1691 1824 1760 χι).

245 1756 568 1838 Cornmunia
597 1789 774 1835 autem
804 1789 861 1836 et
890 1781 1078 1835 illicita
1125 1781 1178 1834 in
1214 1780 1328 1850 lege
1365 1756 1821 1849 prohibebantur;
1855 1756 1900 1814 Β

248 1875 487 1928 adventu
518 1871 718 1927 Christi
748 1879 972 1942 purgata
999 1877 1126 1926 sunt
1153 1871 1333 1925 omnia
1362 1888 1375 1923 :
1403 1885 1525 1940 qute
1558 1870 1648 1924 ille
1677 1885 1830 1924 mun-

249 1961 430 2024 davit,
473 1975 572 2015 nos
611 1958 1012 2015 commtinicare
1044 1975 1185 2014 nunc
1204 1974 1525 2029 possumus:
1565 1959 1619 2012 in
1673 1959 1829 2014 nobis

249 2054 434 2121 uﬂqtle
463 2061 550 2105 est
587 2050 672 2106 vel
717 2051 910 2106 munda
939 2051 1222 2106 comedere
1243 2089 1258 2113 ,
1302 2049 1384 2104 vel
1431 2049 1727 2103 immunda.
1770 2047 1828 2102 Si

248 2144 390 2196 enim
418 2143 610 2197 mundi
640 2157 827 2196 sumus
848 2183 861 2207 ,
891 2143 1090 2195 munda
1121 2142 1279 2196 nobis
1319 2150 1404 2195 est
1449 2151 1738 2195 creatura:
1782 2141 1829 2195 si

247 2245 427 2289 autem
478 2234 744 2288 immundi
791 2243 848 2289 et
889 2234 1164 2299 inﬁdeles,
1197 2233 1332 2289 [lunt
1375 2235 1533 2290 nobis
1577 2235 1829 2290 universa

250 2325 580 2387 communia,
609 2324 722 2377 sive
744 2339 841 2393 per
866 2324 1255 2379 inhabitantem
1279 2325 1333 2378 in
1357 2324 1607 2378 cordibus
1631 2324 1831 2378 nostris

253 2417 503 2468 haeresim
524 2452 540 2478 ,
571 2413 687 2468 sive
728 2429 828 2482 per
863 2414 1247 2468 conscientiam
1290 2413 1627 2468 delictorum.
1657 2412 1830 2482 Conﬁ-

252 2516 422 2558 tentur
443 2521 501 2559 se
523 2520 674 2558 nosse
704 2504 892 2568 Deum,
923 2505 1077 2574 factis
1102 2515 1274 2558 autem
1307 2514 1526 2575 negant,
1571 2523 1687 2559 cum
1727 2508 1832 2560 sint

252 2594 537 2648 abominati
559 2604 610 2648 et
637 2594 991 2660 incredibiles,
1015 2603 1064 2648 et
1089 2593 1160 2648 ad
1189 2610 1341 2648 omne
1363 2611 1491 2665 Opus
1529 2595 1718 2649 bonum
1749 2611 1832 2649 re-

253 2684 417 2752 probi.
441 2683 744 2739 Estimant
766 2685 979 2754 quidem
1007 2685 1060 2738 in
1086 2700 1151 2740 eo
1179 2685 1346 2739 Deum
1372 2693 1578 2739 tantum
1611 2687 1795 2754 negari
1813 2726 1829 2751 ,

254 2775 296 2828 si
325 2776 380 2828 in
407 2774 784 2844 persecutione
810 2776 936 2842 quis
967 2789 996 2828 a
1025 2775 1276 2845 gentibus
1303 2776 1723 2844 comprehensus
1752 2791 1836 2830 re-

255 2865 430 2919 tulerit
449 2863 754 2918 Christum.
781 2864 918 2918 Ecce
947 2863 1232 2933 Apostolus
1258 2865 1511 2918 omnibus
1547 2879 1666 2933 quae
1707 2880 1834 2934 per-

256 2971 407 3009 versa
457 2963 588 3008 sunt
630 2954 791 3008 factis
835 2954 1004 3007 Deum
1039 2954 1238 3008 asserit
1282 2953 1561 3024 denegari.
1588 2951 1836 3009 Christus

254 3047 521 3118 sapientia
548 3054 655 3110 est,
680 3046 893 3116 justitia
918 3054 1025 3109 est,
1057 3044 1260 3099 veritas
1285 3052 1386 3108 est,
1424 3043 1684 3098 sanctitas
1711 3053 1794 3097 est
1815 3085 1830 3111 ,

255 3138 518 3193 fortitudo
559 3147 644 3194 est
677 3155 690 3191 :
723 3146 952 3207 negatur
990 3152 1088 3206 per
1119 3136 1484 3206 insipientiam
1529 3136 1794 3206 sapientia
1815 3175 1832 3200 ,

256 3243 352 3300 per
379 3229 724 3284 mendacium
748 3231 970 3292 veritas,
1001 3243 1097 3298 per
1123 3229 1506 3298 turpitudinem
1536 3229 1796 3284 sanctitas
1815 3269 1834 3294 ,

255 3335 349 3390 per
378 3319 804 3375 imbecillitatem
851 3321 1014 3374 animi
1059 3320 1335 3376 fortitudo.
1381 3321 1446 3373 Et
1485 3323 1834 3389 quotiescun-

245 3425 362 3479 que
389 3411 662 3464 vincimur
688 3410 835 3463 vitiis
863 3418 1024 3479 atque
1049 3410 1285 3480 peccatis
1303 3450 1318 3476 ,
1349 3411 1508 3465 toties
1546 3409 1832 3464 Dominum

257 3516 549 3572 negaretis;
577 3509 637 3554 ut
657 3514 688 3554 e
710 3501 978 3555 contrario
999 3501 1210 3568 quoties
1234 3501 1371 3555 bene
1393 3501 1622 3571 agimus,
1651 3501 1838 3554 Domi-

260 3607 386 3646 um
413 3590 755 3646 conﬁtemur.
791 3589 898 3644 Nec
927 3592 1297 3645 arbitrandum
1328 3599 1411 3645 est
1441 3592 1494 3644 in
1535 3592 1621 3646 die
1647 3591 1835 3660 judicii

260 3684 381 3736 illos
431 3690 643 3735 tantum
691 3697 722 3735 a
762 3680 858 3735 Dei
889 3682 997 3736 lilio
1026 3682 1393 3750 denegaudos,
1439 3682 1530 3750 qui
1573 3681 1838 3751 martyrio

259 3774 538 3828 Christum
575 3781 932 3843 negaverunt;
967 3773 1060 3828 sed
1085 3788 1182 3840 per
1209 3774 1389 3826 omnia
1419 3788 1604 3841 opera,
1631 3787 1836 3825 sermo-

261 3881 391 3928 nes,
439 3865 802 3934 cogitationes
848 3865 1119 3919 Christum
1157 3863 1242 3918 vel
1281 3872 1506 3934 negatus
1535 3875 1721 3933 negat,
1753 3865 1837 3918 vel

263 3957 550 4012 confessus
575 3957 878 4012 conﬁtetur.
910 3957 1004 4010 Est
1025 3964 1080 4009 et
1107 3956 1352 4025 quaedam
1382 3955 1645 4011 laudanda
1677 3971 1840 4026 nega-

264 4051 373 4114 tio,
417 4050 487 4103 de
532 4063 639 4119 qua
663 4059 720 4102 et
756 4049 869 4117 ipse
895 4049 1092 4104 Paulus
1128 4048 1407 4117 apostolus
1438 4049 1550 4102 ait:
1579 4049 1835 4119 Apparuit

264 4142 404 4192 enim
434 4141 606 4208 gratia
635 4139 728 4192 Dei
770 4149 818 4192 et
846 4137 1136 4193 Saluatoris
1161 4139 1326 4192 nostri
1351 4138 1588 4192 omnibus
1610 4139 1837 4192 homini-

264 4230 384 4293 bus,
414 4229 658 4283 erudiens
684 4246 801 4293 nos,
823 4239 879 4281 ut
907 4229 1216 4298 abnegantes
1253 4230 1571 4299 impietatem
1603 4238 1652 4282 et
1675 4245 1838 4284 διεσα-

266 4323 404 4374 (aria
431 4322 711 4387 desideria,
733 4320 920 4385 sobrie,
945 4330 992 4374 et
1012 4320 1178 4389 juste,
1198 4329 1245 4373 et
1270 4321 1352 4389 pie
1372 4321 1602 4374 vivamus
1625 4320 1679 4373 in
1705 4337 1840 4390 prcc-

265 4415 402 4466 senti
427 4412 620 4466 sa'culo
637 4453 652 4478 ,
683 4421 1030 4480 exspectantes
1055 4411 1257 4464 beatam
1281 4427 1420 4480 spem
1439 4451 1454 4474 ,
1484 4420 1530 4464 et
1563 4413 1838 4463 adventum

267 4505 452 4575 glorite
499 4504 677 4573 magni
716 4502 810 4555 Dei
838 4512 884 4555 et
916 4500 1202 4555 Saluatoris
1242 4501 1406 4554 nostri
1444 4499 1573 4553 Iesu
1619 4497 1834 4553 Christi.

267 4597 440 4660 Quam
471 4594 809 4665 negationem
835 4592 924 4660 qui
956 4592 1268 4662 negaverit,
1311 4601 1366 4645 et
1407 4591 1558 4659 sequi
1595 4591 1842 4645 Salvato-

270 4699 385 4738 rcm
409 4683 640 4737 voluerit
684 4669 990 4752 loquentem
1020 4699 1032 4734 :
1066 4681 1374 4751 Quicunque
1415 4680 1632 4734 voluerit
1671 4683 1842 4735 venire

274 4774 339 4827 ad
370 4791 476 4835 me,
513 4775 723 4841 abneget
766 4775 1126 4842 semetipsum,
1165 4780 1220 4824 et
1263 4772 1342 4825 sic
1384 4779 1577 4825 exutus
1608 4782 1841 4826 veterem

273 4865 545 4919 hominem
571 4879 693 4918 cum
721 4864 974 4931 operibus
1002 4861 1117 4929 ejus
1137 4902 1151 4925 ,
1182 4869 1236 4915 et
1275 4860 1493 4915 indutus
1533 4875 1728 4914 novum
1757 4875 1844 4913 se-

275 4964 472 5026 quatur
518 4955 801 5007 Dominum
854 4967 1029 5005 suum.
1077 4951 1354 5018 Quomodo
1403 4958 1582 5005 autem
1626 4950 1746 5020 quis
1787 4964 1846 5004 se

275 5041 993 5118 Wcoutcmplandum
1031 5050 1131 5094 est.
1163 5041 1395 5095 Pudicus
1432 5037 1809 5094 fornicatorem
1833 5076 1847 5102 ,

465 5134 617 5204 prius
662 5130 840 5185 fuerat
890 5140 1088 5201 negat,
1144 5131 1360 5199 sapiens
1412 5129 1845 5198 imprudentem,

269 5222 444 5292 justus
493 5222 750 5291 injustum
778 5263 792 5286 ,
851 5220 1004 5274 fortis
1056 5219 1346 5274 inﬁrmum.
1393 5219 1462 5273 Et
1503 5227 1566 5273 ut
1607 5219 1660 5272 in
1701 5233 1850 5272 com-

277 5331 434 5372 mune
484 5317 549 5372 de
589 5315 846 5372 omnibus
901 5313 1131 5383 loquar,
1179 5313 1341 5367 toties
1393 5326 1493 5365 nos
1548 5325 1843 5380 negamus,

276 5411 502 5477 quoties,
530 5409 663 5461 vitia
694 5407 876 5476 priora
902 5405 1194 5468 calcantes,
1224 5403 1521 5457 desinimus
1557 5415 1678 5456 esse
1703 5401 1846 5470 quod

275 5507 397 5555 ante
424 5498 644 5553 fuimus.

888 5581 1112 5637 CAPUT
1164 5581 1226 5635 Il.

343 5678 416 5735 Tn
464 5691 642 5733 autem
686 5676 898 5744 loquere
938 5688 1054 5741 qua!
1089 5673 1268 5725 decent
1311 5687 1494 5723 sanant
1533 5671 1846 5723 doctrinam.

1925 522 2073 562 sana:
2118 507 2375 562 doctrina:
2421 505 2747 560 conveniunt
2795 505 3022 559 docere:
3058 505 3184 574 quia
3226 505 3282 560 in
3319 505 3490 562 altero

1924 597 2151 667 simplex
2183 605 2390 651 tantum
2408 604 2490 651 est
2517 595 2811 660 institutio;
2837 595 2888 649 in
2913 595 3086 650 altero
3112 611 3233 650 cum
3259 611 3325 652 eo
3347 597 3492 667 quod

1924 687 2120 743 doceas
2163 688 2288 741 vita:
2337 701 2551 756 quoque
2601 685 2911 754 correpti-0:
2951 684 3054 750 Qui
3098 687 3236 739 enim
3285 687 3492 740 solverit

1924 792 2085 830 unum
2107 777 2170 829 de
2190 776 2450 829 mandatis
2479 774 2737 838 minimis,
2773 785 2819 826 et
2845 773 3080 827 docuerit
3111 775 3186 828 sic
3205 813 3220 839 ,
3247 776 3494 830 minimus

1924 870 2194 924 vocabitur
2233 869 2286 921 in
2339 882 2493 936 regno
2536 866 2780 920 caelorum
2824 866 3037 935 (Matth.
3081 866 3157 938 v).
3213 867 3494 924 Salvatore

1924 961 2274 1030 praecipiente
2319 957 2631 1026 discipulis,
2676 971 2784 1010 non
2829 957 3002 1012 solum
3049 957 3104 1010 in
3149 959 3497 1013 meditatione

1927 1049 2330 1118 Scripturarum
2382 1062 2475 1101 eos
2519 1047 2765 1100 laborare
2812 1046 3047 1110 debere,
3097 1055 3157 1100 ut
3193 1063 3312 1116 quae
3357 1049 3493 1108 seri.—

1926 1150 2018 1210 pta
2073 1151 2200 1195 sunt
2243 1139 2538 1209 replicent,
2591 1147 2646 1192 et
2691 1138 2926 1192 condant
2973 1138 3026 1190 in
3067 1138 3324 1192 memoria
3377 1139 3497 1194 the-

1928 1248 2140 1298 sauros,
2166 1232 2259 1286 sed
2285 1231 2443 1301 prius
2466 1230 2667 1285 faciant
2697 1245 2817 1298 qum
2858 1238 3126 1300 praecepta
3169 1239 3312 1284 sunt.
3359 1230 3493 1296 Qui-

1928 1340 2130 1394 cunque
2154 1339 2275 1393 ergo
2317 1321 2494 1391 fecerit
2521 1331 2566 1375 et
2597 1321 2852 1386 docuerit,
2876 1319 2965 1374 ille
2985 1336 3205 1390 magnus
3228 1321 3500 1375 vocabitur

1927 1416 1983 1468 in
2011 1429 2166 1483 regno
2190 1411 2454 1465 caelorum.
2479 1410 2592 1465 Nisi
2619 1411 2763 1464 enim
2790 1424 3139 1481 supergressa
3162 1408 3327 1465 fuerit
3345 1411 3504 1481 justi-

1929 1503 2001 1556 tia
2029 1509 2212 1555 nostra
2236 1499 2551 1554 Scribarum
2581 1514 2646 1552 ac
2665 1498 3062 1552 Pharisaeorum
3080 1497 3371 1566 justitiam,
3393 1515 3502 1555 non

1928 1605 2213 1662 possumus
2260 1588 2466 1658 ingredi
2504 1589 2559 1641 in
2611 1601 2833 1656 regnum
2875 1587 3160 1641 caelorum.
3191 1587 3294 1654 Qui
3336 1603 3499 1658 supra

1931 1681 2099 1750 Moysi
2129 1681 2443 1735 cathedram
2476 1679 2744 1743 sedentes,
2775 1678 2960 1732 dicunt
2985 1686 3039 1732 et
3067 1692 3172 1732 non
3201 1677 3424 1742 faciunt,
3447 1687 3502 1734 et

1929 1770 2148 1841 alligant
2175 1783 2337 1826 onera
2360 1768 2718 1836 importabilia
2749 1783 2870 1836 quae
2898 1767 3201 1822 cervicibus
3223 1767 3499 1823 hominum

1928 1862 2230 1932 imponunt,
2265 1868 2320 1914 et
2356 1859 2458 1928 ipsi
2487 1858 2711 1912 minimo
2749 1859 2914 1928 digito
2960 1857 3148 1912 nolunt
3186 1873 3250 1912 ea
3289 1859 3502 1914 contin-

1928 1965 2074 2020 gere.
2117 1948 2232 2004 Hoc
2269 1949 2434 2020 igitur
2471 1963 2615 2002 mmo
2652 1947 2946 2016 Apostolus
2985 1947 3308 2016 discipulum
3345 1962 3507 2003 suum

1930 2041 2114 2104 docet,
2162 2047 2225 2093 ut
2261 2053 2326 2092 ea
2371 2037 2622 2106 loquatur
2665 2051 2787 2105 qua:
2827 2050 2972 2090 sanae
3014 2035 3272 2090 doctrina:
3311 2049 3507 2090 conve-

1930 2129 2104 2192 niunt,
2133 2127 2259 2197 quia
2301 2135 2431 2180 tunc
2457 2125 2714 2180 doctrinae
2742 2124 2806 2179 ﬁt
2839 2124 3072 2191 sani-tas,
3102 2139 3226 2179 cum
3269 2125 3506 2181 doctoris

1930 2216 2172 2272 doctrina
2196 2215 2401 2286 pariter
2425 2223 2479 2268 et
2509 2215 2626 2268 vita.
2647 2215 3010 2269 consentiunt.

2001 2306 2186 2372 Senes,
2211 2315 2265 2360 ut
2287 2305 2447 2362 sobrii
2471 2305 2596 2369 sint,
2617 2304 2812 2376 pudici,
2835 2305 3136 2375 prudentes,
3163 2304 3280 2358 sani
3302 2304 3355 2357 in
3375 2301 3504 2372 ﬁde,

1929 2398 1985 2452 in
2007 2396 2303 2462 dilectione,
2340 2397 2396 2450 in
2420 2396 2693 2468 patientia.
2716 2394 3054 2453 Generaliter
3076 2395 3199 2452 Tito
3222 2402 3349 2450 ante
3374 2410 3506 2464 pm-

1931 2487 2136 2558 eipiens
2149 2486 2278 2556 quid
2291 2487 2435 2556 loqui
2451 2486 2674 2541 deberet
2691 2485 2761 2540 ad
2786 2493 3028 2550 cunctos,
3054 2486 3108 2538 in
3132 2499 3197 2542 eo
3221 2485 3365 2556 quod
3389 2485 3498 2538 ait:

1934 2575 2011 2629 Tu
2025 2592 2142 2630 vero
2170 2575 2376 2646 loquere
2395 2591 2456 2628 ea
2477 2590 2594 2645 qua:
2619 2573 2800 2627 decent
2824 2590 3016 2627 sanam.
3033 2573 3347 2637 doctrinam,
3365 2587 3508 2626 nunc

1931 2678 2030 2734 per
2055 2662 2295 2733 singulas
2323 2663 2534 2734 species
2563 2662 2692 2731 quid
2718 2675 3154 2730 unamquamque
3174 2669 3387 2716 aetatem
3414 2661 3510 2716 de-

1933 2761 2072 2815 ceat,
2103 2752 2376 2823 exprimit.
2406 2751 2650 2806 Primum
2685 2751 2904 2806 senibus
2935 2751 3068 2805 viris
3098 2750 3469 2805 convenientia
3489 2790 3504 2814 ,

1934 2844 2192 2909 secundo,
2213 2858 2350 2900 anus
2369 2843 2500 2914 quid
2525 2843 2732 2906 deceat,
2757 2842 2918 2896 tertio
2944 2857 3062 2912 qua:
3074 2841 3508 2897 adolescentibus

1935 2947 2059 3008 apta
2080 2944 2224 3000 sunt,
2257 2943 2366 2990 tam
2397 2936 2639 2990 maribus
2658 2935 2905 2990 videlicet
2931 2951 3090 3005 quam
3116 2935 3330 2990 feminis
3353 2951 3508 2990 man-

1937 3029 2061 3082 data
2111 3027 2360 3096 subiicit,
2411 3035 2657 3082 extremo
2700 3028 2765 3082 de
2811 3026 3202 3082 servis..Senes
3248 3036 3305 3080 ut
3351 3028 3510 3082 sobrii

1937 3119 2060 3173 sint.
2092 3116 2149 3172 Id
2175 3126 2286 3181 est,
2335 3133 2440 3171 non
2486 3117 2768 3171 luxuriosi.
2805 3116 3012 3170 Pudici.
3061 3114 3176 3170 Non
3219 3115 3508 3171 libidinosi.

1937 3213 2081 3266 Anus
2121 3210 2363 3265 similiter
2399 3211 2453 3263 in
2496 3209 2677 3263 habitu
2709 3219 2922 3273 sancto,
2956 3225 3060 3262 non
3103 3209 3511 3274 criminutrioes,

1937 3326 2041 3363 non
2071 3307 2233 3362 multo
2264 3308 2382 3361 vino
2407 3306 2706 3370 servientes,
2739 3304 2864 3358 bene
2907 3304 3148 3358 docentes
3183 3311 3241 3355 ut
3277 3302 3510 3372 pruden-

1937 3403 2065 3454 tiam
2093 3399 2337 3453 doceant.
2371 3397 2484 3452 Hoc
2517 3406 2619 3462 est,
2653 3397 2727 3450 ita
2754 3396 2864 3451 sint
2887 3405 2946 3450 ut
2975 3394 3078 3448 viri
3104 3407 3293 3458 senes,
3316 3391 3372 3446 in
3397 3407 3516 3446 om-

1938 3491 2096 3544 nibus
2123 3488 2337 3553 sobriaa,
2361 3495 2414 3541 et
2443 3487 2706 3551 honestae,
2737 3486 2978 3556 pudicae,
3004 3499 3150 3539 sana:
3191 3484 3244 3537 in
3286 3481 3420 3545 ﬁde,
3448 3489 3504 3536 et

1938 3577 2228 3642 cbaritate,
2259 3584 2316 3630 et
2337 3575 2618 3643 patientia,
2649 3581 2706 3628 et
2731 3589 2829 3641 pro
2854 3588 2983 3628 sexu
3014 3586 3112 3626 suo
3150 3571 3383 3624 habeant
3410 3569 3512 3624 hoc

1938 3667 2219 3738 proprium
2250 3682 2264 3718 :
2304 3663 2370 3718 Ut
2411 3665 2514 3717 sint
2542 3666 2597 3716 in
2638 3663 2818 3715 habitu
2848 3670 3050 3717 sancto.
3082 3659 3138 3712 ld
3168 3667 3272 3724 est,
3303 3674 3410 3712 non
3455 3658 3514 3714 in

1942 3757 2097 3811 tortis
2122 3755 2381 3810 crinibus.
2417 3752 2540 3806 Non
2581 3751 2974 3806 criminatrices.
3000 3749 3511 3818 Blaspbematrices,

1939 3847 2023 3902 vel
2048 3844 2449 3900 accusatrices:
2482 3843 2584 3896 hoc
2627 3841 2815 3909 utique
2860 3840 2987 3910 quia
3033 3840 3161 3910 ipsa:
3203 3839 3517 3900 adolescen-

1942 3939 2073 3993 tiam
2125 3936 2238 4007 jam
2287 3942 2638 4004 transgressae
2679 3938 2838 3997 sunt,
2883 3930 2948 3986 de
2994 3929 3517 3985 adolescentularum

1943 4031 2193 4086 :etatibus
2219 4043 2325 4082 non
2361 4026 2661 4095 disputent,
2693 4031 2749 4078 et
2775 4023 2958 4078 dicant
2983 4039 2998 4076 :
3022 4021 3115 4076 llla
3151 4022 3227 4077 sic
3264 4029 3512 4088 ornatur,

1944 4123 2033 4178 illa
2061 4122 2142 4177 sic
2161 4118 2412 4182 comitur,
2443 4117 2523 4171 sic
2554 4115 2642 4168 illa
2669 4113 2944 4184 procedit;
2981 4122 3127 4168 amat
3162 4113 3331 4179 illum,
3362 4130 3515 4170 ama-

1947 4223 2034 4268 tur
2063 4209 2266 4266 abillo.
2301 4207 2435 4264 Cum
2475 4205 2638 4261 etiam
2678 4204 2725 4258 si
2770 4203 2885 4258 haec
2923 4217 3049 4258 vera
3091 4207 3231 4269 sint,
3270 4219 3376 4258 non
3408 4213 3517 4258 tant

1946 4301 2086 4371 apud
2129 4307 2358 4355 cteteros
2381 4297 2574 4351 debeat
2604 4309 2861 4349 accusare
2897 4308 3055 4362 quam
3094 4293 3263 4363 ipsam
3309 4303 3520 4351 secrete

1947 4395 2149 4450 Christi
2190 4391 2453 4447 cbaritate
2503 4389 2798 4458 corripere,
2823 4394 2876 4439 et
2900 4385 3073 4454 magis
3111 4385 3305 4441 docere
3335 4403 3404 4442 ne
3430 4386 3514 4442 fa-

1946 4485 2087 4547 ciat,
2126 4496 2287 4551 quam
2328 4481 2382 4533 in
2427 4477 2641 4548 publico
2687 4489 2943 4532 accusare
2974 4474 3116 4546 quod
3153 4474 3362 4530 fecerit.
3395 4474 3522 4530 Non

1947 4573 2064 4626 vino
2110 4567 2273 4623 multo
2312 4565 2607 4621 servientes.
2653 4564 2944 4634 Signanter
2991 4571 3050 4618 et
3095 4576 3352 4633 expresse
3394 4564 3516 4618 ait:

1951 4663 2074 4717 Non
2103 4660 2220 4714 vino
2258 4656 2422 4710 nmlto
2453 4656 2749 4710 servientes.
2795 4654 3040 4710 Servitus
3081 4654 3224 4710 enim
3273 4653 3522 4724 quaedam

1948 4762 2050 4817 est,
2081 4761 2138 4807 et
2169 4759 2410 4806 extrema
2438 4747 2696 4809 conditio,
2721 4749 2846 4800 vino
2874 4760 3068 4800 sensus
3096 4745 3332 4800 hominis
3359 4760 3525 4800 occu-

1951 4845 2087 4913 pari,
2119 4850 2174 4897 et
2202 4857 2307 4896 non
2334 4857 2488 4896 suum
2518 4856 2657 4903 esse,
2687 4842 2780 4894 sed
2809 4840 2938 4894 vini.
2963 4839 3102 4892 Bene
3121 4839 3362 4892 docentes
3379 4838 3520 4907 ﬁlias

1944 4953 2069 4990 suos
2092 4945 2145 4989 ut
2170 4934 2505 5006 prudentiam
2535 4933 2774 4987 doceant.
2812 4933 2948 4999 Quia
2983 4931 3164 4987 docuit
3196 4931 3382 5000 qua-les
3415 4933 3524 5001 pri-

1948 5041 2036 5080 mo
2079 5041 2216 5079 anus
2258 5039 2378 5078 esse
2406 5024 2698 5088 deberent,
2729 5033 2782 5078 et
2821 5031 2940 5092 post
2979 5036 3098 5090 (uite
3133 5037 3262 5077 eum
3295 5023 3527 5078 senibus

1950 5118 2082 5171 viris
2110 5117 2309 5171 habent
2333 5115 2656 5176 communia,
2688 5113 2853 5167 etiam
2882 5111 3316 5181 proprimeormn
3351 5129 3518 5182 expo-

1950 5209 2078 5271 suit,
2112 5216 2172 5261 ut
2202 5209 2472 5270 honeste,
2503 5215 2559 5268 et
2585 5203 2770 5258 habitu
2810 5194 3118 5268 sancto‘,.ct
3147 5203 3295 5260 omni
3325 5204 3526 5262 decore

1955 5301 2064 5355 sint
2089 5300 2279 5369 picum,
2307 5312 2406 5352 nec
2447 5296 2831 5360 accusatrices,
2873 5309 2974 5349 nec
3014 5295 3136 5350 aliis
3155 5295 3527 5362 detrahentes,

1955 5406 2056 5446 nec
2079 5390 2205 5444 vino
2227 5387 2474 5444 sensibus
2507 5386 2788 5456 occupatis
2805 5426 2820 5452 ,
2845 5401 2988 5441 ιιιιηο
3015 5394 3407 5454 consequenter
3421 5386 3526 5446 do»

1955 5484 2146 5540 ctrina:
2180 5481 2262 5536 eis
2297 5479 2448 5534 frena
2495 5479 2794 5549 permittit,
2845 5487 2906 5533 ut
2939 5493 3060 5534 cum
3107 5478 3243 5534 tales
3278 5476 3482 5536 iuerint
3505 5519 3522 5546 ,

1954 5571 2181 5629 docendi
2224 5569 2459 5625 habeant
2501 5568 2839 5635 libertatem,
2870 5577 2930 5624 ut
2966 5567 3171 5624 scilicet
3203 5567 3432 5626 doceant
3459 5583 3524 5625 ca

1956 5686 2076 5739 qua:
2102 5667 2243 5721 bona
2272 5671 2418 5719 sunt.
2453 5662 2602 5718 Licet
2622 5665 2764 5719 enim
2793 5663 2898 5718 alio
2919 5663 3038 5718 loco
3065 5661 3260 5720 dixerit
3287 5681 3298 5717 :
3326 5663 3522 5718 Docere
