3982 6198
417 276 518 331 2H

1785 270 2051 331 εευυιιι
2088 269 2285 330 SCO'l'l

3546 282 3656 339 248

416 389 719 446 mulieribus
746 388 798 442 in
823 389 1216 457 congregatione
1242 402 1345 440 non
1372 387 1611 455 permitto
1634 387 1756 450 ,θεία
1786 386 1978 441 intelli-
2005 390 2053 448 Α
2072 389 2240 458 jnste,
2268 396 2315 439 et
2341 388 2426 455 pie
2450 388 2682 440 vivamus
2704 388 2757 441 in
2788 387 2886 441 hoc
2905 387 3117 443 scutulo.
3147 388 3224 444 Ne
3242 388 3453 458 iustitia
3489 404 3661 452 teme-

416 480 647 552 gendum
688 487 799 543 est,
842 489 903 531 ut
950 478 1003 531 in
1032 476 1330 531 viros'illis
1363 477 1435 531 sit
1473 476 1721 531 doctrina
1744 476 1975 531 sublata.

414 569 680 626 Caeterum
724 567 1153 623 adulescentulas
1187 568 1416 623 doceant
1459 569 1613 636 quasi
1654 567 1794 622 ﬁlias
1823 583 1974 632 suas,

414 662 646 731 primum
690 660 1028 725 castitatem,
1068 659 1195 728 quia
1238 659 1523 713 adversum
1561 659 1701 713 hanc
1728 660 1897 727 magis
1924 660 1980 713 in

411 758 568 805 aetate
596 748 822 804 ﬂorente
855 758 1057 820 pugnat
1081 750 1352 814 inimicus,
1384 756 1439 804 et
1466 750 1639 804 virtus
1662 750 1778 817 ejus
1804 751 1984 805 omnis

411 849 601 895 contra
639 839 872 894 feminas
916 840 968 893 in
1013 839 1270 894 umbilico
1300 841 1509 894 ventris
1546 850 1660 905 est,
1700 842 1893 896 deinde
1919 851 1980 897 ut

409 935 592 981 ament
617 927 767 982 viros
798 942 943 992 suos,
973 927 1200 997 diligant
1243 928 1396 982 ﬁlios.
1438 928 1570 995 Quae
1605 929 1849 984 doctrina
1895 940 1980 986 est

407 1032 592 1072 amare
614 1017 780 1081 viros,
805 1031 927 1071 cum
952 1016 1056 1071 hoc
1076 1018 1257 1071 nonin
1290 1017 1504 1086 eloquio
1524 1019 1786 1085 docentis,
1810 1022 1903 1075 sed
1926 1023 1977 1076 in

407 1106 570 1161 corde
600 1108 832 1162 amantis
857 1108 932 1161 sit
946 1109 1334 1162 constitutum?
1354 1108 1479 1164 Vult
1506 1124 1601 1166 eas
1629 1126 1814 1167 amare
1836 1113 1985 1169 viros

407 1214 536 1254 suos
567 1208 746 1267 caste;
774 1202 885 1257 vult
917 1202 1059 1257 inter
1082 1203 1256 1258 virum
1282 1214 1338 1258 et
1361 1206 1642 1261 mulierem
1669 1220 1792 1263 esse
1818 1194 1976 1277 pndi-

406 1303 524 1343 cam
552 1290 916 1358 dilectionem,
957 1301 1019 1347 ut
1066 1308 1186 1349 cum
1231 1296 1436 1364 pudore
1469 1304 1525 1351 et
1555 1301 1899 1366 verecundia,
1925 1309 1982 1355 ct

404 1378 561 1446 quasi
593 1381 911 1436 necessitate
940 1396 1103 1438 sexus
1132 1384 1323 1439 reddat
1352 1386 1532 1455 potius
1572 1389 1814 1444 debitum
1853 1391 1979 1445 viro

405 1481 566 1535 quam
591 1469 705 1538 ipsa
732 1471 900 1539 exigit
929 1472 997 1526 ab
1023 1486 1109 1527 eo.
1144 1473 1210 1527 Et
1235 1474 1375 1543 ﬁlios
1399 1492 1523 1531 suos
1549 1488 1742 1532 ament.
1772 1479 1829 1533 id
1862 1489 1974 1545 est,

406 1567 464 1612 ut
493 1558 709 1614 eosdem
738 1561 791 1615 in
816 1561 910 1615 Dei
944 1564 1195 1619 erudiant
1223 1566 1531 1636 disciplina.

476 1649 543 1704 Ut
584 1668 687 1706 non
729 1652 1113 1725 blasphematur
1140 1674 1327 1712 nomen
1368 1659 1582 1715 Domini
1626 1662 1702 1716 uel
1743 1664 1969 1719 verbum.

2083 486 2200 531 rata
2228 476 2318 539 sit,
2347 476 2519 544 pietas
2541 474 2865 546 adjungitur.
2902 477 2966 530 Et
2990 479 3263 533 "undaret
3286 482 3385 535 sibi
3403 485 3659 553 populum

2080 564 2465 634 acceptabilem.
2498 563 2799 620 Cavcamus
2827 581 2979 635 ergo,
3007 568 3416 624 ne‘benelicium
3439 573 3656 629 irritum

2081 653 2365 709 faciamus.
2395 653 2525 709 [Im
2554 655 2782 725 loquere.
2808 656 3079 712 Doctrina.
3107 657 3420 715 Exhortare.
3459 663 3660 719 Exem-

2079 746 2187 816 plo.
2216 745 2407 815 Argue.
2434 746 2542 801 Eos
2579 747 2672 815 qui
2709 761 2816 801 non
2844 748 2919 802 ita
2946 748 3151 801 vivunt.
3176 746 3308 803 Cum
3338 754 3479 806 omni
3498 755 3662 822 impe-

2080 838 2179 890 rio.
2206 836 2297 891 Sic
2327 836 2572 903 intelligo
2596 838 2737 905 quod
2759 838 2836 891 ait
2860 856 2872 891 :
2899 838 3074 906 Argue
3092 855 3211 893 eum
3244 842 3386 894 omni
3410 842 3646 911 imperio,

2080 933 2139 979 ut
2164 925 2471 996 specialiter
2496 926 2563 979 ad
2594 926 3041 996 increpationem,
3070 936 3246 983 etnon
3273 929 3339 983 ad
3364 931 3468 985 duo
3488 948 3651 1001 supe-

2080 1018 2224 1071 riora
2255 1018 2309 1071 in
2331 1032 2617 1072 commune
2648 1018 2948 1084 referatur;
2981 1033 3153 1087 neque
3175 1022 3427 1076 convenit
3445 1025 3652 1090 dicere,

2079 1107 2367 1161 exhortare
2395 1122 2521 1162 cum
2547 1109 2696 1162 omni
2723 1109 2969 1178 imperio,
2998 1108 3092 1163 sed
3121 1113 3491 1167 tantummodo
3512 1155 3525 1177 ,
3557 1115 3659 1168 in-

2077 1211 2238 1266 crepa
2263 1211 2386 1251 cum
2407 1198 2553 1252 omni
2583 1198 2831 1267 imperio.
2869 1196 3036 1253 Nemo
3058 1209 3107 1253 te
3126 1211 3438 1256 contemnat.
3464 1203 3519 1258 ld
3541 1214 3652 1270 est,

2078 1284 2239 1341 talem
2266 1296 2317 1342 te
2341 1287 2561 1355 exhibe,
2593 1296 2653 1342 ut
2680 1290 2952 1344 contemni
2982 1305 3089 1345 non
3113 1292 3311 1360 possis.

2661 1438 2679 1455 .
2692 1398 2924 1454 CAPUT
2963 1399 3048 1454 lli.

2147 1466 2382 1521 Admone
2410 1466 2529 1521 illos
2576 1468 2900 1539 principibus
2942 1480 2989 1523 et
3031 1470 3372 1539 potestatibus
3402 1474 3650 1528 subditos

2075 1574 2202 1613 esse.
2237 1558 2306 1613 Ut
2331 1560 2388 1613 in
2407 1558 2694 1629 Evangelia
2722 1559 2921 1613 dicitur
2949 1578 2962 1613 :
2990 1558 3210 1615 Reddite
3226 1579 3345 1632 quae
3365 1572 3485 1615 sunt
3524 1561 3648 1616 Ca:-

2075 1650 2211 1704 saris
2251 1646 2450 1703 Caesari
2487 1648 2641 1720 (Luc.
2672 1648 2789 1720 xx).
2828 1649 2983 1704 Dicto
3019 1650 3328 1705 obedientes.
3356 1651 3415 1706 Si
3450 1652 3652 1706 bonum

406 1744 640 1797 Verbum
666 1743 879 1800 Domini
921 1747 1346 1816 blasphematur,
1389 1752 1475 1805 vel
1507 1768 1629 1807 cum
1676 1757 1974 1809 contemni-
2004 1733 2047 1790 Β
2076 1739 2238 1795 “lem
2269 1741 2412 1808 (Ιυοά
2439 1739 2795 1810 praecipiunt:
2823 1740 2870 1794 εί
2893 1754 3023 1794 vero
3048 1739 3271 1805 malum,
3292 1742 3654 1810 "3590040955

405 1841 495 1884 tur
520 1831 615 1886 Dei
661 1833 838 1900 prima
869 1836 1135 1889 sententia
1156 1877 1170 1901 ,
1196 1845 1251 1891 et
1277 1853 1377 1908 pro
1403 1839 1574 1894 nihilo
1601 1841 1850 1908 ducitur;
1887 1845 1971 1898 vel

402 1922 603 1978 Christi
643 1918 937 1979 infamatur
976 1929 1316 1999 evangelium
1343 1971 1357 1995 ,
1405 1932 1531 1986 dum
1566 1942 1754 1988 contra
1802 1936 1971 2006 legem

406 2012 671 2084 iidemque
699 2018 928 2082 naturae,
958 2030 1024 2072 ea
1048 2032 1167 2087 quze
1193 2018 1501 2076 Christiana
1521 2030 1624 2088 est,
1650 2038 1717 2077 ex
1739 2025 1832 2079 Dei
1858 2027 1973 2096 lege

401 2103 662 2173 subjecta,
689 2107 808 2161 viro
836 2107 1102 2178 imperare
1133 2109 1423 2176 desiderat,
1450 2128 1573 2167 cum
1604 2114 1767 2169 etiam
1802 2117 1976 2186 genti-

402 2195 478 2251 les
500 2195 714 2253 femina:
737 2198 870 2253 viris
896 2200 1010 2254 suis
1032 2201 1273 2255 serviant
1298 2202 1569 2257 communi
1594 2204 1713 2275 lege
1741 2220 1805 2259 na
1816 2215 1966 2261 turre.

399 2284 623 2341 quenes
653 2287 896 2342 similiter
937 2289 1233 2353 erhortare,
1279 2302 1335 2344 ut
1385 2292 1546 2346 sobrii
1574 2295 1698 2348 sint.
1732 2294 1882 2348 Sicut
1917 2298 1971 2349 in

399 2387 467 2428 eo
500 2375 644 2444 quod
669 2390 833 2445 supra
857 2387 1211 2448 praeceperat,
1238 2379 1456 2436 dicens:
1485 2382 1632 2436 Anus
1661 2382 1901 2438 similiter
1919 2384 1973 2438 in

401 2461 579 2517 habitu
622 2474 804 2518 saneto
830 2506 845 2531 ,
888 2466 1293 2524 similitudinem
1334 2485 1534 2526 annum
1569 2471 1880 2527 dixeramus
1906 2474 1972 2528 ad

401 2562 560 2607 senes
581 2567 808 2608 necesse
829 2554 1191 2623 referendam,
1218 2558 1292 2612 ita
1324 2561 1545 2615 nuncin
1574 2575 1640 2616 eo
1662 2566 1804 2633 quod
1836 2562 1976 2617 intu-

400 2643 485 2708 lit,
514 2643 738 2699 Iuvenes
760 2645 1002 2700 similiter
1028 2647 1290 2716 hortatur,
1318 2659 1377 2703 ut
1405 2650 1584 2721 pudici
1611 2652 1714 2706 sint
1739 2693 1752 2717 ,
1786 2650 1973 2707 simili-

402 2733 640 2788 tudinem
680 2732 943 2801 juvenum
986 2736 1053 2791 ad
1101 2752 1270 2804 anus,
1300 2746 1355 2794 et
1402 2754 1501 2808 per
1547 2756 1683 2796 anus
1723 2739 1791 2794 ad
1817 2755 1981 2796 senes

400 2824 733 2880 arbitramur
775 2828 1091 2896 aptandam,
1125 2837 1184 2884 ut
1221 2845 1412 2885 senum
1441 2831 1675 2886 habeant
1712 2831 1973 2886 sobrieta-

403 2927 532 2981 tem,
562 2925 617 2972 et
648 2918 861 2973 honesti
885 2919 992 2973 sint
1014 2961 1027 2985 ,
1077 2928 1132 2975 et
1170 2921 1385 2991 pudici,
1418 2930 1472 2976 et
1504 2922 1619 2976 sani
1649 2922 1704 2976 in
1744 2920 1876 2988 ﬁde,
1916 2932 1975 2979 et

400 3010 683 3076 charitate,
713 3020 769 3066 et
795 3013 1051 3081 patientia
1077 3031 1089 3067 :
1115 3030 1313 3069 annum
1337 3016 1388 3069 in
1413 3016 1599 3071 habitu
1627 3018 1966 3073 sanctitatem

2073 1830 2140 1883 de
2161 1829 2385 1884 Actibus
2414 1827 2778 1897 apostolorum
2810 1845 2823 1881 :
2859 1827 3083 1883 Obedire
3111 1840 3310 1900 oportet
3337 1830 3445 1885 Deo
3478 1834 3653 1901 magis

2071 1934 2230 1988 quam
2257 1917 2591 1986 principibus
2633 1916 2715 1971 vel
2748 1917 3042 1970 hominibus
3081 1917 3218 1988 (Act.
3244 1918 3361 1989 xv).
3388 1918 3509 1975 Non
3535 1920 3653 1973 liti-

2072 2008 2261 2077 giosos.
2294 2006 2431 2061 Nam
2458 2007 2683 2073 Christi,
2717 2007 2770 2064 id
2799 2015 2908 2073 est,
2938 2009 3089 2077 pacis
3127 2008 3268 2065 ﬁlios
3296 2024 3399 2065 non
3435 2020 3653 2081 oportet

2072 2097 2303 2168 litigare.

2140 2185 2221 2239 Ad
2247 2202 2422 2240 omnes
2449 2186 2704 2241 homines.
2731 2184 2847 2241 Non
2874 2186 3048 2243 solum
3092 2188 3160 2242 ad
3189 2187 3360 2243 bonos
3394 2190 3477 2243 vel
3505 2190 3648 2244 ami-

2072 2289 2183 2330 cos.
2216 2274 2281 2328 In
2310 2274 2534 2329 malitia.
2563 2276 2697 2331 Cum
2727 2286 3142 2347 persequeretur
3169 2278 3654 2334 Ecclesiant.-0di—

2073 2368 2218 2422 biles.
2246 2367 2499 2423 Odientes
2524 2369 2779 2424 invicem.
2799 2369 2930 2436 Quas
2959 2368 3136 2437 major
3162 2377 3343 2438 potest
3367 2370 3654 2425 malitiam

2072 2458 2273 2513 invidia
2304 2472 2444 2521 esse,
2475 2473 2638 2527 quam
2670 2466 2861 2515 contra
2889 2459 3142 2515 absentes
3177 2460 3436 2529 epistolas
3468 2476 3654 2516 sume-

2072 2564 2151 2614 re,
2174 2557 2229 2603 et
2251 2550 2431 2604 odisse
2452 2548 2810 2610 Christianos,
2841 2558 2895 2603 et
2919 2558 3317 2619 consequenter
3356 2551 3425 2605 ab
3466 2552 3651 2606 homi-

2072 2640 2229 2694 nibus
2266 2639 2448 2695 odium
2499 2640 2833 2708 promereri?
2865 2639 2991 2694 Sive
3022 2641 3122 2694 sub
3167 2656 3396 2710 persona
3444 2658 3538 2697 sua
3579 2644 3652 2698 de

2071 2729 2192 2784 aliis
2220 2729 2475 2799 loquitur.
2509 2727 2642 2784 Cum
2682 2741 2854 2785 autem
2906 2732 3196 2802 benignitas
3244 2742 3294 2786 et
3344 2735 3650 2791 humanitas

2071 2823 2338 2892 apparuit.
2382 2821 2705 2891 Diligentius
2749 2824 3111 2889 attendamus,
3142 2832 3200 2879 et
3224 2825 3559 2882 inveniemus
3589 2829 3647 2882 in

2070 2916 2322 2986 prmsenti
2346 2916 2583 2985 capitulo
2598 2917 3096 2973 manifestissimam
3122 2918 3463 2974 Trinitatem.
3487 2919 3649 2974 Beni-

2071 3008 2250 3077 gnitas
2278 3008 2476 3077 quippe
2506 3017 2671 3076 atque
2700 3008 2988 3063 clementia
3014 3009 3311 3066 Salvatoris
3331 3012 3498 3066 nostri
3523 3011 3641 3073 Dei.

401 3102 654 3166 habeant,
682 3111 745 3156 ut
788 3120 891 3157 non
936 3105 1042 3160 sint
1085 3117 1414 3161 acmsatores
1434 3149 1448 3173 ,
1494 3124 1595 3163 non
1641 3110 1757 3163 vino
1804 3110 1966 3165 multo
1995 3086 2038 3150 C
2071 3113 2177 3152 ιιοη
2203 3097 2428 3152 anulus
2453 3113 2615 3167 (ιιιίιηι
2643 3100 2737 3154 Del
2768 3099 2965 3164 Ρδίτέ»
2994 3116 3094 3170 De?
3120 3101 3397 3157 lavacrum
3420 3119 3649 3173 "980‘"?-

399 3194 706 3260 serrientes,
741 3193 1165 3262 bene‘dacetttes,
1187 3205 1245 3253 et
1270 3208 1487 3253 cetera.
1520 3199 1803 3268 Proprium
1839 3200 1968 3255 ado-

403 3286 785 3341 lescentiorum
811 3286 914 3341 hoc
942 3286 1142 3357 posuit,
1172 3296 1230 3341 ut
1255 3288 1436 3358 pudici
1471 3289 1576 3344 sint
1610 3289 1663 3343 in
1693 3290 1963 3356 omnibus,

401 3385 510 3431 tam
541 3378 747 3433 scilicet
768 3387 947 3433 mente
977 3393 1137 3448 quam
1178 3395 1434 3452 corpore,
1475 3390 1585 3436 tam
1610 3397 1777 3452 opere
1805 3396 1967 3451 quam

399 3468 742 3540 cogitatione,
770 3474 832 3524 ut
860 3469 1008 3523 nulla
1037 3469 1109 3525 sit
1136 3470 1189 3525 in
1221 3470 1562 3525 adolescente
1594 3471 1830 3539 suspicio
1853 3479 1969 3523 tur-

399 3559 674 3631 pitudinis.
721 3560 790 3615 Et
822 3560 951 3617 licet
992 3561 1213 3631 quidam
1253 3562 1319 3617 de
1347 3559 1555 3616 Latinis
1590 3562 1664 3615 ita
1699 3562 1969 3616 :estiment

399 3650 680 3721 legendum
720 3668 735 3704 :
764 3650 991 3706 Iuvenes
1035 3652 1278 3706 similiter
1317 3652 1528 3708 hortare
1550 3664 1605 3706 ut
1636 3652 1812 3723 pudici
1842 3652 1967 3717 sint,

398 3745 457 3792 ut
483 3744 669 3808 postea
693 3739 947 3807 inferant,
974 3741 1031 3795 in
1058 3740 1296 3796 omnibus
1321 3750 1370 3795 te
1393 3742 1560 3813 ipsum
1584 3742 1808 3812 formam
1832 3757 1968 3813 prm-

399 3828 518 3882 bens
540 3829 790 3884 bonorum
816 3847 1051 3901 operum,
1083 3840 1262 3887 tamen
1292 3833 1524 3888 sciamus
1555 3835 1607 3887 in
1638 3834 1873 3888 omnibus
1900 3833 1967 3888 ad

398 3918 703 3987 superiores
731 3933 852 3974 esse
880 3920 1244 3986 referendum,
1277 3922 1331 3976 id
1355 3930 1458 3986 est,
1487 3922 1698 3975 hortare
1715 3932 1769 3975 ut
1790 3922 1968 3993 pudici

398 4005 501 4058 sint
522 4005 577 4059 in
604 4006 863 4059 omnibus.
898 4006 1187 4062 Sciendum
1217 4023 1430 4079 quoque
1458 4010 1582 4075 hoc,
1612 4012 1754 4079 quod
1794 4012 1968 4065 conti-

396 4096 578 4149 nentia
623 4108 733 4150 non
781 4096 953 4149 solum
998 4098 1179 4150 carnis
1222 4113 1386 4167 Opere
1412 4108 1466 4154 et
1494 4101 1660 4154 animi
1702 4101 1963 4170 concupi-

396 4187 636 4251 scentia,
683 4186 777 4241 sed
829 4187 885 4240 in
933 4188 1181 4243 omnibus
1218 4191 1378 4245 rebus
1407 4193 1713 4246 necessaria
1752 4193 1822 4246 sit
1852 4209 1863 4245 :
1896 4207 1966 4247 ne

396 4274 630 4331 honores
656 4275 925 4332 indebitus
963 4286 1307 4349 appetamus,
1340 4295 1410 4335 ne
1441 4282 1798 4335 accendamur
1838 4296 1966 4335 ava-

396 4363 555 4431 ritia,
604 4374 673 4421 ne
715 4366 821 4421 ulla
872 4368 1125 4437 passione
1166 4383 1505 4439 superemur.
1536 4369 1603 4423 In
1640 4371 1877 4425 carnibus
1916 4381 1964 4426 te

2068 3187 2316 3252 rationis,
2337 3195 2394 3242 et
2419 3189 2825 3244 renovationem
2846 3189 3081 3260 Spiritus
3110 3194 3304 3258 sancti,
3328 3208 3489 3263 quam
3511 3194 3643 3249 cliu—

2065 3276 2149 3332 dit
2173 3279 2227 3333 in
2257 3294 2357 3333 nos
2381 3280 2719 3336 abundanter
2747 3297 2845 3352 per
2878 3281 3061 3337 Iesum
3095 3282 3371 3339 Christum
3400 3285 3644 3340 Salvato-

2068 3384 2182 3423 rem
2233 3376 2516 3436 nostrum,
2555 3368 2880 3438 justiﬁcavit
2920 3387 3021 3428 nos
3060 3374 3112 3427 in
3152 3374 3318 3429 vitam
3358 3384 3644 3432 aeternam.

2068 3458 2364 3513 Secundum
2389 3477 2530 3530 spem
2562 3462 2677 3515 vita:
2704 3472 2933 3518 teterntr.
2956 3463 3013 3518 ld
3037 3473 3121 3519 est
3139 3504 3158 3528 ,
3197 3479 3303 3519 non
3334 3466 3635 3520 secundum

2066 3549 2341 3603 carnalem
2381 3550 2772 3606 haereditatem.
2815 3551 3017 3608 Fidelis
3042 3570 3212 3608 sermo
3248 3566 3347 3609 est.
3373 3554 3455 3610 Ad
3482 3571 3645 3625 supe-

2068 3638 2212 3692 riora
2238 3636 2577 3711 jungendum
2610 3651 2716 3707 est,
2742 3642 2834 3697 ubi
2864 3644 2962 3708 ait,
2988 3643 3233 3699 hatredes
3259 3645 3449 3700 simus.

2139 3728 2207 3783 Et
2230 3730 2416 3784 dehis.
2447 3730 2504 3785 Id
2533 3745 2638 3795 est,
2677 3733 2744 3788 de
2782 3735 3123 3802 supradictis.
3183 3733 3311 3790 Volo
3358 3746 3406 3790 te
3451 3738 3645 3806 con/ir-

2069 3838 2233 3877 ritare.
2262 3821 2319 3879 id
2345 3831 2452 3889 est,
2482 3822 2839 3891 conﬁrmare,
2863 3841 2968 3881 non
3000 3826 3319 3883 inscientem
3349 3829 3643 3884 instruere.

2068 3912 2277 3968 Stultas
2294 3924 2467 3969 autem
2483 3917 2811 3986 qurestiones.
2830 3916 3065 3973 Plurima
3087 3921 3332 3990 exempla
3353 3930 3479 3976 sunt
3496 3937 3647 3991 quae.

2067 4003 2299 4065 rentium
2349 4019 2457 4060 non
2510 4013 2656 4061 recte
2716 4005 2907 4061 Deum.
2950 4008 3123 4064 Judaei
3174 4025 3339 4079 prave
3390 4022 3647 4078 quazrunt

2064 4089 2259 4150 Deum.
2286 4101 2570 4160 sperantes
2596 4109 2720 4148 eum
2751 4095 2980 4151 inveniri
3022 4113 3182 4167 posse
3225 4098 3345 4153 sine
3388 4099 3641 4156 Christo.

2064 4177 2313 4235 llasretici
2372 4198 2512 4237 vano
2569 4200 2881 4241 sermonum
2936 4188 3163 4256 strepitu
3216 4200 3647 4258 concrepantes,

2062 4278 2310 4338 quierunt
2333 4287 2494 4341 quem
2519 4274 2763 4330 invenire
2791 4292 2895 4332 non
2919 4288 3162 4347 possunt.
3182 4278 3490 4349 Philosophi
3511 4298 3648 4351 quo-

2062 4372 2166 4427 que
2200 4365 2258 4411 ct
2284 4358 2520 4426 barbari,
2563 4362 2629 4417 de
2672 4363 2782 4418 Deo
2827 4367 2978 4422 varia
3034 4368 3351 4433 sentientes,
3388 4381 3644 4439 qumrunt

391 4457 564 4527 ipsum
600 4458 839 4529 partem
874 4459 1097 4528 [οηιέαηι
1129 4437 1380 4514 bonarum
1414 4474 1643 4530 apem,
1671 4461 1811 4516 Νηιίι
1842 4477 1964 4530 pm.
1988 4437 2040 4496 D
2067 4447 2262 4513 Deum;
2286 4450 2380 4504 sed
2400 4452 2527 4520 quia
2550 4468 2655 4506 non
2679 4461 2826 4509 recte
2844 4456 3188 4523 quaesierunt,
3216 4437 3434 4512 fuerunt
3450 4473 3643 4514 eorum

393 4547 515 4602 dest
555 4547 788 4617 aliquem
838 4547 1191 4602 exercitatum
1218 4560 1357 4603 esse
1394 4549 1448 4603 in
1490 4549 1747 4613 dicendo,
1803 4557 1858 4604 et
1895 4549 1960 4603 ad

394 4636 720 4707 loquendum
748 4637 964 4692 trivisse
995 4637 1254 4708 linguam,
1283 4640 1385 4694 nisi
1423 4639 1544 4709 plus
1589 4640 1838 4709 exemplo
1867 4641 1962 4695 do-

393 4729 570 4785 cuerit
593 4744 754 4799 quam
776 4729 959 4785 verbo.
978 4730 1221 4802 Denique
1237 4733 1329 4802 qui
1348 4733 1647 4803 impudicus
1661 4743 1763 4799 est,
1779 4748 1964 4803 quiant-

393 4821 477 4875 vis
499 4820 734 4875 disertus
763 4820 851 4884 sit,
882 4819 926 4874 si
959 4820 1362 4876 ad'castitateru
1392 4822 1671 4876 audientes
1710 4823 1959 4876 cohorte-

392 4920 503 4977 tur,
543 4926 723 4968 sermo
756 4910 875 4980 eius
910 4910 1158 4966 inﬁrmus
1188 4921 1277 4966 est
1319 4926 1386 4967 ex
1419 4912 1739 4967 auctoritate
1769 4912 1965 4967 cohor-

394 5000 543 5057 tandi
583 5018 596 5055 :
637 5010 697 5056 ut
742 5017 773 5057 e
819 5002 1093 5057 contrario
1143 5002 1390 5071 quamvis
1436 5001 1507 5056 sit
1550 5002 1855 5056 rusticanus
1910 5008 1965 5055 et

396 5095 582 5150 tardus
636 5097 704 5151 ad
748 5097 1102 5167 loquendum,
1152 5096 1198 5151 si
1254 5104 1438 5150 castus
1477 5093 1671 5157 fuerit,
1717 5094 1962 5162 exemplo

394 5200 494 5242 suo
526 5184 773 5242 homines
799 5195 978 5257 potest
1015 5187 1084 5242 ad
1121 5186 1247 5241 vita:
1280 5182 1685 5240 similitudinem
1721 5182 1959 5253 campel-

394 5275 523 5331 lere.

402 5386 409 5389 ·
462 5365 530 5420 In
560 5364 874 5435 integritate.
897 5364 958 5419 1d
980 5372 1086 5428 est,
1122 5365 1179 5418 in
1202 5362 1532 5434 virginitate.
1580 5360 1649 5414 In
1684 5360 1958 5431 gravitate.

391 5452 453 5509 ω
480 5462 583 5519 est,
610 5452 809 5510 mentis
847 5451 1127 5524 pudicitia.
1161 5451 1350 5506 Illuxit
1382 5451 1521 5507 enim
1561 5449 1737 5519 gratia
1777 5447 1875 5502 Dei
1912 5457 1962 5501 et

396 5540 687 5597 Saluatoris
711 5544 892 5597 nostri.
924 5541 1047 5597 Ideo
1066 5555 1255 5597 omnes
1280 5539 1648 5597 indiﬂ‘erenter
1668 5539 1819 5595 doce.
1835 5536 1964 5593 01n-

395 5631 547 5689 uibns
564 5631 877 5688 hominibus.
917 5631 1126 5690 Nullam
1165 5632 1530 5689 conditionem
1563 5630 1859 5702 excipiens.
1894 5629 1959 5684 Et

2066 4536 2228 4592 fatum
2250 4540 2599 4609 quaestiones,
2634 4545 2939 4611 putantium
2968 4546 3135 4599 Deum
3179 4547 3433 4602 humanis
3468 4548 3644 4603 sensi-

2066 4627 2168 4682 bus
2209 4644 2367 4697 posse
2398 4632 2805 4701 comprehendi.
2837 4634 2920 4689 Ab
2946 4636 3029 4689 his
3076 4635 3242 4707 igitur
3288 4652 3388 4693 nos
3441 4636 3643 4692 Paulus

2066 4726 2302 4772 revocat.
2335 4717 2486 4785 Quod
2518 4729 2697 4775 autem
2728 4723 2843 4776 ait:
2876 4723 3250 4795 Cenealogias,
3275 4735 3323 4778 et
3355 4726 3641 4779 contentio-

2064 4823 2176 4871 nes,
2199 4817 2247 4861 et
2269 4809 2439 4873 rixas,
2458 4826 2574 4878 qua:
2601 4827 2703 4865 non
2726 4813 2934 4866 ueniunt
2957 4829 3023 4867 ex
3044 4812 3173 4883 lege,
3196 4814 3390 4877 devita,
3420 4815 3644 4884 proprie

2064 4896 2245 4965 pulsat
2271 4895 2504 4962 Judzeos,
2529 4901 2697 4969 quiin
2727 4916 2793 4955 eo
2821 4917 2879 4955 sc
2901 4902 3157 4970 jactitant
3203 4912 3260 4957 et
3283 4912 3476 4973 putant
3498 4904 3637 4974 legis

2065 4986 2269 5042 habere
2312 4987 2582 5054 notitiam,
2629 4992 2676 5045 si
2714 4992 2933 5046 nomina
2981 4999 3199 5048 teneant
3250 4993 3634 5063 singulorum:

2064 5091 2183 5144 qua:
2209 5078 2333 5146 quia
2361 5078 2592 5137 barbara
2618 5089 2776 5147 sunt,
2807 5091 2863 5136 et
2901 5082 3253 5153 etymologias
3289 5096 3483 5138 eorum
3512 5099 3622 5139 non

2062 5168 2311 5223 novimus
2330 5208 2347 5233 ,
2375 5168 2692 5239 plerumque
2717 5181 2973 5242 corrupte
3000 5172 3355 5241 proferuntur
3392 5188 3422 5226 a
3455 5173 3633 5228 nobis.

2062 5256 2130 5311 Et
2157 5258 2203 5312 si
2232 5255 2374 5313 forte
2402 5260 2707 5316 erravimus
2735 5262 2789 5316 in
2819 5270 3068 5327 accentu,
3096 5263 3413 5319 extensione
3440 5271 3496 5318 et
3512 5263 3641 5318 bre~

2058 5355 2226 5410 vitate
2254 5355 2494 5427 syllabae,
2522 5356 2606 5413 vel
2635 5358 2822 5414 brevia
2856 5358 3239 5428 producentes,
3263 5358 3347 5413 vel
3370 5357 3637 5427 producta

2057 5447 2400 5514 breviantes,
2434 5448 2609 5503 solent
2634 5449 2863 5505 irridere
2906 5464 3007 5505 nos
3050 5450 3364 5521 imperitiae,
3397 5448 3639 5504 maxime

2059 5538 2113 5592 in
2141 5538 2548 5609 spirationibus,
2574 5547 2629 5595 et
2655 5539 2981 5611 quibusdam
3012 5556 3204 5596 rasura
3248 5539 3384 5611 gula:
3434 5539 3640 5595 litteris

2059 5630 2415 5701 proferendis.
2451 5628 2565 5689 Hoc
2580 5640 2760 5687 autem
2781 5633 2963 5687 evenit
2989 5632 3074 5688 vel
3099 5631 3332 5686 maxime
3368 5631 3514 5700 quod
3540 5629 3641 5686 Se-
