3982 6198
265 355 378 413 219

1331 350 1661 409 COLLECT.
1704 350 1770 405 IN
1812 347 2028 404 EPIST.
2066 347 2158 402 AD
2195 343 2469 401 PHILEM.

3409 342 3515 400 250

266 472 554 547 ptuagiata
576 470 902 538 interpretes
926 483 1020 537 per
1043 482 1176 537 quos
1199 462 1251 523 in
1270 467 1514 523 Grmeum
1541 480 1845 521 sermonem

2020 456 2244 527 Propria
2275 457 2484 526 judicio
2517 454 2908 509 condemnatus.
2950 454 3237 525 Propterea
3266 472 3295 511 ει
3320 468 3514 513 semct-

269 568 361 622 lex
394 565 573 621 divina
607 561 875 616 translata
905 569 1010 625 est,
1036 561 1341 630 specialiter
1366 571 1407 618 Π
1431 560 1556 612 heth
1582 558 1843 620 litteram,

269 667 326 714 et
352 668 397 723 ν
422 653 552 737 ajin,
578 660 636 708 et
660 662 884 708 caeteras
917 650 1241 716 istiusmodi,
1268 651 1393 720 quia
1414 648 1609 718 duplici
1633 648 1844 716 aspira-

270 751 421 805 tione
451 748 508 802 in
534 745 780 801 Graecam
804 745 1042 813 linguam
1080 742 1379 797 transferre
1414 758 1520 795 non
1559 747 1838 811 poterant,

269 839 398 893 aliis
438 837 635 891 litteris
679 842 1080 905 expresserunt.
1125 833 1285 887 Verbi
1315 848 1511 897 causa,
1545 841 1602 886 ut
1642 830 1843 894 Ila/iet,

271 927 475 982 Rachel
499 927 764 990 dicerent,
783 935 840 980 ct
857 924 1064 989 Jeriho,
1102 925 1338 989 Iericho,
1363 932 1418 979 et
1446 923 1678 985 Hebron,
1715 921 1847 976 Che-

271 1021 425 1081 bron,
450 1026 508 1073 et
526 1015 678 1082 Seor,
710 1015 894 1086 Seqor.
930 1014 1140 1080 lnaliis
1171 1030 1300 1069 vero
1341 1030 1434 1068 eos
1471 1022 1698 1068 conatus
1742 1013 1846 1064 iste

271 1108 496 1163 defecit.
523 1107 657 1160 Nam
680 1122 782 1161 nos
805 1115 860 1159 et
878 1096 1048 1159 Graeci
1071 1120 1233 1158 unam
1261 1113 1469 1159 tantum
1501 1103 1757 1166 litteram,
1784 1102 1841 1165 S,

272 1199 571 1263 habemus,
601 1197 678 1251 illi
707 1212 837 1252 vero
883 1205 1011 1261 tres,
1032 1204 1232 1262 οδω,
1258 1210 1379 1264 quze
1407 1196 1648 1249 diversos
1685 1209 1846 1249 sonos

272 1288 556 1358 possident
596 1305 609 1340 :
649 1287 717 1342 Et
753 1285 881 1340 Sion
911 1302 1006 1356 per
1033 1295 1071 1345 π
1107 1285 1381 1347 scribitur,
1425 1284 1596 1338 Israel
1634 1299 1729 1353 per
1766 1294 1841 1345 tv,

269 1389 327 1433 et
374 1387 559 1432 tamen
608 1393 715 1432 non
760 1385 919 1432 sonat
964 1376 1066 1430 hoc
1102 1376 1247 1447 qued
1278 1375 1550 1430 scribitur.
1579 1374 1719 1431 δεοη
1752 1389 1842 1427 rex

269 1469 716 1525 Amorrhzeorum
762 1482 860 1537 per
904 1480 944 1526 ε)
990 1467 1224 1521 litteram
1273 1475 1328 1520 et
1376 1466 1760 1536 pronuntiatur
1792 1473 1847 1518 et

270 1556 552 1612 scribitur.
606 1554 665 1610 Si
693 1556 859 1627 igitur
887 1571 917 1611 a
945 1556 1101 1610 nobis
1129 1556 1243 1613 haec
1272 1555 1546 1609 nominum
1568 1562 1622 1609 et
1648 1554 1846 1623 lingute

273 1649 559 1713 idiomata,
598 1656 656 1703 ut
690 1647 940 1702 videlicet
967 1646 1222 1712 barbara,
1260 1663 1366 1702 non
1398 1649 1470 1700 ita
1507 1644 1709 1700 fuerint
1744 1660 1844 1698 ex-

271 1754 484 1809 pressa,
512 1748 574 1792 ut
602 1740 980 1810 exprimuntur
1005 1740 1073 1794 ab
1098 1738 1368 1803 llebrzeis,,
1401 1738 1579 1793 solent
1619 1738 1842 1792 caehin-

272 1845 401 1884 num
422 1829 697 1891 attollere,
727 1838 782 1884 et
821 1826 1008 1898 jurare
1030 1845 1090 1885 se
1115 1830 1332 1898 penitus
1360 1828 1572 1883 nescire
1595 1828 1738 1897 quod
1766 1827 1846 1880 di-

273 1922 474 1976 cimus.
520 1920 620 1974 Est
649 1920 753 1974 alia
802 1922 1019 1976 occasio
1062 1918 1844 1991 superbizezquemadmodum

270 2012 419 2066 enim
448 2025 553 2065 nos
582 2010 675 2079 qui
706 2010 884 2066 Latini
914 2027 1119 2075 sumus,
1166 2010 1357 2065 Latina
1401 2011 1621 2064 nomina
1655 2018 1711 2064 et
1740 2009 1848 2062 ori-

271 2102 427 2174 gines
453 2102 521 2156 de
546 2101 726 2172 lingua
754 2111 940 2159 nostra
983 2104 1270 2168 habentia,
1314 2102 1527 2158 facilius
1575 2101 1849 2157 memoriae

273 2193 565 2259 tradimus,
596 2194 669 2249 ita
693 2193 826 2250 illia
851 2211 1019 2264 parva
1041 2203 1200 2250 aetate
1220 2195 1506 2251 vernacula
1530 2195 1613 2250 sui
1639 2210 1849 2250 sermo-

270 2283 356 2336 nis
379 2284 646 2339 vocabula
674 2284 1018 2354 peritissimis
1046 2285 1295 2339 sensibus
1326 2286 1672 2350 imbiberant,
1702 2296 1758 2340 et
1781 2285 1849 2340 ab

270 2374 502 2429 exordio
529 2374 702 2429 Adam
728 2390 900 2444 usque
934 2376 1003 2429 ad
1039 2385 1344 2431 extremum
1369 2376 1666 2431 Zorobabel
1686 2418 1699 2441 ,
1734 2391 1850 2431 om-

270 2465 423 2520 nium
456 2465 841 2535 generationes
877 2465 952 2519 ita
980 2467 1294 2520 memoriter
1332 2465 1694 2536 velociterqoe
1726 2482 1852 2535 per-

271 2562 538 2620 currunt,
582 2562 643 2608 ut
685 2569 780 2609 eos
824 2569 982 2609 suum
1024 2564 1179 2623 putes
1221 2554 1423 2610 referre
1461 2570 1674 2610 nomen.
1707 2556 1765 2610 Si
1787 2570 1853 2610 ea

270 2642 411 2697 forte
443 2658 554 2697 non
590 2642 664 2697 ita
694 2643 961 2708 novimus,
994 2652 1184 2714 putant
1210 2659 1270 2699 se
1296 2644 1350 2698 in
1376 2646 1685 2700 nominibus
1709 2643 1851 2699 refe-

270 2733 481 2799 rendis,
508 2741 567 2787 et
596 2734 651 2788 in
677 2735 1057 2804 supputatione
1076 2751 1339 2791 annorum
1359 2778 1374 2803 ,
1403 2748 1456 2792 et
1481 2737 1537 2790 iu
1568 2739 1852 2807 nepotibus

272 2841 337 2880 ac
363 2827 787 2896 pronepotibus,
811 2827 946 2892 avis,
972 2829 1187 2897 proavis
1211 2869 1225 2895 ,
1255 2829 1428 2884 atavis
1464 2830 1751 2884 doctiores.
1782 2830 1851 2884 Et

272 2916 651 2969 contentiones.
670 2915 1104 2981 Dialecticorum,
1121 2932 1349 2985 quorum
1371 2915 1691 2973 Aristoteles
1710 2919 1853 2988 prin-

274 3019 401 3072 ceps
425 3012 533 3059 cst.
566 3003 702 3060 Sunt
723 3006 860 3059 enim
880 3004 1108 3059 inutiles.
1143 3006 1281 3072 Quid
1303 3006 1447 3060 enim
1466 3007 1688 3075 prodest
1711 3008 1853 3075 scire

1947 549 2062 618 ipso
2090 549 2286 603 dicitur
2309 562 2429 602 esse
2450 546 2752 611 damnatus,
2792 546 2915 614 quia
2942 544 3255 611 fornicator,
3281 546 3512 613 adulter,

1947 637 2237 701 homicida,
2292 645 2346 690 et
2374 645 2569 690 caetera
2613 636 2740 689 vitia
2775 652 2870 706 per
2901 637 3207 691 sacerdotes
3232 638 3297 693 dc
3330 638 3517 692 Eccle-

1946 726 2025 780 sia
2067 724 2416 794 repelluntur.
2460 723 2708 779 Haeretici
2739 735 2916 779 autem
2956 726 3009 778 in
3045 727 3362 796 semetipsos
3394 741 3513 781 sen-

1946 815 2167 869 tentiam
2197 814 2394 877 ferunt,
2420 829 2517 867 suo
2547 815 2770 868 arbitrio
2797 815 2861 869 de
2887 815 3124 869 Ecclesia
3148 818 3461 871 recedentes
3498 835 3509 869 :

1945 921 2063 974 quia
2103 907 2334 961 reccssio
2359 905 2575 976 proprie
2595 907 2936 961 conscientiae
2958 907 3167 962 videtur
3207 925 3325 964 esse
3356 911 3510 964 dam-

1946 995 2113 1048 natio.

2015 1107 2148 1163 Cum
2178 1109 2366 1163 misero
2391 1109 2460 1164 ad
2488 1118 2553 1163 te.
2608 1109 2687 1164 Ex
2716 1124 2823 1179 quo
2847 1116 3100 1178 paternos
3127 1109 3277 1163 Pauli
3305 1110 3356 1163 in
3389 1109 3515 1165 Cre-

1943 1207 2123 1253 tenses
2148 1200 2437 1267 probamus
2472 1199 2713 1253 al’lectus.
2772 1198 3140 1253 Necessarium
3173 1201 3402 1255 habebat
3427 1201 3514 1255 Ti-

1945 1297 2091 1352 tum;
2126 1297 2301 1342 tamen
2348 1303 2454 1342 non
2491 1304 2610 1343 eum
2640 1287 2753 1341 vult
2781 1288 2847 1341 ad
2882 1304 2940 1343 se
2967 1289 3175 1352 venire,
3222 1290 3325 1343 nisi
3354 1290 3408 1343 in
3434 1288 3514 1344 lo-

1946 1395 2067 1433 cum
2106 1380 2224 1448 ejus
2252 1379 2519 1443 Artemas,
2563 1386 2655 1431 aut
2682 1378 2948 1448 Tycbicus
2977 1393 3257 1433 successor
3288 1380 3516 1433 advene-

1947 1470 2038 1532 rit,
2088 1486 2155 1523 ue
2199 1471 2400 1538 absque
2443 1470 2662 1524 doctore
2697 1469 3146 1539 relinquerentur.
3197 1469 3513 1542 Nicopolim.

1946 1562 2070 1632 Ipsa
2100 1572 2182 1617 est
2208 1578 2326 1631 qua:
2368 1563 2435 1615 ob
2463 1562 2743 1616 victoriam
2778 1562 3002 1631 Augusti
3022 1601 3036 1624 ,
3076 1563 3216 1631 quod
3245 1562 3316 1616 ibi
3345 1562 3516 1616 Anto-

1947 1653 2095 1706 nium
2128 1652 2577 1722 Cleopatramque
2614 1651 2918 1721 superavit,
2962 1666 3154 1705 nomen
3182 1651 3405 1719 accepit.
3450 1650 3517 1704 Et

1949 1739 2156 1810 Apollo.
2192 1740 2380 1809 Apollo
2410 1741 2494 1794 vir
2537 1740 2930 1796 Alexandrinus
2949 1779 2966 1806 ,
2997 1756 3063 1794 ex
3087 1739 3285 1794 Iudicis
3314 1742 3516 1810 episco-

1946 1845 2050 1900 pus
2075 1831 2478 1886 Corinthiorum
2504 1873 2519 1897 ,
2567 1847 2724 1902 quem
2762 1843 2981 1903 propter
3016 1833 3376 1887 dissensiones
3399 1850 3517 1901 qua:

1949 1923 2003 1977 in
2032 1920 2292 1976 Corintho
2322 1930 2509 1987 erant,
2550 1923 2616 1977 ad
2641 1923 2866 1976 vicinam
2894 1924 3119 1977 insulam
3145 1923 3359 1977 Cretam
3395 1939 3516 1977 cum

1948 2013 2092 2067 Zena
2118 2012 2252 2083 legis
2294 2014 2517 2068 doctore
2544 2015 2839 2084 putandum
2866 2023 2949 2068 est
2973 2015 3258 2077 transisse,
3290 2023 3345 2068 et
3372 2012 3517 2067 Pauli

1947 2103 2175 2173 epistola
2214 2104 2641 2158 dissensionibus
2664 2119 2782 2173 qute
2817 2103 3059 2160 Corinthi
3086 2104 3299 2158 fuerant
3328 2103 3520 2158 intem-

1948 2195 2173 2264 poralis,
2197 2209 2412 2249 rursum
2441 2194 2760 2249 Corinthum
2790 2193 3095 2248 revertisse.
3125 2191 3413 2247 Praimitte.
3450 2193 3520 2248 Ut

1949 2285 2083 2340 nihil
2111 2287 2190 2341 eis
2226 2285 2382 2340 desit.
2423 2285 2673 2353 Praecipit
2705 2283 2854 2347 Tito,
2888 2292 2949 2338 ut
2980 2283 3233 2352 quoniam
3263 2282 3328 2336 de
3357 2280 3516 2337 Creta

1951 2377 2019 2430 ad
2054 2374 2320 2430 Graeciam
2356 2374 2657 2443 navigaturi
2687 2381 2870 2438 erant,
2915 2380 2976 2426 ut
3003 2387 3107 2426 non
3144 2387 3237 2426 eos
3261 2370 3421 2425 faciat
3451 2371 3523 2423 εἰς

1951 2466 2139 2522 tarciis
2168 2466 2429 2536 indigere,
2458 2465 2551 2520 sed
2575 2465 2773 2519 habere
2802 2479 2866 2519 ea
2893 2478 3012 2532 qua:
3047 2462 3113 2517 ad
3138 2461 3396 2516 viaticum
3429 2478 3523 2514 ne-

1948 2557 2185 2613 cessaria
2207 2565 2383 2611 erant.
2434 2555 2655 2609 Discant
2700 2563 2874 2608 autem
2912 2564 2961 2608 et
2998 2553 3161 2607 nostri
3185 2553 3330 2606 bonis
3358 2552 3523 2621 operi-

1952 2647 2046 2701 bus
2072 2656 2311 2717 pra’esse.
2353 2645 2579 2700 Nostros
2601 2660 2729 2699 suos
2753 2652 2932 2709 vocat,
2961 2643 3051 2712 qui
3087 2643 3139 2696 in
3167 2641 3381 2696 Christo
3407 2656 3517 2695 cre-

1954 2740 2225 2806 diderant,
2256 2739 2349 2808 qui
2386 2739 2508 2807 quia
2537 2738 2737 2812 Christi
2761 2745 2945 2800 erant,
2979 2743 3125 2789 recte
3148 2732 3298 2787 Pauli
3334 2743 3387 2786 et
3416 2732 3522 2785 Titi

1953 2828 2212 2898 appellari
2251 2828 2615 2882 merebantur.
2676 2826 2881 2890 Habes,
2932 2824 3125 2893 inquit,
3153 2824 3206 2875 in
3233 2820 3523 2890 discipulos

1950 2926 2272 2991 potestatem
2297 2961 2312 2986 ,
2360 2921 2493 2975 doce
2532 2934 2627 2974 eos
2666 2936 2772 2975 non
2811 2934 2930 2973 esse
2976 2916 3380 2979 infructuosos;
3429 2915 3523 2969 sel

1952 3009 2323 3080 evangelistis,
2350 3017 2405 3063 ct
2433 3009 2741 3079 apostolicis
2764 3008 2896 3063 viris
2916 3048 2929 3074 ,
2970 3008 3062 3078 qui
3091 3006 3247 3062 bonis
3274 3004 3527 3074 operibus

274 3107 407 3166 quot
452 3112 623 3153 aiinos
658 3097 854 3153 vixerit
895 3096 1267 3165 Mathusalam,
1305 3111 1471 3168 quoto
1512 3101 1688 3155 aetatis
1738 3116 1848 3155 sum
1875 3136 1918 3198 C
1952 3103 2213 3166 serviunt,
2247 3103 2580 3158 ministrare.

276 3187 535 3245 Salomon
561 3206 708 3247 anno
736 3193 960 3247 sortitus
986 3193 1058 3247 sit
1085 3191 1402 3263 coniugem?

346 3279 673 3335 "(creticum
696 3282 959 3337 hominem
992 3294 1103 3353 post
1143 3299 1300 3337 unam
1340 3292 1388 3339 et
1427 3287 1707 3341 secundam
1736 3304 1852 3341 cor-

277 3371 560 3439 reptionem
586 3371 779 3425 devita.
820 3371 932 3426 Nec
967 3373 1113 3426 circa
1146 3372 1292 3442 ipsos
1329 3388 1428 3427 nos
1452 3375 1705 3444 occupari
1736 3391 1854 3445 per-

279 3460 465 3525 mittit,
496 3461 543 3514 si
573 3462 808 3531 correpti
841 3477 947 3517 non
977 3463 1334 3535 corrigantur,
1372 3478 1441 3519 ne
1470 3472 1681 3535 tempus
1706 3466 1850 3521 inani

276 3551 628 3606 contentione
655 3553 962 3621 perdamus.

2025 3214 2094 3269 Ut
2121 3204 2225 3269 non
2270 3216 2374 3270 sint
2414 3214 2751 3285 infructuosi.
2802 3213 2989 3270 Omnis
3022 3213 3164 3269 enim
3193 3212 3375 3277 arbor,
3408 3226 3528 3281 qum

1952 3303 2238 3361 non‘l‘acit
2285 3306 2517 3361 tractant
2552 3304 2787 3371 bonum,
2835 3304 3113 3360 excidetur
3152 3312 3207 3358 et
3265 3302 3318 3357 in
3352 3303 3526 3373 ignem

1955 3394 2219 3449 mittetur.

1024 4035 1133 4112 IN
1212 4030 1796 4111 EPISTOLAM
1874 4031 2004 4108 AD
2078 4028 2790 4111 PHILEMONEM.

797 4347 1022 4404 CAPUT
1070 4347 1349 4408 UNICUM.

1973 4348 2198 4422 Pr0pter
2224 4350 2530 4406 charitatem
2576 4352 2739 4422 magis
2785 4351 3013 4406 obsecro.
3056 4351 3188 4407 Cum
3211 4354 3365 4408 nobis
3395 4354 3526 4409 lida-

354 4437 566 4493 Paulus
603 4440 825 4494 vinctus.
878 4438 936 4492 ln
962 4453 1183 4493 carcere
1214 4440 1298 4493 vel
1335 4440 1389 4493 in
1422 4449 1634 4495 catena.
1666 4438 1860 4495 Christi
1884 4424 1938 4484 Ῑ)
1961 4440 2100 4494 ciam
2122 4455 2284 4495 causa
2320 4441 2488 4510 ipsius
2530 4441 2736 4496 dederit
2779 4442 3113 4511 imperandi,
3147 4451 3324 4497 tamen
3357 4444 3535 4498 chari-

282 4533 435 4587 Iesu.
465 4533 523 4587 1d
550 4541 656 4598 est,
685 4547 784 4603 pro
812 4531 1150 4588 confessione
1178 4532 1409 4585 nominis
1430 4531 1656 4586 Christi.
1697 4531 1865 4586 Phile-

284 4625 427 4678 moni
460 4623 671 4678 dilecto.
720 4622 778 4677 In
807 4622 996 4679 Grteco
1022 4639 1129 4678 non
1164 4622 1332 4678 habes
1357 4621 1577 4686 dilecto,
1615 4623 1708 4675 sed
1742 4622 1861 4675 dili-

287 4717 432 4786 εἰὶιίῑὶ
472 4715 577 4787 [τῷ
621 4715 915 4790 Januarii].
938 4714 1082 4770 Inter
1105 4715 1359 4770 dilectum
1391 4723 1566 4769 autem
1607 4722 1665 4768 et
1690 4714 1865 4784 diligi-

290 4806 449 4861 hilem
488 4807 593 4861 hoc
635 4808 890 4870 interest,
939 4808 1083 4877 quod
1129 4808 1360 4862 dilectus
1403 4807 1657 4876 appellari
1690 4811 1867 4876 potest

287 4896 453 4950 etiam
490 4896 584 4951 ille
634 4898 729 4965 qui
768 4896 1111 4952 dilectionem
1144 4912 1248 4950 non
1281 4904 1541 4951 meretur.
1580 4895 1866 4968 Diligibilis

287 5000 418 5041 vero
447 4989 495 5042 is
518 4996 733 5042 tantum
759 4988 851 5056 qui
877 4988 1072 5042 merito
1094 4987 1354 5057 diligitur.

358 5077 429 5131 Et
483 5075 744 5148 Archippo
795 5077 1135 5133 commilitoni
1184 5088 1380 5132 nostro.
1456 5077 1556 5132 llic
1597 5076 1867 5131 diaconus

290 5176 427 5232 erat,
462 5169 531 5221 de
556 5183 664 5237 quo
688 5169 755 5223 ad
778 5167 1148 5224 Collossenses
1172 5187 1183 5221 :
1214 5168 1288 5221 ait
1322 5209 1334 5221 .
1368 5168 1537 5221 Dicite
1564 5166 1866 5236 Ardtippo:

301 5253 429 5310 Vide
454 5258 809 5312 ministerium
847 5257 987 5328 quod
1019 5258 1267 5327 accepisti
1287 5258 1344 5310 in
1373 5256 1614 5318 Domino,
1653 5263 1709 5308 ut
1735 5254 1868 5308 illud

284 5348 525 5417 impleas.
569 5348 639 5402 Et
663 5350 721 5403 in
741 5364 921 5403 omnes
948 5357 1175 5402 sanctos.
1220 5345 1321 5412 Qui
1343 5347 1516 5418 diligit
1537 5354 1720 5415 caput,
1751 5344 1870 5398 (lilio

290 5437 368 5507 git
390 5446 448 5492 et
472 5441 741 5495 membra.
785 5437 929 5504 Quia
956 5439 1177 5493 viscera.
1228 5438 1345 5493 Non
1378 5447 1584 5493 tantum
1617 5450 1871 5504 corpora,

290 5528 386 5583 sed
425 5530 640 5586 viscera
684 5539 1031 5597 sanctorum,
1084 5530 1135 5585 id
1158 5539 1274 5595 est,
1310 5542 1448 5600 quos
1474 5529 1707 5598 hospitio
1727 5527 1869 5583 reci-

292 5618 440 5687 piens
462 5639 562 5694 per
590 5630 645 5677 te
672 5620 937 5677 refecisti.

359 5712 508 5778 Quod
536 5716 610 5769 ad
642 5730 753 5769 rem
781 5714 986 5768 attinet.
1031 5713 1252 5769 Scilicet
1277 5713 1597 5769 Cbristiaum
1627 5711 1865 5781 pietatis.

1966 4540 2073 4586 tate
2099 4532 2332 4588 faciente
2352 4533 2643 4588 obsecrare
2667 4533 2954 4588 maluimus
2980 4549 3139 4602 quam
3160 4534 3370 4605 jubere.
3400 4533 3532 4588 Cum

1961 4622 2033 4675 sis
2064 4621 2205 4675 talis.
2258 4622 2497 4676 Moribus
2522 4623 2647 4677 talis
2669 4663 2683 4687 ,
2721 4623 2907 4692 quales
2936 4624 3009 4677 illi
3046 4625 3134 4692 qui
3174 4625 3228 4678 in
3258 4633 3534 4680 senectute

1963 4711 2129 4764 etiam
2166 4724 2267 4778 pro
2309 4710 2527 4764 Christo
2577 4710 2791 4764 vincula
2836 4726 2942 4765 non
2987 4720 3256 4765 recusant.
3318 4711 3454 4764 Nam
3478 4721 3535 4765 tu

1962 4816 2119 4855 senex
2140 4817 2193 4854 es
2219 4810 2274 4853 ut
2295 4816 2408 4870 ego,
2440 4817 2576 4854 nunc
2608 4810 2782 4853 autem
2820 4802 3018 4855 vinctus
3040 4800 3168 4855 Iesu
3200 4800 3413 4855 Christi.
3447 4801 3538 4855 Et-

1964 4895 2010 4950 si
2044 4893 2204 4948 ambo
2230 4907 2387 4948 senes
2411 4907 2624 4957 sumus,
2655 4899 2832 4945 tamen
2859 4901 2910 4947 te
2937 4895 2990 4947 in
3014 4893 3196 4961 aliquo
3225 4892 3365 4961 quod
3393 4908 3538 4947 nunc

1966 4975 2179 5038 vinctus
2204 4998 2325 5037 sum
2348 4982 2567 5045 Christi,
2597 4997 2815 5053 supero.
2850 4982 2962 5037 Hoc
2996 4984 3145 5038 addit
3166 4984 3233 5037 ad
3260 4984 3537 5038 cumulan-

1967 5074 2093 5129 dum
2117 5075 2306 5138 verba,
2340 5081 2402 5128 ut
2433 5088 2541 5127 non
2568 5082 2792 5141 negetur
2824 5074 3031 5142 petitio.

2038 5163 2206 5230 Quem
2238 5180 2332 5234 ego
2360 5166 2534 5233 genui.
2582 5164 2718 5232 Quia
2761 5179 2884 5219 eum
2924 5164 3231 5218 credentem
3267 5165 3317 5218 ei
3347 5164 3400 5218 in
3421 5178 3542 5218 car-

1967 5270 2095 5311 cere
2121 5254 2434 5324 baptizavit.
2490 5252 2648 5308 Nunc
2691 5263 2863 5307 autem
2903 5263 2952 5307 et
2999 5253 3127 5307 mihi
3169 5253 3332 5308 utilis.
3389 5253 3543 5308 Post-

1969 5357 2129 5414 quam
2159 5345 2388 5399 credidit
2414 5344 2568 5398 mihi.
2600 5343 2670 5397 Et
2700 5344 2815 5397 tibi.
2863 5343 2942 5400 Ac
2974 5345 3021 5399 si
3055 5345 3280 5409 diceret,
3303 5344 3428 5414 quia
3451 5353 3541 5398 tua

1970 5439 2088 5492 vice
2114 5435 2247 5493 mihi
2272 5435 2618 5489 ministravit.
2681 5432 2749 5487 Ut
2774 5450 2870 5505 pro
2900 5444 2950 5489 te
2974 5436 3100 5489 mihi
3124 5435 3403 5488 ministret.
3462 5434 3540 5490 Ex

1973 5530 2075 5585 hoc
2121 5540 2389 5596 cognosce
2418 5523 2593 5594 qualis
2638 5525 2740 5588 sit,
2775 5526 2867 5595 qui
2912 5526 2985 5579 ita
3032 5524 3164 5578 mihi
3203 5523 3433 5593 placuit,
3485 5533 3543 5578 ut

1974 5615 2174 5685 possim
2204 5629 2327 5668 eum
2350 5614 2575 5670 credere
2598 5623 2690 5668 tua
2720 5613 2837 5669 vice
2856 5614 2988 5669 mihi
3015 5614 3344 5669 ministrare.

2047 5706 2110 5760 In
2144 5704 2363 5760 vinculis
2384 5705 2657 5777 evangelii.
2703 5706 2832 5773 Quae
2859 5706 3035 5776 patior
3057 5714 3278 5775 propter
3304 5702 3549 5758 dilectio-
