3982 6198
423 309 525 364 iiii

1783 305 2049 363 SEDULH
2090 307 2285 364 SCOTI

3554 313 3672 385 es:

425 433 548 474 nem
577 415 858 488 evangelii.
899 413 1001 471 Sed
1037 415 1150 469 sine
1179 412 1396 468 consilio
1434 421 1545 467 tuo.
1603 411 1660 466 ln
1686 413 1790 468 hoc
1812 429 1990 468 exem-
2020 420 2070 479 Α
2097 419 2281 472 omnia
2325 433 2442 473 mea
2488 426 2645 489 sunt;
2701 419 2747 475 si
2788 427 2966 475 autem
3009 428 3098 474 tua
3141 419 3320 476 omnia
3367 436 3484 477 mea
3521 439 3667 490 sunt,

423 507 571 579 plum
602 506 696 562 dat
723 506 913 571 nobis,
956 503 1155 559 nullius
1188 519 1402 559 servum
1442 502 1713 557 fraudare.
1747 500 1997 559 Forsitan

423 603 561 655 enim
590 599 705 654 ideo
738 599 972 652 discessit
1005 597 1073 651 ad
1102 597 1285 651 haram
1317 615 1348 650 a
1377 607 1444 651 te.
1489 596 1604 652 Hoc
1629 607 1743 662 est,
1767 596 1995 654 fortasse

424 694 528 748 hoc
558 691 652 747 Dei
679 689 1012 760 providentia
1039 689 1348 759 procuravit
1373 729 1388 755 ,
1438 689 1582 743 unde
1612 704 1994 759 nonnunquam

423 786 622 842 malum
657 785 870 841 occasio
897 784 1159 840 bonorum
1191 784 1268 850 fit,
1300 794 1359 838 ut
1387 783 1487 838 fuit
1514 783 1711 854 Joseph
1740 785 1994 842 fratribus

420 892 533 931 suis
560 895 572 930 :
598 878 676 932 sic
697 892 839 931 nunc
870 876 969 930 iste
999 877 1041 931 si
1065 892 1171 931 non
1196 876 1434 948 fugisset,
1480 876 1648 931 Deum
1694 893 1799 931 non
1842 878 1993 933 inve—

419 967 615 1036 uisset;
642 968 686 1022 si
711 967 938 1046 Paulum
968 969 1022 1023 in
1045 968 1274 1023 vinculis
1295 984 1398 1023 non
1425 969 1669 1033 vidisset,
1695 968 1853 1025 fidem
1884 986 1991 1025 non

422 1059 736 1126 recepisset.

493 1145 561 1200 Ut
591 1148 644 1201 in
694 1157 944 1201 (uernum
986 1147 1135 1203 illum
1177 1148 1394 1219 recipias
1417 1148 1531 1218 jam
1557 1166 1659 1203 non
1690 1158 1745 1202 ut
1765 1166 1988 1205 servum.

418 1235 475 1291 ld
514 1246 623 1303 est,
654 1237 877 1293 fratrem
915 1240 967 1293 in
992 1238 1210 1296 Christo
1240 1241 1540 1309 reciperes,
1568 1256 1674 1295 non
1698 1242 1992 1298 secundum

416 1328 778 1383 conditionem
808 1330 1101 1395 servitutis,
1130 1330 1248 1399 qua:
1276 1330 1584 1399 temporalis
1611 1338 1712 1384 est.
1768 1330 1873 1385 Sed
1896 1349 1990 1402 pro

417 1432 567 1469 servo
590 1416 825 1484 fratrem.
866 1416 1001 1483 Quia
1043 1433 1233 1471 servus
1256 1419 1514 1482 recessit,
1544 1416 1712 1471 frater
1734 1428 1911 1473 autem
1937 1420 1991 1476 in

415 1507 631 1563 Christo
659 1509 974 1563 revertitur.
1017 1508 1078 1564 Si
1103 1519 1276 1563 autem
1306 1511 1483 1563 nocuit
1514 1502 1715 1581 aliquid
1739 1511 1864 1575 tibi,
1898 1522 1990 1565 aut

414 1599 583 1653 debet.
620 1598 825 1669 Fugam
863 1598 1006 1655 furto
1051 1600 1331 1654 cumulans
1355 1640 1369 1665 ,
1423 1600 1667 1668 qumdam
1696 1600 1988 1655 domestica

414 1692 594 1762 rapuit
641 1707 672 1746 a
716 1694 949 1748 domino.
1014 1684 1129 1746 Hoc
1174 1692 1301 1745 mihi
1345 1694 1564 1762 imputo.
1611 1691 1664 1745 id
1704 1699 1815 1755 est,
1842 1693 1983 1761 quod

411 1761 698 1838 Ohesimus
741 1782 885 1837 furto
932 1784 1145 1851 rapuit,
1192 1798 1291 1852 ego
1335 1761 1572 1851 spendeo
1625 1781 1978 1849 redditurum,
2012 1761 2057 1819 Β

414 1870 575 1940 hujus
607 1873 912 1941 sponsionis
958 1873 1181 1942 epistola
1228 1874 1385 1937 haec,
1432 1882 1486 1927 ct
1535 1887 1725 1927 manus
1766 1874 1981 1944 propria

409 1963 566 2016 testis
591 1970 691 2016 est.
747 1959 813 2015 Ut
858 1979 959 2017 non
991 1963 1165 2016 dicam
1192 1963 1315 2026 tibi,
1355 1962 1495 2032 quod
1520 1971 1567 2016 et
1603 1962 1823 2031 teipsum
1855 1962 1982 2016 mihi

408 2050 578 2105 debes.
621 2050 744 2105 Haec
766 2059 941 2106 autem
964 2052 1084 2107 dico
1111 2052 1264 2122 quasi
1295 2052 1361 2105 ad
1386 2059 1702 2106 extraneum
1736 2051 1978 2121 loquens.

407 2139 673 2196 Caeterum
701 2141 746 2195 si
773 2143 839 2195 ad
857 2142 947 2211 jus
968 2157 1146 2196 meum
1174 2142 1409 2207 redeam,
1432 2148 1653 2212 propter
1678 2157 1980 2197 sermonem

409 2227 632 2294 Christi,
667 2243 824 2297 quem
857 2229 1219 2300 evangelizavi
1241 2270 1256 2294 ,
1307 2239 1362 2284 et
1401 2228 1739 2284 Christianus
1761 2228 1983 2285 ell'ectns

405 2335 487 2384 es,
522 2327 573 2374 te
604 2320 736 2375 mihi
764 2321 936 2390 ipsum
959 2320 1120 2375 debes
1145 2339 1158 2373 :
1189 2321 1331 2390 quod
1358 2320 1403 2374 si
1434 2328 1488 2373 tu
1512 2334 1663 2374 meus
1687 2334 1767 2385 es,
1815 2327 1868 2379 et
1892 2328 1983 2373 tua

411 2456 2043 2483 ..ψ-...Μ-

2095 509 2383 566 Onesimus
2411 526 2656 583 quoque,
2686 514 2776 583 qui
2803 521 2925 567 tuus
2951 518 3054 593 est,
3083 527 3236 567 meus
3261 522 3363 568 est.
3417 506 3673 573 Poteram

2096 599 2260 668 igitur
2279 616 2343 656 eo
2367 603 2442 655 uti
2466 610 2526 656 ut
2562 618 2713 666 meo;
2766 603 2860 658 sed
2892 602 3150 657 voluntati
3183 614 3293 658 tua:
3315 600 3581 674 relinquo,
3610 615 3674 663 ut

2095 691 2400 743 mercedem
2430 691 2629 746 habeas
2668 693 3011 763 ignoscendo.

2168 779 2238 833 Te
2262 782 2417 849 fruar
2435 782 2489 834 in
2517 781 2758 836 Domino.
2805 782 2862 837 Id
2887 792 3000 848 est,
3027 783 3082 837 in
3124 782 3398 838 voluntate
3434 785 3669 842 Domini.

2107 868 2312 924 Viscera
2342 886 2476 924 mea.
2524 871 2837 926 Onesimum
2862 911 2877 936 ,
2919 887 3078 942 quem
3116 871 3318 927 Paulus
3357 874 3411 927 in
3440 874 3673 931 vinculis

2092 961 2293 1016 Christi
2320 963 2519 1029 genuit.
2563 962 2737 1017 Simul
2773 972 2821 1015 et
2848 980 2978 1033 para
3008 962 3137 1016 mihi
3164 964 3463 1033 hospitium.
3512 965 3673 1033 Quod

2092 1053 2442 1122 amplitudine
2488 1052 2569 1109 sui
2623 1054 2915 1108 multorum
2956 1055 3291 1109 audientium
3333 1058 3505 1126 possit
3544 1073 3671 1114 esse

2092 1159 2283 1213 capax,
2319 1153 2380 1198 ut
2409 1143 2461 1197 in
2490 1144 2607 1214 ipso
2638 1144 2837 1199 Paulus
2862 1145 3079 1199 doceret
3100 1145 3382 1214 plurimos.

2164 1231 2375 1287 Salutat
2418 1242 2467 1286 te
2494 1232 2772 1302 Epaphras
2816 1234 3147 1303 concaptirus
3190 1251 3358 1288 meus.
3442 1233 3669 1294 Vinctus

2092 1321 2275 1375 Romm
2329 1334 2452 1376 cum
2496 1321 2681 1375 Paulo.
2745 1320 2812 1375 In
2852 1320 3059 1375 Clu-isto
3098 1321 3247 1376 Iesu.
3293 1315 3410 1377 Non
3436 1323 3669 1393 alicujus

2090 1412 2332 1467 criminis
2377 1427 2538 1466 causa
2567 1452 2581 1476 ,
2631 1410 2725 1466 sed
2778 1411 2900 1468 fidei
2954 1411 3233 1467 societate.
3293 1412 3463 1470 Aliter
3504 1416 3669 1471 simul

2090 1501 2390 1572 Epaphras,
2420 1503 2474 1555 in
2506 1501 2787 1556 Geschalis
2817 1501 3011 1571 oppido
3035 1500 3233 1556 Judazze
3259 1518 3381 1559 cum
3422 1507 3667 1574 parenti-

2089 1592 2189 1646 bus
2220 1590 2370 1645 Pauli
2402 1608 2431 1645 a
2463 1591 2720 1645 Romanis
2746 1600 2965 1661 captus,
2998 1600 3054 1646 et
3082 1591 3136 1645 in
3166 1592 3434 1647 Tharsum
3461 1594 3665 1651 Cilicia

2091 1685 2402 1739 translatus.
2457 1682 2644 1739 Gratia
2680 1668 2893 1738 Domini
2939 1684 3104 1738 nostri
3141 1683 3270 1739 Iesu
3308 1682 3504 1740 Christi
3541 1703 3663 1741 cum

2083 1775 2269 1843 spiritu
2297 1783 2482 1827 vestro.
2523 1773 2581 1827 In
2629 1782 2744 1827 toto
2780 1773 2995 1843 quidem
3038 1775 3285 1838 homine,
3326 1782 3381 1831 et
3422 1776 3476 1830 in
3510 1778 3663 1833 Omni

2083 1872 2235 1933 parte
2262 1873 2570 1920 sanctorum
2601 1864 2773 1934 gratia
2810 1872 2894 1918 est
2919 1864 3131 1919 Domini
3153 1867 3325 1921 nostri
3346 1865 3471 1921 Iesu
3493 1866 3658 1923 Chri-

2083 1956 2174 2021 sti,
2216 1956 2310 2011 sed
2350 1971 2380 2009 a
2409 1955 2618 2010 meliori
2663 1963 2718 2011 et
2757 1972 2787 2010 a
2819 1954 3010 2025 majori
3036 1964 3219 2027 parte,
3262 1957 3312 2012 id
3336 1966 3421 2012 est
3443 1959 3661 2027 spiritu,

2084 2049 2150 2103 de
2173 2057 2284 2104 toto
2309 2049 2526 2103 homine
2552 2049 2765 2104 dicitur.
2803 2048 2938 2103 Cum
2960 2051 3146 2121 spiritu
3178 2060 3362 2104 vestro.
3401 2050 3534 2106 Cum
3564 2067 3663 2106 au-

2085 2150 2193 2194 tem
2228 2139 2281 2193 in
2325 2139 2517 2209 Spiritu
2565 2140 2739 2210 gratia
2786 2139 2981 2206 fuerit,
3035 2149 3203 2195 totum
3237 2140 3365 2196 facit
3385 2143 3659 2198 hominem

2085 2228 2416 2299 spiritualem
2436 2270 2451 2295 ,
2494 2237 2552 2283 ut
2582 2245 2710 2285 caro
2745 2231 2957 2302 spiritui
2988 2231 3219 2296 serviat,
3250 2240 3307 2285 et
3340 2232 3519 2288 anima
3547 2247 3661 2289 non

2081 2319 2344 2391 jungatur
2367 2334 2397 2373 a
2426 2334 2606 2375 came.

1823 2569 2229 2687 XIV-

1236 2799 1344 2879 IN
1421 2796 2006 2877 EPISTOLAM
2080 2799 2213 2875 AD
2292 2795 2796 2877 HEBBJEOS.

907 3081 1132 3138 CAPUT
1171 3082 1457 3139 PRiMUM.

472 3172 765 3243 Multifarie
795 3172 1071 3242 multisque
1105 3173 1271 3226 modis
1308 3172 1431 3226 aliut
1468 3172 1609 3228 Deus
1633 3172 1846 3246 loquens
1869 3192 1967 3246 pa-

397 3268 564 3322 tribus
590 3269 643 3321 in
657 3268 938 3337 prapbetis.
971 3265 1232 3332 Quoniam
1257 3266 1396 3336 apud
1420 3266 1768 3321 llebrmorum
1794 3265 1969 3321 eccle-

396 3360 506 3414 sias
561 3359 864 3414 destructor
912 3358 1047 3427 legis
1102 3356 1237 3412 falsa
1298 3357 1604 3426 suspicione
1650 3356 1967 3421 habebatur,

398 3449 566 3504 voluit
618 3449 786 3505 tacito
837 3449 1051 3503 nomine
1105 3448 1171 3503 de
1214 3448 1401 3518 figuris
1434 3446 1599 3516 legis,
1646 3454 1701 3500 et
1741 3446 1969 3500 veritate

393 3537 596 3593 Christi
641 3539 867 3594 reddere
912 3538 1175 3593 rationem
1201 3579 1216 3602 ,
1260 3551 1328 3590 ne
1369 3537 1494 3591 odio
1524 3537 1757 3591 nominis
1788 3536 1966 3601 fronte

393 3629 602 3699 prtelati
634 3630 916 3684 utilitatem
952 3630 1265 3685 excluderet
1291 3629 1555 3683 lectionis.
1583 3629 1717 3684 Tota
1740 3629 1967 3683 intentio

391 3721 536 3776 beati
571 3718 811 3790 Apostoli
840 3718 938 3773 fuit
968 3720 1020 3773 in
1069 3719 1172 3774 hac
1205 3718 1428 3788 epistola
1459 3717 1713 3773 Hehneos
1734 3758 1748 3783 ,
1774 3717 1826 3771 id
1860 3727 1961 3783 est,

390 3818 605 3879 gentem
641 3826 793 3865 suam
832 3811 898 3865 ad
935 3809 1135 3865 Christi
1165 3824 1461 3864 convocare
1494 3808 1684 3874 fidem,
1724 3809 1968 3864 eminen-

391 3899 630 3968 tiamque
651 3901 853 3970 gratiae.
881 3915 1000 3969 quae
1022 3915 1120 3969 per
1140 3899 1299 3954 ﬁdem
1341 3899 1466 3954 data
1510 3908 1612 3961 est,
1650 3915 1680 3952 a
1706 3899 1965 3969 legalibus

390 3989 705 4043 discernere
730 3990 965 4051 umbris,
1012 4003 1133 4057 quae
1174 3989 1431 4057 angelicis
1479 3989 1965 4047 ministrationibus

389 4077 629 4133 fuerunt.
692 4078 897 4132 Idcirco
939 4078 1116 4146 primo
1169 4078 1351 4145 posuit
1400 4079 1690 4147 prophetas
1739 4077 1966 4133 diversis

390 4167 564 4221 modis
587 4168 831 4236 patribus
853 4166 1060 4222 locutos
1085 4181 1226 4229 esse,
1260 4167 1445 4222 dicens
1468 4184 1480 4219 :
1513 4166 1806 4235 Multifarie
1827 4168 1963 4222 mul-

393 4257 561 4326 tisque
606 4256 775 4310 modis
814 4257 939 4311 olim
984 4257 1128 4311 Deus
1175 4255 1387 4327 loquens
1413 4256 1650 4327 patribus
1689 4257 1880 4310 nostris
1908 4258 1964 4313 iu

386 4347 669 4418 prophetis.
726 4347 955 4403 Proinde
998 4364 1104 4404 non
1140 4348 1436 4402 secundum
1481 4347 1585 4402 hoe
1620 4347 1794 4403 solum
1828 4349 1962 4403 emi-

1998 3090 2042 3150 C
2074 3086 2288 3156 quando
2333 3103 2431 3157 per
2476 3089 2825 3160 semetipsum
2869 3060 3130 3161 loquitur,
3179 3099 3238 3145 ut
3270 3090 3650 3153 estzAudiasu

2075 3178 2202 3247 quid
2227 3177 2470 3248 loquatur
2502 3180 2558 3233 in
2600 3197 2680 3235 me
2718 3180 3008 3247 Dominus;
3051 3182 3338 3252 aliquando
3357 3198 3454 3253 per
3475 3200 3645 3257 ange-

2074 3269 2182 3333 lum
2207 3269 2476 3339 loquitur;
2523 3270 2813 3341 aliquando
2854 3288 2951 3342 per
2988 3270 3285 3339 subiectam
3318 3281 3644 3340 creaturam,

2070 3369 2131 3415 ut
2160 3362 2211 3416 in
2237 3363 2416 3419 nube:
2448 3361 2550 3415 Hic
2570 3371 2646 3416 est
2667 3361 2841 3418 Filius
2869 3380 3012 3417 meus
3039 3363 3259 3419 dilectus
3278 3362 3490 3435 (Hatllt.
3519 3366 3644 3436 tu);

2069 3452 2362 3521 aliquando
2406 3452 2618 3517 lucidis,
2662 3462 2758 3507 ut:
2805 3452 2865 3508 Si
2905 3454 3157 3508 audiretis
3198 3470 3296 3517 me,
3331 3454 3464 3507 bona
3485 3464 3649 3511 terra:

2065 3543 2371 3607 comeditis;
2400 3543 2692 3612 aliquando
2712 3544 2980 3608 obscuris,
3012 3553 3104 3599 ut:
3132 3541 3355 3600 Gladius
3388 3561 3474 3600 vos
3496 3545 3650 3600 devo-

2066 3631 2221 3685 rabit.
2276 3632 2414 3687 Olim
2446 3633 2587 3687 Deus
2623 3632 2834 3687 locutus
2864 3641 2947 3687 est
2988 3632 3200 3688 duobus
3233 3631 3438 3695 modis;
3489 3632 3644 3687 locu-

2065 3723 2247 3791 tioque
2277 3722 2454 3776 divina
2486 3722 2853 3792 distinguitur,
2894 3739 3014 3778 cum
3050 3731 3143 3776 aut
3165 3738 3264 3792 per
3288 3723 3642 3792 semetipsum

2062 3813 2323 3885 loquitur,
2357 3823 2452 3869 aut
2478 3829 2576 3883 per
2595 3814 2893 3884 angelicam
2922 3823 3227 3869 creaturam
3254 3815 3320 3869 ad
3347 3829 3442 3869 nos
3469 3815 3643 3870 verba

2062 3915 2404 3976 promuntur.
2466 3906 2600 3961 Cum
2644 3914 2823 3961 autem
2861 3920 2960 3976 per
3002 3905 3350 3974 semetipsum
3379 3904 3646 3974 loquitur,

2064 3999 2129 4053 de
2159 3997 2325 4056 verbo
2358 3997 2474 4068 ejus
2519 3998 2636 4053 sine
2678 3997 2858 4053 verbis
2904 4005 2959 4051 et
3003 3996 3222 4067 syllabis
3261 4010 3356 4049 cor
3392 3996 3639 4050 docetur.

2063 4087 2195 4140 Cum
2223 4102 2353 4141 vero
2377 4103 2473 4156 per
2497 4086 2767 4155 angelum,
2795 4086 3081 4155 aliquando
3110 4084 3287 4138 verbis
3304 4085 3420 4139 sine
3450 4085 3643 4155 imagi-

2063 4173 2242 4237 nibus,
2276 4173 2562 4243 aliquando
2590 4173 2910 4244 imaginibus
2931 4181 2986 4226 et
3009 4171 3168 4227 rebus
3190 4171 3306 4226 sine
3335 4171 3537 4226 verbis.

2136 4263 2384 4319 Patribus
2434 4266 2646 4320 nostris.
2699 4265 2994 4328 Abraham,
3042 4264 3223 4329 Isaae,
3258 4270 3314 4317 et
3349 4261 3538 4325 Iacob,
3578 4274 3640 4320 et

2066 4354 2223 4418 Loth,
2253 4365 2308 4410 et
2332 4354 2517 4425 Moysi.
2558 4355 2626 4409 Et
2652 4354 2876 4409 habebis
2901 4353 3114 4409 sibilum
3158 4352 3376 4423 quando
3405 4353 3540 4408 dicis
3578 4353 3643 4408 in-

387 4439 571 4494 nentia
610 4438 745 4494 Novi
792 4439 1124 4495 Testamenti
1168 4436 1510 4501 declaratur,
1554 4438 1678 4508 quia
1713 4439 1959 4517 pgtribus
1984 4426 2035 4485 Ι)
2060 4444 2338 4515 prophetis
2359 4485 2375 4510 ,
2408 4444 2464 4499 id
2513 4452 2593 4500 est
2617 4484 2632 4509 ,
2681 4460 2713 4499 a
2748 4444 3081 4499 nominativo
3110 4443 3411 4513 prophetia.
3460 4440 3641 4498 Aliter

384 4530 605 4601 quidem
648 4532 924 4602 propheta:
970 4531 1118 4588 missi
1164 4540 1308 4594 sunt.
1355 4532 1512 4587 nobis
1548 4542 1728 4587 autem
1763 4531 1952 4598 Filius,

385 4618 480 4675 sed
503 4619 645 4688 quod
674 4620 835 4674 etiam
868 4622 1250 4691 prophetarum
1280 4620 1364 4675 vel
1395 4621 1825 4691 patriarcharum
1857 4639 1953 4678 no-

384 4725 474 4766 mo
497 4710 600 4766 nisi
635 4712 688 4766 in
725 4713 1164 4768 similitudinibus
1208 4713 1340 4768 vidit
1380 4713 1572 4778 Deum,
1607 4713 1797 4768 Filium
1824 4729 1955 4770 vero

383 4802 714 4872 unigenitum
761 4802 1101 4875 incarnatum
1143 4818 1263 4859 esse
1281 4843 1298 4867 ,
1327 4812 1488 4873 atque
1516 4804 1567 4858 in
1597 4820 1661 4860 ea
1684 4820 1852 4860 carne
1876 4805 1955 4859 γῆν

381 4907 503 4949 sum
526 4904 762 4961 constat,
792 4911 897 4964 qua
920 4896 1061 4951 idem
1096 4896 1258 4951 homo
1281 4912 1313 4950 a
1342 4898 1507 4951 verbo
1528 4896 1624 4951 Dei
1648 4907 1951 4967 susceptus,

379 4985 694 5054 unigenitus
712 4995 797 5042 est
822 4986 991 5042 Filius
1014 4987 1129 5042 Dei.
1180 4987 1308 5042 Ideo
1337 5002 1461 5041 mox
1489 4989 1729 5043 addixit:
1762 4987 1952 5044 Novis-

378 5076 523 5129 simis
547 5086 720 5131 autem
740 5078 920 5133 diebus
940 5079 1146 5132 locutus
1166 5087 1243 5133 est
1266 5078 1488 5133 nobisin
1517 5076 1674 5135 Filio.
1712 5079 1950 5149 Multifa-

379 5169 477 5234 rie,
511 5169 564 5225 id
594 5180 699 5236 est,
742 5173 925 5229 multis
953 5183 1010 5230 et
1049 5175 1212 5229 variis
1243 5174 1634 5238 locationibus,
1676 5182 1739 5227 ut
1763 5174 1948 5228 decem

379 5262 539 5316 verba
569 5262 702 5332 legis
727 5303 742 5330 ,
790 5273 847 5320 et
889 5267 991 5321 alia
1020 5282 1158 5336 pene
1190 5266 1603 5321 innumerabilia
1627 5264 1950 5319 testimoniis

372 5355 540 5411 variis
568 5359 963 5412 commendata.
991 5358 1272 5429 Multisque
1296 5358 1485 5412 modis.
1516 5355 1945 5421 Ostensionibos,

374 5442 428 5497 id
452 5453 577 5510 est,
626 5447 812 5501 miritis
856 5447 1044 5502 formis
1091 5447 1146 5501 in
1177 5447 1374 5517 quibus
1408 5447 1730 5516 loquebatur
1761 5463 1776 5498 :
1806 5459 1948 5498 nune

373 5541 554 5588 autem
598 5537 650 5591 in
693 5538 931 5593 hominis
967 5545 1022 5592 et
1061 5537 1289 5606 hospitis
1329 5536 1534 5601 forma,
1579 5544 1639 5590 ut
1676 5533 1942 5598 Abrahae;

373 5638 518 5681 nunc
558 5626 612 5681 in
652 5627 826 5683 forma
876 5627 1093 5693 militis,
1133 5635 1195 5687 ut
1239 5624 1402 5692 lesu;
1444 5642 1590 5683 nunc
1629 5626 1686 5682 in
1715 5626 1854 5697 igne,
1888 5632 1947 5679 ut

372 5716 540 5790 Moysi
580 5717 634 5773 in
680 5718 846 5787 rubo;
890 5734 1033 5775 nunc
1074 5720 1126 5775 in
1173 5717 1312 5773 nube
1349 5728 1405 5774 et
1448 5718 1567 5773 aliis
1611 5716 1812 5787 signis;
1845 5718 1943 5773 ali-

2056 4532 2314 4605 patribus,
2344 4533 2437 4602 qui
2467 4533 2714 4587 cominus
2740 4532 2956 4587 fuerunt
2982 4532 3037 4586 in
3067 4539 3310 4600 tempore
3336 4529 3632 4600 propheta-

2016 4685 2022 4690 ,
2057 4639 2174 4678 rum
2201 4665 2215 4687 ,
2254 4624 2305 4680 id
2342 4632 2457 4688 est,
2500 4623 2599 4678 toti
2624 4623 2764 4693 plebi
2790 4622 2954 4678 Israel
2976 4663 2991 4688 ,
3031 4630 3087 4676 et
3109 4633 3237 4678 tunc
3255 4621 3388 4677 dicis
3415 4622 3468 4677 in
3505 4636 3641 4692 pro.

2053 4714 2230 4784 phetis
2273 4714 2390 4769 sine
2418 4714 2600 4769 sibilo.
2662 4713 2975 4767 Novissimis
3003 4712 3204 4771 diebus.
3254 4711 3386 4766 Novi
3417 4711 3634 4769 scilicet

2054 4806 2405 4870 Testamenti,
2439 4814 2498 4860 ut
2521 4823 2533 4857 :
2568 4804 2759 4859 Melior
2787 4815 2860 4859 est
2883 4805 3004 4873 ﬁnis
3029 4805 3283 4858 orationis
3306 4820 3460 4873 quam
3483 4805 3637 4872 prin-

2051 4898 2266 4968 cipium,
2304 4906 2365 4952 ut
2389 4896 2641 4953 Salomon
2673 4896 2749 4950 ait
2781 4914 2793 4949 :
2825 4896 2955 4965 quia
2984 4895 3196 4951 ﬁrmius
3231 4905 3314 4949 est
3342 4894 3483 4964 quod
3517 4908 3633 4947 non

2048 4990 2318 5054 audimus,
2365 5003 2526 5057 quam
2558 4986 2700 5057 quod
2745 4986 2821 5041 illi
2872 4986 3001 5043 olim
3041 4985 3347 5040 audierunt.
3389 4982 3455 5036 In
3480 4979 3630 5036 Filio

2048 5095 2164 5134 suo.
2216 5077 2329 5133 Hoc
2372 5078 2573 5132 dicitur
2616 5075 2913 5133 secundum
2955 5073 3379 5143 assumptionem
3422 5071 3629 5136 carnis,

2048 5176 2145 5222 ut:
2177 5167 2281 5232 Qui
2315 5167 2528 5238 proprio
2550 5165 2692 5220 Filio
2736 5181 2833 5219 suo
2876 5180 2980 5218 non
3010 5163 3234 5233 pepercit
3267 5160 3443 5231 (Rom.
3474 5160 3625 5232 VIII).

2050 5256 2182 5313 Suo.
2212 5257 2266 5311 ιιι
2288 5264 2391 5320 est,
2418 5256 2657 5326 proprio.
2700 5255 2848 5309 Multi
2880 5254 3023 5308 enim
3056 5252 3150 5306 ﬁlii
3174 5253 3380 5323 gratia,
3417 5251 3504 5306 hic
3528 5266 3628 5305 au-

2049 5358 2156 5404 tem
2181 5357 2373 5404 natura
2403 5355 2504 5403 est.
2537 5348 2703 5413 Quem
2725 5347 3013 5417 proposuit.
3046 5344 3354 5400 Secundum
3376 5358 3628 5403 carnem.

2046 5438 2175 5508 quia
2198 5438 2493 5494 secundum
2515 5438 2850 5492 divinitatem
2874 5451 2979 5492 non
3004 5435 3348 5498 constitutus,
3377 5433 3471 5489 sed
3491 5446 3625 5487 θοιις

2047 5532 2268 5587 stitutor
2299 5530 2514 5587 dicitur.
2553 5528 2831 5584 Ilarredent
2851 5531 3105 5587 omnium.
3140 5525 3244 5582 Alii
3266 5532 3389 5596 post
3408 5534 3624 5595 patrem

2046 5624 2290 5679 heredes
2323 5629 2481 5687 sunt,
2527 5622 2615 5677 hic
2656 5630 2834 5676 autem
2878 5623 3094 5678 vivente
3118 5619 3278 5674 Patre
3302 5616 3480 5672 lateres
3508 5624 3622 5672 est.

2047 5715 2314 5770 Omnium.
2336 5713 2633 5769 \‘isibilium
2656 5721 2712 5768 et
2731 5711 3105 5774 invisibilium,
3120 5705 3420 5765 caelestium
3440 5715 3495 5762 et
3514 5714 3623 5762 ter-
