3982 6198
212 390 327 447 2'53

1345 384 1675 444 COLLECT.
1714 387 1781 441 lN
1820 384 2035 441 EPIST.
2076 386 2169 445 AD
2199 386 2404 443 HEBR.

3393 393 3498 451 εδδ

216 501 520 566 restﬁnm,
543 505 606 555 ut
622 501 750 569 ipse
778 498 887 557 ait:
920 495 1061 553 Data
1074 507 1148 552 est
1171 499 1298 553 mihi
1312 500 1482 553 omnis
1511 509 1738 570 potestas
1767 499 1823 552 in
1850 502 1900 558 Α
1925 497 2070 551 bunt.
2111 496 2246 565 Quia
2276 497 2445 569 ﬁgura
2473 514 2661 555 eorum
2693 497 2747 554 in
2773 498 2965 556 melius
3002 501 3498 573 transformabitur,

219 592 355 649 calo
382 600 439 646 et
470 593 529 645 in
550 599 697 644 terra
725 586 942 660 (Matth.
960 588 1175 660 xxvm).
1194 588 1298 643 Per
1316 606 1488 661 quem.
1509 584 1817 645 Secundum

224 682 603 739 divinitatem.
644 677 822 733 Etiam
858 676 1012 746 fecit,
1049 685 1097 732 et
1134 678 1348 733 stccula.
1390 678 1687 748 Tempora,
1732 687 1825 733 aut

227 778 544 836 creanti-as,
594 776 658 823 ut
689 786 703 822 :
739 765 808 820 In
832 767 1086 837 principio
1112 767 1233 836 fecit
1260 767 1400 821 Deus
1426 767 1609 823 caelum
1648 776 1697 821 et
1717 778 1823 821 ter-

229 876 369 915 ram.
408 859 527 925 Qui
552 868 628 913 est
652 857 901 929 splendor
934 856 1135 928 gloriae.
1176 855 1355 911 Patris
1378 856 1666 926 splendor:
1698 857 1825 927 quia

229 951 375 1005 sicut
401 949 672 1021 splendor
710 963 740 1002 a
778 946 894 1003 sole
916 962 1021 1001 non
1065 953 1366 1016 separatur,
1404 946 1483 1001 sic
1505 947 1622 1016 ipse
1648 946 1827 1016 splen-

231 1038 332 1093 dor
358 1046 615 1109 paternae
657 1037 842 1108 gloriae
882 1035 950 1091 ab
995 1035 1112 1104 ipso
1140 1033 1303 1091 Patre
1323 1036 1697 1106 inseparabilis
1719 1043 1822 1091 est.

235 1127 303 1183 Et
323 1129 510 1199 imago
537 1127 849 1181 substantia!
879 1126 993 1196 ejus
1015 1142 1281 1196 expressa.
1332 1125 1581 1194 Ejusdem
1619 1134 1827 1180 natura:

235 1226 288 1272 et
314 1217 653 1272 substantia:
682 1216 907 1272 formam
935 1216 1205 1287 signatam
1228 1224 1285 1269 et
1304 1230 1616 1285 expressam
1639 1215 1822 1270 habet.

239 1304 476 1360 Portam
502 1323 709 1377 quoque
733 1306 929 1360 omnia.
967 1305 1303 1369 Gubernans,
1344 1304 1468 1374 quia
1514 1305 1617 1360 nisi
1655 1306 1724 1360 ab
1760 1318 1827 1360 eo

235 1404 618 1465 portarentur,
649 1394 975 1449 laberentur.
1024 1390 1188 1448 Verbo
1212 1393 1418 1448 uirtutis
1454 1410 1583 1449 sum.
1611 1394 1823 1464 Seipso,

238 1486 325 1556 qui
359 1493 425 1540 et
469 1485 696 1540 verbum
745 1491 830 1538 est
855 1490 912 1538 et
935 1484 1128 1538 virtus.
1189 1480 1568 1554 Purgationem
1588 1494 1827 1555 peccato-

238 1589 351 1631 mu
374 1574 605 1643 perﬁcit.
636 1572 964 1629 Sacerdotes
1000 1574 1144 1628 enim
1186 1573 1241 1628 in
1262 1574 1442 1628 veteri
1463 1574 1580 1645 lege
1599 1589 1705 1629 non
1726 1589 1827 1643 per

239 1668 587 1737 semetipsos,
618 1666 712 1721 sed
741 1681 840 1735 per
864 1665 1069 1720 hostias
1101 1665 1383 1721 hominum
1417 1673 1641 1735 peccata
1676 1665 1826 1720 aufe—

240 1760 431 1815 rehant
458 1776 474 1812 :
523 1758 614 1814 hic
653 1765 838 1811 autem
870 1756 1124 1811 sacerdos
1146 1757 1358 1811 exstitit
1384 1764 1440 1810 et
1467 1757 1660 1817 hostia,
1696 1772 1826 1827 pur-

1927 603 2037 643 non
2089 598 2268 644 autem
2323 590 2751 653 substantialiter
2798 591 3110 647 interibunt.
3193 592 3270 648 Tu
3327 607 3500 651 autem

1926 679 2063 732 idem
2110 680 2220 749 ipse
2252 697 2324 735 es.
2376 681 2493 737 Non
2534 683 2684 749 dicit,
2715 699 2859 750 eras,
2906 685 2990 739 vel
3022 686 3149 749 eris,
3184 688 3277 741 sed
3305 703 3385 743 es.
3429 689 3501 745 Et

1927 769 2056 822 anni
2076 770 2154 822 tui
2180 786 2282 823 non
2309 770 2570 839 deﬁcient.
2596 772 2650 826 id
2695 780 2812 839 est,
2860 775 3135 830 :eternitas
3168 783 3279 830 tua.
3311 775 3445 833 Sede
3466 797 3498 833 a

1927 858 2121 912 dextris
2152 859 2300 913 meis.
2340 861 2463 916 Ideo
2505 876 2535 915 a
2566 862 2774 918 dextris
2800 864 2961 930 dicit,
3011 867 3135 934 quia
3164 867 3298 921 nihil
3333 875 3415 922 est
3444 869 3497 923 in

1927 949 2238 1004 cmlestibus
2276 951 2576 1008 sinistrum.
2638 955 2814 1009 Donec
2854 972 3042 1027 ponam
3081 959 3318 1014 inimicos
3359 970 3496 1015 tuos.

1928 1038 2109 1094 Donec
2138 1055 2235 1095 eos
2263 1053 2549 1110 superatos
2588 1051 2643 1098 et
2672 1043 2944 1114 subjectos
2973 1047 3025 1100 in
3057 1049 3293 1103 vindicta
3322 1050 3420 1104 sub
3445 1059 3500 1106 te

1926 1128 2127 1184 habeas
2160 1130 2214 1185 in
2252 1130 2457 1187 futuro.
2508 1131 2804 1188 Scabellum
2841 1136 3031 1199 pedum
3056 1146 3284 1191 tuorum.
3329 1140 3501 1196 Pedes

1925 1215 2140 1273 Domini
2169 1218 2287 1288 ejus
2314 1220 2618 1277 incarnatio
2643 1223 2992 1296 intelligitur,
3041 1226 3154 1281 sive
3187 1228 3410 1298 apostoli
3446 1238 3503 1286 et

1926 1310 2118 1365 sancti.

2545 1401 2771 1458 CAPUT
2805 1405 2868 1458 ll.

1995 1482 2284 1556 Propterea
2327 1487 2682 1545 abundantius
2731 1502 2929 1561 oportet
2987 1495 3259 1551 observare
3302 1514 3397 1553 nos
3437 1515 3502 1554 ea

1922 1590 2041 1644 gnte
2074 1576 2391 1632 audiuimus.
2446 1577 2583 1637 Dum
2631 1580 2867 1635 ministri
2915 1583 3137 1651 spiritus
3188 1587 3344 1642 nobis
3387 1603 3504 1643 ser-

1923 1664 2098 1729 viunt,
2123 1674 2177 1720 et
2208 1666 2579 1723 btereditatem
2606 1669 2792 1725 salutis
2818 1672 3091 1742 capimus;
3127 1675 3209 1729 vel
3237 1675 3503 1749 coniunge

1923 1755 2027 1811 hoc
2056 1756 2123 1811 ad
2168 1758 2484 1826 qualitatem
2534 1763 2773 1816 omnium
2823 1765 3280 1833 supradictorum.
3322 1767 3503 1822 Abun—

240 1849 495 1920 gavitque
518 1855 744 1911 peccata
767 1860 867 1916 per
889 1846 1211 1916 sanguinem
1225 1854 1282 1901 et
1299 1844 1527 1917 gratiam
1549 1845 1822 1916 baptismi.
1853 1843 1901 1902 B
1927 1843 2141 1901 dantius
2167 1858 2345 1902 autem
2376 1850 2533 1916 dixit,
2583 1850 2635 1905 id
2669 1860 2771 1914 est,
2805 1853 3137 1924 diligentius,
3165 1857 3290 1912 dum
3329 1858 3503 1929 major

242 1940 397 1996 Sedet
420 1940 495 1993 ad
535 1938 808 1993 dexteram
839 1937 1130 2007 majestatis
1160 1938 1217 1991 in
1253 1936 1491 1991 excelsis.
1534 1934 1823 2005 ﬂuensque

241 2033 481 2088 breviter
525 2031 732 2086 Paulus
775 2028 914 2085 dixit
955 2029 1024 2084 de
1074 2029 1356 2085 divinitate
1398 2035 1452 2083 et
1489 2028 1824 2082 humanitate

240 2123 465 2188 Christi,
498 2132 560 2177 ut
592 2123 659 2176 de
686 2122 774 2177 bis
800 2121 1052 2191 primitus
1076 2121 1343 2176 indicaret
1372 2119 1574 2175 Judaeis
1594 2160 1607 2185 ,
1629 2118 1824 2174 deinde

243 2229 337 2283 per
358 2213 652 2283 epistolam
687 2212 756 2266 de
794 2212 881 2267 his
917 2212 1171 2267 redderet
1199 2211 1484 2266 rationem.
1519 2209 1687 2264 Tanto
1714 2225 1827 2263 me-

241 2304 339 2359 lior
365 2303 572 2374 angelis
595 2303 832 2372 eﬁ'ectus.
862 2302 1044 2369 Quare
1080 2318 1189 2357 non
1234 2318 1355 2357 eum
1393 2301 1670 2357 meliorem
1700 2314 1826 2371 pro-

242 2396 418 2467 phetis
444 2395 608 2458 dixit,
637 2394 813 2456 idest,
839 2392 1010 2462 legem
1039 2391 1493 2458 ministrantibus,
1521 2392 1646 2446 dum
1668 2390 1823 2446 Chri-

244 2497 381 2544 stum
401 2486 562 2556 prius
603 2485 883 2556 prophetis
918 2485 1187 2554 prmtulit?
1209 2485 1353 2550 ideo,
1399 2484 1525 2554 quia
1554 2483 1824 2538 vetuslex

245 2593 338 2648 per
354 2575 584 2645 angelos
598 2575 905 2630 ministrata
928 2583 1029 2638 est,
1047 2592 1183 2631 nova
1206 2585 1385 2632 autem
1405 2592 1503 2647 per
1522 2575 1819 2631 Christum.

244 2665 379 2737 Ergo
418 2666 529 2720 hoc
568 2663 732 2730 dicit,
784 2670 845 2719 ut
879 2665 1297 2735 prmcellentiam
1324 2666 1460 2721 Novi
1492 2664 1825 2723 Testamenti

245 2755 593 2819 ostenderet,
640 2751 769 2807 dum
813 2752 1062 2809 Christus
1099 2754 1318 2826 angelos
1340 2755 1616 2826 praecellit.
1649 2753 1825 2811 Filius

244 2862 384 2899 meus
411 2861 469 2899 es
495 2852 576 2898 tu.
617 2842 927 2899 Secundum
958 2844 1316 2902 divinitatem.
1359 2846 1470 2917 Ego
1495 2847 1648 2901 hodie
1670 2848 1826 2916 genui

245 2947 307 2991 te.
331 2936 473 3003 Quia
498 2937 556 2991 in
581 2937 887 2992 aeternitate
908 2953 1123 3007 semper
1142 2949 1302 2994 natus
1324 2948 1425 2995 est.
1456 2940 1628 2994 Aliter
1661 2959 1675 2993 :
1712 2939 1824 3010 Ego

245 3029 395 3082 hodie
420 3030 595 3099 'genui
635 3036 714 3093 te,
755 3030 1050 3084 secnmlum
1080 3032 1411 3086 incarnatam
1438 3031 1823 3087 humanitatem

246 3118 656 3186 intelligendum
697 3127 801 3172 est.
861 3119 975 3189 Ego
1021 3137 1111 3175 ero
1153 3120 1234 3175 illi
1273 3122 1327 3176 in
1356 3131 1577 3192 patrem.
1618 3120 1731 3177 lloc
1770 3123 1823 3177 in

1922 1940 2006 1991 est
2035 1936 2334 1993 auctoritas
2383 1948 2583 1995 nostra:
2625 1939 2788 2011 legis,
2829 1957 2991 2013 quam
3017 1945 3316 2001 auctoritas
3341 1962 3505 2018 ange-

1922 2022 2096 2079 lorum
2145 2027 2570 2084 ministrantium
2602 2039 2842 2087 veterem
2885 2033 3080 2104 legem.
3139 2035 3224 2090 Ne
3267 2037 3402 2106 forte
3425 2037 3504 2104 ef-

1921 2117 2171 2185 ﬂuamus.
2229 2117 2307 2173 Ne
2355 2136 2388 2174 a
2436 2119 2609 2175 salute
2651 2122 2978 2179 discedendo
3020 2139 3324 2194 pereamus.
3385 2127 3503 2183 Etsi

1922 2212 2091 2266 omnis
2155 2215 2519 2274 prwvaricatio
2571 2225 2619 2270 et
2661 2217 3011 2273 inobedientia
3061 2220 3261 2290 accepit
3296 2220 3503 2290 justam

1923 2302 2176 2356 mercedis
2200 2303 2613 2358 retributionem.
2654 2304 2711 2360 ld
2740 2316 2964 2377 est,per
2989 2307 3162 2378 legem
3204 2316 3501 2377 acceptam.

1923 2390 2290 2449 lnobedientia
2332 2407 2462 2448 vero
2508 2394 2681 2466 legem
2734 2412 2840 2452 non
2894 2398 3150 2468 suscepit.
3212 2396 3343 2462 Qum
3383 2413 3503 2451 cum

1922 2482 2134 2535 initium
2166 2484 2467 2554 accepisset.
2515 2484 2585 2541 Ut
2619 2503 2632 2538 :
2670 2484 2879 2540 Exinde
2897 2489 3045 2559 εωρὶι
3073 2487 3231 2543 Iesus
3254 2489 3426 2558 facere
3455 2497 3505 2542 et

1925 2571 2111 2628 docere
2159 2574 2296 2641 (Act.
2328 2575 2391 2647 ι).
2451 2575 2521 2632 In
2566 2578 2732 2632 nobis.
2788 2578 2847 2633 In
2885 2580 3137 2635 omnibus
3183 2580 3506 2638 Christianis

1924 2660 2192 2719 ﬁdelibus.
2229 2662 2365 2719 Nam
2397 2681 2457 2722 se
2498 2666 2777 2739 coniungit
2815 2684 2938 2723 cum
2976 2670 3201 2739 reliquis
3237 2670 3503 2726 ﬁdelibus.

1925 2751 2258 2810 Contestante
2297 2755 2408 2811 Deo
2444 2758 2628 2828 signis.
2685 2760 3068 2815 Praisentibus.
3125 2759 3196 2815 Et
3223 2761 3498 2831 portentis.

1925 2845 2004 2900 De
2034 2845 2232 2902 futuris
2252 2856 2497 2904 ostensa.
2538 2848 2607 2902 Et
2630 2850 2788 2905 variis
2816 2851 3113 2905 virtutibus.
3147 2850 3504 2918 Sanitatibus,

1927 2944 2032 2992 ut:
2081 2935 2357 2992 Dtemones
2402 2939 2610 3009 ejicite,
2665 2939 2896 3010 leprosos
2935 2942 3222 3007 mundule,
3270 2953 3505 2997 mortuos

1926 3029 2174 3083 suscitate
2214 3028 2432 3100 (Matth.
2476 3029 2551 3100 ι).
2623 3028 2928 3086 Secundum
2968 3049 3123 3087 suam
3163 3032 3503 3089 voluntatem.

1929 3116 2237 3172 Secundum
2262 3118 2595 3176 voluntatem
2622 3119 2738 3181 Dei,
2768 3136 2875 3176 non
2890 3121 3188 3177 secundum
3225 3123 3504 3190 meritum,

243 3210 393 3265 libris
415 3210 629 3281 Regum
660 3217 715 3265 et
740 3210 1185 3279 Paralipomendn
1212 3212 1412 3284 legitur
1448 3211 1534 3284 (II
1564 3212 1690 3283 Reg.
1738 3212 1821 3281 ιι).
1851 3199 1897 3263 C
1928 3210 2015 3264 vel
2035 3209 2347 3266 facultatem
2380 3221 2646 3267 nostram.
2703 3213 2826 3268 Non
2865 3216 3003 3270 enim
3042 3213 3241 3285 angelis
3283 3214 3507 3286 subjecit

244 3299 371 3356 Cum
404 3300 692 3355 introducit
726 3302 1126 3372 primogenitum
1149 3303 1203 3357 in
1230 3304 1404 3358 orbem
1431 3314 1599 3359 terras.
1633 3304 1688 3359 ld
1719 3311 1825 3370 est,

245 3390 457 3455 larize;
487 3392 578 3444 vel
606 3406 729 3445 cum
749 3392 911 3447 ducat
941 3392 1007 3446 de
1028 3392 1144 3461 ejus
1185 3394 1551 3451 incarnatione
1578 3396 1629 3451 in
1658 3406 1822 3452 terra.

247 3482 306 3536 Et
330 3483 559 3537 adorent
585 3498 702 3534 eum
739 3498 916 3536 omnes
946 3483 1120 3552 angeli
1148 3483 1266 3538 Dei.
1321 3484 1454 3539 Nam
1492 3486 1620 3542 licet
1652 3487 1827 3542 incar-

246 3580 421 3631 natus.
453 3571 716 3627 adoratus
742 3580 826 3626 est
854 3574 923 3626 ab
948 3573 1174 3644 angelis,
1214 3584 1418 3642 quanto
1446 3578 1616 3648 magis
1637 3589 1828 3633 secun-

246 3664 370 3718 dum
415 3661 796 3717 divinitatem?
843 3660 947 3728 Qui
990 3664 1117 3733 facit
1173 3665 1383 3735 angelos
1426 3684 1549 3721 suos
1589 3668 1822 3736 spiritus.

245 3755 450 3826 Duplex
501 3755 813 3823 angelorum
853 3754 1087 3811 ofﬁcium
1132 3765 1373 3812 esttaut
1400 3759 1544 3814 enim
1577 3759 1825 3828 spiritum

248 3844 635 3900 mnsolationis
656 3886 671 3910 ,
700 3850 793 3899 aut
828 3845 1007 3914 ignem
1050 3847 1301 3903 vindicta:
1336 3848 1646 3903 hominibus
1666 3849 1826 3903 mini-

249 3949 458 4005 strant,
494 3948 555 3994 ut
582 3939 936 4012 Hieronymus
975 3943 1124 3998 dicit.
1157 3944 1331 3999 Aliter
1368 3945 1458 3999 hic
1488 3945 1825 4015 hyperbaton

249 4039 351 4095 est,
380 4041 436 4084 et
464 4039 551 4085 est
583 4031 716 4085 ordo
740 4050 753 4084 :
785 4029 886 4099 Qui
927 4031 1055 4088 facit
1088 4034 1310 4104 spiritus
1335 4051 1462 4091 suos
1489 4036 1742 4105 angelos,
1771 4037 1827 4092 id

250 4133 351 4187 est,
380 4135 440 4179 ut
468 4126 579 4179 sint
611 4124 812 4195 angeli,
843 4127 946 4182 hoc
969 4136 1074 4193 est,
1100 4130 1272 4184 nuntii
1303 4145 1550 4199 superna:
1581 4129 1828 4185 volunta-

251 4214 339 4268 tis.
379 4214 515 4270 Nam
562 4215 781 4289 angelus
827 4215 983 4272 olllcii
1028 4227 1111 4275 est
1160 4235 1389 4285 nomen,
1438 4237 1546 4276 non
1587 4231 1823 4287 natura;

253 4319 373 4358 nam
422 4319 616 4360 omnes
658 4305 892 4361 virtutes
934 4307 1184 4364 caelestes
1244 4310 1565 4365 naturaliter
1610 4311 1828 4381 spiritus

254 4395 608 4466 appellantur.
635 4393 875 4451 Thronus
907 4406 1052 4463 tuus,
1083 4397 1244 4464 Deus,
1270 4401 1322 4454 in
1344 4399 1594 4455 amulum
1623 4401 1825 4458 steculi.

256 4485 534 4557 Signiﬁcat
558 4497 739 4542 autem
764 4487 1123 4560 principatum
1159 4488 1362 4547 Christi
1400 4507 1564 4563 super
1585 4493 1823 4559 angelos.

264 4577 421 4650 Virga
448 4580 736 4650 aquitatis.
770 4578 1010 4653 Virgam,
1040 4590 1314 4653 sceptrum
1342 4585 1493 4656 regni
1515 4595 1568 4639 et
1592 4592 1830 4654 potesta-

260 4668 325 4724 tis
366 4668 721 4739 intelligimus
742 4710 756 4734 ,
814 4684 920 4740 qua
966 4671 1109 4727 Deus
1143 4673 1277 4729 alios
1313 4685 1625 4729 remunerat
1649 4717 1663 4740 ,
1697 4675 1831 4731 alios

262 4762 602 4826 condemnat,
631 4762 864 4818 reddens
895 4764 1187 4836 unicuique
1208 4767 1502 4821 secundum
1527 4782 1690 4836 opera
1712 4782 1827 4822 sua.

264 4844 416 4904 Unzit
445 4861 495 4904 te
515 4850 678 4905 Deus.
709 4850 753 4907 Ο
775 4852 934 4907 Deus.
978 4851 1105 4908 Oleo
1131 4854 1349 4909 ltetititr.
1389 4854 1592 4925 Spiritu
1622 4866 1830 4912 sancto.

264 4937 378 4995 Prae
406 4942 736 4997 consortibus
766 4946 888 4999 tuis.
918 4943 1176 5017 Regibus,
1205 4946 1833 5018 sacewlotibus,prophe-

261 5029 343 5085 tis.
382 5030 454 5085 Et
501 5040 561 5086 tu
605 5032 659 5087 in
702 5035 978 5104 principio.
1030 5035 1088 5090 in
1108 5035 1269 5091 Filio.
1324 5035 1540 5090 Terram
1574 5035 1830 5105 fundasti.

261 5119 516 5177 Stabilem
555 5138 676 5177 eam
720 5122 895 5180 fecisti
933 5141 1097 5195 super
1136 5127 1485 5184 stabilitatem
1528 5126 1704 5184 suain.
1762 5127 1831 5183 Et

259 5227 409 5281 spera
432 5230 649 5269 manum
675 5224 890 5271 tuarum
912 5228 1031 5272 sunt
1056 5219 1189 5273 celi.
1231 5217 1468 5290 Spiritus
1496 5219 1705 5285 sancti,
1739 5220 1832 5288 qui

259 5305 416 5359 etiam
459 5306 666 5377 digitus
708 5308 925 5366 dicitur.
992 5311 1295 5369 Notandum
1350 5315 1494 5384 quod
1549 5315 1638 5370 hic
1679 5314 1834 5383 prius

259 5392 380 5450 dicit
427 5405 664 5462 terram,
721 5399 919 5455 deinde
953 5403 1254 5465 subintert,
1297 5413 1420 5457 sunt
1455 5403 1589 5458 cozli.
1639 5400 1834 5458 Sermo

257 5488 398 5544 enim
424 5490 642 5546 divinus
682 5491 972 5561 aliquando
1013 5506 1081 5549 de
1114 5494 1462 5551 terrestribus
1495 5495 1563 5550 ad
1591 5496 1835 5551 cmlestia

258 5589 490 5635 mentem
530 5579 728 5646 elevat,
771 5581 1062 5652 aliquando
1090 5582 1159 5637 de
1202 5582 1514 5639 caelestibus
1560 5586 1629 5640 ad
1665 5593 1838 5640 terre—

257 5669 385 5723 stria
417 5671 704 5727 descendit
720 5713 735 5737 ,
776 5680 837 5727 ut
874 5687 1068 5728 currus
1095 5672 1226 5728 Elim
1251 5673 1320 5728 de
1339 5674 1477 5730 ctelo
1500 5676 1753 5741 emissus,
1778 5686 1836 5731 et

258 5759 310 5814 iu
340 5760 537 5818 etclam
569 5763 769 5819 iterum
796 5780 919 5821 cum
945 5764 1112 5836 gloria
1134 5764 1376 5821 elevatus
1410 5774 1513 5822 est.
1564 5766 1677 5838 Ipsi
1692 5771 1834 5836 prri-

1853 4536 1906 4596 D

1927 3299 2069 3356 Deus
2091 3300 2265 3355 orbem
2293 3311 2466 3358 terra.
2509 3302 2617 3359 Sed
2645 3303 2862 3360 Christo
2890 3303 3122 3374 subjecit
3147 3304 3291 3361 Deus
3317 3306 3504 3363 orbem

1927 3397 2084 3444 terra:
2110 3389 2385 3458 futurum,
2415 3394 2466 3449 id
2507 3403 2618 3460 est,
2655 3395 2953 3452 Ecclesium
2982 3406 3104 3467 post
3126 3407 3404 3467 peractum
3419 3398 3510 3468 jm

1925 3481 2129 3538 dicinm
2167 3482 2573 3540 multiformem.
2623 3485 2702 3540 De
2744 3503 2849 3557 quo
2890 3487 3171 3556 loquimur.
3225 3487 3504 3543 Dicendo:

1925 3569 2120 3628 Omnia
2143 3576 2408 3645 subjecisti
2436 3577 2532 3630 sub
2559 3578 2777 3646 pedibus
2797 3579 2931 3648 ejus.
2967 3578 3206 3632 Testatus
3235 3588 3312 3633 est
3330 3588 3506 3632 autem

1924 3668 1981 3719 in
2017 3666 2246 3736 quodam
2290 3667 2425 3721 loco.
2489 3667 2726 3737 Spiritus
2771 3677 2994 3724 sanctus
3035 3683 3134 3737 per
3162 3670 3503 3738 prophetam.

1927 3757 2068 3824 Quid
2096 3769 2170 3812 est
2195 3760 2373 3825 homo,
2398 3759 2537 3829 quod
2552 3776 2750 3813 memor
2779 3777 2832 3814 es
2860 3760 3014 3828 ejus?
3053 3770 3144 3813 aut
3166 3760 3310 3829 ﬁlius
3337 3759 3508 3813 homi-

1926 3852 2027 3905 nis.
2055 3851 2215 3907 Aliud
2243 3860 2328 3906 est
2346 3853 2526 3916 homo,
2550 3860 2608 3907 et
2629 3851 2770 3907 aliud
2787 3861 2868 3908 est
2888 3852 3032 3907 ﬁlius
3049 3851 3304 3906 hominis.
3331 3849 3503 3906 Adam

1925 3944 2070 3997 enim
2097 3957 2203 3997 non
2225 3944 2460 4013 genitus,
2495 3959 2671 4013 neque
2690 3959 2756 3999 ex
2784 3945 3007 4000 homine
3025 3942 3232 4008 factus;
3256 3941 3507 3997 Christus

1926 4048 2057 4087 vero
2084 4048 2152 4087 ex
2184 4034 2403 4088 homine
2450 4034 2686 4096 suscepit
2738 4048 2980 4089 carnem.
3042 4031 3149 4087 Sed
3192 4031 3335 4102 quod
3379 4031 3501 4085 ait:

1929 4121 2071 4189 Quid
2113 4132 2190 4177 est
2216 4123 2409 4178 homo?
2451 4123 2732 4194 dignitatis
2754 4122 3149 4193 signiﬁcatione
3182 4120 3501 4189 interrogat.

1929 4214 2192 4281 Quoniam
2213 4216 2394 4270 visitas
2422 4232 2561 4270 eum.
2595 4215 2812 4272 Scilicet
2833 4215 2887 4269 in
2919 4215 3189 4284 passione,
3218 4212 3301 4268 vel
3326 4227 3509 4267 resur-

1927 4304 2188 4359 rectione.
2231 4303 2515 4359 Minorasti
2542 4321 2661 4359 eum
2686 4302 2843 4375 paulo
2866 4304 3038 4358 minus
3060 4304 3125 4357 ob
3147 4303 3368 4373 angelis.
3406 4301 3511 4359 As-

1929 4397 2190 4452 snmendo
2213 4410 2456 4461 carnem,
2489 4396 2743 4466 patiendo
2770 4408 2986 4449 crucem
3003 4433 3017 4455 ,
3042 4393 3188 4462 quod
3215 4402 3508 4461 utrumque

1931 4487 2137 4557 angelis
2161 4486 2379 4542 evenire
2406 4501 2512 4541 non
2542 4493 2741 4555 potest.
2781 4483 2848 4538 Et
2873 4481 3189 4537 constituisti
3210 4496 3327 4535 eum
3350 4494 3511 4550 super

1932 4596 2089 4652 opera
2136 4595 2390 4634 manuum
2441 4586 2676 4633 tuarum.
2769 4576 2960 4633 Omnis
3002 4584 3253 4632 creatura
3299 4573 3504 4630 homini

1932 4672 2118 4736 servit,
2178 4680 2237 4725 ut
2280 4678 2364 4725 est
2402 4687 2417 4725 :
2460 4670 2530 4724 Et
2580 4669 2881 4725 dominetur
2927 4670 3156 4740 piscibus
3204 4669 3408 4733 maris,
3456 4680 3507 4723 et

1931 4761 2231 4817 volatilibus
2268 4760 2381 4815 σεειὶ
2424 4758 2580 4831 (Gen.
2622 4760 2684 4823 ι).
2747 4759 2854 4816 Sed
2893 4761 3139 4830 quamvis
3175 4760 3291 4814 htec
3332 4758 3507 4813 Adam

1932 4851 2300 4916 conveniunt,
2332 4859 2388 4906 et
2411 4851 2703 4921 unicuique
2750 4851 2997 4915 homini,
3032 4851 3122 4905 hic
3177 4859 3357 4905 tamen
3414 4864 3504 4904 se-

1931 4943 2167 4997 cundum
2211 4956 2430 4997 sensum
2471 4943 2622 4997 Pauli
2668 4951 2876 4997 tantum
2925 4941 3190 4998 Salvatori
3220 4942 3504 5010 competit.

1934 5033 2079 5104 Ergo
2102 5034 2419 5088 const'ﬂuisti
2449 5046 2566 5087 cum
2600 5050 2760 5104 super
2811 5049 2967 5103 opera
2992 5047 3243 5085 manuum
3268 5040 3503 5099 tuarum,

1932 5133 1996 5179 ut
2026 5143 2039 5179 :
2074 5124 2212 5178 Data
2241 5133 2319 5178 est
2344 5124 2474 5178 mihi
2498 5125 2668 5178 omnis
2695 5134 2923 5194 potestas
2955 5123 3011 5176 in
3035 5120 3162 5175 salo
3186 5131 3234 5176 et
3287 5123 3342 5177 in
3363 5132 3507 5177 terra

1933 5216 2149 5290 (Matth.
2180 5216 2392 5287 xxvm).
2426 5215 2491 5269 In
2518 5231 2579 5269 eo
2606 5216 2743 5269 enim
2771 5214 2910 5285 quod
2931 5214 3112 5268 omnia
3136 5213 3235 5269 sibi
3259 5215 3503 5284 subjecit,

1931 5308 2063 5363 nihil
2092 5309 2292 5363 dimisit
2321 5326 2425 5363 non
2454 5309 2745 5378 subjectum
2777 5308 2845 5362 ei.
2874 5306 3081 5363 Praeter
3126 5323 3253 5363 eum
3279 5308 3372 5378 qui
3402 5308 3507 5362 sibi

1937 5395 2167 5464 subjecit
2196 5397 2400 5451 omnia.
2441 5395 2601 5450 Nunc
2621 5407 2793 5451 autem
2831 5397 3049 5452 necdum
3073 5397 3302 5451 videmus
3331 5398 3508 5452 omnia

1937 5490 2172 5560 subjecta
2222 5490 2290 5542 ei.
2344 5489 2480 5555 Quia
2536 5503 2645 5544 non
2699 5489 2859 5545 simul
2893 5489 3148 5559 impletur
3180 5488 3505 5559 prophetia;

1937 5582 2065 5636 licet
2089 5580 2233 5634 enim
2262 5580 2310 5635 ei
2341 5578 2702 5648 subjiciuntur
2746 5581 2923 5646 multi,
2958 5579 3049 5635 alii
3077 5587 3257 5634 tamen
3286 5596 3416 5643 non,
3452 5579 3509 5634 in

1931 5672 2140 5743 judicio
2167 5686 2297 5727 vero
2324 5672 2508 5726 omnia
2536 5672 2587 5726 ei
2629 5670 3003 5740 subjicientur.
3057 5668 3124 5725 Ut
3168 5672 3340 5742 gratia
3386 5668 3509 5725 Dei.

1938 5748 2123 5825 αιῖςκιίη
2155 5762 2246 5818 Dei
2300 5761 2469 5817 Filius
2509 5761 2604 5817 Dei
2661 5762 2875 5829 dicitur.
2932 5762 3056 5835 quia
3082 5775 3180 5834 per
3204 5774 3354 5816 suam
3378 5768 3515 5830 grti-
