  <div class='ocr_page' id='page_1' title='image "/cluster/home/n/w/nwhite01/storage/ocr_20150623/103/hvd.32044054759691/133.png"; bbox 0 0 3982 6198; ppageno 0'>
   <div class='ocr_carea' id='block_1_1' title="bbox 464 353 574 410">
    <p class='ocr_par' dir='ltr' id='par_1_1' title="bbox 464 353 574 410">
     <span class='ocr_line' id='line_1_1' title="bbox 464 353 574 410; baseline 0 0"><span class='ocrx_word' id='word_1_1' title='bbox 464 353 574 410; x_wconf 73' lang='grc'><strong><em>255</em></strong></span> 
     </span>
    </p>
   </div>
   <div class='ocr_carea' id='block_1_2' title="bbox 1838 349 2345 408">
    <p class='ocr_par' dir='ltr' id='par_1_2' title="bbox 1838 349 2345 408">
     <span class='ocr_line' id='line_1_2' title="bbox 1838 349 2345 408; baseline 0 0"><span class='ocrx_word' id='word_1_2' title='bbox 1838 349 2109 408; x_wconf 79' lang='lat' dir='ltr'><strong><em>SEDUUI</em></strong></span> <span class='ocrx_word' id='word_1_3' title='bbox 2149 350 2345 408; x_wconf 87' lang='lat' dir='ltr'><strong><em>SCOTI</em></strong></span> 
     </span>
    </p>
   </div>
   <div class='ocr_carea' id='block_1_3' title="bbox 3588 361 3695 417">
    <p class='ocr_par' dir='ltr' id='par_1_3' title="bbox 3588 361 3695 417">
     <span class='ocr_line' id='line_1_3' title="bbox 3588 361 3695 417; baseline 0.028 -4"><span class='ocrx_word' id='word_1_4' title='bbox 3588 361 3695 417; x_wconf 62' lang='lat'><strong><em>9716</em></strong></span> 
     </span>
    </p>
   </div>
   <div class='ocr_carea' id='block_1_4' title="bbox 468 462 3700 540">
    <p class='ocr_par' dir='ltr' id='par_1_4' title="bbox 468 462 3700 540">
     <span class='ocr_line' id='line_1_4' title="bbox 468 462 3700 540; baseline 0.002 -25"><span class='ocrx_word' id='word_1_5' title='bbox 468 469 603 522; x_wconf 76' lang='lat' dir='ltr'><strong><em>tiam</em></strong></span> <span class='ocrx_word' id='word_1_6' title='bbox 628 467 797 539; x_wconf 69' lang='lat' dir='ltr'><strong><em>gratis</em></strong></span> <span class='ocrx_word' id='word_1_7' title='bbox 847 474 1070 537; x_wconf 80' lang='lat' dir='ltr'><strong><em>peccata</em></strong></span> <span class='ocrx_word' id='word_1_8' title='bbox 1120 467 1344 532; x_wconf 70' lang='lat' dir='ltr'><strong><em>dimisit,</em></strong></span> <span class='ocrx_word' id='word_1_9' title='bbox 1392 466 1557 523; x_wconf 82' lang='lat' dir='ltr'><strong><em>nullis</em></strong></span> <span class='ocrx_word' id='word_1_10' title='bbox 1603 466 2029 537; x_wconf 72' lang='lat' dir='ltr'><strong><em>prmcedentibus</em></strong></span> <span class='ocrx_word' id='word_1_11' title='bbox 2056 463 2105 523; x_wconf 78' lang='grc' dir='ltr'>Α</span> <span class='ocrx_word' id='word_1_12' title='bbox 2132 474 2185 516; x_wconf 87' lang='lat' dir='ltr'><strong><em>ut</em></strong></span> <span class='ocrx_word' id='word_1_13' title='bbox 2213 475 2262 516; x_wconf 85' lang='lat' dir='ltr'><strong><em>et</em></strong></span> <span class='ocrx_word' id='word_1_14' title='bbox 2294 462 2521 534; x_wconf 71' lang='lat' dir='ltr'><strong><em>Moyses.</em></strong></span> <span class='ocrx_word' id='word_1_15' title='bbox 2560 462 2759 519; x_wconf 86' lang='lat' dir='ltr'><strong><em>Fidelis</em></strong></span> <span class='ocrx_word' id='word_1_16' title='bbox 2805 463 2926 519; x_wconf 75' lang='lat' dir='ltr'><strong><em>fuit.</em></strong></span> <span class='ocrx_word' id='word_1_17' title='bbox 2964 465 3135 520; x_wconf 89' lang='lat' dir='ltr'><strong><em>Aliter</em></strong></span> <span class='ocrx_word' id='word_1_18' title='bbox 3163 466 3270 522; x_wconf 85' lang='lat' dir='ltr'><strong><em>hoc</em></strong></span> <span class='ocrx_word' id='word_1_19' title='bbox 3314 466 3700 540; x_wconf 64' lang='lat' dir='ltr'><strong><em>interrogantis</em></strong></span> 
     </span>
    </p>
   </div>
   <div class='ocr_carea' id='block_1_5' title="bbox 470 555 2026 628">
    <p class='ocr_par' dir='ltr' id='par_1_5' title="bbox 470 555 2026 628">
     <span class='ocr_line' id='line_1_5' title="bbox 470 555 2026 628; baseline -0.001 -16"><span class='ocrx_word' id='word_1_20' title='bbox 470 558 744 612; x_wconf 80' lang='lat' dir='ltr'><strong>hominum</strong></span> <span class='ocrx_word' id='word_1_21' title='bbox 796 558 1021 611; x_wconf 89' lang='lat' dir='ltr'><strong><em>meritis.</em></strong></span> <span class='ocrx_word' id='word_1_22' title='bbox 1075 555 1183 611; x_wconf 88' lang='lat' dir='ltr'><strong><em>Pro</em></strong></span> <span class='ocrx_word' id='word_1_23' title='bbox 1231 558 1469 612; x_wconf 86' lang='lat' dir='ltr'><strong><em>omnibus</em></strong></span> <span class='ocrx_word' id='word_1_24' title='bbox 1519 568 1750 628; x_wconf 85' lang='lat' dir='ltr'><strong><em>gustaret</em></strong></span> <span class='ocrx_word' id='word_1_25' title='bbox 1788 568 2026 611; x_wconf 85' lang='lat' dir='ltr'><strong><em>mortem.</em></strong></span> 
     </span>
    </p>
   </div>
   <div class='ocr_carea' id='block_1_6' title="bbox 467 643 2030 717">
    <p class='ocr_par' dir='ltr' id='par_1_6' title="bbox 467 643 2030 717">
     <span class='ocr_line' id='line_1_6' title="bbox 467 643 2030 717; baseline -0.001 -15"><span class='ocrx_word' id='word_1_26' title='bbox 467 647 726 702; x_wconf 83' lang='lat' dir='ltr'><strong><em>Celeritas</em></strong></span> <span class='ocrx_word' id='word_1_27' title='bbox 772 643 1042 701; x_wconf 86' lang='lat' dir='ltr'><strong><em>mortisin</em></strong></span> <span class='ocrx_word' id='word_1_28' title='bbox 1075 655 1234 717; x_wconf 84' lang='lat' dir='ltr'><strong><em>gustu</em></strong></span> <span class='ocrx_word' id='word_1_29' title='bbox 1269 648 1628 717; x_wconf 82' lang='lat' dir='ltr'><strong><em>signiﬁcatur,</em></strong></span> <span class='ocrx_word' id='word_1_30' title='bbox 1665 658 1723 702; x_wconf 87' lang='lat' dir='ltr'><strong><em>ut</em></strong></span> <span class='ocrx_word' id='word_1_31' title='bbox 1751 667 1763 702; x_wconf 91' lang='lat'><strong>:</strong></span> <span class='ocrx_word' id='word_1_32' title='bbox 1798 647 1864 701; x_wconf 85' lang='lat' dir='ltr'><strong><em>Et</em></strong></span> <span class='ocrx_word' id='word_1_33' title='bbox 1912 665 2030 702; x_wconf 87' lang='lat' dir='ltr'><strong><em>cum</em></strong></span> 
     </span>
    </p>
   </div>
   <div class='ocr_carea' id='block_1_7' title="bbox 466 737 2030 811">
    <p class='ocr_par' dir='ltr' id='par_1_7' title="bbox 466 737 2030 811">
     <span class='ocr_line' id='line_1_7' title="bbox 466 737 2030 811; baseline 0.001 -20"><span class='ocrx_word' id='word_1_34' title='bbox 466 747 738 808; x_wconf 86' lang='lat' dir='ltr'><strong><em>gustasset,</em></strong></span> <span class='ocrx_word' id='word_1_35' title='bbox 771 737 937 792; x_wconf 75' lang='lat' dir='ltr'><strong><em>noluit</em></strong></span> <span class='ocrx_word' id='word_1_36' title='bbox 962 739 1131 792; x_wconf 88' lang='lat' dir='ltr'><strong><em>bibere</em></strong></span> <span class='ocrx_word' id='word_1_37' title='bbox 1162 738 1377 810; x_wconf 74' lang='lat' dir='ltr'><strong><em>(Matth.</em></strong></span> <span class='ocrx_word' id='word_1_38' title='bbox 1407 740 1598 811; x_wconf 83' lang='lat' dir='ltr'><strong><em>xxvn).</em></strong></span> <span class='ocrx_word' id='word_1_39' title='bbox 1645 739 1870 793; x_wconf 87' lang='lat' dir='ltr'><strong><em>Decebat</em></strong></span> <span class='ocrx_word' id='word_1_40' title='bbox 1891 741 2030 794; x_wconf 77' lang='lat' dir='ltr'><strong><em>enim</em></strong></span> 
     </span>
    </p>
   </div>
   <div class='ocr_carea' id='block_1_8' title="bbox 464 829 2028 899">
    <p class='ocr_par' dir='ltr' id='par_1_8' title="bbox 464 829 2028 899">
     <span class='ocr_line' id='line_1_8' title="bbox 464 829 2028 899; baseline 0.001 -18"><span class='ocrx_word' id='word_1_41' title='bbox 464 845 582 881; x_wconf 83' lang='lat' dir='ltr'><strong><em>eum</em></strong></span> <span class='ocrx_word' id='word_1_42' title='bbox 607 837 815 899; x_wconf 89' lang='lat' dir='ltr'><strong><em>propter</em></strong></span> <span class='ocrx_word' id='word_1_43' title='bbox 837 843 989 899; x_wconf 97' lang='lat' dir='ltr'><strong><em>quem</em></strong></span> <span class='ocrx_word' id='word_1_44' title='bbox 1042 830 1238 882; x_wconf 84' lang='lat' dir='ltr'><strong><em>omnia.</em></strong></span> <span class='ocrx_word' id='word_1_45' title='bbox 1286 829 1610 884; x_wconf 83' lang='lat' dir='ltr'><strong><em>Restaurata</em></strong></span> <span class='ocrx_word' id='word_1_46' title='bbox 1639 837 1783 893; x_wconf 89' lang='lat' dir='ltr'><strong><em>sunt,</em></strong></span> <span class='ocrx_word' id='word_1_47' title='bbox 1834 830 1948 885; x_wconf 82' lang='lat' dir='ltr'><strong><em>sive</em></strong></span> <span class='ocrx_word' id='word_1_48' title='bbox 1974 830 2028 883; x_wconf 90' lang='lat' dir='ltr'><strong><em>in</em></strong></span> 
     </span>
    </p>
   </div>
   <div class='ocr_carea' id='block_1_9' title="bbox 466 916 2030 989">
    <p class='ocr_par' dir='ltr' id='par_1_9' title="bbox 466 916 2030 989">
     <span class='ocr_line' id='line_1_9' title="bbox 466 916 2030 989; baseline 0 -18"><span class='ocrx_word' id='word_1_49' title='bbox 466 918 641 982; x_wconf 73' lang='lat' dir='ltr'><strong><em>rmlis,</em></strong></span> <span class='ocrx_word' id='word_1_50' title='bbox 698 918 815 973; x_wconf 85' lang='lat' dir='ltr'><strong><em>sive</em></strong></span> <span class='ocrx_word' id='word_1_51' title='bbox 859 918 913 972; x_wconf 90' lang='lat' dir='ltr'><strong><em>in</em></strong></span> <span class='ocrx_word' id='word_1_52' title='bbox 951 918 1126 972; x_wconf 88' lang='lat' dir='ltr'><strong><em>terris.</em></strong></span> <span class='ocrx_word' id='word_1_53' title='bbox 1184 916 1251 970; x_wconf 87' lang='lat' dir='ltr'><strong><em>Et</em></strong></span> <span class='ocrx_word' id='word_1_54' title='bbox 1274 934 1366 989; x_wconf 86' lang='lat' dir='ltr'><strong><em>per</em></strong></span> <span class='ocrx_word' id='word_1_55' title='bbox 1398 935 1551 988; x_wconf 88' lang='lat' dir='ltr'><strong><em>quem</em></strong></span> <span class='ocrx_word' id='word_1_56' title='bbox 1579 919 1779 972; x_wconf 90' lang='lat' dir='ltr'><strong><em>omnia.</em></strong></span> <span class='ocrx_word' id='word_1_57' title='bbox 1839 916 2030 971; x_wconf 86' lang='lat' dir='ltr'><strong><em>Consi-</em></strong></span> 
     </span>
    </p>
   </div>
   <div class='ocr_carea' id='block_1_10' title="bbox 464 1009 2037 1078">
    <p class='ocr_par' dir='ltr' id='par_1_10' title="bbox 464 1009 2037 1078">
     <span class='ocr_line' id='line_1_10' title="bbox 464 1009 2037 1078; baseline -0.001 -14"><span class='ocrx_word' id='word_1_58' title='bbox 464 1016 635 1075; x_wconf 87' lang='lat' dir='ltr'><strong><em>stunt,</em></strong></span> <span class='ocrx_word' id='word_1_59' title='bbox 668 1009 784 1064; x_wconf 82' lang='lat' dir='ltr'><strong><em>sive</em></strong></span> <span class='ocrx_word' id='word_1_60' title='bbox 814 1009 939 1064; x_wconf 90' lang='lat' dir='ltr'><strong><em>dum</em></strong></span> <span class='ocrx_word' id='word_1_61' title='bbox 987 1022 1086 1078; x_wconf 86' lang='lat' dir='ltr'><strong><em>per</em></strong></span> <span class='ocrx_word' id='word_1_62' title='bbox 1109 1009 1284 1078; x_wconf 89' lang='lat' dir='ltr'><strong><em>ipsum</em></strong></span> <span class='ocrx_word' id='word_1_63' title='bbox 1331 1009 1469 1063; x_wconf 85' lang='lat' dir='ltr'><strong><em>facta</em></strong></span> <span class='ocrx_word' id='word_1_64' title='bbox 1497 1018 1642 1063; x_wconf 90' lang='lat' dir='ltr'><strong><em>sunt.</em></strong></span> <span class='ocrx_word' id='word_1_65' title='bbox 1674 1009 1882 1063; x_wconf 81' lang='lat' dir='ltr'><strong><em>Aliter:</em></strong></span> <span class='ocrx_word' id='word_1_66' title='bbox 1926 1009 2037 1063; x_wconf 89' lang='lat' dir='ltr'><strong><em>Per</em></strong></span> 
     </span>
    </p>
   </div>
   <div class='ocr_carea' id='block_1_11' title="bbox 462 1097 2029 1171">
    <p class='ocr_par' dir='ltr' id='par_1_11' title="bbox 462 1097 2029 1171">
     <span class='ocr_line' id='line_1_11' title="bbox 462 1097 2029 1171; baseline 0.001 -18"><span class='ocrx_word' id='word_1_67' title='bbox 462 1117 613 1168; x_wconf 84' lang='lat' dir='ltr'><strong><em>quem</em></strong></span> <span class='ocrx_word' id='word_1_68' title='bbox 642 1102 840 1165; x_wconf 81' lang='lat' dir='ltr'><strong><em>omnia,</em></strong></span> <span class='ocrx_word' id='word_1_69' title='bbox 872 1101 925 1155; x_wconf 89' lang='lat' dir='ltr'><strong>id</strong></span> <span class='ocrx_word' id='word_1_70' title='bbox 946 1107 1051 1163; x_wconf 88' lang='lat' dir='ltr'><strong><em>est,</em></strong></span> <span class='ocrx_word' id='word_1_71' title='bbox 1081 1107 1258 1155; x_wconf 85' lang='lat' dir='ltr'><strong><em>creata</em></strong></span> <span class='ocrx_word' id='word_1_72' title='bbox 1298 1108 1441 1155; x_wconf 84' lang='lat' dir='ltr'><strong><em>sunt.</em></strong></span> <span class='ocrx_word' id='word_1_73' title='bbox 1475 1097 1701 1170; x_wconf 80' lang='lat' dir='ltr'><strong><em>Propter</em></strong></span> <span class='ocrx_word' id='word_1_74' title='bbox 1739 1117 1891 1171; x_wconf 83' lang='lat' dir='ltr'><strong><em>quem</em></strong></span> <span class='ocrx_word' id='word_1_75' title='bbox 1918 1117 2029 1155; x_wconf 91' lang='lat' dir='ltr'><strong><em>om-</em></strong></span> 
     </span>
    </p>
   </div>
   <div class='ocr_carea' id='block_1_12' title="bbox 466 1190 2023 1262">
    <p class='ocr_par' dir='ltr' id='par_1_12' title="bbox 466 1190 2023 1262">
     <span class='ocr_line' id='line_1_12' title="bbox 466 1190 2023 1262; baseline 0.001 -17"><span class='ocrx_word' id='word_1_76' title='bbox 466 1193 575 1257; x_wconf 91' lang='lat' dir='ltr'><strong><em>nia,</em></strong></span> <span class='ocrx_word' id='word_1_77' title='bbox 607 1192 658 1246; x_wconf 92' lang='lat' dir='ltr'><strong><em>id</em></strong></span> <span class='ocrx_word' id='word_1_78' title='bbox 688 1199 793 1256; x_wconf 87' lang='lat' dir='ltr'><strong><em>est,</em></strong></span> <span class='ocrx_word' id='word_1_79' title='bbox 825 1201 1045 1261; x_wconf 81' lang='lat' dir='ltr'><strong><em>propter</em></strong></span> <span class='ocrx_word' id='word_1_80' title='bbox 1064 1191 1290 1262; x_wconf 81' lang='lat' dir='ltr'><strong><em>gloriam</em></strong></span> <span class='ocrx_word' id='word_1_81' title='bbox 1318 1192 1487 1262; x_wconf 84' lang='lat' dir='ltr'><strong><em>ipsius</em></strong></span> <span class='ocrx_word' id='word_1_82' title='bbox 1507 1190 1648 1247; x_wconf 83' lang='lat' dir='ltr'><strong><em>facta</em></strong></span> <span class='ocrx_word' id='word_1_83' title='bbox 1676 1201 1802 1247; x_wconf 80' lang='lat' dir='ltr'><strong><em>sunt</em></strong></span> <span class='ocrx_word' id='word_1_84' title='bbox 1822 1194 2023 1248; x_wconf 85' lang='lat' dir='ltr'><strong><em>omnia.</em></strong></span> 
     </span>
    </p>
   </div>
   <div class='ocr_carea' id='block_1_13' title="bbox 465 1280 2029 1352">
    <p class='ocr_par' dir='ltr' id='par_1_13' title="bbox 465 1280 2029 1352">
     <span class='ocr_line' id='line_1_13' title="bbox 465 1280 2029 1352; baseline 0.004 -18"><span class='ocrx_word' id='word_1_85' title='bbox 465 1280 572 1336; x_wconf 83' lang='lat' dir='ltr'><strong><em>Per</em></strong></span> <span class='ocrx_word' id='word_1_86' title='bbox 596 1283 886 1352; x_wconf 73' lang='lat' dir='ltr'><strong><em>passionem</em></strong></span> <span class='ocrx_word' id='word_1_87' title='bbox 916 1282 1285 1336; x_wconf 87' lang='lat' dir='ltr'><strong><em>consummari.</em></strong></span> <span class='ocrx_word' id='word_1_88' title='bbox 1329 1282 1403 1336; x_wconf 86' lang='lat' dir='ltr'><strong><em>De</em></strong></span> <span class='ocrx_word' id='word_1_89' title='bbox 1449 1281 1753 1337; x_wconf 85' lang='lat' dir='ltr'><strong>humilitate</strong></span> <span class='ocrx_word' id='word_1_90' title='bbox 1782 1283 2029 1340; x_wconf 61' lang='lat' dir='ltr'><strong><em>mortalis</em></strong></span> 
     </span>
    </p>
   </div>
   <div class='ocr_carea' id='block_1_14' title="bbox 462 1373 2029 1443">
    <p class='ocr_par' dir='ltr' id='par_1_14' title="bbox 462 1373 2029 1443">
     <span class='ocr_line' id='line_1_14' title="bbox 462 1373 2029 1443; baseline 0.003 -17"><span class='ocrx_word' id='word_1_91' title='bbox 462 1374 643 1429; x_wconf 83' lang='lat' dir='ltr'><strong><em>carnis</em></strong></span> <span class='ocrx_word' id='word_1_92' title='bbox 693 1374 745 1428; x_wconf 94' lang='lat' dir='ltr'><strong><em>in</em></strong></span> <span class='ocrx_word' id='word_1_93' title='bbox 779 1373 944 1443; x_wconf 78' lang='lat' dir='ltr'><strong><em>gloria</em></strong></span> <span class='ocrx_word' id='word_1_94' title='bbox 998 1373 1409 1427; x_wconf 89' lang='lat' dir='ltr'><strong><em>resurrectionis</em></strong></span> <span class='ocrx_word' id='word_1_95' title='bbox 1456 1373 1701 1438; x_wconf 82' lang='lat' dir='ltr'><strong><em>exaltari,</em></strong></span> <span class='ocrx_word' id='word_1_96' title='bbox 1742 1376 1797 1429; x_wconf 93' lang='lat' dir='ltr'><strong><em>in</em></strong></span> <span class='ocrx_word' id='word_1_97' title='bbox 1847 1389 2029 1431; x_wconf 77' lang='lat' dir='ltr'><strong><em>exem-</em></strong></span> 
     </span>
    </p>
   </div>
   <div class='ocr_carea' id='block_1_15' title="bbox 460 1464 2028 1535">
    <p class='ocr_par' dir='ltr' id='par_1_15' title="bbox 460 1464 2028 1535">
     <span class='ocr_line' id='line_1_15' title="bbox 460 1464 2028 1535; baseline 0.003 -17"><span class='ocrx_word' id='word_1_98' title='bbox 460 1466 608 1535; x_wconf 89' lang='lat' dir='ltr'><strong><em>plum</em></strong></span> <span class='ocrx_word' id='word_1_99' title='bbox 645 1479 831 1519; x_wconf 88' lang='lat' dir='ltr'><strong><em>eorum</em></strong></span> <span class='ocrx_word' id='word_1_100' title='bbox 884 1479 1020 1533; x_wconf 87' lang='lat' dir='ltr'><strong><em>quos</em></strong></span> <span class='ocrx_word' id='word_1_101' title='bbox 1046 1464 1276 1518; x_wconf 79' lang='lat' dir='ltr'><strong><em>adducet</em></strong></span> <span class='ocrx_word' id='word_1_102' title='bbox 1307 1466 1361 1518; x_wconf 92' lang='lat' dir='ltr'><strong><em>in</em></strong></span> <span class='ocrx_word' id='word_1_103' title='bbox 1418 1465 1668 1535; x_wconf 78' lang='lat' dir='ltr'><strong><em>gloriam.</em></strong></span> <span class='ocrx_word' id='word_1_104' title='bbox 1708 1467 1880 1523; x_wconf 86' lang='lat' dir='ltr'><strong><em>Aliter</em></strong></span> <span class='ocrx_word' id='word_1_105' title='bbox 1904 1487 2028 1523; x_wconf 84' lang='lat' dir='ltr'><strong><em>con-</em></strong></span> 
     </span>
    </p>
   </div>
   <div class='ocr_carea' id='block_1_16' title="bbox 461 1553 2027 1625">
    <p class='ocr_par' dir='ltr' id='par_1_16' title="bbox 461 1553 2027 1625">
     <span class='ocr_line' id='line_1_16' title="bbox 461 1553 2027 1625; baseline 0.004 -16"><span class='ocrx_word' id='word_1_106' title='bbox 461 1571 743 1619; x_wconf 88' lang='lat' dir='ltr'><strong><em>summare,</em></strong></span> <span class='ocrx_word' id='word_1_107' title='bbox 800 1555 974 1624; x_wconf 88' lang='lat' dir='ltr'><strong><em>ipsum</em></strong></span> <span class='ocrx_word' id='word_1_108' title='bbox 1026 1553 1276 1609; x_wconf 84' lang='lat' dir='ltr'><strong><em>videlicet</em></strong></span> <span class='ocrx_word' id='word_1_109' title='bbox 1326 1555 1553 1610; x_wconf 89' lang='lat' dir='ltr'><strong><em>salutem</em></strong></span> <span class='ocrx_word' id='word_1_110' title='bbox 1601 1557 1881 1625; x_wconf 82' lang='lat' dir='ltr'><strong><em>perlicere.</em></strong></span> <span class='ocrx_word' id='word_1_111' title='bbox 1922 1560 2027 1625; x_wconf 87' lang='lat' dir='ltr'><strong><em>Qui</em></strong></span> 
     </span>
    </p>
   </div>
   <div class='ocr_carea' id='block_1_17' title="bbox 458 1645 2026 1718">
    <p class='ocr_par' dir='ltr' id='par_1_17' title="bbox 458 1645 2026 1718">
     <span class='ocr_line' id='line_1_17' title="bbox 458 1645 2026 1718; baseline 0.004 -19"><span class='ocrx_word' id='word_1_112' title='bbox 458 1652 596 1702; x_wconf 84' lang='lat' dir='ltr'><strong><em>enim</em></strong></span> <span class='ocrx_word' id='word_1_113' title='bbox 615 1646 927 1715; x_wconf 85' lang='lat' dir='ltr'><strong><em>sanctiﬁcat.</em></strong></span> <span class='ocrx_word' id='word_1_114' title='bbox 951 1645 1220 1702; x_wconf 85' lang='lat' dir='ltr'><strong><em>Christus.</em></strong></span> <span class='ocrx_word' id='word_1_115' title='bbox 1248 1646 1316 1700; x_wconf 84' lang='lat' dir='ltr'><strong><em>Et</em></strong></span> <span class='ocrx_word' id='word_1_116' title='bbox 1336 1648 1424 1718; x_wconf 87' lang='lat' dir='ltr'><strong><em>qui</em></strong></span> <span class='ocrx_word' id='word_1_117' title='bbox 1450 1649 1827 1717; x_wconf 86' lang='lat' dir='ltr'><strong><em>sanctiﬁcatur.</em></strong></span> <span class='ocrx_word' id='word_1_118' title='bbox 1855 1650 2026 1707; x_wconf 85' lang='lat' dir='ltr'><strong><em>Homo</em></strong></span> 
     </span>
    </p>
   </div>
   <div class='ocr_carea' id='block_1_18' title="bbox 457 1736 2028 1808">
    <p class='ocr_par' dir='ltr' id='par_1_18' title="bbox 457 1736 2028 1808">
     <span class='ocr_line' id='line_1_18' title="bbox 457 1736 2028 1808; baseline 0.003 -17"><span class='ocrx_word' id='word_1_119' title='bbox 457 1736 781 1806; x_wconf 84' lang='lat' dir='ltr'><strong><em>iustiﬁcatus</em></strong></span> <span class='ocrx_word' id='word_1_120' title='bbox 802 1754 902 1808; x_wconf 84' lang='lat' dir='ltr'><strong><em>per</em></strong></span> <span class='ocrx_word' id='word_1_121' title='bbox 923 1737 1100 1793; x_wconf 86' lang='lat' dir='ltr'><strong><em>ﬁdem.</em></strong></span> <span class='ocrx_word' id='word_1_122' title='bbox 1135 1737 1215 1792; x_wconf 72' lang='lat' dir='ltr'><strong><em>Ea;</em></strong></span> <span class='ocrx_word' id='word_1_123' title='bbox 1237 1755 1340 1792; x_wconf 89' lang='lat' dir='ltr'><strong><em>uno</em></strong></span> <span class='ocrx_word' id='word_1_124' title='bbox 1361 1755 1555 1792; x_wconf 87' lang='lat' dir='ltr'><strong><em>omnes.</em></strong></span> <span class='ocrx_word' id='word_1_125' title='bbox 1588 1738 1644 1794; x_wconf 91' lang='lat' dir='ltr'><strong><em>Id</em></strong></span> <span class='ocrx_word' id='word_1_126' title='bbox 1665 1749 1769 1804; x_wconf 89' lang='lat' dir='ltr'><strong><em>est,</em></strong></span> <span class='ocrx_word' id='word_1_127' title='bbox 1797 1742 1906 1795; x_wconf 90' lang='lat' dir='ltr'><strong><em>Deo</em></strong></span> <span class='ocrx_word' id='word_1_128' title='bbox 1931 1740 2028 1796; x_wconf 88' lang='lat' dir='ltr'><strong><em>Pa-</em></strong></span> 
     </span>
    </p>
   </div>
   <div class='ocr_carea' id='block_1_19' title="bbox 2131 551 3697 629">
    <p class='ocr_par' dir='ltr' id='par_1_19' title="bbox 2131 551 3697 629">
     <span class='ocr_line' id='line_1_19' title="bbox 2131 551 3697 629; baseline 0.008 -24"><span class='ocrx_word' id='word_1_129' title='bbox 2131 551 2323 608; x_wconf 77' lang='lat' dir='ltr'><strong><em>al&#39;tectu</em></strong></span> <span class='ocrx_word' id='word_1_130' title='bbox 2350 554 2807 622; x_wconf 90' lang='lat' dir='ltr'><strong><em>pronuntiandum</em></strong></span> <span class='ocrx_word' id='word_1_131' title='bbox 2853 563 2958 609; x_wconf 87' lang='lat' dir='ltr'><strong><em>est.</em></strong></span> <span class='ocrx_word' id='word_1_132' title='bbox 3012 553 3072 608; x_wconf 97' lang='lat' dir='ltr'><strong><em>Si</em></strong></span> <span class='ocrx_word' id='word_1_133' title='bbox 3108 554 3360 623; x_wconf 89' lang='lat' dir='ltr'><strong><em>ﬁduciam</em></strong></span> <span class='ocrx_word' id='word_1_134' title='bbox 3386 567 3435 611; x_wconf 88' lang='lat' dir='ltr'><strong><em>et</em></strong></span> <span class='ocrx_word' id='word_1_135' title='bbox 3471 559 3697 629; x_wconf 78' lang='lat' dir='ltr'><strong><em>gloriam</em></strong></span> 
     </span>
    </p>
   </div>
   <div class='ocr_carea' id='block_1_20' title="bbox 2129 647 3696 717">
    <p class='ocr_par' dir='ltr' id='par_1_20' title="bbox 2129 647 3696 717">
     <span class='ocr_line' id='line_1_20' title="bbox 2129 647 3696 717; baseline 0.004 -16"><span class='ocrx_word' id='word_1_136' title='bbox 2129 648 2238 716; x_wconf 82' lang='lat' dir='ltr'><strong><em>spei</em></strong></span> <span class='ocrx_word' id='word_1_137' title='bbox 2264 663 2425 716; x_wconf 86' lang='lat' dir='ltr'><strong><em>usque</em></strong></span> <span class='ocrx_word' id='word_1_138' title='bbox 2449 648 2518 700; x_wconf 91' lang='lat' dir='ltr'><strong><em>ad</em></strong></span> <span class='ocrx_word' id='word_1_139' title='bbox 2540 647 2697 715; x_wconf 83' lang='lat' dir='ltr'><strong><em>ﬁnem</em></strong></span> <span class='ocrx_word' id='word_1_140' title='bbox 2718 647 2924 715; x_wconf 88' lang='lat' dir='ltr'><strong><em>ﬁrmam</em></strong></span> <span class='ocrx_word' id='word_1_141' title='bbox 2960 648 3292 702; x_wconf 80' lang='lat' dir='ltr'><strong><em>retineamus.</em></strong></span> <span class='ocrx_word' id='word_1_142' title='bbox 3316 648 3419 704; x_wconf 88' lang='lat' dir='ltr'><strong><em>Per</em></strong></span> <span class='ocrx_word' id='word_1_143' title='bbox 3445 650 3696 717; x_wconf 86' lang='lat' dir='ltr'><strong><em>ﬁduciam</em></strong></span> 
     </span>
    </p>
   </div>
   <div class='ocr_carea' id='block_1_21' title="bbox 2132 735 3699 808">
    <p class='ocr_par' dir='ltr' id='par_1_21' title="bbox 2132 735 3699 808">
     <span class='ocr_line' id='line_1_21' title="bbox 2132 735 3699 808; baseline 0.006 -19"><span class='ocrx_word' id='word_1_144' title='bbox 2132 735 2284 800; x_wconf 92' lang='lat' dir='ltr'><strong><em>ﬁdes,</em></strong></span> <span class='ocrx_word' id='word_1_145' title='bbox 2341 751 2439 807; x_wconf 91' lang='lat' dir='ltr'><strong><em>per</em></strong></span> <span class='ocrx_word' id='word_1_146' title='bbox 2485 738 2711 807; x_wconf 89' lang='lat' dir='ltr'><strong><em>gloriam</em></strong></span> <span class='ocrx_word' id='word_1_147' title='bbox 2765 738 2878 808; x_wconf 88' lang='lat' dir='ltr'><strong><em>spei</em></strong></span> <span class='ocrx_word' id='word_1_148' title='bbox 2919 754 3067 808; x_wconf 91' lang='lat' dir='ltr'><strong><em>spes,</em></strong></span> <span class='ocrx_word' id='word_1_149' title='bbox 3104 754 3204 808; x_wconf 89' lang='lat' dir='ltr'><strong><em>per</em></strong></span> <span class='ocrx_word' id='word_1_150' title='bbox 3244 739 3407 795; x_wconf 90' lang='lat' dir='ltr'><strong><em>ﬁnem</em></strong></span> <span class='ocrx_word' id='word_1_151' title='bbox 3458 743 3699 799; x_wconf 81' lang='lat' dir='ltr'><strong><em>cbaritas</em></strong></span> 
     </span>
    </p>
   </div>
   <div class='ocr_carea' id='block_1_22' title="bbox 2130 826 3698 898">
    <p class='ocr_par' dir='ltr' id='par_1_22' title="bbox 2130 826 3698 898">
     <span class='ocr_line' id='line_1_22' title="bbox 2130 826 3698 898; baseline 0.008 -20"><span class='ocrx_word' id='word_1_152' title='bbox 2130 826 2466 895; x_wconf 84' lang='lat' dir='ltr'><strong><em>intelligitur,</em></strong></span> <span class='ocrx_word' id='word_1_153' title='bbox 2519 836 2579 880; x_wconf 86' lang='lat' dir='ltr'><strong><em>ut</em></strong></span> <span class='ocrx_word' id='word_1_154' title='bbox 2607 846 2621 881; x_wconf 91' lang='lat'>:</span> <span class='ocrx_word' id='word_1_155' title='bbox 2661 826 2812 882; x_wconf 83' lang='lat' dir='ltr'><strong><em>Finis</em></strong></span> <span class='ocrx_word' id='word_1_156' title='bbox 2862 830 3105 898; x_wconf 76' lang='lat' dir='ltr'><strong><em>prwcepti</em></strong></span> <span class='ocrx_word' id='word_1_157' title='bbox 3133 839 3211 883; x_wconf 88' lang='lat' dir='ltr'><strong><em>est</em></strong></span> <span class='ocrx_word' id='word_1_158' title='bbox 3239 830 3491 886; x_wconf 88' lang='lat' dir='ltr'><strong><em>charitas.</em></strong></span> <span class='ocrx_word' id='word_1_159' title='bbox 3522 834 3582 888; x_wconf 90' lang='lat' dir='ltr'><strong><em>In</em></strong></span> <span class='ocrx_word' id='word_1_160' title='bbox 3612 836 3698 891; x_wconf 85' lang='lat' dir='ltr'><strong><em>his</em></strong></span> 
     </span>
    </p>
   </div>
   <div class='ocr_carea' id='block_1_23' title="bbox 2130 915 3697 987">
    <p class='ocr_par' dir='ltr' id='par_1_23' title="bbox 2130 915 3697 987">
     <span class='ocr_line' id='line_1_23' title="bbox 2130 915 3697 987; baseline 0.005 -17"><span class='ocrx_word' id='word_1_161' title='bbox 2130 915 2319 972; x_wconf 88' lang='lat' dir='ltr'><strong><em>domus</em></strong></span> <span class='ocrx_word' id='word_1_162' title='bbox 2355 917 2668 985; x_wconf 86' lang='lat' dir='ltr'><strong><em>supradicta</em></strong></span> <span class='ocrx_word' id='word_1_163' title='bbox 2695 919 3022 982; x_wconf 85' lang='lat' dir='ltr'><strong><em>continetur,</em></strong></span> <span class='ocrx_word' id='word_1_164' title='bbox 3056 919 3184 987; x_wconf 83' lang='lat' dir='ltr'><strong><em>quia</em></strong></span> <span class='ocrx_word' id='word_1_165' title='bbox 3214 919 3348 975; x_wconf 87' lang='lat' dir='ltr'><strong><em>ﬁdes</em></strong></span> <span class='ocrx_word' id='word_1_166' title='bbox 3387 920 3697 978; x_wconf 76' lang='lat' dir='ltr'><strong><em>fundamen-</em></strong></span> 
     </span>
    </p>
   </div>
   <div class='ocr_carea' id='block_1_24' title="bbox 2131 1010 3693 1078">
    <p class='ocr_par' dir='ltr' id='par_1_24' title="bbox 2131 1010 3693 1078">
     <span class='ocr_line' id='line_1_24' title="bbox 2131 1010 3693 1078; baseline 0.006 -18"><span class='ocrx_word' id='word_1_167' title='bbox 2131 1013 2245 1061; x_wconf 87' lang='lat' dir='ltr'><strong><em>tum</em></strong></span> <span class='ocrx_word' id='word_1_168' title='bbox 2282 1016 2386 1073; x_wconf 89' lang='lat' dir='ltr'><strong><em>est,</em></strong></span> <span class='ocrx_word' id='word_1_169' title='bbox 2415 1024 2538 1078; x_wconf 87' lang='lat' dir='ltr'><strong><em>spes</em></strong></span> <span class='ocrx_word' id='word_1_170' title='bbox 2559 1023 2688 1064; x_wconf 87' lang='lat' dir='ltr'><strong><em>vero</em></strong></span> <span class='ocrx_word' id='word_1_171' title='bbox 2716 1010 2916 1078; x_wconf 88' lang='lat' dir='ltr'><strong><em>paries,</em></strong></span> <span class='ocrx_word' id='word_1_172' title='bbox 2959 1010 3197 1065; x_wconf 78' lang='lat' dir='ltr'><strong><em>Charitas</em></strong></span> <span class='ocrx_word' id='word_1_173' title='bbox 3233 1011 3447 1067; x_wconf 85' lang='lat' dir='ltr'><strong><em>culmen</em></strong></span> <span class='ocrx_word' id='word_1_174' title='bbox 3473 1014 3693 1069; x_wconf 80' lang='lat' dir='ltr'><strong><em>eminet.</em></strong></span> 
     </span>
    </p>
   </div>
   <div class='ocr_carea' id='block_1_25' title="bbox 2131 1095 3697 1169">
    <p class='ocr_par' dir='ltr' id='par_1_25' title="bbox 2131 1095 3697 1169">
     <span class='ocr_line' id='line_1_25' title="bbox 2131 1095 3697 1169; baseline 0.005 -21"><span class='ocrx_word' id='word_1_175' title='bbox 2131 1095 2459 1167; x_wconf 76' lang='lat' dir='ltr'><strong><em>Quapropter</em></strong></span> <span class='ocrx_word' id='word_1_176' title='bbox 2485 1100 2618 1151; x_wconf 80' lang='lat' dir='ltr'><strong><em>sicut</em></strong></span> <span class='ocrx_word' id='word_1_177' title='bbox 2642 1098 2769 1152; x_wconf 81' lang='lat' dir='ltr'><strong><em>dicit</em></strong></span> <span class='ocrx_word' id='word_1_178' title='bbox 2800 1097 3029 1169; x_wconf 83' lang='lat' dir='ltr'><strong><em>Spiritus</em></strong></span> <span class='ocrx_word' id='word_1_179' title='bbox 3073 1109 3305 1153; x_wconf 86' lang='lat' dir='ltr'><strong><em>sanctus.</em></strong></span> <span class='ocrx_word' id='word_1_180' title='bbox 3339 1099 3474 1155; x_wconf 90' lang='lat' dir='ltr'><strong><em>Dum</em></strong></span> <span class='ocrx_word' id='word_1_181' title='bbox 3504 1104 3697 1157; x_wconf 86' lang='lat' dir='ltr'><strong><em>domus</em></strong></span> 
     </span>
    </p>
   </div>
   <div class='ocr_carea' id='block_1_26' title="bbox 2128 1184 3687 1259">
    <p class='ocr_par' dir='ltr' id='par_1_26' title="bbox 2128 1184 3687 1259">
     <span class='ocr_line' id='line_1_26' title="bbox 2128 1184 3687 1259; baseline 0.006 -21"><span class='ocrx_word' id='word_1_182' title='bbox 2128 1184 2338 1242; x_wconf 88' lang='lat' dir='ltr'><strong><em>Domini</em></strong></span> <span class='ocrx_word' id='word_1_183' title='bbox 2386 1204 2507 1242; x_wconf 87' lang='lat' dir='ltr'><strong><em>esse</em></strong></span> <span class='ocrx_word' id='word_1_184' title='bbox 2543 1204 2649 1243; x_wconf 90' lang='lat' dir='ltr'><strong><em>non</em></strong></span> <span class='ocrx_word' id='word_1_185' title='bbox 2678 1204 2986 1259; x_wconf 86' lang='lat' dir='ltr'><strong><em>possumus,</em></strong></span> <span class='ocrx_word' id='word_1_186' title='bbox 3036 1190 3138 1243; x_wconf 89' lang='lat' dir='ltr'><strong><em>nisi</em></strong></span> <span class='ocrx_word' id='word_1_187' title='bbox 3171 1190 3260 1245; x_wconf 92' lang='lat' dir='ltr'><strong><em>illa</em></strong></span> <span class='ocrx_word' id='word_1_188' title='bbox 3311 1192 3687 1257; x_wconf 85' lang='lat' dir='ltr'><strong><em>retineamus;</em></strong></span> 
     </span>
    </p>
   </div>
   <div class='ocr_carea' id='block_1_27' title="bbox 2127 1275 3682 1348">
    <p class='ocr_par' dir='ltr' id='par_1_27' title="bbox 2127 1275 3682 1348">
     <span class='ocr_line' id='line_1_27' title="bbox 2127 1275 3682 1348; baseline 0.005 -19"><span class='ocrx_word' id='word_1_189' title='bbox 2127 1275 2212 1329; x_wconf 91' lang='lat' dir='ltr'><strong><em>vel</em></strong></span> <span class='ocrx_word' id='word_1_190' title='bbox 2248 1277 2373 1330; x_wconf 91' lang='lat' dir='ltr'><strong><em>dum</em></strong></span> <span class='ocrx_word' id='word_1_191' title='bbox 2404 1277 2528 1333; x_wconf 89' lang='lat' dir='ltr'><strong><em>talis</em></strong></span> <span class='ocrx_word' id='word_1_192' title='bbox 2567 1278 2840 1348; x_wconf 86' lang='lat' dir='ltr'><strong><em>apostolus</em></strong></span> <span class='ocrx_word' id='word_1_193' title='bbox 2868 1287 2922 1334; x_wconf 88' lang='lat' dir='ltr'><strong><em>et</em></strong></span> <span class='ocrx_word' id='word_1_194' title='bbox 2951 1279 3193 1348; x_wconf 79' lang='lat' dir='ltr'><strong><em>pontifex</em></strong></span> <span class='ocrx_word' id='word_1_195' title='bbox 3234 1280 3404 1337; x_wconf 88' lang='lat' dir='ltr'><strong><em>Filius</em></strong></span> <span class='ocrx_word' id='word_1_196' title='bbox 3438 1291 3540 1338; x_wconf 89' lang='lat' dir='ltr'><strong><em>est.</em></strong></span> <span class='ocrx_word' id='word_1_197' title='bbox 3572 1282 3682 1337; x_wconf 79' lang='lat' dir='ltr'><strong><em>Ilo-</em></strong></span> 
     </span>
    </p>
   </div>
   <div class='ocr_carea' id='block_1_28' title="bbox 2128 1364 3688 1442">
    <p class='ocr_par' dir='ltr' id='par_1_28' title="bbox 2128 1364 3688 1442">
     <span class='ocr_line' id='line_1_28' title="bbox 2128 1364 3688 1442; baseline 0.005 -23"><span class='ocrx_word' id='word_1_198' title='bbox 2128 1364 2212 1420; x_wconf 86' lang='lat' dir='ltr'><strong><em>die</em></strong></span> <span class='ocrx_word' id='word_1_199' title='bbox 2238 1366 2285 1420; x_wconf 88' lang='lat' dir='ltr'><strong><em>si</em></strong></span> <span class='ocrx_word' id='word_1_200' title='bbox 2332 1384 2503 1421; x_wconf 73' lang='lat' dir='ltr'><strong><em>vocem</em></strong></span> <span class='ocrx_word' id='word_1_201' title='bbox 2550 1369 2663 1437; x_wconf 80' lang='lat' dir='ltr'><strong><em>ejus</em></strong></span> <span class='ocrx_word' id='word_1_202' title='bbox 2689 1370 2985 1422; x_wconf 87' lang='lat' dir='ltr'><strong><em>audieritis.</em></strong></span> <span class='ocrx_word' id='word_1_203' title='bbox 3023 1370 3194 1425; x_wconf 87' lang='lat' dir='ltr'><strong><em>Hodie</em></strong></span> <span class='ocrx_word' id='word_1_204' title='bbox 3223 1372 3492 1442; x_wconf 85' lang='lat' dir='ltr'><strong><em>signiﬁcat</em></strong></span> <span class='ocrx_word' id='word_1_205' title='bbox 3525 1389 3688 1429; x_wconf 85' lang='lat' dir='ltr'><strong><em>omne</em></strong></span> 
     </span>
    </p>
   </div>
   <div class='ocr_carea' id='block_1_29' title="bbox 2128 1458 3688 1527">
    <p class='ocr_par' dir='ltr' id='par_1_29' title="bbox 2128 1458 3688 1527">
     <span class='ocr_line' id='line_1_29' title="bbox 2128 1458 3688 1527; baseline 0.006 -19"><span class='ocrx_word' id='word_1_206' title='bbox 2128 1464 2337 1525; x_wconf 87' lang='lat' dir='ltr'><strong><em>tempus</em></strong></span> <span class='ocrx_word' id='word_1_207' title='bbox 2365 1472 2472 1526; x_wconf 89' lang='lat' dir='ltr'><strong><em>quo</em></strong></span> <span class='ocrx_word' id='word_1_208' title='bbox 2499 1458 2727 1513; x_wconf 81' lang='lat' dir='ltr'><strong><em>vivimus</em></strong></span> <span class='ocrx_word' id='word_1_209' title='bbox 2756 1459 2808 1513; x_wconf 92' lang='lat' dir='ltr'><strong><em>in</em></strong></span> <span class='ocrx_word' id='word_1_210' title='bbox 2840 1459 3108 1527; x_wconf 74' lang='lat' dir='ltr'><strong><em>prtesenti.</em></strong></span> <span class='ocrx_word' id='word_1_211' title='bbox 3138 1459 3232 1515; x_wconf 76' lang='lat' dir='ltr'><strong><em>Vel</em></strong></span> <span class='ocrx_word' id='word_1_212' title='bbox 3259 1461 3431 1526; x_wconf 81' lang='lat' dir='ltr'><strong><em>hodie,</em></strong></span> <span class='ocrx_word' id='word_1_213' title='bbox 3465 1462 3518 1516; x_wconf 91' lang='lat' dir='ltr'><strong><em>in</em></strong></span> <span class='ocrx_word' id='word_1_214' title='bbox 3540 1462 3688 1517; x_wconf 83' lang='lat' dir='ltr'><strong><em>Novo</em></strong></span> 
     </span>
    </p>
   </div>
   <div class='ocr_carea' id='block_1_30' title="bbox 2128 1544 3692 1618">
    <p class='ocr_par' dir='ltr' id='par_1_30' title="bbox 2128 1544 3692 1618">
     <span class='ocr_line' id='line_1_30' title="bbox 2128 1544 3692 1618; baseline 0.006 -20"><span class='ocrx_word' id='word_1_215' title='bbox 2128 1544 2489 1610; x_wconf 84' lang='lat' dir='ltr'><strong><em>Testamento,</em></strong></span> <span class='ocrx_word' id='word_1_216' title='bbox 2517 1561 2581 1601; x_wconf 87' lang='lat' dir='ltr'><strong><em>ac</em></strong></span> <span class='ocrx_word' id='word_1_217' title='bbox 2609 1550 2654 1602; x_wconf 91' lang='lat' dir='ltr'><strong><em>si</em></strong></span> <span class='ocrx_word' id='word_1_218' title='bbox 2685 1547 2796 1601; x_wconf 88' lang='lat' dir='ltr'><strong><em>heri</em></strong></span> <span class='ocrx_word' id='word_1_219' title='bbox 2829 1548 2901 1602; x_wconf 86' lang='lat' dir='ltr'><strong><em>sit</em></strong></span> <span class='ocrx_word' id='word_1_220' title='bbox 2927 1547 3115 1613; x_wconf 80' lang='lat' dir='ltr'><strong><em>Vetus,</em></strong></span> <span class='ocrx_word' id='word_1_221' title='bbox 3145 1550 3300 1618; x_wconf 89' lang='lat' dir='ltr'><strong><em>quasi</em></strong></span> <span class='ocrx_word' id='word_1_222' title='bbox 3329 1550 3555 1605; x_wconf 73' lang='lat' dir='ltr'><strong><em>dixisset</em></strong></span> <span class='ocrx_word' id='word_1_223' title='bbox 3579 1572 3593 1606; x_wconf 89' lang='lat'><strong>:</strong></span> <span class='ocrx_word' id='word_1_224' title='bbox 3635 1551 3692 1607; x_wconf 92' lang='lat' dir='ltr'><strong><em>Si</em></strong></span> 
     </span>
    </p>
   </div>
   <div class='ocr_carea' id='block_1_31' title="bbox 2127 1633 3695 1705">
    <p class='ocr_par' dir='ltr' id='par_1_31' title="bbox 2127 1633 3695 1705">
     <span class='ocr_line' id='line_1_31' title="bbox 2127 1633 3695 1705; baseline 0.008 -18"><span class='ocrx_word' id='word_1_225' title='bbox 2127 1633 2245 1688; x_wconf 88' lang='lat' dir='ltr'><strong><em>heri</em></strong></span> <span class='ocrx_word' id='word_1_226' title='bbox 2273 1649 2459 1690; x_wconf 89' lang='lat' dir='ltr'><strong><em>vocem</em></strong></span> <span class='ocrx_word' id='word_1_227' title='bbox 2490 1636 2699 1692; x_wconf 86' lang='lat' dir='ltr'><strong><em>Domini</em></strong></span> <span class='ocrx_word' id='word_1_228' title='bbox 2740 1652 2848 1692; x_wconf 89' lang='lat' dir='ltr'><strong><em>non</em></strong></span> <span class='ocrx_word' id='word_1_229' title='bbox 2876 1639 3125 1705; x_wconf 86' lang='lat' dir='ltr'><strong><em>audistis,</em></strong></span> <span class='ocrx_word' id='word_1_230' title='bbox 3172 1648 3350 1695; x_wconf 88' lang='lat' dir='ltr'><strong><em>tamen</em></strong></span> <span class='ocrx_word' id='word_1_231' title='bbox 3380 1642 3424 1697; x_wconf 91' lang='lat' dir='ltr'><strong><em>si</em></strong></span> <span class='ocrx_word' id='word_1_232' title='bbox 3448 1657 3568 1698; x_wconf 86' lang='lat' dir='ltr'><strong><em>eam</em></strong></span> <span class='ocrx_word' id='word_1_233' title='bbox 3598 1644 3695 1699; x_wconf 87' lang='lat' dir='ltr'><strong><em>ho-</em></strong></span> 
     </span>
    </p>
   </div>
   <div class='ocr_carea' id='block_1_32' title="bbox 2127 1724 3696 1792">
    <p class='ocr_par' dir='ltr' id='par_1_32' title="bbox 2127 1724 3696 1792">
     <span class='ocr_line' id='line_1_32' title="bbox 2127 1724 3696 1792; baseline 0.008 -14"><span class='ocrx_word' id='word_1_234' title='bbox 2127 1724 2214 1779; x_wconf 85' lang='lat' dir='ltr'><strong><em>die</em></strong></span> <span class='ocrx_word' id='word_1_235' title='bbox 2248 1726 2552 1792; x_wconf 85' lang='lat' dir='ltr'><strong><em>audieritis,</em></strong></span> <span class='ocrx_word' id='word_1_236' title='bbox 2600 1726 2764 1783; x_wconf 87' lang='lat' dir='ltr'><strong><em>nolite</em></strong></span> <span class='ocrx_word' id='word_1_237' title='bbox 2802 1730 3071 1784; x_wconf 84' lang='lat' dir='ltr'><strong><em>obdurare</em></strong></span> <span class='ocrx_word' id='word_1_238' title='bbox 3114 1731 3278 1786; x_wconf 89' lang='lat' dir='ltr'><strong><em>corda</em></strong></span> <span class='ocrx_word' id='word_1_239' title='bbox 3310 1740 3507 1787; x_wconf 87' lang='lat' dir='ltr'><strong><em>vestra.</em></strong></span> <span class='ocrx_word' id='word_1_240' title='bbox 3562 1731 3696 1791; x_wconf 85' lang='lat' dir='ltr'><strong><em>Tres</em></strong></span> 
     </span>
    </p>
   </div>
   <div class='ocr_carea' id='block_1_33' title="bbox 457 1805 2020 1895">
    <p class='ocr_par' dir='ltr' id='par_1_33' title="bbox 457 1829 2020 1895">
     <span class='ocr_line' id='line_1_33' title="bbox 457 1829 2020 1895; baseline 0.004 -12"><span class='ocrx_word' id='word_1_241' title='bbox 457 1840 561 1895; x_wconf 90' lang='lat' dir='ltr'><strong><em>tre,</em></strong></span> <span class='ocrx_word' id='word_1_242' title='bbox 592 1831 703 1885; x_wconf 89' lang='lat' dir='ltr'><strong><em>sive</em></strong></span> <span class='ocrx_word' id='word_1_243' title='bbox 733 1845 797 1885; x_wconf 81' lang='lat' dir='ltr'><strong><em>ex</em></strong></span> <span class='ocrx_word' id='word_1_244' title='bbox 826 1829 1015 1884; x_wconf 88' lang='lat' dir='ltr'><strong><em>Adam.</em></strong></span> <span class='ocrx_word' id='word_1_245' title='bbox 1066 1830 1164 1885; x_wconf 89' lang='lat' dir='ltr'><strong><em>llic</em></strong></span> <span class='ocrx_word' id='word_1_246' title='bbox 1190 1841 1369 1885; x_wconf 86' lang='lat' dir='ltr'><strong><em>autem</em></strong></span> <span class='ocrx_word' id='word_1_247' title='bbox 1396 1832 1697 1886; x_wconf 78' lang='lat' dir='ltr'><strong><em>ostenditur</em></strong></span> <span class='ocrx_word' id='word_1_248' title='bbox 1729 1835 2020 1889; x_wconf 89' lang='lat' dir='ltr'><strong><em>secundum</em></strong></span> 
     </span>
    </p>
   </div>
   <div class='ocr_carea' id='block_1_34' title="bbox 2119 1805 3696 1895">
    <p class='ocr_par' dir='ltr' id='par_1_34' title="bbox 2124 1816 3696 1889">
     <span class='ocr_line' id='line_1_34' title="bbox 2124 1816 3696 1889; baseline 0.006 -21"><span class='ocrx_word' id='word_1_249' title='bbox 2124 1823 2303 1873; x_wconf 89' lang='lat' dir='ltr'><strong><em>autem</em></strong></span> <span class='ocrx_word' id='word_1_250' title='bbox 2355 1818 2571 1886; x_wconf 83' lang='lat' dir='ltr'><strong><em>requies</em></strong></span> <span class='ocrx_word' id='word_1_251' title='bbox 2612 1816 2899 1888; x_wconf 83' lang='lat' dir='ltr'><strong><em>Apostolus</em></strong></span> <span class='ocrx_word' id='word_1_252' title='bbox 2945 1819 3001 1873; x_wconf 91' lang='lat' dir='ltr'><strong><em>in</em></strong></span> <span class='ocrx_word' id='word_1_253' title='bbox 3035 1821 3487 1889; x_wconf 85' lang='lat' dir='ltr'><strong><em>subsequentibus</em></strong></span> <span class='ocrx_word' id='word_1_254' title='bbox 3515 1832 3696 1880; x_wconf 86' lang='lat' dir='ltr'><strong><em>osten-</em></strong></span> 
     </span>
    </p>
   </div>
   <div class='ocr_carea' id='block_1_35' title="bbox 457 1920 2022 1988">
    <p class='ocr_par' dir='ltr' id='par_1_35' title="bbox 457 1920 2022 1988">
     <span class='ocr_line' id='line_1_35' title="bbox 457 1920 2022 1988; baseline 0.003 -14"><span class='ocrx_word' id='word_1_255' title='bbox 457 1936 676 1976; x_wconf 87' lang='lat' dir='ltr'><strong><em>carnem</em></strong></span> <span class='ocrx_word' id='word_1_256' title='bbox 725 1935 792 1975; x_wconf 82' lang='lat' dir='ltr'><strong><em>ex</em></strong></span> <span class='ocrx_word' id='word_1_257' title='bbox 820 1936 923 1973; x_wconf 88' lang='lat' dir='ltr'><strong><em>una</em></strong></span> <span class='ocrx_word' id='word_1_258' title='bbox 951 1920 1247 1988; x_wconf 86' lang='lat' dir='ltr'><strong><em>eademque</em></strong></span> <span class='ocrx_word' id='word_1_259' title='bbox 1298 1936 1475 1975; x_wconf 86' lang='lat' dir='ltr'><strong><em>massa</em></strong></span> <span class='ocrx_word' id='word_1_260' title='bbox 1521 1929 1577 1976; x_wconf 90' lang='lat' dir='ltr'><strong><em>et</em></strong></span> <span class='ocrx_word' id='word_1_261' title='bbox 1604 1920 1875 1977; x_wconf 87' lang='lat' dir='ltr'><strong><em>Christum</em></strong></span> <span class='ocrx_word' id='word_1_262' title='bbox 1904 1938 2022 1979; x_wconf 90' lang='lat' dir='ltr'><strong><em>esse</em></strong></span> 
     </span>
    </p>
   </div>
   <div class='ocr_carea' id='block_1_36' title="bbox 457 2011 2022 2079">
    <p class='ocr_par' dir='ltr' id='par_1_36' title="bbox 457 2011 2022 2079">
     <span class='ocr_line' id='line_1_36' title="bbox 457 2011 2022 2079; baseline 0.004 -15"><span class='ocrx_word' id='word_1_263' title='bbox 457 2011 548 2079; x_wconf 83' lang='lat' dir='ltr'><strong><em>qui</em></strong></span> <span class='ocrx_word' id='word_1_264' title='bbox 581 2011 905 2076; x_wconf 89' lang='lat' dir='ltr'><strong><em>sanctiﬁcat,</em></strong></span> <span class='ocrx_word' id='word_1_265' title='bbox 931 2019 985 2065; x_wconf 89' lang='lat' dir='ltr'><strong><em>et</em></strong></span> <span class='ocrx_word' id='word_1_266' title='bbox 1014 2027 1112 2066; x_wconf 91' lang='lat' dir='ltr'><strong><em>nos</em></strong></span> <span class='ocrx_word' id='word_1_267' title='bbox 1142 2013 1231 2078; x_wconf 87' lang='lat' dir='ltr'><strong><em>qui</em></strong></span> <span class='ocrx_word' id='word_1_268' title='bbox 1259 2013 1664 2069; x_wconf 88' lang='lat' dir='ltr'><strong><em>sanctiﬁcamur</em></strong></span> <span class='ocrx_word' id='word_1_269' title='bbox 1693 2016 1761 2069; x_wconf 88' lang='lat' dir='ltr'><strong><em>ab</em></strong></span> <span class='ocrx_word' id='word_1_270' title='bbox 1782 2031 1865 2071; x_wconf 91' lang='lat' dir='ltr'><strong><em>eo.</em></strong></span> <span class='ocrx_word' id='word_1_271' title='bbox 1898 2016 2022 2070; x_wconf 89' lang='lat' dir='ltr'><strong><em>Non</em></strong></span> 
     </span>
    </p>
   </div>
   <div class='ocr_carea' id='block_1_37' title="bbox 456 2101 2009 2171">
    <p class='ocr_par' dir='ltr' id='par_1_37' title="bbox 456 2101 2009 2171">
     <span class='ocr_line' id='line_1_37' title="bbox 456 2101 2009 2171; baseline 0.004 -16"><span class='ocrx_word' id='word_1_272' title='bbox 456 2103 815 2171; x_wconf 85' lang='lat' dir='ltr'><strong><em>confunditur.</em></strong></span> <span class='ocrx_word' id='word_1_273' title='bbox 847 2102 1114 2157; x_wconf 85' lang='lat' dir='ltr'><strong><em>Christus.</em></strong></span> <span class='ocrx_word' id='word_1_274' title='bbox 1162 2101 1378 2157; x_wconf 79' lang='lat' dir='ltr'><strong><em>Fratres</em></strong></span> <span class='ocrx_word' id='word_1_275' title='bbox 1407 2121 1491 2157; x_wconf 87' lang='lat' dir='ltr'><strong><em>eos</em></strong></span> <span class='ocrx_word' id='word_1_276' title='bbox 1519 2122 1719 2159; x_wconf 83' lang='lat' dir='ltr'><strong><em>uocare.</em></strong></span> <span class='ocrx_word' id='word_1_277' title='bbox 1754 2106 1886 2159; x_wconf 91' lang='lat' dir='ltr'><strong><em>Dum</em></strong></span> <span class='ocrx_word' id='word_1_278' title='bbox 1911 2108 2009 2161; x_wconf 86' lang='lat' dir='ltr'><strong><em>sci-</em></strong></span> 
     </span>
    </p>
   </div>
   <div class='ocr_carea' id='block_1_38' title="bbox 456 2190 2020 2250">
    <p class='ocr_par' dir='ltr' id='par_1_38' title="bbox 456 2190 2020 2250">
     <span class='ocr_line' id='line_1_38' title="bbox 456 2190 2020 2250; baseline 0.004 -7"><span class='ocrx_word' id='word_1_279' title='bbox 456 2190 581 2244; x_wconf 88' lang='lat' dir='ltr'><strong><em>licet</em></strong></span> <span class='ocrx_word' id='word_1_280' title='bbox 630 2206 794 2245; x_wconf 90' lang='lat' dir='ltr'><strong><em>unum</em></strong></span> <span class='ocrx_word' id='word_1_281' title='bbox 829 2191 1027 2244; x_wconf 81' lang='lat' dir='ltr'><strong><em>habent</em></strong></span> <span class='ocrx_word' id='word_1_282' title='bbox 1053 2191 1272 2245; x_wconf 79' lang='lat' dir='ltr'><strong><em>Patrem</em></strong></span> <span class='ocrx_word' id='word_1_283' title='bbox 1329 2192 1517 2247; x_wconf 85' lang='lat' dir='ltr'><strong><em>Deum.</em></strong></span> <span class='ocrx_word' id='word_1_284' title='bbox 1553 2194 1799 2248; x_wconf 84' lang='lat' dir='ltr'><strong><em>Narrabo</em></strong></span> <span class='ocrx_word' id='word_1_285' title='bbox 1833 2212 2020 2250; x_wconf 81' lang='lat' dir='ltr'><strong><em>nomen</em></strong></span> 
     </span>
    </p>
   </div>
   <div class='ocr_carea' id='block_1_39' title="bbox 454 2280 2014 2352">
    <p class='ocr_par' dir='ltr' id='par_1_39' title="bbox 454 2280 2014 2352">
     <span class='ocr_line' id='line_1_39' title="bbox 454 2280 2014 2352; baseline 0.007 -20"><span class='ocrx_word' id='word_1_286' title='bbox 454 2289 601 2333; x_wconf 91' lang='lat' dir='ltr'><strong><em>tuum</em></strong></span> <span class='ocrx_word' id='word_1_287' title='bbox 620 2280 874 2349; x_wconf 77' lang='lat' dir='ltr'><strong><em>fratribus</em></strong></span> <span class='ocrx_word' id='word_1_288' title='bbox 902 2281 1049 2335; x_wconf 89' lang='lat' dir='ltr'><strong><em>meis.</em></strong></span> <span class='ocrx_word' id='word_1_289' title='bbox 1083 2282 1355 2352; x_wconf 83' lang='lat' dir='ltr'><strong><em>Apostolis</em></strong></span> <span class='ocrx_word' id='word_1_290' title='bbox 1406 2293 1463 2338; x_wconf 90' lang='lat' dir='ltr'><strong><em>et</em></strong></span> <span class='ocrx_word' id='word_1_291' title='bbox 1506 2286 1755 2340; x_wconf 86' lang='lat' dir='ltr'><strong><em>omnibus</em></strong></span> <span class='ocrx_word' id='word_1_292' title='bbox 1791 2289 2014 2345; x_wconf 79' lang='lat' dir='ltr'><strong><em>sanctis.</em></strong></span> 
     </span>
    </p>
   </div>
   <div class='ocr_carea' id='block_1_40' title="bbox 456 2369 2018 2435">
    <p class='ocr_par' dir='ltr' id='par_1_40' title="bbox 456 2369 2018 2435">
     <span class='ocr_line' id='line_1_40' title="bbox 456 2369 2018 2435; baseline 0.007 -10"><span class='ocrx_word' id='word_1_293' title='bbox 456 2369 523 2425; x_wconf 87' lang='lat' dir='ltr'><strong><em>In</em></strong></span> <span class='ocrx_word' id='word_1_294' title='bbox 567 2372 738 2425; x_wconf 86' lang='lat' dir='ltr'><strong><em>medio</em></strong></span> <span class='ocrx_word' id='word_1_295' title='bbox 782 2371 1052 2426; x_wconf 76' lang='lat' dir='ltr'><strong><em>Ecclesice.</em></strong></span> <span class='ocrx_word' id='word_1_296' title='bbox 1088 2372 1145 2427; x_wconf 92' lang='lat' dir='ltr'><strong><em>In</em></strong></span> <span class='ocrx_word' id='word_1_297' title='bbox 1180 2382 1447 2429; x_wconf 84' lang='lat' dir='ltr'><strong><em>conventu</em></strong></span> <span class='ocrx_word' id='word_1_298' title='bbox 1478 2384 1535 2429; x_wconf 89' lang='lat' dir='ltr'><strong><em>et</em></strong></span> <span class='ocrx_word' id='word_1_299' title='bbox 1559 2376 1611 2429; x_wconf 91' lang='lat' dir='ltr'><strong><em>in</em></strong></span> <span class='ocrx_word' id='word_1_300' title='bbox 1642 2378 1898 2434; x_wconf 86' lang='lat' dir='ltr'><strong><em>cordibus</em></strong></span> <span class='ocrx_word' id='word_1_301' title='bbox 1926 2396 2018 2435; x_wconf 89' lang='lat' dir='ltr'><strong><em>eo-</em></strong></span> 
     </span>
    </p>
   </div>
   <div class='ocr_carea' id='block_1_41' title="bbox 455 2464 2021 2527">
    <p class='ocr_par' dir='ltr' id='par_1_41' title="bbox 455 2464 2021 2527">
     <span class='ocr_line' id='line_1_41' title="bbox 455 2464 2021 2527; baseline 0.004 -8"><span class='ocrx_word' id='word_1_302' title='bbox 455 2480 594 2519; x_wconf 87' lang='lat' dir='ltr'><strong><em>rum.</em></strong></span> <span class='ocrx_word' id='word_1_303' title='bbox 626 2464 877 2518; x_wconf 83' lang='lat' dir='ltr'><strong><em>Laudabo</em></strong></span> <span class='ocrx_word' id='word_1_304' title='bbox 896 2474 962 2519; x_wconf 89' lang='lat' dir='ltr'><strong><em>te.</em></strong></span> <span class='ocrx_word' id='word_1_305' title='bbox 993 2465 1209 2520; x_wconf 83' lang='lat' dir='ltr'><strong><em>Faciam</em></strong></span> <span class='ocrx_word' id='word_1_306' title='bbox 1244 2477 1296 2521; x_wconf 88' lang='lat' dir='ltr'><strong><em>te</em></strong></span> <span class='ocrx_word' id='word_1_307' title='bbox 1324 2477 1541 2522; x_wconf 85' lang='lat' dir='ltr'><strong><em>sanctos</em></strong></span> <span class='ocrx_word' id='word_1_308' title='bbox 1571 2468 1808 2523; x_wconf 84' lang='lat' dir='ltr'><strong><em>laudare.</em></strong></span> <span class='ocrx_word' id='word_1_309' title='bbox 1843 2471 1911 2525; x_wconf 76' lang='lat' dir='ltr'><strong><em>Et</em></strong></span> <span class='ocrx_word' id='word_1_310' title='bbox 1931 2473 2021 2527; x_wconf 83' lang='lat' dir='ltr'><strong><em>ite-</em></strong></span> 
     </span>
    </p>
   </div>
   <div class='ocr_carea' id='block_1_42' title="bbox 454 2555 2015 2627">
    <p class='ocr_par' dir='ltr' id='par_1_42' title="bbox 454 2555 2015 2627">
     <span class='ocr_line' id='line_1_42' title="bbox 454 2555 2015 2627; baseline 0.005 -16"><span class='ocrx_word' id='word_1_311' title='bbox 454 2572 571 2611; x_wconf 86' lang='lat' dir='ltr'><strong><em>rum</em></strong></span> <span class='ocrx_word' id='word_1_312' title='bbox 591 2570 611 2608; x_wconf 89' lang='lat'><strong><em>:</em></strong></span> <span class='ocrx_word' id='word_1_313' title='bbox 641 2555 753 2627; x_wconf 85' lang='lat' dir='ltr'><strong><em>Ego</em></strong></span> <span class='ocrx_word' id='word_1_314' title='bbox 775 2573 884 2610; x_wconf 90' lang='lat' dir='ltr'><strong><em>ero.</em></strong></span> <span class='ocrx_word' id='word_1_315' title='bbox 918 2557 1032 2612; x_wconf 80' lang='lat' dir='ltr'><strong><em>Vox</em></strong></span> <span class='ocrx_word' id='word_1_316' title='bbox 1059 2557 1279 2613; x_wconf 86' lang='lat' dir='ltr'><strong><em>Christi.</em></strong></span> <span class='ocrx_word' id='word_1_317' title='bbox 1316 2559 1513 2614; x_wconf 87' lang='lat' dir='ltr'><strong><em>Fidens</em></strong></span> <span class='ocrx_word' id='word_1_318' title='bbox 1538 2564 1593 2615; x_wconf 85' lang='lat' dir='ltr'><strong><em>in</em></strong></span> <span class='ocrx_word' id='word_1_319' title='bbox 1618 2580 1755 2616; x_wconf 88' lang='lat' dir='ltr'><strong><em>eum.</em></strong></span> <span class='ocrx_word' id='word_1_320' title='bbox 1779 2562 2015 2619; x_wconf 83' lang='lat' dir='ltr'><strong><em>Patrem.</em></strong></span> 
     </span>
    </p>
   </div>
   <div class='ocr_carea' id='block_1_43' title="bbox 455 2642 2020 2717">
    <p class='ocr_par' dir='ltr' id='par_1_43' title="bbox 455 2642 2020 2717">
     <span class='ocr_line' id='line_1_43' title="bbox 455 2642 2020 2717; baseline 0.006 -18"><span class='ocrx_word' id='word_1_321' title='bbox 455 2642 589 2699; x_wconf 83' lang='lat' dir='ltr'><strong><em>Ecce</em></strong></span> <span class='ocrx_word' id='word_1_322' title='bbox 612 2660 704 2716; x_wconf 79' lang='lat' dir='ltr'><strong><em>ego</em></strong></span> <span class='ocrx_word' id='word_1_323' title='bbox 728 2657 776 2699; x_wconf 90' lang='lat' dir='ltr'><strong><em>et</em></strong></span> <span class='ocrx_word' id='word_1_324' title='bbox 809 2647 957 2717; x_wconf 84' lang='lat' dir='ltr'><strong><em>pueri</em></strong></span> <span class='ocrx_word' id='word_1_325' title='bbox 986 2650 1106 2702; x_wconf 86' lang='lat' dir='ltr'><strong><em>mei.</em></strong></span> <span class='ocrx_word' id='word_1_326' title='bbox 1155 2648 1268 2704; x_wconf 83' lang='lat' dir='ltr'><strong><em>Hoc</em></strong></span> <span class='ocrx_word' id='word_1_327' title='bbox 1300 2651 1351 2704; x_wconf 92' lang='lat' dir='ltr'><strong><em>in</em></strong></span> <span class='ocrx_word' id='word_1_328' title='bbox 1382 2651 1520 2705; x_wconf 85' lang='lat' dir='ltr'><strong><em>Isaia</em></strong></span> <span class='ocrx_word' id='word_1_329' title='bbox 1572 2653 1819 2707; x_wconf 78' lang='lat' dir='ltr'><strong><em>habetur.</em></strong></span> <span class='ocrx_word' id='word_1_330' title='bbox 1856 2652 2020 2710; x_wconf 84' lang='lat' dir='ltr'><strong><em>Pueri</em></strong></span> 
     </span>
    </p>
   </div>
   <div class='ocr_carea' id='block_1_44' title="bbox 454 2735 2017 2809">
    <p class='ocr_par' dir='ltr' id='par_1_44' title="bbox 454 2735 2017 2809">
     <span class='ocr_line' id='line_1_44' title="bbox 454 2735 2017 2809; baseline 0.008 -21"><span class='ocrx_word' id='word_1_331' title='bbox 454 2737 575 2788; x_wconf 85' lang='lat' dir='ltr'><strong><em>mei.</em></strong></span> <span class='ocrx_word' id='word_1_332' title='bbox 608 2735 843 2805; x_wconf 85' lang='lat' dir='ltr'><strong><em>Apostoli</em></strong></span> <span class='ocrx_word' id='word_1_333' title='bbox 870 2754 1166 2808; x_wconf 87' lang='lat' dir='ltr'><strong><em>omnesque</em></strong></span> <span class='ocrx_word' id='word_1_334' title='bbox 1189 2740 1242 2793; x_wconf 90' lang='lat' dir='ltr'><strong><em>in</em></strong></span> <span class='ocrx_word' id='word_1_335' title='bbox 1269 2738 1545 2796; x_wconf 89' lang='lat' dir='ltr'><strong><em>Christum</em></strong></span> <span class='ocrx_word' id='word_1_336' title='bbox 1570 2743 1882 2809; x_wconf 84' lang='lat' dir='ltr'><strong><em>credentes;</em></strong></span> <span class='ocrx_word' id='word_1_337' title='bbox 1908 2760 2017 2800; x_wconf 88' lang='lat' dir='ltr'><strong><em>non</em></strong></span> 
     </span>
    </p>
   </div>
   <div class='ocr_carea' id='block_1_45' title="bbox 453 2832 2019 2897">
    <p class='ocr_par' dir='ltr' id='par_1_45' title="bbox 453 2832 2019 2897">
     <span class='ocr_line' id='line_1_45' title="bbox 453 2832 2019 2897; baseline 0.008 -18"><span class='ocrx_word' id='word_1_338' title='bbox 453 2837 633 2881; x_wconf 86' lang='lat' dir='ltr'><strong><em>autem</em></strong></span> <span class='ocrx_word' id='word_1_339' title='bbox 663 2832 954 2885; x_wconf 86' lang='lat' dir='ltr'><strong><em>secundum</em></strong></span> <span class='ocrx_word' id='word_1_340' title='bbox 1011 2841 1250 2897; x_wconf 68' lang='lat' dir='ltr'><strong><em>aetatem,</em></strong></span> <span class='ocrx_word' id='word_1_341' title='bbox 1282 2834 1376 2888; x_wconf 85' lang='lat' dir='ltr'><strong><em>sed</em></strong></span> <span class='ocrx_word' id='word_1_342' title='bbox 1416 2836 1708 2889; x_wconf 87' lang='lat' dir='ltr'><strong><em>secundum</em></strong></span> <span class='ocrx_word' id='word_1_343' title='bbox 1761 2835 2019 2892; x_wconf 88' lang='lat' dir='ltr'><strong><em>innocen-</em></strong></span> 
     </span>
    </p>
   </div>
   <div class='ocr_carea' id='block_1_46' title="bbox 452 2918 2017 2989">
    <p class='ocr_par' dir='ltr' id='par_1_46' title="bbox 452 2918 2017 2989">
     <span class='ocr_line' id='line_1_46' title="bbox 452 2918 2017 2989; baseline 0.009 -19"><span class='ocrx_word' id='word_1_344' title='bbox 452 2918 764 2989; x_wconf 86' lang='lat' dir='ltr'><strong><em>tiampueri</em></strong></span> <span class='ocrx_word' id='word_1_345' title='bbox 793 2923 1060 2977; x_wconf 89' lang='lat' dir='ltr'><strong><em>dicuntur.</em></strong></span> <span class='ocrx_word' id='word_1_346' title='bbox 1094 2924 1618 2979; x_wconf 83' lang='lat' dir='ltr'><strong><em>Communicarerunt</em></strong></span> <span class='ocrx_word' id='word_1_347' title='bbox 1646 2929 1794 2981; x_wconf 87' lang='lat' dir='ltr'><strong><em>carni</em></strong></span> <span class='ocrx_word' id='word_1_348' title='bbox 1818 2938 1866 2982; x_wconf 89' lang='lat' dir='ltr'><strong><em>et</em></strong></span> <span class='ocrx_word' id='word_1_349' title='bbox 1889 2947 2017 2984; x_wconf 84' lang='lat' dir='ltr'><strong><em>san-</em></strong></span> 
     </span>
    </p>
   </div>
   <div class='ocr_carea' id='block_1_47' title="bbox 452 3010 2020 3079">
    <p class='ocr_par' dir='ltr' id='par_1_47' title="bbox 452 3010 2020 3079">
     <span class='ocr_line' id='line_1_47' title="bbox 452 3010 2020 3079; baseline 0.01 -19"><span class='ocrx_word' id='word_1_350' title='bbox 452 3010 618 3079; x_wconf 85' lang='lat' dir='ltr'><strong><em>guini.</em></strong></span> <span class='ocrx_word' id='word_1_351' title='bbox 649 3010 848 3065; x_wconf 89' lang='lat' dir='ltr'><strong><em>Omnes</em></strong></span> <span class='ocrx_word' id='word_1_352' title='bbox 872 3015 1233 3069; x_wconf 87' lang='lat' dir='ltr'><strong><em>communiter</em></strong></span> <span class='ocrx_word' id='word_1_353' title='bbox 1251 3030 1468 3071; x_wconf 88' lang='lat' dir='ltr'><strong><em>carnem</em></strong></span> <span class='ocrx_word' id='word_1_354' title='bbox 1493 3016 1799 3071; x_wconf 86' lang='lat' dir='ltr'><strong><em>habuerunt</em></strong></span> <span class='ocrx_word' id='word_1_355' title='bbox 1819 3025 1873 3073; x_wconf 84' lang='lat' dir='ltr'><strong><em>et</em></strong></span> <span class='ocrx_word' id='word_1_356' title='bbox 1900 3034 2020 3075; x_wconf 85' lang='lat' dir='ltr'><strong><em>san-</em></strong></span> 
     </span>
    </p>
   </div>
   <div class='ocr_carea' id='block_1_48' title="bbox 452 3101 2088 3206">
    <p class='ocr_par' dir='ltr' id='par_1_48' title="bbox 452 3101 2088 3206">
     <span class='ocr_line' id='line_1_48' title="bbox 452 3101 2088 3206; baseline 0.008 -53"><span class='ocrx_word' id='word_1_357' title='bbox 452 3101 689 3170; x_wconf 83' lang='lat' dir='ltr'><strong><em>guinem.</em></strong></span> <span class='ocrx_word' id='word_1_358' title='bbox 725 3102 996 3175; x_wconf 80' lang='lat' dir='ltr'><strong><em>Particeps</em></strong></span> <span class='ocrx_word' id='word_1_359' title='bbox 1016 3106 1335 3160; x_wconf 86' lang='lat' dir='ltr'><strong><em>eorumdem.</em></strong></span> <span class='ocrx_word' id='word_1_360' title='bbox 1367 3107 1662 3162; x_wconf 83' lang='lat' dir='ltr'><strong><em>Puerorum</em></strong></span> <span class='ocrx_word' id='word_1_361' title='bbox 1692 3112 2015 3166; x_wconf 87' lang='lat' dir='ltr'><strong><em>assumendo</em></strong></span> <span class='ocrx_word' id='word_1_362' title='bbox 2044 3144 2088 3206; x_wconf 82' lang='lat' dir='ltr'>C</span> 
     </span>
    </p>
   </div>
   <div class='ocr_carea' id='block_1_49' title="bbox 353 3191 2011 3261">
    <p class='ocr_par' dir='ltr' id='par_1_49' title="bbox 353 3191 2011 3261">
     <span class='ocr_line' id='line_1_49' title="bbox 353 3191 2011 3261; baseline 0.008 -20"><span class='ocrx_word' id='word_1_363' title='bbox 353 3193 362 3200; x_wconf 87' lang='lat'>&#39;</span> <span class='ocrx_word' id='word_1_364' title='bbox 451 3204 668 3242; x_wconf 83' lang='lat' dir='ltr'><strong><em>carnem</em></strong></span> <span class='ocrx_word' id='word_1_365' title='bbox 690 3198 744 3243; x_wconf 86' lang='lat' dir='ltr'><strong><em>et</em></strong></span> <span class='ocrx_word' id='word_1_366' title='bbox 764 3195 1099 3261; x_wconf 64' lang='lat' dir='ltr'><strong><em>sanguinem.</em></strong></span> <span class='ocrx_word' id='word_1_367' title='bbox 1129 3191 1197 3246; x_wconf 97' lang='lat' dir='ltr'><strong><em>Ut</em></strong></span> <span class='ocrx_word' id='word_1_368' title='bbox 1219 3211 1310 3261; x_wconf 90' lang='lat' dir='ltr'><strong><em>per</em></strong></span> <span class='ocrx_word' id='word_1_369' title='bbox 1330 3204 1546 3250; x_wconf 88' lang='lat' dir='ltr'><strong><em>mortem</em></strong></span> <span class='ocrx_word' id='word_1_370' title='bbox 1567 3195 1852 3252; x_wconf 84' lang='lat' dir='ltr'><strong><em>destrueret</em></strong></span> <span class='ocrx_word' id='word_1_371' title='bbox 1875 3215 2011 3253; x_wconf 85' lang='lat' dir='ltr'><strong><em>eum.</em></strong></span> 
     </span>
    </p>
   </div>
   <div class='ocr_carea' id='block_1_50' title="bbox 454 3278 2019 3353">
    <p class='ocr_par' dir='ltr' id='par_1_50' title="bbox 454 3278 2019 3353">
     <span class='ocr_line' id='line_1_50' title="bbox 454 3278 2019 3353; baseline 0.006 -21"><span class='ocrx_word' id='word_1_372' title='bbox 454 3278 527 3333; x_wconf 81' lang='lat' dir='ltr'><strong><em>Ut</em></strong></span> <span class='ocrx_word' id='word_1_373' title='bbox 563 3280 674 3333; x_wconf 81' lang='lat' dir='ltr'><strong><em>suis</em></strong></span> <span class='ocrx_word' id='word_1_374' title='bbox 704 3281 872 3335; x_wconf 79' lang='lat' dir='ltr'><strong><em>annis</em></strong></span> <span class='ocrx_word' id='word_1_375' title='bbox 897 3281 1140 3338; x_wconf 85' lang='lat' dir='ltr'><strong><em>diabolus</em></strong></span> <span class='ocrx_word' id='word_1_376' title='bbox 1182 3283 1511 3350; x_wconf 85' lang='lat' dir='ltr'><strong><em>vinceretur,</em></strong></span> <span class='ocrx_word' id='word_1_377' title='bbox 1542 3285 1737 3353; x_wconf 85' lang='lat' dir='ltr'><strong><em>quibus</em></strong></span> <span class='ocrx_word' id='word_1_378' title='bbox 1785 3288 1905 3343; x_wconf 89' lang='lat' dir='ltr'><strong><em>aliis</em></strong></span> <span class='ocrx_word' id='word_1_379' title='bbox 1937 3289 2019 3342; x_wconf 87' lang='lat' dir='ltr'><strong><em>in-</em></strong></span> 
     </span>
    </p>
   </div>
   <div class='ocr_carea' id='block_1_51' title="bbox 453 3367 2018 3449">
    <p class='ocr_par' dir='ltr' id='par_1_51' title="bbox 453 3367 2018 3449">
     <span class='ocr_line' id='line_1_51' title="bbox 453 3367 2018 3449; baseline 0.007 -28"><span class='ocrx_word' id='word_1_380' title='bbox 453 3367 706 3422; x_wconf 81' lang='lat' dir='ltr'><strong><em>sultabat.</em></strong></span> <span class='ocrx_word' id='word_1_381' title='bbox 745 3369 932 3425; x_wconf 78' lang='lat' dir='ltr'><strong><em>Mortis</em></strong></span> <span class='ocrx_word' id='word_1_382' title='bbox 975 3372 1270 3442; x_wconf 87' lang='lat' dir='ltr'><strong><em>imperium.</em></strong></span> <span class='ocrx_word' id='word_1_383' title='bbox 1304 3372 1515 3431; x_wconf 85' lang='lat' dir='ltr'><strong><em>Mittere</em></strong></span> <span class='ocrx_word' id='word_1_384' title='bbox 1543 3376 1597 3430; x_wconf 91' lang='lat' dir='ltr'><strong><em>in</em></strong></span> <span class='ocrx_word' id='word_1_385' title='bbox 1629 3387 1876 3444; x_wconf 85' lang='lat' dir='ltr'><strong><em>mortem,</em></strong></span> <span class='ocrx_word' id='word_1_386' title='bbox 1904 3393 2018 3449; x_wconf 74' lang='lat' dir='ltr'><strong><em>pm-</em></strong></span> 
     </span>
    </p>
   </div>
   <div class='ocr_carea' id='block_1_52' title="bbox 456 3463 2020 3529">
    <p class='ocr_par' dir='ltr' id='par_1_52' title="bbox 456 3463 2020 3529">
     <span class='ocr_line' id='line_1_52' title="bbox 456 3463 2020 3529; baseline 0.008 -16"><span class='ocrx_word' id='word_1_387' title='bbox 456 3474 689 3529; x_wconf 90' lang='lat' dir='ltr'><strong><em>namque</em></strong></span> <span class='ocrx_word' id='word_1_388' title='bbox 708 3470 1054 3529; x_wconf 70' lang='lat' dir='ltr'><strong><em>perpetuam.</em></strong></span> <span class='ocrx_word' id='word_1_389' title='bbox 1101 3463 1326 3519; x_wconf 69' lang='lat' dir='ltr'><strong><em>Obnoxii</em></strong></span> <span class='ocrx_word' id='word_1_390' title='bbox 1350 3476 1497 3520; x_wconf 85' lang='lat' dir='ltr'><strong><em>erant</em></strong></span> <span class='ocrx_word' id='word_1_391' title='bbox 1522 3469 1774 3522; x_wconf 76' lang='lat' dir='ltr'><strong><em>servituti.</em></strong></span> <span class='ocrx_word' id='word_1_392' title='bbox 1810 3470 1903 3524; x_wconf 83' lang='lat' dir='ltr'><strong><em>Vel</em></strong></span> <span class='ocrx_word' id='word_1_393' title='bbox 1934 3487 2020 3526; x_wconf 89' lang='lat' dir='ltr'><strong><em>ve-</em></strong></span> 
     </span>
    </p>
   </div>
   <div class='ocr_carea' id='block_1_53' title="bbox 455 3550 2016 3631">
    <p class='ocr_par' dir='ltr' id='par_1_53' title="bbox 455 3550 2016 3631">
     <span class='ocr_line' id='line_1_53' title="bbox 455 3550 2016 3631; baseline 0.008 -29"><span class='ocrx_word' id='word_1_394' title='bbox 455 3550 590 3604; x_wconf 87' lang='lat' dir='ltr'><strong><em>teris</em></strong></span> <span class='ocrx_word' id='word_1_395' title='bbox 616 3550 770 3620; x_wconf 87' lang='lat' dir='ltr'><strong><em>legis,</em></strong></span> <span class='ocrx_word' id='word_1_396' title='bbox 803 3551 917 3608; x_wconf 89' lang='lat' dir='ltr'><strong><em>sive</em></strong></span> <span class='ocrx_word' id='word_1_397' title='bbox 946 3554 1173 3622; x_wconf 86' lang='lat' dir='ltr'><strong><em>peccati.</em></strong></span> <span class='ocrx_word' id='word_1_398' title='bbox 1206 3552 1481 3627; x_wconf 80' lang='lat' dir='ltr'><strong><em>Nusquam</em></strong></span> <span class='ocrx_word' id='word_1_399' title='bbox 1521 3558 1654 3611; x_wconf 86' lang='lat' dir='ltr'><strong><em>enim</em></strong></span> <span class='ocrx_word' id='word_1_400' title='bbox 1681 3559 1892 3629; x_wconf 82' lang='lat' dir='ltr'><strong><em>angelos</em></strong></span> <span class='ocrx_word' id='word_1_401' title='bbox 1919 3578 2016 3631; x_wconf 88' lang='lat' dir='ltr'><strong><em>ap-</em></strong></span> 
     </span>
    </p>
   </div>
   <div class='ocr_carea' id='block_1_54' title="bbox 452 3642 2019 3717">
    <p class='ocr_par' dir='ltr' id='par_1_54' title="bbox 452 3642 2019 3717">
     <span class='ocr_line' id='line_1_54' title="bbox 452 3642 2019 3717; baseline 0.007 -24"><span class='ocrx_word' id='word_1_402' title='bbox 452 3643 742 3711; x_wconf 76' lang='lat' dir='ltr'><strong><em>prehendit.</em></strong></span> <span class='ocrx_word' id='word_1_403' title='bbox 762 3642 875 3697; x_wconf 87' lang='lat' dir='ltr'><strong><em>Non</em></strong></span> <span class='ocrx_word' id='word_1_404' title='bbox 901 3644 1044 3699; x_wconf 87' lang='lat' dir='ltr'><strong><em>enim</em></strong></span> <span class='ocrx_word' id='word_1_405' title='bbox 1072 3644 1125 3699; x_wconf 89' lang='lat' dir='ltr'><strong><em>in</em></strong></span> <span class='ocrx_word' id='word_1_406' title='bbox 1154 3646 1393 3717; x_wconf 86' lang='lat' dir='ltr'><strong><em>angelica</em></strong></span> <span class='ocrx_word' id='word_1_407' title='bbox 1418 3647 1589 3702; x_wconf 78' lang='lat' dir='ltr'><strong><em>forma</em></strong></span> <span class='ocrx_word' id='word_1_408' title='bbox 1612 3650 1757 3704; x_wconf 87' lang='lat' dir='ltr'><strong><em>venit</em></strong></span> <span class='ocrx_word' id='word_1_409' title='bbox 1784 3650 1835 3703; x_wconf 92' lang='lat' dir='ltr'><strong><em>in</em></strong></span> <span class='ocrx_word' id='word_1_410' title='bbox 1863 3666 2019 3705; x_wconf 86' lang='lat' dir='ltr'><strong><em>mun-</em></strong></span> 
     </span>
    </p>
   </div>
   <div class='ocr_carea' id='block_1_55' title="bbox 449 3729 2012 3807">
    <p class='ocr_par' dir='ltr' id='par_1_55' title="bbox 449 3729 2012 3807">
     <span class='ocr_line' id='line_1_55' title="bbox 449 3729 2012 3807; baseline 0.006 -24"><span class='ocrx_word' id='word_1_411' title='bbox 449 3729 603 3796; x_wconf 89' lang='lat' dir='ltr'><strong><em>dum,</em></strong></span> <span class='ocrx_word' id='word_1_412' title='bbox 632 3732 756 3801; x_wconf 83' lang='lat' dir='ltr'><strong><em>quia</em></strong></span> <span class='ocrx_word' id='word_1_413' title='bbox 787 3747 893 3787; x_wconf 88' lang='lat' dir='ltr'><strong><em>non</em></strong></span> <span class='ocrx_word' id='word_1_414' title='bbox 923 3733 990 3787; x_wconf 91' lang='lat' dir='ltr'><strong><em>ad</em></strong></span> <span class='ocrx_word' id='word_1_415' title='bbox 1032 3734 1457 3803; x_wconf 86' lang='lat' dir='ltr'><strong><em>redemptionem</em></strong></span> <span class='ocrx_word' id='word_1_416' title='bbox 1489 3736 1799 3807; x_wconf 79' lang='lat' dir='ltr'><strong><em>angelorum</em></strong></span> <span class='ocrx_word' id='word_1_417' title='bbox 1829 3739 2012 3804; x_wconf 88' lang='lat' dir='ltr'><strong><em>venit;</em></strong></span> 
     </span>
    </p>
   </div>
   <div class='ocr_carea' id='block_1_56' title="bbox 451 3820 2016 3899">
    <p class='ocr_par' dir='ltr' id='par_1_56' title="bbox 451 3820 2016 3899">
     <span class='ocr_line' id='line_1_56' title="bbox 451 3820 2016 3899; baseline 0.006 -24"><span class='ocrx_word' id='word_1_418' title='bbox 451 3820 549 3875; x_wconf 86' lang='lat' dir='ltr'><strong><em>sed</em></strong></span> <span class='ocrx_word' id='word_1_419' title='bbox 577 3820 698 3876; x_wconf 88' lang='lat' dir='ltr'><strong><em>ideo</em></strong></span> <span class='ocrx_word' id='word_1_420' title='bbox 719 3838 939 3878; x_wconf 90' lang='lat' dir='ltr'><strong><em>carnem</em></strong></span> <span class='ocrx_word' id='word_1_421' title='bbox 960 3825 1335 3895; x_wconf 80' lang='lat' dir='ltr'><strong><em>apprehendit,</em></strong></span> <span class='ocrx_word' id='word_1_422' title='bbox 1362 3835 1423 3881; x_wconf 91' lang='lat' dir='ltr'><strong><em>ut</em></strong></span> <span class='ocrx_word' id='word_1_423' title='bbox 1441 3841 1538 3896; x_wconf 87' lang='lat' dir='ltr'><strong><em>per</em></strong></span> <span class='ocrx_word' id='word_1_424' title='bbox 1556 3843 1717 3898; x_wconf 88' lang='lat' dir='ltr'><strong><em>quam</em></strong></span> <span class='ocrx_word' id='word_1_425' title='bbox 1736 3838 2016 3899; x_wconf 88' lang='lat' dir='ltr'><strong><em>peccatum</em></strong></span> 
     </span>
    </p>
   </div>
   <div class='ocr_carea' id='block_1_57' title="bbox 449 3910 2012 3982">
    <p class='ocr_par' dir='ltr' id='par_1_57' title="bbox 449 3910 2012 3982">
     <span class='ocr_line' id='line_1_57' title="bbox 449 3910 2012 3982; baseline 0.007 -20"><span class='ocrx_word' id='word_1_426' title='bbox 449 3910 860 3977; x_wconf 86' lang='lat' dir='ltr'><strong><em>admiscramus,</em></strong></span> <span class='ocrx_word' id='word_1_427' title='bbox 886 3913 1002 3982; x_wconf 87' lang='lat' dir='ltr'><strong><em>ipsa</em></strong></span> <span class='ocrx_word' id='word_1_428' title='bbox 1025 3915 1433 3970; x_wconf 86' lang='lat' dir='ltr'><strong><em>redimeremur.</em></strong></span> <span class='ocrx_word' id='word_1_429' title='bbox 1458 3916 1564 3971; x_wconf 80' lang='lat' dir='ltr'><strong><em>Sed</em></strong></span> <span class='ocrx_word' id='word_1_430' title='bbox 1584 3934 1755 3971; x_wconf 87' lang='lat' dir='ltr'><strong><em>semen</em></strong></span> <span class='ocrx_word' id='word_1_431' title='bbox 1770 3918 2012 3973; x_wconf 77' lang='lat' dir='ltr'><strong><em>Abraltw.</em></strong></span> 
     </span>
    </p>
   </div>
   <div class='ocr_carea' id='block_1_58' title="bbox 452 3998 2016 4076">
    <p class='ocr_par' dir='ltr' id='par_1_58' title="bbox 452 3998 2016 4076">
     <span class='ocr_line' id='line_1_58' title="bbox 452 3998 2016 4076; baseline 0.007 -24"><span class='ocrx_word' id='word_1_432' title='bbox 452 3998 566 4054; x_wconf 89' lang='lat' dir='ltr'><strong><em>Iloc</em></strong></span> <span class='ocrx_word' id='word_1_433' title='bbox 597 4009 700 4066; x_wconf 88' lang='lat' dir='ltr'><strong><em>est,</em></strong></span> <span class='ocrx_word' id='word_1_434' title='bbox 729 4005 1053 4058; x_wconf 86' lang='lat' dir='ltr'><strong><em>assumendo</em></strong></span> <span class='ocrx_word' id='word_1_435' title='bbox 1081 4020 1300 4059; x_wconf 85' lang='lat' dir='ltr'><strong><em>carnem</em></strong></span> <span class='ocrx_word' id='word_1_436' title='bbox 1323 4008 1391 4061; x_wconf 89' lang='lat' dir='ltr'><strong><em>de</em></strong></span> <span class='ocrx_word' id='word_1_437' title='bbox 1411 4020 1609 4076; x_wconf 81' lang='lat' dir='ltr'><strong><em>genere</em></strong></span> <span class='ocrx_word' id='word_1_438' title='bbox 1632 4006 1895 4062; x_wconf 62' lang='lat' dir='ltr'><strong><em>Abrahae:</em></strong></span> <span class='ocrx_word' id='word_1_439' title='bbox 1920 4024 2016 4076; x_wconf 86' lang='lat' dir='ltr'><strong><em>pro</em></strong></span> 
     </span>
    </p>
   </div>
   <div class='ocr_carea' id='block_1_59' title="bbox 451 4093 2016 4159">
    <p class='ocr_par' dir='ltr' id='par_1_59' title="bbox 451 4093 2016 4159">
     <span class='ocr_line' id='line_1_59' title="bbox 451 4093 2016 4159; baseline 0.006 -17"><span class='ocrx_word' id='word_1_440' title='bbox 451 4096 566 4143; x_wconf 86' lang='lat' dir='ltr'><strong><em>toto</em></strong></span> <span class='ocrx_word' id='word_1_441' title='bbox 593 4099 773 4145; x_wconf 88' lang='lat' dir='ltr'><strong><em>autem</em></strong></span> <span class='ocrx_word' id='word_1_442' title='bbox 800 4106 997 4159; x_wconf 89' lang='lat' dir='ltr'><strong><em>genere</em></strong></span> <span class='ocrx_word' id='word_1_443' title='bbox 1022 4106 1204 4147; x_wconf 85' lang='lat' dir='ltr'><strong><em>semen</em></strong></span> <span class='ocrx_word' id='word_1_444' title='bbox 1234 4093 1463 4149; x_wconf 63' lang='lat' dir='ltr'><strong><em>Abrahae</em></strong></span> <span class='ocrx_word' id='word_1_445' title='bbox 1500 4097 1716 4152; x_wconf 92' lang='lat' dir='ltr'><strong><em>dicitur.</em></strong></span> <span class='ocrx_word' id='word_1_446' title='bbox 1750 4097 1900 4152; x_wconf 84' lang='lat' dir='ltr'><strong><em>Unde</em></strong></span> <span class='ocrx_word' id='word_1_447' title='bbox 1925 4099 2016 4152; x_wconf 82' lang='lat' dir='ltr'><strong><em>de-</em></strong></span> 
     </span>
    </p>
   </div>
   <div class='ocr_carea' id='block_1_60' title="bbox 456 4179 2015 4257">
    <p class='ocr_par' dir='ltr' id='par_1_60' title="bbox 456 4179 2015 4257">
     <span class='ocr_line' id='line_1_60' title="bbox 456 4179 2015 4257; baseline 0.008 -27"><span class='ocrx_word' id='word_1_448' title='bbox 456 4179 567 4231; x_wconf 85' lang='lat' dir='ltr'><strong><em>buit</em></strong></span> <span class='ocrx_word' id='word_1_449' title='bbox 592 4195 684 4247; x_wconf 88' lang='lat' dir='ltr'><strong><em>per</em></strong></span> <span class='ocrx_word' id='word_1_450' title='bbox 719 4180 894 4233; x_wconf 80' lang='lat' dir='ltr'><strong><em>omnia</em></strong></span> <span class='ocrx_word' id='word_1_451' title='bbox 917 4180 1167 4250; x_wconf 74' lang='lat' dir='ltr'><strong><em>fratribus</em></strong></span> <span class='ocrx_word' id='word_1_452' title='bbox 1194 4183 1440 4239; x_wconf 86' lang='lat' dir='ltr'><strong><em>similari.</em></strong></span> <span class='ocrx_word' id='word_1_453' title='bbox 1474 4187 1673 4241; x_wconf 83' lang='lat' dir='ltr'><strong><em>Verum</em></strong></span> <span class='ocrx_word' id='word_1_454' title='bbox 1701 4202 1898 4257; x_wconf 78' lang='lat' dir='ltr'><strong><em>corpus</em></strong></span> <span class='ocrx_word' id='word_1_455' title='bbox 1923 4189 2015 4243; x_wconf 81' lang='lat' dir='ltr'><strong><em>bo-</em></strong></span> 
     </span>
    </p>
   </div>
   <div class='ocr_carea' id='block_1_61' title="bbox 457 4269 2016 4348">
    <p class='ocr_par' dir='ltr' id='par_1_61' title="bbox 457 4269 2016 4348">
     <span class='ocr_line' id='line_1_61' title="bbox 457 4269 2016 4348; baseline 0.008 -26"><span class='ocrx_word' id='word_1_456' title='bbox 457 4269 639 4332; x_wconf 89' lang='lat' dir='ltr'><strong><em>minis,</em></strong></span> <span class='ocrx_word' id='word_1_457' title='bbox 667 4270 1010 4343; x_wconf 82' lang='lat' dir='ltr'><strong><em>animamque</em></strong></span> <span class='ocrx_word' id='word_1_458' title='bbox 1053 4276 1334 4331; x_wconf 88' lang='lat' dir='ltr'><strong><em>sumendo.</em></strong></span> <span class='ocrx_word' id='word_1_459' title='bbox 1378 4274 1581 4333; x_wconf 86' lang='lat' dir='ltr'><strong><em>Fidelis</em></strong></span> <span class='ocrx_word' id='word_1_460' title='bbox 1602 4278 1859 4348; x_wconf 70' lang='lat' dir='ltr'><strong><em>pontifex.</em></strong></span> <span class='ocrx_word' id='word_1_461' title='bbox 1901 4278 2016 4335; x_wconf 83' lang='lat' dir='ltr'><strong><em>Hoc</em></strong></span> 
     </span>
    </p>
   </div>
   <div class='ocr_carea' id='block_1_62' title="bbox 455 4366 2012 4437">
    <p class='ocr_par' dir='ltr' id='par_1_62' title="bbox 455 4366 2012 4437">
     <span class='ocr_line' id='line_1_62' title="bbox 455 4366 2012 4437; baseline 0.006 -23"><span class='ocrx_word' id='word_1_462' title='bbox 455 4367 562 4426; x_wconf 79' lang='lat' dir='ltr'><strong><em>est,</em></strong></span> <span class='ocrx_word' id='word_1_463' title='bbox 588 4375 751 4417; x_wconf 86' lang='lat' dir='ltr'><strong><em>verus</em></strong></span> <span class='ocrx_word' id='word_1_464' title='bbox 777 4369 835 4416; x_wconf 87' lang='lat' dir='ltr'><strong><em>et</em></strong></span> <span class='ocrx_word' id='word_1_465' title='bbox 856 4371 1066 4432; x_wconf 86' lang='lat' dir='ltr'><strong><em>potens,</em></strong></span> <span class='ocrx_word' id='word_1_466' title='bbox 1095 4374 1153 4420; x_wconf 91' lang='lat' dir='ltr'><strong><em>et</em></strong></span> <span class='ocrx_word' id='word_1_467' title='bbox 1207 4366 1433 4423; x_wconf 88' lang='lat' dir='ltr'><strong><em>idoneus</em></strong></span> <span class='ocrx_word' id='word_1_468' title='bbox 1462 4368 1686 4437; x_wconf 86' lang='lat' dir='ltr'><strong><em>implere</em></strong></span> <span class='ocrx_word' id='word_1_469' title='bbox 1710 4384 1869 4424; x_wconf 91' lang='lat' dir='ltr'><strong><em>suum</em></strong></span> <span class='ocrx_word' id='word_1_470' title='bbox 1892 4369 2012 4426; x_wconf 83' lang='lat' dir='ltr'><strong><em>olli-</em></strong></span> 
     </span>
    </p>
   </div>
   <div class='ocr_carea' id='block_1_63' title="bbox 2121 1899 3695 1979">
    <p class='ocr_par' dir='ltr' id='par_1_63' title="bbox 2121 1899 3695 1979">
     <span class='ocr_line' id='line_1_63' title="bbox 2121 1899 3695 1979; baseline 0.005 -21"><span class='ocrx_word' id='word_1_471' title='bbox 2121 1904 2234 1959; x_wconf 88' lang='lat' dir='ltr'><strong><em>dit:</em></strong></span> <span class='ocrx_word' id='word_1_472' title='bbox 2261 1922 2423 1962; x_wconf 86' lang='lat' dir='ltr'><strong><em>unam</em></strong></span> <span class='ocrx_word' id='word_1_473' title='bbox 2450 1899 2679 1973; x_wconf 81' lang='lat' dir='ltr'><strong><em>sabbati,</em></strong></span> <span class='ocrx_word' id='word_1_474' title='bbox 2713 1924 2819 1978; x_wconf 89' lang='lat' dir='ltr'><strong><em>qua</em></strong></span> <span class='ocrx_word' id='word_1_475' title='bbox 2848 1908 3107 1964; x_wconf 88' lang='lat' dir='ltr'><strong><em>Dominus</em></strong></span> <span class='ocrx_word' id='word_1_476' title='bbox 3137 1910 3400 1978; x_wconf 84' lang='lat' dir='ltr'><strong><em>requievit</em></strong></span> <span class='ocrx_word' id='word_1_477' title='bbox 3427 1912 3494 1964; x_wconf 88' lang='lat' dir='ltr'><strong><em>ab</em></strong></span> <span class='ocrx_word' id='word_1_478' title='bbox 3519 1914 3695 1979; x_wconf 87' lang='lat' dir='ltr'><strong><em>operi-</em></strong></span> 
     </span>
    </p>
   </div>
   <div class='ocr_carea' id='block_1_64' title="bbox 2118 1995 3689 2068">
    <p class='ocr_par' dir='ltr' id='par_1_64' title="bbox 2118 1995 3689 2068">
     <span class='ocr_line' id='line_1_64' title="bbox 2118 1995 3689 2068; baseline 0.003 -18"><span class='ocrx_word' id='word_1_479' title='bbox 2118 1995 2220 2050; x_wconf 89' lang='lat' dir='ltr'><strong><em>bus</em></strong></span> <span class='ocrx_word' id='word_1_480' title='bbox 2248 1996 2398 2062; x_wconf 89' lang='lat' dir='ltr'><strong><em>suis;</em></strong></span> <span class='ocrx_word' id='word_1_481' title='bbox 2440 1998 2727 2052; x_wconf 83' lang='lat' dir='ltr'><strong><em>secundam</em></strong></span> <span class='ocrx_word' id='word_1_482' title='bbox 2758 2006 2917 2053; x_wconf 72' lang='lat' dir='ltr'><strong><em>terra:</em></strong></span> <span class='ocrx_word' id='word_1_483' title='bbox 2945 1999 3416 2068; x_wconf 85' lang='lat' dir='ltr'><strong><em>repromissionis;</em></strong></span> <span class='ocrx_word' id='word_1_484' title='bbox 3453 2001 3689 2065; x_wconf 86' lang='lat' dir='ltr'><strong><em>tertiam,</em></strong></span> 
     </span>
    </p>
   </div>
   <div class='ocr_carea' id='block_1_65' title="bbox 2121 2088 3695 2159">
    <p class='ocr_par' dir='ltr' id='par_1_65' title="bbox 2121 2088 3695 2159">
     <span class='ocr_line' id='line_1_65' title="bbox 2121 2088 3695 2159; baseline 0.003 -18"><span class='ocrx_word' id='word_1_485' title='bbox 2121 2088 2359 2143; x_wconf 65' lang='lat' dir='ltr'><strong><em>caelestis</em></strong></span> <span class='ocrx_word' id='word_1_486' title='bbox 2384 2090 2534 2159; x_wconf 87' lang='lat' dir='ltr'><strong><em>regni</em></strong></span> <span class='ocrx_word' id='word_1_487' title='bbox 2582 2090 2842 2159; x_wconf 87' lang='lat' dir='ltr'><strong><em>requiem.</em></strong></span> <span class='ocrx_word' id='word_1_488' title='bbox 2895 2088 3190 2144; x_wconf 84' lang='lat' dir='ltr'><strong><em>Secundum</em></strong></span> <span class='ocrx_word' id='word_1_489' title='bbox 3216 2089 3354 2143; x_wconf 82' lang='lat' dir='ltr'><strong><em>diem</em></strong></span> <span class='ocrx_word' id='word_1_490' title='bbox 3396 2092 3695 2146; x_wconf 84' lang='lat' dir='ltr'><strong><em>tcntationis</em></strong></span> 
     </span>
    </p>
   </div>
   <div class='ocr_carea' id='block_1_66' title="bbox 2118 2178 3695 2250">
    <p class='ocr_par' dir='ltr' id='par_1_66' title="bbox 2118 2178 3695 2250">
     <span class='ocr_line' id='line_1_66' title="bbox 2118 2178 3695 2250; baseline 0.002 -19"><span class='ocrx_word' id='word_1_491' title='bbox 2118 2178 2173 2231; x_wconf 88' lang='lat' dir='ltr'><strong><em>in</em></strong></span> <span class='ocrx_word' id='word_1_492' title='bbox 2200 2178 2420 2235; x_wconf 87' lang='lat' dir='ltr'><strong><em>deserto.</em></strong></span> <span class='ocrx_word' id='word_1_493' title='bbox 2452 2179 2533 2233; x_wconf 88' lang='lat' dir='ltr'><strong><em>Ad</em></strong></span> <span class='ocrx_word' id='word_1_494' title='bbox 2567 2195 2761 2248; x_wconf 87' lang='lat' dir='ltr'><strong><em>aquam</em></strong></span> <span class='ocrx_word' id='word_1_495' title='bbox 2789 2180 3251 2244; x_wconf 85' lang='lat' dir='ltr'><strong><em>contradictionis,</em></strong></span> <span class='ocrx_word' id='word_1_496' title='bbox 3279 2181 3493 2249; x_wconf 82' lang='lat' dir='ltr'><strong><em>quando</em></strong></span> <span class='ocrx_word' id='word_1_497' title='bbox 3524 2196 3695 2250; x_wconf 82' lang='lat' dir='ltr'><strong><em>popu-</em></strong></span> 
     </span>
    </p>
   </div>
   <div class='ocr_carea' id='block_1_67' title="bbox 2118 2266 3694 2338">
    <p class='ocr_par' dir='ltr' id='par_1_67' title="bbox 2118 2266 3694 2338">
     <span class='ocr_line' id='line_1_67' title="bbox 2118 2266 3694 2338; baseline 0.001 -18"><span class='ocrx_word' id='word_1_498' title='bbox 2118 2266 2204 2322; x_wconf 91' lang='lat' dir='ltr'><strong><em>lus</em></strong></span> <span class='ocrx_word' id='word_1_499' title='bbox 2227 2269 2605 2332; x_wconf 84' lang='lat' dir='ltr'><strong><em>murmuravit,</em></strong></span> <span class='ocrx_word' id='word_1_500' title='bbox 2657 2276 2712 2322; x_wconf 87' lang='lat' dir='ltr'><strong><em>et</em></strong></span> <span class='ocrx_word' id='word_1_501' title='bbox 2751 2268 2962 2338; x_wconf 79' lang='lat' dir='ltr'><strong><em>Moyses</em></strong></span> <span class='ocrx_word' id='word_1_502' title='bbox 3003 2269 3286 2321; x_wconf 86' lang='lat' dir='ltr'><strong><em>dubitavit.</em></strong></span> <span class='ocrx_word' id='word_1_503' title='bbox 3335 2268 3694 2322; x_wconf 80' lang='lat' dir='ltr'><strong><em>Probneerunt</em></strong></span> 
     </span>
    </p>
   </div>
   <div class='ocr_carea' id='block_1_68' title="bbox 2118 2354 3692 2426">
    <p class='ocr_par' dir='ltr' id='par_1_68' title="bbox 2118 2354 3692 2426">
     <span class='ocr_line' id='line_1_68' title="bbox 2118 2354 3692 2426; baseline 0.001 -20"><span class='ocrx_word' id='word_1_504' title='bbox 2118 2370 2216 2407; x_wconf 79' lang='lat' dir='ltr'><strong><em>me.</em></strong></span> <span class='ocrx_word' id='word_1_505' title='bbox 2248 2354 2678 2423; x_wconf 80' lang='lat' dir='ltr'><strong><em>Exploraverunt</em></strong></span> <span class='ocrx_word' id='word_1_506' title='bbox 2698 2371 2802 2410; x_wconf 89' lang='lat' dir='ltr'><strong><em>me.</em></strong></span> <span class='ocrx_word' id='word_1_507' title='bbox 2832 2355 2901 2409; x_wconf 78' lang='lat' dir='ltr'><strong><em>Et</em></strong></span> <span class='ocrx_word' id='word_1_508' title='bbox 2929 2356 3060 2409; x_wconf 69' lang='lat' dir='ltr'><strong><em>dixi.</em></strong></span> <span class='ocrx_word' id='word_1_509' title='bbox 3090 2354 3348 2426; x_wconf 82' lang='lat' dir='ltr'><strong><em>Cognovi.</em></strong></span> <span class='ocrx_word' id='word_1_510' title='bbox 3374 2354 3589 2424; x_wconf 84' lang='lat' dir='ltr'><strong><em>Semper</em></strong></span> <span class='ocrx_word' id='word_1_511' title='bbox 3617 2372 3692 2409; x_wconf 82' lang='lat' dir='ltr'><strong><em>er-</em></strong></span> 
     </span>
    </p>
   </div>
   <div class='ocr_carea' id='block_1_69' title="bbox 2119 2445 3696 2518">
    <p class='ocr_par' dir='ltr' id='par_1_69' title="bbox 2119 2445 3696 2518">
     <span class='ocr_line' id='line_1_69' title="bbox 2119 2445 3696 2518; baseline 0.001 -20"><span class='ocrx_word' id='word_1_512' title='bbox 2119 2457 2237 2501; x_wconf 86' lang='lat' dir='ltr'><strong><em>rant</em></strong></span> <span class='ocrx_word' id='word_1_513' title='bbox 2273 2448 2446 2501; x_wconf 85' lang='lat' dir='ltr'><strong><em>corde.</em></strong></span> <span class='ocrx_word' id='word_1_514' title='bbox 2474 2447 2623 2502; x_wconf 87' lang='lat' dir='ltr'><strong><em>Licet</em></strong></span> <span class='ocrx_word' id='word_1_515' title='bbox 2648 2448 2819 2501; x_wconf 89' lang='lat' dir='ltr'><strong><em>oculis</em></strong></span> <span class='ocrx_word' id='word_1_516' title='bbox 2840 2447 3107 2518; x_wconf 83' lang='lat' dir='ltr'><strong><em>magnalia</em></strong></span> <span class='ocrx_word' id='word_1_517' title='bbox 3135 2447 3402 2503; x_wconf 84' lang='lat' dir='ltr'><strong><em>viderunt.</em></strong></span> <span class='ocrx_word' id='word_1_518' title='bbox 3433 2445 3578 2501; x_wconf 87' lang='lat' dir='ltr'><strong><em>Sicut</em></strong></span> <span class='ocrx_word' id='word_1_519' title='bbox 3598 2447 3696 2516; x_wconf 86' lang='lat' dir='ltr'><strong><em>ju-</em></strong></span> 
     </span>
    </p>
   </div>
   <div class='ocr_carea' id='block_1_70' title="bbox 2119 2536 3694 2607">
    <p class='ocr_par' dir='ltr' id='par_1_70' title="bbox 2119 2536 3694 2607">
     <span class='ocr_line' id='line_1_70' title="bbox 2119 2536 3694 2607; baseline 0.001 -18"><span class='ocrx_word' id='word_1_520' title='bbox 2119 2539 2249 2592; x_wconf 81' lang='lat' dir='ltr'><strong><em>ravi.</em></strong></span> <span class='ocrx_word' id='word_1_521' title='bbox 2280 2538 2333 2592; x_wconf 91' lang='lat' dir='ltr'><strong><em>ld</em></strong></span> <span class='ocrx_word' id='word_1_522' title='bbox 2363 2546 2474 2601; x_wconf 89' lang='lat' dir='ltr'><strong><em>est,</em></strong></span> <span class='ocrx_word' id='word_1_523' title='bbox 2521 2538 2868 2593; x_wconf 83' lang='lat' dir='ltr'><strong><em>immobiliter</em></strong></span> <span class='ocrx_word' id='word_1_524' title='bbox 2895 2538 3167 2607; x_wconf 86' lang='lat' dir='ltr'><strong><em>proposui,</em></strong></span> <span class='ocrx_word' id='word_1_525' title='bbox 3200 2536 3289 2607; x_wconf 87' lang='lat' dir='ltr'><strong><em>vel</em></strong></span> <span class='ocrx_word' id='word_1_526' title='bbox 3312 2538 3593 2592; x_wconf 85' lang='lat' dir='ltr'><strong><em>destinavi.</em></strong></span> <span class='ocrx_word' id='word_1_527' title='bbox 3627 2537 3694 2590; x_wconf 82' lang='lat' dir='ltr'><strong><em>In</em></strong></span> 
     </span>
    </p>
   </div>
   <div class='ocr_carea' id='block_1_71' title="bbox 2116 2623 3690 2697">
    <p class='ocr_par' dir='ltr' id='par_1_71' title="bbox 2116 2623 3690 2697">
     <span class='ocr_line' id='line_1_71' title="bbox 2116 2623 3690 2697; baseline 0.003 -21"><span class='ocrx_word' id='word_1_528' title='bbox 2116 2623 2197 2676; x_wconf 87' lang='lat' dir='ltr'><strong><em>ira</em></strong></span> <span class='ocrx_word' id='word_1_529' title='bbox 2224 2641 2353 2678; x_wconf 87' lang='lat' dir='ltr'><strong><em>mea.</em></strong></span> <span class='ocrx_word' id='word_1_530' title='bbox 2385 2625 2445 2678; x_wconf 88' lang='lat' dir='ltr'><strong><em>In</em></strong></span> <span class='ocrx_word' id='word_1_531' title='bbox 2475 2626 2729 2681; x_wconf 76' lang='lat' dir='ltr'><strong><em>vindicta.</em></strong></span> <span class='ocrx_word' id='word_1_532' title='bbox 2772 2624 2829 2681; x_wconf 88' lang='lat' dir='ltr'><strong><em>Si</em></strong></span> <span class='ocrx_word' id='word_1_533' title='bbox 2855 2628 3129 2680; x_wconf 81' lang='lat' dir='ltr'><strong><em>intrabunt</em></strong></span> <span class='ocrx_word' id='word_1_534' title='bbox 3157 2626 3211 2679; x_wconf 89' lang='lat' dir='ltr'><strong><em>in</em></strong></span> <span class='ocrx_word' id='word_1_535' title='bbox 3249 2628 3475 2697; x_wconf 84' lang='lat' dir='ltr'><strong><em>requiem</em></strong></span> <span class='ocrx_word' id='word_1_536' title='bbox 3502 2642 3690 2680; x_wconf 79' lang='lat' dir='ltr'><strong><em>meam.</em></strong></span> 
     </span>
    </p>
   </div>
   <div class='ocr_carea' id='block_1_72' title="bbox 2116 2714 3691 2788">
    <p class='ocr_par' dir='ltr' id='par_1_72' title="bbox 2116 2714 3691 2788">
     <span class='ocr_line' id='line_1_72' title="bbox 2116 2714 3691 2788; baseline 0.001 -19"><span class='ocrx_word' id='word_1_537' title='bbox 2116 2714 2172 2769; x_wconf 87' lang='lat' dir='ltr'><strong><em>ld</em></strong></span> <span class='ocrx_word' id='word_1_538' title='bbox 2202 2724 2307 2781; x_wconf 89' lang='lat' dir='ltr'><strong><em>est,</em></strong></span> <span class='ocrx_word' id='word_1_539' title='bbox 2338 2731 2444 2771; x_wconf 87' lang='lat' dir='ltr'><strong><em>non</em></strong></span> <span class='ocrx_word' id='word_1_540' title='bbox 2476 2716 2752 2787; x_wconf 64' lang='lat' dir='ltr'><strong><em>intrabunt</em></strong></span> <span class='ocrx_word' id='word_1_541' title='bbox 2780 2736 2791 2770; x_wconf 88' lang='lat'><strong>:</strong></span> <span class='ocrx_word' id='word_1_542' title='bbox 2827 2720 2952 2786; x_wconf 84' lang='lat' dir='ltr'><strong><em>quia</em></strong></span> <span class='ocrx_word' id='word_1_543' title='bbox 2999 2733 3167 2787; x_wconf 83' lang='lat' dir='ltr'><strong><em>genus</em></strong></span> <span class='ocrx_word' id='word_1_544' title='bbox 3183 2719 3499 2788; x_wconf 78' lang='lat' dir='ltr'><strong><em>juramenti,</em></strong></span> <span class='ocrx_word' id='word_1_545' title='bbox 3527 2718 3691 2772; x_wconf 87' lang='lat' dir='ltr'><strong><em>inter-</em></strong></span> 
     </span>
    </p>
   </div>
   <div class='ocr_carea' id='block_1_73' title="bbox 2117 2807 3689 2879">
    <p class='ocr_par' dir='ltr' id='par_1_73' title="bbox 2117 2807 3689 2879">
     <span class='ocr_line' id='line_1_73' title="bbox 2117 2807 3689 2879; baseline 0.001 -19"><span class='ocrx_word' id='word_1_546' title='bbox 2117 2807 2548 2877; x_wconf 80' lang='lat' dir='ltr'><strong><em>rogationisque,</em></strong></span> <span class='ocrx_word' id='word_1_547' title='bbox 2577 2818 2632 2862; x_wconf 90' lang='lat' dir='ltr'><strong><em>et</em></strong></span> <span class='ocrx_word' id='word_1_548' title='bbox 2664 2811 2966 2879; x_wconf 83' lang='lat' dir='ltr'><strong><em>negationis</em></strong></span> <span class='ocrx_word' id='word_1_549' title='bbox 2990 2817 3091 2864; x_wconf 86' lang='lat' dir='ltr'><strong><em>est.</em></strong></span> <span class='ocrx_word' id='word_1_550' title='bbox 3140 2809 3207 2865; x_wconf 81' lang='lat' dir='ltr'><strong><em>In</em></strong></span> <span class='ocrx_word' id='word_1_551' title='bbox 3236 2810 3458 2879; x_wconf 81' lang='lat' dir='ltr'><strong><em>requiem</em></strong></span> <span class='ocrx_word' id='word_1_552' title='bbox 3499 2827 3689 2863; x_wconf 86' lang='lat' dir='ltr'><strong><em>meum.</em></strong></span> 
     </span>
    </p>
   </div>
   <div class='ocr_carea' id='block_1_74' title="bbox 2116 2895 3693 2969">
    <p class='ocr_par' dir='ltr' id='par_1_74' title="bbox 2116 2895 3693 2969">
     <span class='ocr_line' id='line_1_74' title="bbox 2116 2895 3693 2969; baseline 0.003 -20"><span class='ocrx_word' id='word_1_553' title='bbox 2116 2895 2171 2950; x_wconf 87' lang='lat' dir='ltr'><strong><em>Id</em></strong></span> <span class='ocrx_word' id='word_1_554' title='bbox 2201 2904 2302 2963; x_wconf 89' lang='lat' dir='ltr'><strong><em>est,</em></strong></span> <span class='ocrx_word' id='word_1_555' title='bbox 2332 2897 2385 2950; x_wconf 92' lang='lat' dir='ltr'><strong><em>in</em></strong></span> <span class='ocrx_word' id='word_1_556' title='bbox 2411 2906 2613 2952; x_wconf 88' lang='lat' dir='ltr'><strong><em>terram</em></strong></span> <span class='ocrx_word' id='word_1_557' title='bbox 2655 2900 3110 2968; x_wconf 88' lang='lat' dir='ltr'><strong><em>repromissionis,</em></strong></span> <span class='ocrx_word' id='word_1_558' title='bbox 3140 2915 3259 2968; x_wconf 84' lang='lat' dir='ltr'><strong><em>quae</em></strong></span> <span class='ocrx_word' id='word_1_559' title='bbox 3290 2901 3502 2969; x_wconf 83' lang='lat' dir='ltr'><strong><em>requies</em></strong></span> <span class='ocrx_word' id='word_1_560' title='bbox 3528 2900 3693 2954; x_wconf 84' lang='lat' dir='ltr'><strong><em>Israel</em></strong></span> 
     </span>
    </p>
   </div>
   <div class='ocr_carea' id='block_1_75' title="bbox 2116 2988 3691 3061">
    <p class='ocr_par' dir='ltr' id='par_1_75' title="bbox 2116 2988 3691 3061">
     <span class='ocr_line' id='line_1_75' title="bbox 2116 2988 3691 3061; baseline 0.002 -19"><span class='ocrx_word' id='word_1_561' title='bbox 2116 2995 2232 3042; x_wconf 81' lang='lat' dir='ltr'><strong><em>erat</em></strong></span> <span class='ocrx_word' id='word_1_562' title='bbox 2260 3000 2384 3058; x_wconf 88' lang='lat' dir='ltr'><strong><em>post</em></strong></span> <span class='ocrx_word' id='word_1_563' title='bbox 2409 2988 2647 3043; x_wconf 88' lang='lat' dir='ltr'><strong><em>laborem</em></strong></span> <span class='ocrx_word' id='word_1_564' title='bbox 2692 2990 2913 3053; x_wconf 86' lang='lat' dir='ltr'><strong><em>deserti,</em></strong></span> <span class='ocrx_word' id='word_1_565' title='bbox 2965 2990 3019 3044; x_wconf 89' lang='lat' dir='ltr'><strong><em>in</em></strong></span> <span class='ocrx_word' id='word_1_566' title='bbox 3048 2990 3270 3061; x_wconf 80' lang='lat' dir='ltr'><strong><em>ﬁguram</em></strong></span> <span class='ocrx_word' id='word_1_567' title='bbox 3309 2991 3431 3043; x_wconf 75' lang='lat' dir='ltr'><strong><em>vita:</em></strong></span> <span class='ocrx_word' id='word_1_568' title='bbox 3456 3000 3691 3056; x_wconf 69' lang='lat' dir='ltr'><strong><em>teter-nte,</em></strong></span> 
     </span>
    </p>
   </div>
   <div class='ocr_carea' id='block_1_76' title="bbox 2117 3079 3693 3147">
    <p class='ocr_par' dir='ltr' id='par_1_76' title="bbox 2117 3079 3693 3147">
     <span class='ocr_line' id='line_1_76' title="bbox 2117 3079 3693 3147; baseline 0.004 -17"><span class='ocrx_word' id='word_1_569' title='bbox 2117 3079 2319 3131; x_wconf 90' lang='lat' dir='ltr'><strong><em>sanctis</em></strong></span> <span class='ocrx_word' id='word_1_570' title='bbox 2373 3088 2494 3147; x_wconf 90' lang='lat' dir='ltr'><strong><em>post</em></strong></span> <span class='ocrx_word' id='word_1_571' title='bbox 2538 3080 2721 3134; x_wconf 89' lang='lat' dir='ltr'><strong><em>mundi</em></strong></span> <span class='ocrx_word' id='word_1_572' title='bbox 2772 3080 2985 3134; x_wconf 87' lang='lat' dir='ltr'><strong><em>labores</em></strong></span> <span class='ocrx_word' id='word_1_573' title='bbox 3038 3080 3268 3136; x_wconf 66' lang='lat' dir='ltr'><strong><em>donatae.</em></strong></span> <span class='ocrx_word' id='word_1_574' title='bbox 3324 3080 3498 3135; x_wconf 86' lang='lat' dir='ltr'><strong><em>Donec</em></strong></span> <span class='ocrx_word' id='word_1_575' title='bbox 3537 3082 3693 3137; x_wconf 80' lang='lat' dir='ltr'><strong><em>hodie</em></strong></span> 
     </span>
    </p>
   </div>
   <div class='ocr_carea' id='block_1_77' title="bbox 2118 3172 3691 3245">
    <p class='ocr_par' dir='ltr' id='par_1_77' title="bbox 2118 3172 3691 3245">
     <span class='ocr_line' id='line_1_77' title="bbox 2118 3172 3691 3245; baseline 0.006 -25"><span class='ocrx_word' id='word_1_576' title='bbox 2118 3172 2533 3233; x_wconf 75' lang='lat' dir='ltr'><strong><em>cognominatur.</em></strong></span> <span class='ocrx_word' id='word_1_577' title='bbox 2597 3172 2886 3227; x_wconf 62' lang='lat' dir='ltr'><strong><em>Praesentis</em></strong></span> <span class='ocrx_word' id='word_1_578' title='bbox 2939 3174 3063 3228; x_wconf 66' lang='lat' dir='ltr'><strong><em>vita:</em></strong></span> <span class='ocrx_word' id='word_1_579' title='bbox 3116 3182 3344 3242; x_wconf 87' lang='lat' dir='ltr'><strong><em>tempus.</em></strong></span> <span class='ocrx_word' id='word_1_580' title='bbox 3399 3172 3691 3245; x_wconf 83' lang='lat' dir='ltr'><strong><em>Participes</em></strong></span> 
     </span>
    </p>
   </div>
   <div class='ocr_carea' id='block_1_78' title="bbox 2114 3257 3684 3333">
    <p class='ocr_par' dir='ltr' id='par_1_78' title="bbox 2114 3257 3684 3333">
     <span class='ocr_line' id='line_1_78' title="bbox 2114 3257 3684 3333; baseline 0.004 -22"><span class='ocrx_word' id='word_1_581' title='bbox 2114 3258 2250 3311; x_wconf 86' lang='lat' dir='ltr'><strong><em>enim</em></strong></span> <span class='ocrx_word' id='word_1_582' title='bbox 2290 3257 2482 3314; x_wconf 85' lang='lat' dir='ltr'><strong><em>Christi</em></strong></span> <span class='ocrx_word' id='word_1_583' title='bbox 2520 3262 2689 3331; x_wconf 70' lang='lat' dir='ltr'><strong><em>effecti</em></strong></span> <span class='ocrx_word' id='word_1_584' title='bbox 2717 3278 2918 3317; x_wconf 88' lang='lat' dir='ltr'><strong><em>sumus.</em></strong></span> <span class='ocrx_word' id='word_1_585' title='bbox 2962 3262 3134 3318; x_wconf 87' lang='lat' dir='ltr'><strong><em>Unum</em></strong></span> <span class='ocrx_word' id='word_1_586' title='bbox 3166 3281 3351 3332; x_wconf 77' lang='lat' dir='ltr'><strong><em>corpus</em></strong></span> <span class='ocrx_word' id='word_1_587' title='bbox 3379 3265 3549 3333; x_wconf 76' lang='lat' dir='ltr'><strong><em>effecti</em></strong></span> <span class='ocrx_word' id='word_1_588' title='bbox 3588 3284 3684 3318; x_wconf 81' lang='lat' dir='ltr'><strong><em>su-</em></strong></span> 
     </span>
    </p>
   </div>
   <div class='ocr_carea' id='block_1_79' title="bbox 2115 3350 3690 3423">
    <p class='ocr_par' dir='ltr' id='par_1_79' title="bbox 2115 3350 3690 3423">
     <span class='ocr_line' id='line_1_79' title="bbox 2115 3350 3690 3423; baseline 0.005 -21"><span class='ocrx_word' id='word_1_589' title='bbox 2115 3364 2231 3403; x_wconf 87' lang='lat' dir='ltr'><strong><em>mus</em></strong></span> <span class='ocrx_word' id='word_1_590' title='bbox 2258 3366 2375 3404; x_wconf 87' lang='lat' dir='ltr'><strong><em>cum</em></strong></span> <span class='ocrx_word' id='word_1_591' title='bbox 2413 3350 2530 3418; x_wconf 91' lang='lat' dir='ltr'><strong><em>illo,</em></strong></span> <span class='ocrx_word' id='word_1_592' title='bbox 2578 3353 2631 3407; x_wconf 90' lang='lat' dir='ltr'><strong><em>id</em></strong></span> <span class='ocrx_word' id='word_1_593' title='bbox 2682 3363 2783 3418; x_wconf 88' lang='lat' dir='ltr'><strong><em>est,</em></strong></span> <span class='ocrx_word' id='word_1_594' title='bbox 2816 3354 3230 3423; x_wconf 88' lang='lat' dir='ltr'><strong><em>concorporales</em></strong></span> <span class='ocrx_word' id='word_1_595' title='bbox 3278 3355 3351 3408; x_wconf 90' lang='lat' dir='ltr'><strong><em>illi</em></strong></span> <span class='ocrx_word' id='word_1_596' title='bbox 3396 3356 3690 3410; x_wconf 85' lang='lat' dir='ltr'><strong><em>secundum</em></strong></span> 
     </span>
    </p>
   </div>
   <div class='ocr_carea' id='block_1_80' title="bbox 2116 3439 3689 3518">
    <p class='ocr_par' dir='ltr' id='par_1_80' title="bbox 2116 3439 3689 3518">
     <span class='ocr_line' id='line_1_80' title="bbox 2116 3439 3689 3518; baseline 0.006 -24"><span class='ocrx_word' id='word_1_597' title='bbox 2116 3439 2431 3498; x_wconf 87' lang='lat' dir='ltr'><strong><em>interiorem</em></strong></span> <span class='ocrx_word' id='word_1_598' title='bbox 2465 3445 2737 3500; x_wconf 86' lang='lat' dir='ltr'><strong><em>hominem</em></strong></span> <span class='ocrx_word' id='word_1_599' title='bbox 2768 3446 2896 3500; x_wconf 81' lang='lat' dir='ltr'><strong><em>lacti</em></strong></span> <span class='ocrx_word' id='word_1_600' title='bbox 2928 3446 3232 3501; x_wconf 82' lang='lat' dir='ltr'><strong><em>conformes</em></strong></span> <span class='ocrx_word' id='word_1_601' title='bbox 3261 3448 3405 3503; x_wconf 84' lang='lat' dir='ltr'><strong><em>illius</em></strong></span> <span class='ocrx_word' id='word_1_602' title='bbox 3432 3449 3613 3518; x_wconf 65' lang='lat' dir='ltr'><strong><em>gloria:</em></strong></span> <span class='ocrx_word' id='word_1_603' title='bbox 3637 3458 3689 3503; x_wconf 85' lang='lat' dir='ltr'><strong><em>et</em></strong></span> 
     </span>
    </p>
   </div>
   <div class='ocr_carea' id='block_1_81' title="bbox 2114 3530 3689 3608">
    <p class='ocr_par' dir='ltr' id='par_1_81' title="bbox 2114 3530 3689 3608">
     <span class='ocr_line' id='line_1_81' title="bbox 2114 3530 3689 3608; baseline 0.006 -24"><span class='ocrx_word' id='word_1_604' title='bbox 2114 3530 2553 3588; x_wconf 85' lang='lat' dir='ltr'><strong><em>immortalitatis.</em></strong></span> <span class='ocrx_word' id='word_1_605' title='bbox 2593 3534 2653 3590; x_wconf 85' lang='lat' dir='ltr'><strong><em>Si</em></strong></span> <span class='ocrx_word' id='word_1_606' title='bbox 2678 3544 2853 3590; x_wconf 86' lang='lat' dir='ltr'><strong><em>tamen</em></strong></span> <span class='ocrx_word' id='word_1_607' title='bbox 2876 3537 3084 3590; x_wconf 86' lang='lat' dir='ltr'><strong><em>initium</em></strong></span> <span class='ocrx_word' id='word_1_608' title='bbox 3111 3537 3418 3592; x_wconf 74' lang='lat' dir='ltr'><strong><em>substantia:</em></strong></span> <span class='ocrx_word' id='word_1_609' title='bbox 3452 3538 3565 3608; x_wconf 86' lang='lat' dir='ltr'><strong><em>ejus</em></strong></span> <span class='ocrx_word' id='word_1_610' title='bbox 3596 3556 3689 3593; x_wconf 86' lang='lat' dir='ltr'><strong><em>us-</em></strong></span> 
     </span>
    </p>
   </div>
   <div class='ocr_carea' id='block_1_82' title="bbox 2114 3622 3693 3693">
    <p class='ocr_par' dir='ltr' id='par_1_82' title="bbox 2114 3622 3693 3693">
     <span class='ocr_line' id='line_1_82' title="bbox 2114 3622 3693 3693; baseline 0.006 -19"><span class='ocrx_word' id='word_1_611' title='bbox 2114 3637 2214 3691; x_wconf 87' lang='lat' dir='ltr'><strong><em>que</em></strong></span> <span class='ocrx_word' id='word_1_612' title='bbox 2241 3622 2309 3675; x_wconf 84' lang='lat' dir='ltr'><strong><em>nd</em></strong></span> <span class='ocrx_word' id='word_1_613' title='bbox 2336 3623 2492 3691; x_wconf 85' lang='lat' dir='ltr'><strong><em>ﬁnem</em></strong></span> <span class='ocrx_word' id='word_1_614' title='bbox 2518 3624 2728 3692; x_wconf 84' lang='lat' dir='ltr'><strong><em>ﬁrmum</em></strong></span> <span class='ocrx_word' id='word_1_615' title='bbox 2761 3627 3094 3680; x_wconf 81' lang='lat' dir='ltr'><strong><em>retineamus.</em></strong></span> <span class='ocrx_word' id='word_1_616' title='bbox 3146 3626 3309 3693; x_wconf 79' lang='lat' dir='ltr'><strong><em>Quasi</em></strong></span> <span class='ocrx_word' id='word_1_617' title='bbox 3332 3627 3593 3682; x_wconf 75' lang='lat' dir='ltr'><strong><em>dixisset:</em></strong></span> <span class='ocrx_word' id='word_1_618' title='bbox 3633 3627 3693 3684; x_wconf 74' lang='lat' dir='ltr'><strong><em>Si</em></strong></span> 
     </span>
    </p>
   </div>
   <div class='ocr_carea' id='block_1_83' title="bbox 2114 3713 3692 3789">
    <p class='ocr_par' dir='ltr' id='par_1_83' title="bbox 2114 3713 3692 3789">
     <span class='ocr_line' id='line_1_83' title="bbox 2114 3713 3692 3789; baseline 0.003 -20"><span class='ocrx_word' id='word_1_619' title='bbox 2114 3713 2396 3769; x_wconf 87' lang='lat' dir='ltr'><strong><em>credamus</em></strong></span> <span class='ocrx_word' id='word_1_620' title='bbox 2425 3716 2568 3784; x_wconf 87' lang='lat' dir='ltr'><strong><em>quod</em></strong></span> <span class='ocrx_word' id='word_1_621' title='bbox 2618 3717 2706 3771; x_wconf 87' lang='lat' dir='ltr'><strong><em>ille</em></strong></span> <span class='ocrx_word' id='word_1_622' title='bbox 2730 3719 2856 3786; x_wconf 90' lang='lat' dir='ltr'><strong><em>quia</em></strong></span> <span class='ocrx_word' id='word_1_623' title='bbox 2880 3719 3226 3789; x_wconf 71' lang='lat' dir='ltr'><strong><em>comquabilis</em></strong></span> <span class='ocrx_word' id='word_1_624' title='bbox 3266 3728 3350 3773; x_wconf 90' lang='lat' dir='ltr'><strong><em>est</em></strong></span> <span class='ocrx_word' id='word_1_625' title='bbox 3391 3718 3555 3781; x_wconf 89' lang='lat' dir='ltr'><strong><em>Patri,</em></strong></span> <span class='ocrx_word' id='word_1_626' title='bbox 3584 3719 3692 3773; x_wconf 87' lang='lat' dir='ltr'><strong><em>ini-</em></strong></span> 
     </span>
    </p>
   </div>
   <div class='ocr_carea' id='block_1_84' title="bbox 2115 3803 3692 3876">
    <p class='ocr_par' dir='ltr' id='par_1_84' title="bbox 2115 3803 3692 3876">
     <span class='ocr_line' id='line_1_84' title="bbox 2115 3803 3692 3876; baseline 0.004 -21"><span class='ocrx_word' id='word_1_627' title='bbox 2115 3803 2249 3857; x_wconf 89' lang='lat' dir='ltr'><strong><em>tium</em></strong></span> <span class='ocrx_word' id='word_1_628' title='bbox 2272 3805 2452 3860; x_wconf 86' lang='lat' dir='ltr'><strong><em>carnis</em></strong></span> <span class='ocrx_word' id='word_1_629' title='bbox 2475 3806 2705 3876; x_wconf 89' lang='lat' dir='ltr'><strong><em>sumpsit</em></strong></span> <span class='ocrx_word' id='word_1_630' title='bbox 2725 3822 2789 3861; x_wconf 81' lang='lat' dir='ltr'><strong><em>ex</em></strong></span> <span class='ocrx_word' id='word_1_631' title='bbox 2815 3819 3009 3874; x_wconf 86' lang='lat' dir='ltr'><strong><em>matre,</em></strong></span> <span class='ocrx_word' id='word_1_632' title='bbox 3053 3816 3107 3862; x_wconf 89' lang='lat' dir='ltr'><strong><em>et</em></strong></span> <span class='ocrx_word' id='word_1_633' title='bbox 3135 3809 3181 3862; x_wconf 86' lang='lat' dir='ltr'><strong><em>si</em></strong></span> <span class='ocrx_word' id='word_1_634' title='bbox 3203 3809 3485 3863; x_wconf 82' lang='lat' dir='ltr'><strong><em>credamus</em></strong></span> <span class='ocrx_word' id='word_1_635' title='bbox 3510 3824 3692 3864; x_wconf 86' lang='lat' dir='ltr'><strong><em>resur-</em></strong></span> 
     </span>
    </p>
   </div>
   <div class='ocr_carea' id='block_1_85' title="bbox 2116 3897 3685 3971">
    <p class='ocr_par' dir='ltr' id='par_1_85' title="bbox 2116 3897 3685 3971">
     <span class='ocr_line' id='line_1_85' title="bbox 2116 3897 3685 3971; baseline 0.004 -21"><span class='ocrx_word' id='word_1_636' title='bbox 2116 3897 2411 3952; x_wconf 86' lang='lat' dir='ltr'><strong><em>rectionem</em></strong></span> <span class='ocrx_word' id='word_1_637' title='bbox 2453 3897 2589 3967; x_wconf 83' lang='lat' dir='ltr'><strong><em>ejns,</em></strong></span> <span class='ocrx_word' id='word_1_638' title='bbox 2627 3914 2724 3969; x_wconf 90' lang='lat' dir='ltr'><strong><em>per</em></strong></span> <span class='ocrx_word' id='word_1_639' title='bbox 2757 3916 2919 3969; x_wconf 86' lang='lat' dir='ltr'><strong><em>quam</em></strong></span> <span class='ocrx_word' id='word_1_640' title='bbox 2957 3916 3147 3971; x_wconf 80' lang='lat' dir='ltr'><strong><em>magna</em></strong></span> <span class='ocrx_word' id='word_1_641' title='bbox 3178 3902 3349 3957; x_wconf 89' lang='lat' dir='ltr'><strong><em>virtus</em></strong></span> <span class='ocrx_word' id='word_1_642' title='bbox 3393 3902 3533 3957; x_wconf 77' lang='lat' dir='ltr'><strong><em>facta</em></strong></span> <span class='ocrx_word' id='word_1_643' title='bbox 3579 3913 3685 3963; x_wconf 83' lang='lat' dir='ltr'><strong><em>est,</em></strong></span> 
     </span>
    </p>
   </div>
   <div class='ocr_carea' id='block_1_86' title="bbox 2116 3987 3693 4056">
    <p class='ocr_par' dir='ltr' id='par_1_86' title="bbox 2116 3987 3693 4056">
     <span class='ocr_line' id='line_1_86' title="bbox 2116 3987 3693 4056; baseline 0.004 -15"><span class='ocrx_word' id='word_1_644' title='bbox 2116 3987 2167 4041; x_wconf 79' lang='lat' dir='ltr'><strong><em>id</em></strong></span> <span class='ocrx_word' id='word_1_645' title='bbox 2196 3998 2301 4053; x_wconf 85' lang='lat' dir='ltr'><strong><em>est,</em></strong></span> <span class='ocrx_word' id='word_1_646' title='bbox 2350 3988 2495 4043; x_wconf 86' lang='lat' dir='ltr'><strong><em>salus</em></strong></span> <span class='ocrx_word' id='word_1_647' title='bbox 2529 3998 2584 4045; x_wconf 88' lang='lat' dir='ltr'><strong><em>et</em></strong></span> <span class='ocrx_word' id='word_1_648' title='bbox 2615 3992 2938 4045; x_wconf 85' lang='lat' dir='ltr'><strong><em>resurrectio</em></strong></span> <span class='ocrx_word' id='word_1_649' title='bbox 2965 3992 3239 4056; x_wconf 84' lang='lat' dir='ltr'><strong><em>omnium;</em></strong></span> <span class='ocrx_word' id='word_1_650' title='bbox 3275 3992 3387 4046; x_wconf 79' lang='lat' dir='ltr'><strong><em>sive</em></strong></span> <span class='ocrx_word' id='word_1_651' title='bbox 3416 3993 3459 4046; x_wconf 91' lang='lat' dir='ltr'><strong><em>si</em></strong></span> <span class='ocrx_word' id='word_1_652' title='bbox 3499 3992 3693 4047; x_wconf 85' lang='lat' dir='ltr'><strong><em>creda-</em></strong></span> 
     </span>
    </p>
   </div>
   <div class='ocr_carea' id='block_1_87' title="bbox 2115 4080 3684 4150">
    <p class='ocr_par' dir='ltr' id='par_1_87' title="bbox 2115 4080 3684 4150">
     <span class='ocr_line' id='line_1_87' title="bbox 2115 4080 3684 4150; baseline 0.003 -18"><span class='ocrx_word' id='word_1_653' title='bbox 2115 4093 2236 4133; x_wconf 90' lang='lat' dir='ltr'><strong><em>mus</em></strong></span> <span class='ocrx_word' id='word_1_654' title='bbox 2267 4080 2655 4135; x_wconf 89' lang='lat' dir='ltr'><strong><em>humanitatem</em></strong></span> <span class='ocrx_word' id='word_1_655' title='bbox 2684 4081 2802 4150; x_wconf 88' lang='lat' dir='ltr'><strong><em>ejus</em></strong></span> <span class='ocrx_word' id='word_1_656' title='bbox 2841 4091 2897 4136; x_wconf 90' lang='lat' dir='ltr'><strong><em>et</em></strong></span> <span class='ocrx_word' id='word_1_657' title='bbox 2933 4083 3284 4137; x_wconf 85' lang='lat' dir='ltr'><strong><em>divinitatem.</em></strong></span> <span class='ocrx_word' id='word_1_658' title='bbox 3333 4080 3684 4137; x_wconf 80' lang='lat' dir='ltr'><strong><em>Retineamus.</em></strong></span> 
     </span>
    </p>
   </div>
   <div class='ocr_carea' id='block_1_88' title="bbox 2114 4168 3690 4239">
    <p class='ocr_par' dir='ltr' id='par_1_88' title="bbox 2114 4168 3690 4239">
     <span class='ocr_line' id='line_1_88' title="bbox 2114 4168 3690 4239; baseline 0.003 -17"><span class='ocrx_word' id='word_1_659' title='bbox 2114 4168 2169 4222; x_wconf 91' lang='lat' dir='ltr'><strong><em>Id</em></strong></span> <span class='ocrx_word' id='word_1_660' title='bbox 2201 4177 2306 4236; x_wconf 87' lang='lat' dir='ltr'><strong><em>est,</em></strong></span> <span class='ocrx_word' id='word_1_661' title='bbox 2336 4183 2435 4239; x_wconf 82' lang='lat' dir='ltr'><strong><em>per</em></strong></span> <span class='ocrx_word' id='word_1_662' title='bbox 2461 4170 2620 4225; x_wconf 83' lang='lat' dir='ltr'><strong><em>ﬁdem</em></strong></span> <span class='ocrx_word' id='word_1_663' title='bbox 2668 4173 2973 4227; x_wconf 81' lang='lat' dir='ltr'><strong><em>credamus.</em></strong></span> <span class='ocrx_word' id='word_1_664' title='bbox 3026 4172 3203 4227; x_wconf 84' lang='lat' dir='ltr'><strong><em>Nolite</em></strong></span> <span class='ocrx_word' id='word_1_665' title='bbox 3240 4172 3500 4226; x_wconf 82' lang='lat' dir='ltr'><strong><em>obdurare</em></strong></span> <span class='ocrx_word' id='word_1_666' title='bbox 3525 4172 3690 4227; x_wconf 80' lang='lat' dir='ltr'><strong><em>corda</em></strong></span> 
     </span>
    </p>
   </div>
   <div class='ocr_carea' id='block_1_89' title="bbox 2113 4265 3688 4337">
    <p class='ocr_par' dir='ltr' id='par_1_89' title="bbox 2113 4265 3688 4337">
     <span class='ocr_line' id='line_1_89' title="bbox 2113 4265 3688 4337; baseline 0.001 -17"><span class='ocrx_word' id='word_1_667' title='bbox 2113 4273 2304 4320; x_wconf 82' lang='lat' dir='ltr'><strong><em>uestra.</em></strong></span> <span class='ocrx_word' id='word_1_668' title='bbox 2336 4265 2601 4321; x_wconf 84' lang='lat' dir='ltr'><strong><em>Admouet</em></strong></span> <span class='ocrx_word' id='word_1_669' title='bbox 2620 4267 2915 4337; x_wconf 84' lang='lat' dir='ltr'><strong><em>Apostolus</em></strong></span> <span class='ocrx_word' id='word_1_670' title='bbox 2937 4267 3119 4323; x_wconf 85' lang='lat' dir='ltr'><strong><em>ﬁdeles</em></strong></span> <span class='ocrx_word' id='word_1_671' title='bbox 3139 4265 3352 4325; x_wconf 66' lang='lat' dir='ltr'><strong><em>Judaeos</em></strong></span> <span class='ocrx_word' id='word_1_672' title='bbox 3384 4274 3440 4321; x_wconf 90' lang='lat' dir='ltr'><strong><em>et</em></strong></span> <span class='ocrx_word' id='word_1_673' title='bbox 3462 4265 3688 4327; x_wconf 82' lang='lat' dir='ltr'><strong><em>Gentes.</em></strong></span> 
     </span>
    </p>
   </div>
   <div class='ocr_carea' id='block_1_90' title="bbox 2113 4359 3690 4429">
    <p class='ocr_par' dir='ltr' id='par_1_90' title="bbox 2113 4359 3690 4429">
     <span class='ocr_line' id='line_1_90' title="bbox 2113 4359 3690 4429; baseline 0.001 -18"><span class='ocrx_word' id='word_1_674' title='bbox 2113 4365 2177 4412; x_wconf 91' lang='lat' dir='ltr'><strong><em>ut</em></strong></span> <span class='ocrx_word' id='word_1_675' title='bbox 2200 4370 2425 4412; x_wconf 85' lang='lat' dir='ltr'><strong><em>caveant</em></strong></span> <span class='ocrx_word' id='word_1_676' title='bbox 2453 4372 2523 4417; x_wconf 80' lang='lat' dir='ltr'><strong><em>ne</em></strong></span> <span class='ocrx_word' id='word_1_677' title='bbox 2549 4368 2874 4429; x_wconf 73' lang='lat' dir='ltr'><strong><em>przeceptum</em></strong></span> <span class='ocrx_word' id='word_1_678' title='bbox 2909 4360 3117 4414; x_wconf 90' lang='lat' dir='ltr'><strong><em>Domini</em></strong></span> <span class='ocrx_word' id='word_1_679' title='bbox 3153 4359 3594 4429; x_wconf 62' lang='lat' dir='ltr'><strong><em>praevaricentur,</em></strong></span> <span class='ocrx_word' id='word_1_680' title='bbox 3630 4368 3690 4413; x_wconf 92' lang='lat' dir='ltr'><strong><em>ut</em></strong></span> 
     </span>
    </p>
   </div>
   <div class='ocr_carea' id='block_1_91' title="bbox 449 4447 2020 4551">
    <p class='ocr_par' dir='ltr' id='par_1_91' title="bbox 449 4450 2012 4525">
     <span class='ocr_line' id='line_1_91' title="bbox 449 4450 2012 4525; baseline 0.005 -19"><span class='ocrx_word' id='word_1_681' title='bbox 449 4452 616 4506; x_wconf 86' lang='lat' dir='ltr'><strong><em>cium.</em></strong></span> <span class='ocrx_word' id='word_1_682' title='bbox 653 4450 715 4505; x_wconf 88' lang='lat' dir='ltr'><strong><em>In</em></strong></span> <span class='ocrx_word' id='word_1_683' title='bbox 743 4468 804 4506; x_wconf 89' lang='lat' dir='ltr'><strong><em>eo</em></strong></span> <span class='ocrx_word' id='word_1_684' title='bbox 847 4454 1005 4507; x_wconf 84' lang='lat' dir='ltr'><strong><em>enim.</em></strong></span> <span class='ocrx_word' id='word_1_685' title='bbox 1054 4453 1294 4525; x_wconf 87' lang='lat' dir='ltr'><strong><em>Corpore</em></strong></span> <span class='ocrx_word' id='word_1_686' title='bbox 1332 4471 1427 4512; x_wconf 87' lang='lat' dir='ltr'><strong><em>seu</em></strong></span> <span class='ocrx_word' id='word_1_687' title='bbox 1450 4455 1591 4525; x_wconf 83' lang='lat' dir='ltr'><strong><em>jure.</em></strong></span> <span class='ocrx_word' id='word_1_688' title='bbox 1624 4458 1814 4513; x_wconf 81' lang='lat' dir='ltr'><strong><em>Potens</em></strong></span> <span class='ocrx_word' id='word_1_689' title='bbox 1836 4468 1912 4514; x_wconf 84' lang='lat' dir='ltr'><strong><em>est</em></strong></span> <span class='ocrx_word' id='word_1_690' title='bbox 1937 4460 2012 4514; x_wconf 89' lang='lat' dir='ltr'><strong><em>eis</em></strong></span> 
     </span>
    </p>
   </div>
   <div class='ocr_carea' id='block_1_92' title="bbox 2119 4447 3684 4551">
    <p class='ocr_par' dir='ltr' id='par_1_92' title="bbox 2119 4447 3684 4519">
     <span class='ocr_line' id='line_1_92' title="bbox 2119 4447 3684 4519; baseline -0.002 -16"><span class='ocrx_word' id='word_1_691' title='bbox 2119 4447 2170 4503; x_wconf 91' lang='lat' dir='ltr'><strong><em>in</em></strong></span> <span class='ocrx_word' id='word_1_692' title='bbox 2197 4447 2435 4516; x_wconf 87' lang='lat' dir='ltr'><strong><em>requiem</em></strong></span> <span class='ocrx_word' id='word_1_693' title='bbox 2467 4448 2582 4511; x_wconf 87' lang='lat' dir='ltr'><strong><em>Dei,</em></strong></span> <span class='ocrx_word' id='word_1_694' title='bbox 2613 4449 2663 4502; x_wconf 89' lang='lat' dir='ltr'><strong><em>id</em></strong></span> <span class='ocrx_word' id='word_1_695' title='bbox 2692 4457 2804 4512; x_wconf 83' lang='lat' dir='ltr'><strong><em>est,</em></strong></span> <span class='ocrx_word' id='word_1_696' title='bbox 2837 4464 3058 4519; x_wconf 84' lang='lat' dir='ltr'><strong><em>regnum</em></strong></span> <span class='ocrx_word' id='word_1_697' title='bbox 3085 4449 3302 4504; x_wconf 74' lang='lat' dir='ltr'><strong><em>cmleste</em></strong></span> <span class='ocrx_word' id='word_1_698' title='bbox 3332 4448 3538 4517; x_wconf 81' lang='lat' dir='ltr'><strong><em>ingredi</em></strong></span> <span class='ocrx_word' id='word_1_699' title='bbox 3568 4463 3684 4501; x_wconf 85' lang='lat' dir='ltr'><strong><em>me-</em></strong></span> 
     </span>
    </p>
   </div>
   <div class='ocr_carea' id='block_1_93' title="bbox 447 4545 1868 4622">
    <p class='ocr_par' dir='ltr' id='par_1_93' title="bbox 447 4545 1868 4622">
     <span class='ocr_line' id='line_1_93' title="bbox 447 4545 1868 4622; baseline 0.007 -25"><span class='ocrx_word' id='word_1_700' title='bbox 447 4545 540 4615; x_wconf 83' lang='lat' dir='ltr'><strong><em>qui</em></strong></span> <span class='ocrx_word' id='word_1_701' title='bbox 568 4553 833 4600; x_wconf 82' lang='lat' dir='ltr'><strong><em>tentantur</em></strong></span> <span class='ocrx_word' id='word_1_702' title='bbox 859 4547 1130 4603; x_wconf 71' lang='lat' dir='ltr'><strong><em>auxiliari.</em></strong></span> <span class='ocrx_word' id='word_1_703' title='bbox 1171 4547 1287 4604; x_wconf 88' lang='lat' dir='ltr'><strong><em>Non</em></strong></span> <span class='ocrx_word' id='word_1_704' title='bbox 1317 4558 1378 4603; x_wconf 89' lang='lat' dir='ltr'><strong><em>ut</em></strong></span> <span class='ocrx_word' id='word_1_705' title='bbox 1407 4550 1690 4621; x_wconf 77' lang='lat' dir='ltr'><strong><em>pontiﬁces</em></strong></span> <span class='ocrx_word' id='word_1_706' title='bbox 1716 4550 1868 4622; x_wconf 81' lang='lat' dir='ltr'><strong><em>legis.</em></strong></span> 
     </span>
    </p>
   </div>
   <div class='ocr_carea' id='block_1_94' title="bbox 413 4634 1411 4712">
    <p class='ocr_par' dir='ltr' id='par_1_94' title="bbox 413 4634 1411 4712">
     <span class='ocr_line' id='line_1_94' title="bbox 413 4634 1411 4712; baseline 0.004 -4"><span class='ocrx_word' id='word_1_707' title='bbox 413 4634 421 4642; x_wconf 85' lang='grc'><em>’</em></span> <span class='ocrx_word' id='word_1_708' title='bbox 1072 4656 1411 4712; x_wconf 80' lang='lat' dir='ltr'><strong><em>CAPUTIH.</em></strong></span> 
     </span>
    </p>
   </div>
   <div class='ocr_carea' id='block_1_95' title="bbox 523 4722 2009 4801">
    <p class='ocr_par' dir='ltr' id='par_1_95' title="bbox 523 4722 2009 4801">
     <span class='ocr_line' id='line_1_95' title="bbox 523 4722 2009 4801; baseline 0.003 -22"><span class='ocrx_word' id='word_1_709' title='bbox 523 4722 672 4780; x_wconf 85' lang='lat' dir='ltr'><strong><em>Unde</em></strong></span> <span class='ocrx_word' id='word_1_710' title='bbox 697 4724 886 4794; x_wconf 83' lang='lat' dir='ltr'><strong><em>fratres</em></strong></span> <span class='ocrx_word' id='word_1_711' title='bbox 918 4726 1088 4780; x_wconf 87' lang='lat' dir='ltr'><strong><em>sancti</em></strong></span> <span class='ocrx_word' id='word_1_712' title='bbox 1128 4729 1410 4783; x_wconf 76' lang='lat' dir='ltr'><strong><em>vocationis</em></strong></span> <span class='ocrx_word' id='word_1_713' title='bbox 1452 4728 1669 4784; x_wconf 73' lang='lat' dir='ltr'><strong><em>caelestis</em></strong></span> <span class='ocrx_word' id='word_1_714' title='bbox 1711 4731 2009 4801; x_wconf 83' lang='lat' dir='ltr'><strong><em>participes.</em></strong></span> 
     </span>
    </p>
   </div>
   <div class='ocr_carea' id='block_1_96' title="bbox 454 4812 2014 4890">
    <p class='ocr_par' dir='ltr' id='par_1_96' title="bbox 454 4812 2014 4890">
     <span class='ocr_line' id='line_1_96' title="bbox 454 4812 2014 4890; baseline 0.003 -20"><span class='ocrx_word' id='word_1_715' title='bbox 454 4814 562 4870; x_wconf 81' lang='lat' dir='ltr'><strong><em>Ut:</em></strong></span> <span class='ocrx_word' id='word_1_716' title='bbox 603 4812 780 4869; x_wconf 80' lang='lat' dir='ltr'><strong><em>Venite</em></strong></span> <span class='ocrx_word' id='word_1_717' title='bbox 809 4813 878 4867; x_wconf 88' lang='lat' dir='ltr'><strong><em>ad</em></strong></span> <span class='ocrx_word' id='word_1_718' title='bbox 898 4831 999 4879; x_wconf 85' lang='lat' dir='ltr'><strong><em>me,</em></strong></span> <span class='ocrx_word' id='word_1_719' title='bbox 1026 4831 1203 4870; x_wconf 87' lang='lat' dir='ltr'><strong><em>omnes</em></strong></span> <span class='ocrx_word' id='word_1_720' title='bbox 1221 4817 1311 4884; x_wconf 85' lang='lat' dir='ltr'><strong><em>qui</em></strong></span> <span class='ocrx_word' id='word_1_721' title='bbox 1340 4820 1542 4872; x_wconf 84' lang='lat' dir='ltr'><strong><em>onerati</em></strong></span> <span class='ocrx_word' id='word_1_722' title='bbox 1566 4821 1710 4885; x_wconf 86' lang='lat' dir='ltr'><strong><em>estis,</em></strong></span> <span class='ocrx_word' id='word_1_723' title='bbox 1739 4830 1788 4874; x_wconf 88' lang='lat' dir='ltr'><strong><em>et</em></strong></span> <span class='ocrx_word' id='word_1_724' title='bbox 1815 4837 1909 4890; x_wconf 86' lang='lat' dir='ltr'><strong><em>ego</em></strong></span> <span class='ocrx_word' id='word_1_725' title='bbox 1933 4838 2014 4875; x_wconf 57' lang='lat' dir='ltr'><strong><em>res-</em></strong></span> 
     </span>
    </p>
   </div>
   <div class='ocr_carea' id='block_1_97' title="bbox 450 4905 2010 4979">
    <p class='ocr_par' dir='ltr' id='par_1_97' title="bbox 450 4905 2010 4979">
     <span class='ocr_line' id='line_1_97' title="bbox 450 4905 2010 4979; baseline 0.003 -19"><span class='ocrx_word' id='word_1_726' title='bbox 450 4908 627 4975; x_wconf 83' lang='lat' dir='ltr'><strong><em>ﬁciam</em></strong></span> <span class='ocrx_word' id='word_1_727' title='bbox 676 4923 765 4962; x_wconf 78' lang='lat' dir='ltr'><strong><em>vos</em></strong></span> <span class='ocrx_word' id='word_1_728' title='bbox 818 4905 1033 4976; x_wconf 78' lang='lat' dir='ltr'><strong><em>(Matth.</em></strong></span> <span class='ocrx_word' id='word_1_729' title='bbox 1061 4905 1161 4979; x_wconf 77' lang='grc' dir='ltr'><strong><em>ιι).</em></strong></span> <span class='ocrx_word' id='word_1_730' title='bbox 1195 4908 1293 4963; x_wconf 76' lang='lat' dir='ltr'><strong><em>Vel</em></strong></span> <span class='ocrx_word' id='word_1_731' title='bbox 1321 4926 1335 4962; x_wconf 87' lang='lat'><strong>:</strong></span> <span class='ocrx_word' id='word_1_732' title='bbox 1374 4907 1575 4975; x_wconf 80' lang='lat' dir='ltr'><strong><em>Venite,</em></strong></span> <span class='ocrx_word' id='word_1_733' title='bbox 1608 4911 1879 4976; x_wconf 82' lang='lat' dir='ltr'><strong><em>benedicti,</em></strong></span> <span class='ocrx_word' id='word_1_734' title='bbox 1904 4921 2010 4967; x_wconf 91' lang='lat' dir='ltr'><strong><em>etc.</em></strong></span> 
     </span>
    </p>
   </div>
   <div class='ocr_carea' id='block_1_98' title="bbox 448 4997 2007 5077">
    <p class='ocr_par' dir='ltr' id='par_1_98' title="bbox 448 4997 2007 5077">
     <span class='ocr_line' id='line_1_98' title="bbox 448 4997 2007 5077; baseline 0.006 -27"><span class='ocrx_word' id='word_1_735' title='bbox 448 4997 786 5054; x_wconf 79' lang='lat' dir='ltr'><strong><em>Considerate</em></strong></span> <span class='ocrx_word' id='word_1_736' title='bbox 806 4999 1121 5071; x_wconf 77' lang='lat' dir='ltr'><strong><em>apostolum.</em></strong></span> <span class='ocrx_word' id='word_1_737' title='bbox 1156 4999 1377 5056; x_wconf 77' lang='lat' dir='ltr'><strong><em>Missum</em></strong></span> <span class='ocrx_word' id='word_1_738' title='bbox 1399 5017 1431 5055; x_wconf 90' lang='lat' dir='ltr'><strong><em>a</em></strong></span> <span class='ocrx_word' id='word_1_739' title='bbox 1453 5002 1634 5058; x_wconf 76' lang='lat' dir='ltr'><strong><em>Patre.</em></strong></span> <span class='ocrx_word' id='word_1_740' title='bbox 1659 5002 2007 5077; x_wconf 67' lang='lat' dir='ltr'><strong><em>“mediocris,</em></strong></span> 
     </span>
    </p>
   </div>
   <div class='ocr_carea' id='block_1_99' title="bbox 447 5089 2014 5163">
    <p class='ocr_par' dir='ltr' id='par_1_99' title="bbox 447 5089 2014 5163">
     <span class='ocr_line' id='line_1_99' title="bbox 447 5089 2014 5163; baseline 0.006 -20"><span class='ocrx_word' id='word_1_741' title='bbox 447 5090 686 5145; x_wconf 86' lang='lat' dir='ltr'><strong><em>ostendit</em></strong></span> <span class='ocrx_word' id='word_1_742' title='bbox 718 5089 902 5147; x_wconf 63' lang='lat' dir='ltr'><strong><em>«Iesum</em></strong></span> <span class='ocrx_word' id='word_1_743' title='bbox 931 5091 1180 5148; x_wconf 85' lang='lat' dir='ltr'><strong><em>obedisse</em></strong></span> <span class='ocrx_word' id='word_1_744' title='bbox 1205 5091 1354 5147; x_wconf 89' lang='lat' dir='ltr'><strong><em>Patri</em></strong></span> <span class='ocrx_word' id='word_1_745' title='bbox 1384 5109 1556 5163; x_wconf 86' lang='lat' dir='ltr'><strong><em>usque</em></strong></span> <span class='ocrx_word' id='word_1_746' title='bbox 1583 5095 1648 5149; x_wconf 89' lang='lat' dir='ltr'><strong><em>ad</em></strong></span> <span class='ocrx_word' id='word_1_747' title='bbox 1677 5104 1930 5160; x_wconf 87' lang='lat' dir='ltr'><strong><em>mortem,</em></strong></span> <span class='ocrx_word' id='word_1_748' title='bbox 1956 5105 2014 5152; x_wconf 84' lang='lat' dir='ltr'><strong><em>et</em></strong></span> 
     </span>
    </p>
   </div>
   <div class='ocr_carea' id='block_1_100' title="bbox 450 5178 2013 5256">
    <p class='ocr_par' dir='ltr' id='par_1_100' title="bbox 450 5178 2013 5256">
     <span class='ocr_line' id='line_1_100' title="bbox 450 5178 2013 5256; baseline 0.005 -22"><span class='ocrx_word' id='word_1_749' title='bbox 450 5178 663 5237; x_wconf 82' lang='lat' dir='ltr'><strong><em>ﬁdelem</em></strong></span> <span class='ocrx_word' id='word_1_750' title='bbox 694 5181 862 5239; x_wconf 82' lang='lat' dir='ltr'><strong><em>fuisse</em></strong></span> <span class='ocrx_word' id='word_1_751' title='bbox 902 5185 975 5249; x_wconf 84' lang='lat' dir='ltr'><strong><em>ei,</em></strong></span> <span class='ocrx_word' id='word_1_752' title='bbox 1004 5194 1060 5238; x_wconf 87' lang='lat' dir='ltr'><strong><em>et</em></strong></span> <span class='ocrx_word' id='word_1_753' title='bbox 1086 5201 1185 5241; x_wconf 86' lang='lat' dir='ltr'><strong><em>nos</em></strong></span> <span class='ocrx_word' id='word_1_754' title='bbox 1214 5185 1484 5251; x_wconf 85' lang='lat' dir='ltr'><strong><em>admonet,</em></strong></span> <span class='ocrx_word' id='word_1_755' title='bbox 1536 5195 1596 5240; x_wconf 91' lang='lat' dir='ltr'><strong><em>ut</em></strong></span> <span class='ocrx_word' id='word_1_756' title='bbox 1624 5187 1785 5256; x_wconf 88' lang='lat' dir='ltr'><strong><em>capiti</em></strong></span> <span class='ocrx_word' id='word_1_757' title='bbox 1825 5195 2013 5242; x_wconf 86' lang='lat' dir='ltr'><strong><em>nostro</em></strong></span> 
     </span>
    </p>
   </div>
   <div class='ocr_carea' id='block_1_101' title="bbox 443 5273 2011 5346">
    <p class='ocr_par' dir='ltr' id='par_1_101' title="bbox 443 5273 2011 5346">
     <span class='ocr_line' id='line_1_101' title="bbox 443 5273 2011 5346; baseline 0.003 -21"><span class='ocrx_word' id='word_1_758' title='bbox 443 5284 755 5340; x_wconf 79' lang='lat' dir='ltr'><strong><em>pareamus,</em></strong></span> <span class='ocrx_word' id='word_1_759' title='bbox 803 5273 858 5327; x_wconf 90' lang='lat' dir='ltr'><strong><em>id</em></strong></span> <span class='ocrx_word' id='word_1_760' title='bbox 885 5282 973 5331; x_wconf 84' lang='lat' dir='ltr'><strong><em>est</em></strong></span> <span class='ocrx_word' id='word_1_761' title='bbox 997 5273 1234 5330; x_wconf 88' lang='lat' dir='ltr'><strong><em>Christo.</em></strong></span> <span class='ocrx_word' id='word_1_762' title='bbox 1267 5274 1337 5329; x_wconf 82' lang='lat' dir='ltr'><strong><em>Et</em></strong></span> <span class='ocrx_word' id='word_1_763' title='bbox 1360 5275 1655 5346; x_wconf 85' lang='lat' dir='ltr'><strong><em>pontiﬁcem</em></strong></span> <span class='ocrx_word' id='word_1_764' title='bbox 1673 5276 2011 5345; x_wconf 78' lang='lat' dir='ltr'><strong><em>confessionis</em></strong></span> 
     </span>
    </p>
   </div>
   <div class='ocr_carea' id='block_1_102' title="bbox 441 5360 2011 5433">
    <p class='ocr_par' dir='ltr' id='par_1_102' title="bbox 441 5360 2011 5433">
     <span class='ocr_line' id='line_1_102' title="bbox 441 5360 2011 5433; baseline 0.004 -20"><span class='ocrx_word' id='word_1_765' title='bbox 441 5370 657 5416; x_wconf 66' lang='lat' dir='ltr'><strong><em>nostra.</em></strong></span> <span class='ocrx_word' id='word_1_766' title='bbox 689 5360 840 5416; x_wconf 79' lang='lat' dir='ltr'><strong><em>Fidei</em></strong></span> <span class='ocrx_word' id='word_1_767' title='bbox 885 5370 1103 5418; x_wconf 59' lang='lat' dir='ltr'><strong><em>nostra.</em></strong></span> <span class='ocrx_word' id='word_1_768' title='bbox 1143 5364 1246 5430; x_wconf 86' lang='lat' dir='ltr'><strong><em>Qui</em></strong></span> <span class='ocrx_word' id='word_1_769' title='bbox 1294 5364 1467 5433; x_wconf 84' lang='lat' dir='ltr'><strong><em>ﬁdelis</em></strong></span> <span class='ocrx_word' id='word_1_770' title='bbox 1509 5374 1582 5420; x_wconf 80' lang='lat' dir='ltr'><strong><em>est</em></strong></span> <span class='ocrx_word' id='word_1_771' title='bbox 1612 5366 1680 5420; x_wconf 83' lang='lat' dir='ltr'><strong><em>ei.</em></strong></span> <span class='ocrx_word' id='word_1_772' title='bbox 1707 5364 1877 5420; x_wconf 82' lang='lat' dir='ltr'><strong><em>Patri.</em></strong></span> <span class='ocrx_word' id='word_1_773' title='bbox 1907 5364 2011 5430; x_wconf 88' lang='lat' dir='ltr'><strong><em>Qui</em></strong></span> 
     </span>
    </p>
   </div>
   <div class='ocr_carea' id='block_1_103' title="bbox 446 5447 2011 5514">
    <p class='ocr_par' dir='ltr' id='par_1_103' title="bbox 446 5447 2011 5514">
     <span class='ocr_line' id='line_1_103' title="bbox 446 5447 2011 5514; baseline 0.005 -12"><span class='ocrx_word' id='word_1_774' title='bbox 446 5447 567 5514; x_wconf 82' lang='lat' dir='ltr'><strong><em>fecit</em></strong></span> <span class='ocrx_word' id='word_1_775' title='bbox 618 5449 790 5505; x_wconf 84' lang='lat' dir='ltr'><strong><em>illum.</em></strong></span> <span class='ocrx_word' id='word_1_776' title='bbox 831 5449 1179 5508; x_wconf 86' lang='lat' dir='ltr'><strong><em>Sacerdotem</em></strong></span> <span class='ocrx_word' id='word_1_777' title='bbox 1229 5466 1350 5509; x_wconf 84' lang='lat' dir='ltr'><strong><em>esse</em></strong></span> <span class='ocrx_word' id='word_1_778' title='bbox 1374 5470 1442 5510; x_wconf 80' lang='lat' dir='ltr'><strong><em>ex</em></strong></span> <span class='ocrx_word' id='word_1_779' title='bbox 1473 5455 1679 5512; x_wconf 83' lang='lat' dir='ltr'><strong><em>semine</em></strong></span> <span class='ocrx_word' id='word_1_780' title='bbox 1724 5455 1891 5511; x_wconf 85' lang='lat' dir='ltr'><strong><em>David</em></strong></span> <span class='ocrx_word' id='word_1_781' title='bbox 1924 5470 2011 5510; x_wconf 89' lang='lat' dir='ltr'><strong><em>se-</em></strong></span> 
     </span>
    </p>
   </div>
   <div class='ocr_carea' id='block_1_104' title="bbox 442 5538 2010 5615">
    <p class='ocr_par' dir='ltr' id='par_1_104' title="bbox 442 5538 2010 5615">
     <span class='ocr_line' id='line_1_104' title="bbox 442 5538 2010 5615; baseline 0.004 -23"><span class='ocrx_word' id='word_1_782' title='bbox 442 5538 679 5593; x_wconf 88' lang='lat' dir='ltr'><strong><em>cundum</em></strong></span> <span class='ocrx_word' id='word_1_783' title='bbox 714 5555 957 5597; x_wconf 86' lang='lat' dir='ltr'><strong><em>carnem.</em></strong></span> <span class='ocrx_word' id='word_1_784' title='bbox 985 5542 1104 5613; x_wconf 83' lang='lat' dir='ltr'><strong><em>Ipse</em></strong></span> <span class='ocrx_word' id='word_1_785' title='bbox 1146 5544 1328 5612; x_wconf 85' lang='lat' dir='ltr'><strong><em>itaque</em></strong></span> <span class='ocrx_word' id='word_1_786' title='bbox 1352 5543 1523 5602; x_wconf 86' lang='lat' dir='ltr'><strong><em>ﬁdelis</em></strong></span> <span class='ocrx_word' id='word_1_787' title='bbox 1549 5546 1618 5611; x_wconf 88' lang='lat' dir='ltr'><strong><em>ei,</em></strong></span> <span class='ocrx_word' id='word_1_788' title='bbox 1673 5553 1733 5600; x_wconf 91' lang='lat' dir='ltr'><strong><em>ut</em></strong></span> <span class='ocrx_word' id='word_1_789' title='bbox 1751 5545 2010 5615; x_wconf 86' lang='lat' dir='ltr'><strong><em>scriptum</em></strong></span> 
     </span>
    </p>
   </div>
   <div class='ocr_carea' id='block_1_105' title="bbox 443 5626 2005 5701">
    <p class='ocr_par' dir='ltr' id='par_1_105' title="bbox 443 5626 2005 5701">
     <span class='ocr_line' id='line_1_105' title="bbox 443 5626 2005 5701; baseline 0.003 -17"><span class='ocrx_word' id='word_1_790' title='bbox 443 5634 531 5684; x_wconf 79' lang='lat' dir='ltr'><strong><em>est</em></strong></span> <span class='ocrx_word' id='word_1_791' title='bbox 555 5626 622 5683; x_wconf 87' lang='lat' dir='ltr'><strong><em>de</em></strong></span> <span class='ocrx_word' id='word_1_792' title='bbox 662 5643 727 5684; x_wconf 85' lang='lat' dir='ltr'><strong><em>eo</em></strong></span> <span class='ocrx_word' id='word_1_793' title='bbox 755 5646 768 5683; x_wconf 88' lang='lat'>:</span> <span class='ocrx_word' id='word_1_794' title='bbox 803 5629 873 5684; x_wconf 87' lang='lat' dir='ltr'><strong><em>Ut</em></strong></span> <span class='ocrx_word' id='word_1_795' title='bbox 905 5631 1099 5699; x_wconf 83' lang='lat' dir='ltr'><strong><em>faciam</em></strong></span> <span class='ocrx_word' id='word_1_796' title='bbox 1148 5633 1464 5689; x_wconf 79' lang='lat' dir='ltr'><strong><em>voluntatem</em></strong></span> <span class='ocrx_word' id='word_1_797' title='bbox 1510 5646 1656 5691; x_wconf 87' lang='lat' dir='ltr'><strong><em>tuam</em></strong></span> <span class='ocrx_word' id='word_1_798' title='bbox 1703 5654 1721 5701; x_wconf 87' lang='lat'><strong><em>;</em></strong></span> <span class='ocrx_word' id='word_1_799' title='bbox 1748 5644 1806 5691; x_wconf 89' lang='lat' dir='ltr'><strong><em>et</em></strong></span> <span class='ocrx_word' id='word_1_800' title='bbox 1834 5634 1961 5694; x_wconf 89' lang='lat' dir='ltr'><strong><em>illud</em></strong></span> <span class='ocrx_word' id='word_1_801' title='bbox 1991 5653 2005 5688; x_wconf 88' lang='lat'><strong>:</strong></span> 
     </span>
    </p>
   </div>
   <div class='ocr_carea' id='block_1_106' title="bbox 456 5720 2009 5803">
    <p class='ocr_par' dir='ltr' id='par_1_106' title="bbox 456 5720 2009 5803">
     <span class='ocr_line' id='line_1_106' title="bbox 456 5720 2009 5803; baseline 0.005 -28"><span class='ocrx_word' id='word_1_802' title='bbox 456 5720 571 5776; x_wconf 76' lang='lat' dir='ltr'><strong><em>Non</em></strong></span> <span class='ocrx_word' id='word_1_803' title='bbox 591 5723 722 5776; x_wconf 71' lang='lat' dir='ltr'><strong><em>sicut</em></strong></span> <span class='ocrx_word' id='word_1_804' title='bbox 746 5739 837 5785; x_wconf 75' lang='lat' dir='ltr'><strong><em>ego</em></strong></span> <span class='ocrx_word' id='word_1_805' title='bbox 866 5723 1002 5790; x_wconf 79' lang='lat' dir='ltr'><strong><em>volo,</em></strong></span> <span class='ocrx_word' id='word_1_806' title='bbox 1026 5727 1115 5779; x_wconf 74' lang='lat' dir='ltr'><strong><em>sed</em></strong></span> <span class='ocrx_word' id='word_1_807' title='bbox 1140 5727 1273 5779; x_wconf 71' lang='lat' dir='ltr'><strong><em>sicut</em></strong></span> <span class='ocrx_word' id='word_1_808' title='bbox 1303 5735 1359 5779; x_wconf 80' lang='lat' dir='ltr'><strong><em>tu</em></strong></span> <span class='ocrx_word' id='word_1_809' title='bbox 1387 5728 1459 5781; x_wconf 70' lang='lat' dir='ltr'><strong><em>eis</em></strong></span> <span class='ocrx_word' id='word_1_810' title='bbox 1486 5726 1699 5803; x_wconf 75' lang='lat' dir='ltr'><strong><em>(Matth.</em></strong></span> <span class='ocrx_word' id='word_1_811' title='bbox 1729 5727 1861 5800; x_wconf 69' lang='lat' dir='ltr'><strong><em>xlv).</em></strong></span> <span class='ocrx_word' id='word_1_812' title='bbox 1896 5728 2009 5783; x_wconf 87' lang='lat' dir='ltr'><strong><em>Sic-</em></strong></span> 
     </span>
    </p>
   </div>
   <div class='ocr_carea' id='block_1_107' title="bbox 2118 4537 3681 4613">
    <p class='ocr_par' dir='ltr' id='par_1_107' title="bbox 2118 4537 3681 4613">
     <span class='ocr_line' id='line_1_107' title="bbox 2118 4537 3681 4613; baseline -0.001 -21"><span class='ocrx_word' id='word_1_813' title='bbox 2118 4546 2358 4603; x_wconf 88' lang='lat' dir='ltr'><strong><em>reantur,</em></strong></span> <span class='ocrx_word' id='word_1_814' title='bbox 2387 4538 2480 4608; x_wconf 91' lang='lat' dir='ltr'><strong><em>qui</em></strong></span> <span class='ocrx_word' id='word_1_815' title='bbox 2505 4539 2568 4593; x_wconf 89' lang='lat' dir='ltr'><strong><em>de</em></strong></span> <span class='ocrx_word' id='word_1_816' title='bbox 2589 4538 2822 4613; x_wconf 71' lang='lat' dir='ltr'><strong><em>Aigypto</em></strong></span> <span class='ocrx_word' id='word_1_817' title='bbox 2849 4540 3193 4595; x_wconf 86' lang='lat' dir='ltr'><strong><em>transierunt.</em></strong></span> <span class='ocrx_word' id='word_1_818' title='bbox 3226 4537 3328 4593; x_wconf 87' lang='lat' dir='ltr'><strong><em>Sed</em></strong></span> <span class='ocrx_word' id='word_1_819' title='bbox 3351 4556 3454 4595; x_wconf 88' lang='lat' dir='ltr'><strong><em>non</em></strong></span> <span class='ocrx_word' id='word_1_820' title='bbox 3488 4554 3681 4592; x_wconf 85' lang='lat' dir='ltr'><strong><em>omnes.</em></strong></span> 
     </span>
    </p>
   </div>
   <div class='ocr_carea' id='block_1_108' title="bbox 2117 4625 3685 4698">
    <p class='ocr_par' dir='ltr' id='par_1_108' title="bbox 2117 4625 3685 4698">
     <span class='ocr_line' id='line_1_108' title="bbox 2117 4625 3685 4698; baseline 0.001 -18"><span class='ocrx_word' id='word_1_821' title='bbox 2117 4626 2605 4692; x_wconf 81' lang='lat' dir='ltr'><strong><em>Exacerbaverunt,</em></strong></span> <span class='ocrx_word' id='word_1_822' title='bbox 2629 4640 2823 4698; x_wconf 61' lang='lat' dir='ltr'><strong><em>praeter</em></strong></span> <span class='ocrx_word' id='word_1_823' title='bbox 2852 4628 2983 4685; x_wconf 86' lang='lat' dir='ltr'><strong><em>duos</em></strong></span> <span class='ocrx_word' id='word_1_824' title='bbox 3024 4636 3247 4694; x_wconf 82' lang='lat' dir='ltr'><strong><em>tantum,</em></strong></span> <span class='ocrx_word' id='word_1_825' title='bbox 3279 4628 3333 4684; x_wconf 89' lang='lat' dir='ltr'><strong><em>id</em></strong></span> <span class='ocrx_word' id='word_1_826' title='bbox 3358 4637 3458 4694; x_wconf 88' lang='lat' dir='ltr'><strong><em>est,</em></strong></span> <span class='ocrx_word' id='word_1_827' title='bbox 3485 4625 3685 4697; x_wconf 84' lang='lat' dir='ltr'><strong><em>Caleph</em></strong></span> 
     </span>
    </p>
   </div>
   <div class='ocr_carea' id='block_1_109' title="bbox 2116 4717 2385 4775">
    <p class='ocr_par' dir='ltr' id='par_1_109' title="bbox 2116 4717 2385 4775">
     <span class='ocr_line' id='line_1_109' title="bbox 2116 4717 2385 4775; baseline 0.004 -2"><span class='ocrx_word' id='word_1_828' title='bbox 2116 4727 2172 4773; x_wconf 91' lang='lat' dir='ltr'><strong><em>et</em></strong></span> <span class='ocrx_word' id='word_1_829' title='bbox 2204 4717 2385 4775; x_wconf 82' lang='lat' dir='ltr'><strong><em>Josue.</em></strong></span> 
     </span>
    </p>
   </div>
   <div class='ocr_carea' id='block_1_110' title="bbox 2731 4786 3075 4884">
    <p class='ocr_par' dir='ltr' id='par_1_110' title="bbox 2731 4786 3075 4884">
     <span class='ocr_line' id='line_1_110' title="bbox 2731 4786 3075 4884; baseline -0.003 -1"><span class='ocrx_word' id='word_1_830' title='bbox 2731 4786 3075 4884; x_wconf 68' lang='lat' dir='ltr'><strong><em>carnrtv.</em></strong></span> 
     </span>
    </p>
   </div>
   <div class='ocr_carea' id='block_1_111' title="bbox 2189 4916 3681 4988">
    <p class='ocr_par' dir='ltr' id='par_1_111' title="bbox 2189 4916 3681 4988">
     <span class='ocr_line' id='line_1_111' title="bbox 2189 4916 3681 4988; baseline -0.001 -17"><span class='ocrx_word' id='word_1_831' title='bbox 2189 4917 2483 4972; x_wconf 75' lang='lat' dir='ltr'><strong><em>Timeamus</em></strong></span> <span class='ocrx_word' id='word_1_832' title='bbox 2519 4935 2663 4988; x_wconf 82' lang='lat' dir='ltr'><strong><em>ergo,</em></strong></span> <span class='ocrx_word' id='word_1_833' title='bbox 2690 4936 2751 4972; x_wconf 85' lang='lat' dir='ltr'><strong><em>ne</em></strong></span> <span class='ocrx_word' id='word_1_834' title='bbox 2776 4918 2908 4987; x_wconf 88' lang='lat' dir='ltr'><strong><em>forte</em></strong></span> <span class='ocrx_word' id='word_1_835' title='bbox 2936 4917 3117 4975; x_wconf 83' lang='lat' dir='ltr'><strong><em>relicta</em></strong></span> <span class='ocrx_word' id='word_1_836' title='bbox 3148 4917 3543 4988; x_wconf 80' lang='lat' dir='ltr'><strong><em>pollicitatione.</em></strong></span> <span class='ocrx_word' id='word_1_837' title='bbox 3582 4916 3681 4970; x_wconf 80' lang='lat' dir='ltr'><strong><em>De-</em></strong></span> 
     </span>
    </p>
   </div>
   <div class='ocr_carea' id='block_1_112' title="bbox 2116 5002 3683 5073">
    <p class='ocr_par' dir='ltr' id='par_1_112' title="bbox 2116 5002 3683 5073">
     <span class='ocr_line' id='line_1_112' title="bbox 2116 5002 3683 5073; baseline -0.001 -16"><span class='ocrx_word' id='word_1_838' title='bbox 2116 5004 2379 5073; x_wconf 85' lang='lat' dir='ltr'><strong><em>sperando</em></strong></span> <span class='ocrx_word' id='word_1_839' title='bbox 2428 5004 2496 5057; x_wconf 89' lang='lat' dir='ltr'><strong><em>de</em></strong></span> <span class='ocrx_word' id='word_1_840' title='bbox 2538 5004 2644 5057; x_wconf 85' lang='lat' dir='ltr'><strong><em>vita</em></strong></span> <span class='ocrx_word' id='word_1_841' title='bbox 2697 5002 2900 5069; x_wconf 81' lang='lat' dir='ltr'><strong><em>futura,</em></strong></span> <span class='ocrx_word' id='word_1_842' title='bbox 2948 5002 3029 5058; x_wconf 87' lang='lat' dir='ltr'><strong><em>vel</em></strong></span> <span class='ocrx_word' id='word_1_843' title='bbox 3077 5018 3183 5058; x_wconf 84' lang='lat' dir='ltr'><strong><em>non</em></strong></span> <span class='ocrx_word' id='word_1_844' title='bbox 3213 5003 3471 5058; x_wconf 84' lang='lat' dir='ltr'><strong><em>sectando</em></strong></span> <span class='ocrx_word' id='word_1_845' title='bbox 3495 5017 3683 5071; x_wconf 79' lang='lat' dir='ltr'><strong><em>Opera,</em></strong></span> 
     </span>
    </p>
   </div>
   <div class='ocr_carea' id='block_1_113' title="bbox 2114 5092 3689 5163">
    <p class='ocr_par' dir='ltr' id='par_1_113' title="bbox 2114 5092 3689 5163">
     <span class='ocr_line' id='line_1_113' title="bbox 2114 5092 3689 5163; baseline -0.001 -15"><span class='ocrx_word' id='word_1_846' title='bbox 2114 5095 2311 5163; x_wconf 88' lang='lat' dir='ltr'><strong><em>quibus</em></strong></span> <span class='ocrx_word' id='word_1_847' title='bbox 2338 5095 2405 5147; x_wconf 80' lang='lat' dir='ltr'><strong><em>ad</em></strong></span> <span class='ocrx_word' id='word_1_848' title='bbox 2434 5093 2579 5148; x_wconf 89' lang='lat' dir='ltr'><strong><em>illam</em></strong></span> <span class='ocrx_word' id='word_1_849' title='bbox 2615 5095 2853 5163; x_wconf 86' lang='lat' dir='ltr'><strong><em>requiem</em></strong></span> <span class='ocrx_word' id='word_1_850' title='bbox 2878 5094 3203 5163; x_wconf 87' lang='lat' dir='ltr'><strong><em>pervenitur.</em></strong></span> <span class='ocrx_word' id='word_1_851' title='bbox 3233 5093 3435 5148; x_wconf 84' lang='lat' dir='ltr'><strong><em>Deesse.</em></strong></span> <span class='ocrx_word' id='word_1_852' title='bbox 3470 5092 3689 5148; x_wconf 88' lang='lat' dir='ltr'><strong><em>Scilicet</em></strong></span> 
     </span>
    </p>
   </div>
   <div class='ocr_carea' id='block_1_114' title="bbox 2116 5179 3683 5253">
    <p class='ocr_par' dir='ltr' id='par_1_114' title="bbox 2116 5179 3683 5253">
     <span class='ocr_line' id='line_1_114' title="bbox 2116 5179 3683 5253; baseline 0.001 -17"><span class='ocrx_word' id='word_1_853' title='bbox 2116 5182 2341 5251; x_wconf 83' lang='lat' dir='ltr'><strong><em>requiei.</em></strong></span> <span class='ocrx_word' id='word_1_854' title='bbox 2414 5179 2594 5236; x_wconf 87' lang='lat' dir='ltr'><strong><em>Sermo</em></strong></span> <span class='ocrx_word' id='word_1_855' title='bbox 2643 5184 2875 5237; x_wconf 76' lang='lat' dir='ltr'><strong><em>auditus.</em></strong></span> <span class='ocrx_word' id='word_1_856' title='bbox 2948 5183 3001 5238; x_wconf 86' lang='lat' dir='ltr'><strong><em>Id</em></strong></span> <span class='ocrx_word' id='word_1_857' title='bbox 3050 5190 3172 5247; x_wconf 84' lang='lat' dir='ltr'><strong><em>est,</em></strong></span> <span class='ocrx_word' id='word_1_858' title='bbox 3229 5182 3479 5238; x_wconf 87' lang='lat' dir='ltr'><strong><em>doctrina</em></strong></span> <span class='ocrx_word' id='word_1_859' title='bbox 3530 5183 3683 5253; x_wconf 80' lang='lat' dir='ltr'><strong><em>legis.</em></strong></span> 
     </span>
    </p>
   </div>
   <div class='ocr_carea' id='block_1_115' title="bbox 2120 5270 3684 5341">
    <p class='ocr_par' dir='ltr' id='par_1_115' title="bbox 2120 5270 3684 5341">
     <span class='ocr_line' id='line_1_115' title="bbox 2120 5270 3684 5341; baseline 0.001 -15"><span class='ocrx_word' id='word_1_860' title='bbox 2120 5270 2569 5336; x_wconf 84' lang='lat' dir='ltr'><strong><em>Quemadmodum</em></strong></span> <span class='ocrx_word' id='word_1_861' title='bbox 2590 5272 2741 5326; x_wconf 75' lang='lat' dir='ltr'><strong><em>dixit.</em></strong></span> <span class='ocrx_word' id='word_1_862' title='bbox 2784 5273 2838 5326; x_wconf 86' lang='lat' dir='ltr'><strong><em>Id</em></strong></span> <span class='ocrx_word' id='word_1_863' title='bbox 2871 5280 2973 5338; x_wconf 74' lang='lat' dir='ltr'><strong><em>est,</em></strong></span> <span class='ocrx_word' id='word_1_864' title='bbox 2999 5271 3449 5341; x_wconf 81' lang='lat' dir='ltr'><strong><em>quemadmodum</em></strong></span> <span class='ocrx_word' id='word_1_865' title='bbox 3477 5272 3549 5327; x_wconf 83' lang='lat' dir='ltr'><strong><em>illi</em></strong></span> <span class='ocrx_word' id='word_1_866' title='bbox 3576 5288 3684 5327; x_wconf 87' lang='lat' dir='ltr'><strong><em>non</em></strong></span> 
     </span>
    </p>
   </div>
   <div class='ocr_carea' id='block_1_116' title="bbox 2115 5362 3687 5433">
    <p class='ocr_par' dir='ltr' id='par_1_116' title="bbox 2115 5362 3687 5433">
     <span class='ocr_line' id='line_1_116' title="bbox 2115 5362 3687 5433; baseline 0 -17"><span class='ocrx_word' id='word_1_867' title='bbox 2115 5362 2441 5417; x_wconf 85' lang='lat' dir='ltr'><strong><em>introierunt</em></strong></span> <span class='ocrx_word' id='word_1_868' title='bbox 2465 5363 2519 5417; x_wconf 89' lang='lat' dir='ltr'><strong><em>in</em></strong></span> <span class='ocrx_word' id='word_1_869' title='bbox 2548 5364 2787 5433; x_wconf 86' lang='lat' dir='ltr'><strong><em>requiem</em></strong></span> <span class='ocrx_word' id='word_1_870' title='bbox 2806 5404 2821 5427; x_wconf 91' lang='lat'><strong><em>,</em></strong></span> <span class='ocrx_word' id='word_1_871' title='bbox 2871 5365 2949 5419; x_wconf 90' lang='lat' dir='ltr'><strong><em>sic</em></strong></span> <span class='ocrx_word' id='word_1_872' title='bbox 2979 5379 3077 5418; x_wconf 88' lang='lat' dir='ltr'><strong><em>nos</em></strong></span> <span class='ocrx_word' id='word_1_873' title='bbox 3104 5379 3134 5418; x_wconf 91' lang='lat' dir='ltr'><strong><em>c</em></strong></span> <span class='ocrx_word' id='word_1_874' title='bbox 3162 5364 3434 5419; x_wconf 84' lang='lat' dir='ltr'><strong><em>contrario</em></strong></span> <span class='ocrx_word' id='word_1_875' title='bbox 3462 5362 3687 5421; x_wconf 84' lang='lat' dir='ltr'><strong><em>intrabi-</em></strong></span> 
     </span>
    </p>
   </div>
   <div class='ocr_carea' id='block_1_117' title="bbox 2115 5450 3683 5524">
    <p class='ocr_par' dir='ltr' id='par_1_117' title="bbox 2115 5450 3683 5524">
     <span class='ocr_line' id='line_1_117' title="bbox 2115 5450 3683 5524; baseline 0 -18"><span class='ocrx_word' id='word_1_876' title='bbox 2115 5468 2235 5507; x_wconf 88' lang='lat' dir='ltr'><strong><em>mus</em></strong></span> <span class='ocrx_word' id='word_1_877' title='bbox 2261 5453 2313 5506; x_wconf 90' lang='lat' dir='ltr'><strong><em>in</em></strong></span> <span class='ocrx_word' id='word_1_878' title='bbox 2344 5453 2606 5522; x_wconf 87' lang='lat' dir='ltr'><strong><em>requiem.</em></strong></span> <span class='ocrx_word' id='word_1_879' title='bbox 2636 5452 2705 5507; x_wconf 87' lang='lat' dir='ltr'><strong><em>Et</em></strong></span> <span class='ocrx_word' id='word_1_880' title='bbox 2732 5455 2857 5522; x_wconf 79' lang='lat' dir='ltr'><strong><em>quia</em></strong></span> <span class='ocrx_word' id='word_1_881' title='bbox 2887 5453 2950 5507; x_wconf 88' lang='lat' dir='ltr'><strong><em>de</em></strong></span> <span class='ocrx_word' id='word_1_882' title='bbox 2989 5452 3227 5524; x_wconf 78' lang='lat' dir='ltr'><strong><em>operibus</em></strong></span> <span class='ocrx_word' id='word_1_883' title='bbox 3256 5453 3497 5523; x_wconf 70' lang='lat' dir='ltr'><strong><em>requievit</em></strong></span> <span class='ocrx_word' id='word_1_884' title='bbox 3520 5450 3683 5506; x_wconf 79' lang='lat' dir='ltr'><strong><em>Deus.</em></strong></span> 
     </span>
    </p>
   </div>
   <div class='ocr_carea' id='block_1_118' title="bbox 2115 5541 3688 5612">
    <p class='ocr_par' dir='ltr' id='par_1_118' title="bbox 2115 5541 3688 5612">
     <span class='ocr_line' id='line_1_118' title="bbox 2115 5541 3688 5612; baseline 0.001 -16"><span class='ocrx_word' id='word_1_885' title='bbox 2115 5541 2266 5596; x_wconf 85' lang='lat' dir='ltr'><strong><em>Sicut</em></strong></span> <span class='ocrx_word' id='word_1_886' title='bbox 2289 5544 2431 5596; x_wconf 88' lang='lat' dir='ltr'><strong><em>enim</em></strong></span> <span class='ocrx_word' id='word_1_887' title='bbox 2462 5544 2604 5598; x_wconf 88' lang='lat' dir='ltr'><strong><em>Deus</em></strong></span> <span class='ocrx_word' id='word_1_888' title='bbox 2631 5544 2717 5598; x_wconf 86' lang='lat' dir='ltr'><strong><em>die</em></strong></span> <span class='ocrx_word' id='word_1_889' title='bbox 2761 5544 2993 5612; x_wconf 80' lang='lat' dir='ltr'><strong><em>septimo</em></strong></span> <span class='ocrx_word' id='word_1_890' title='bbox 3039 5543 3307 5612; x_wconf 88' lang='lat' dir='ltr'><strong><em>requievit</em></strong></span> <span class='ocrx_word' id='word_1_891' title='bbox 3343 5543 3411 5598; x_wconf 84' lang='lat' dir='ltr'><strong><em>ab</em></strong></span> <span class='ocrx_word' id='word_1_892' title='bbox 3435 5542 3688 5599; x_wconf 82' lang='lat' dir='ltr'><strong><em>omnibus</em></strong></span> 
     </span>
    </p>
   </div>
   <div class='ocr_carea' id='block_1_119' title="bbox 2112 5635 3688 5705">
    <p class='ocr_par' dir='ltr' id='par_1_119' title="bbox 2112 5635 3688 5705">
     <span class='ocr_line' id='line_1_119' title="bbox 2112 5635 3688 5705; baseline -0.003 -16"><span class='ocrx_word' id='word_1_893' title='bbox 2112 5635 2363 5704; x_wconf 85' lang='lat' dir='ltr'><strong><em>Operihus</em></strong></span> <span class='ocrx_word' id='word_1_894' title='bbox 2390 5636 2562 5700; x_wconf 81' lang='lat' dir='ltr'><strong><em>bonis,</em></strong></span> <span class='ocrx_word' id='word_1_895' title='bbox 2615 5636 2687 5688; x_wconf 87' lang='lat' dir='ltr'><strong><em>ita</em></strong></span> <span class='ocrx_word' id='word_1_896' title='bbox 2716 5637 2820 5691; x_wconf 87' lang='lat' dir='ltr'><strong><em>erit</em></strong></span> <span class='ocrx_word' id='word_1_897' title='bbox 2861 5636 3076 5705; x_wconf 80' lang='lat' dir='ltr'><strong><em>requies</em></strong></span> <span class='ocrx_word' id='word_1_898' title='bbox 3114 5643 3337 5699; x_wconf 72' lang='lat' dir='ltr'><strong><em>teterna,</em></strong></span> <span class='ocrx_word' id='word_1_899' title='bbox 3386 5649 3506 5688; x_wconf 89' lang='lat' dir='ltr'><strong><em>cum</em></strong></span> <span class='ocrx_word' id='word_1_900' title='bbox 3554 5649 3688 5687; x_wconf 79' lang='lat' dir='ltr'><strong><em>con-</em></strong></span> 
     </span>
    </p>
   </div>
   <div class='ocr_carea' id='block_1_120' title="bbox 2113 5723 3677 5796">
    <p class='ocr_par' dir='ltr' id='par_1_120' title="bbox 2113 5723 3677 5796">
     <span class='ocr_line' id='line_1_120' title="bbox 2113 5723 3677 5796; baseline 0.003 -16"><span class='ocrx_word' id='word_1_901' title='bbox 2113 5732 2373 5780; x_wconf 85' lang='lat' dir='ltr'><strong><em>summata</em></strong></span> <span class='ocrx_word' id='word_1_902' title='bbox 2409 5723 2603 5779; x_wconf 83' lang='lat' dir='ltr'><strong><em>fuerint</em></strong></span> <span class='ocrx_word' id='word_1_903' title='bbox 2626 5741 2807 5795; x_wconf 82' lang='lat' dir='ltr'><strong><em>opera,</em></strong></span> <span class='ocrx_word' id='word_1_904' title='bbox 2843 5743 2962 5796; x_wconf 70' lang='lat' dir='ltr'><strong><em>quae</em></strong></span> <span class='ocrx_word' id='word_1_905' title='bbox 2989 5727 3055 5782; x_wconf 87' lang='lat' dir='ltr'><strong><em>ab</em></strong></span> <span class='ocrx_word' id='word_1_906' title='bbox 3083 5727 3238 5781; x_wconf 89' lang='lat' dir='ltr'><strong><em>initio</em></strong></span> <span class='ocrx_word' id='word_1_907' title='bbox 3264 5724 3405 5780; x_wconf 76' lang='lat' dir='ltr'><strong><em>laeta</em></strong></span> <span class='ocrx_word' id='word_1_908' title='bbox 3435 5737 3579 5781; x_wconf 80' lang='lat' dir='ltr'><strong><em>sunt.</em></strong></span> <span class='ocrx_word' id='word_1_909' title='bbox 3613 5724 3677 5784; x_wconf 78' lang='lat' dir='ltr'><strong><em>Et</em></strong></span> 
     </span>
    </p>
   </div>
  </div>
