  <div class='ocr_page' id='page_1' title='image "/cluster/home/n/w/nwhite01/storage/ocr_20150623/103/hvd.32044054759691/134.png"; bbox 0 0 3982 6198; ppageno 0'>
   <div class='ocr_carea' id='block_1_1' title="bbox 228 352 342 407">
    <p class='ocr_par' dir='ltr' id='par_1_1' title="bbox 228 352 342 407">
     <span class='ocr_line' id='line_1_1' title="bbox 228 352 342 407; baseline -0.044 0"><span class='ocrx_word' id='word_1_1' title='bbox 228 352 342 407; x_wconf 67' lang='grc' dir='ltr'><strong>Ξῦῗ</strong></span> 
     </span>
    </p>
   </div>
   <div class='ocr_carea' id='block_1_2' title="bbox 1356 338 2429 401">
    <p class='ocr_par' dir='ltr' id='par_1_2' title="bbox 1356 338 2429 401">
     <span class='ocr_line' id='line_1_2' title="bbox 1356 338 2429 401; baseline -0.009 0"><span class='ocrx_word' id='word_1_2' title='bbox 1356 342 1686 401; x_wconf 79' lang='lat' dir='ltr'><strong>COLLECT.</strong></span> <span class='ocrx_word' id='word_1_3' title='bbox 1731 341 1796 396; x_wconf 78' lang='lat' dir='ltr'><strong>IN</strong></span> <span class='ocrx_word' id='word_1_4' title='bbox 1840 339 2055 395; x_wconf 72' lang='lat' dir='ltr'><strong>EPIS’I’.</strong></span> <span class='ocrx_word' id='word_1_5' title='bbox 2095 338 2188 394; x_wconf 81' lang='lat' dir='ltr'><strong>AD</strong></span> <span class='ocrx_word' id='word_1_6' title='bbox 2227 338 2429 394; x_wconf 75' lang='lat' dir='ltr'><strong>IIEBR.</strong></span> 
     </span>
    </p>
   </div>
   <div class='ocr_carea' id='block_1_3' title="bbox 3393 340 3498 399">
    <p class='ocr_par' dir='ltr' id='par_1_3' title="bbox 3393 340 3498 399">
     <span class='ocr_line' id='line_1_3' title="bbox 3393 340 3498 399; baseline 0.019 -2"><span class='ocrx_word' id='word_1_7' title='bbox 3393 340 3498 399; x_wconf 70' lang='lat'><strong>258</strong></span> 
     </span>
    </p>
   </div>
   <div class='ocr_carea' id='block_1_4' title="bbox 229 438 3501 524">
    <p class='ocr_par' dir='ltr' id='par_1_4' title="bbox 229 438 3501 524">
     <span class='ocr_line' id='line_1_4' title="bbox 229 438 3501 524; baseline -0.004 -8"><span class='ocrx_word' id='word_1_8' title='bbox 229 464 291 516; x_wconf 77' lang='lat' dir='ltr'><strong>in</strong></span> <span class='ocrx_word' id='word_1_9' title='bbox 313 463 417 514; x_wconf 86' lang='lat' dir='ltr'><strong>isto</strong></span> <span class='ocrx_word' id='word_1_10' title='bbox 449 473 685 512; x_wconf 85' lang='lat' dir='ltr'><strong>rursum.</strong></span> <span class='ocrx_word' id='word_1_11' title='bbox 727 456 786 511; x_wconf 86' lang='lat' dir='ltr'><strong>In</strong></span> <span class='ocrx_word' id='word_1_12' title='bbox 814 456 916 510; x_wconf 88' lang='lat' dir='ltr'><strong>isto</strong></span> <span class='ocrx_word' id='word_1_13' title='bbox 943 454 1147 524; x_wconf 87' lang='lat' dir='ltr'><strong>psalmo</strong></span> <span class='ocrx_word' id='word_1_14' title='bbox 1180 464 1300 523; x_wconf 82' lang='lat' dir='ltr'><strong>post</strong></span> <span class='ocrx_word' id='word_1_15' title='bbox 1324 453 1517 524; x_wconf 81' lang='lat' dir='ltr'><strong>legem.</strong></span> <span class='ocrx_word' id='word_1_16' title='bbox 1558 451 1619 506; x_wconf 89' lang='lat' dir='ltr'><strong>Si</strong></span> <span class='ocrx_word' id='word_1_17' title='bbox 1641 450 1826 504; x_wconf 61' lang='lat' dir='ltr'><strong>introio</strong></span> <span class='ocrx_word' id='word_1_18' title='bbox 1855 449 1904 508; x_wconf 81' lang='grc' dir='ltr'>Α</span> <span class='ocrx_word' id='word_1_19' title='bbox 1929 456 1987 500; x_wconf 83' lang='lat' dir='ltr'><strong>ut</strong></span> <span class='ocrx_word' id='word_1_20' title='bbox 2017 448 2203 516; x_wconf 66' lang='grc' dir='ltr'><strong>θίγω-αι</strong></span> <span class='ocrx_word' id='word_1_21' title='bbox 2245 447 2385 500; x_wconf 89' lang='lat' dir='ltr'><strong>dona</strong></span> <span class='ocrx_word' id='word_1_22' title='bbox 2427 442 2475 500; x_wconf 85' lang='lat' dir='ltr'><strong>et</strong></span> <span class='ocrx_word' id='word_1_23' title='bbox 2502 438 2765 515; x_wconf 70' lang='lat' dir='ltr'><strong>sacriﬁcia</strong></span> <span class='ocrx_word' id='word_1_24' title='bbox 2805 462 2897 517; x_wconf 85' lang='lat' dir='ltr'><strong>pro</strong></span> <span class='ocrx_word' id='word_1_25' title='bbox 2944 448 3186 517; x_wconf 84' lang='lat' dir='ltr'><strong>peccatis.</strong></span> <span class='ocrx_word' id='word_1_26' title='bbox 3238 448 3392 516; x_wconf 87' lang='lat' dir='ltr'><strong>Quod</strong></span> <span class='ocrx_word' id='word_1_27' title='bbox 3432 453 3501 506; x_wconf 80' lang='lat' dir='ltr'><strong>de</strong></span> 
     </span>
    </p>
   </div>
   <div class='ocr_carea' id='block_1_5' title="bbox 231 541 1818 617">
    <p class='ocr_par' dir='ltr' id='par_1_5' title="bbox 231 541 1818 617">
     <span class='ocr_line' id='line_1_5' title="bbox 231 541 1818 617; baseline -0.008 -12"><span class='ocrx_word' id='word_1_28' title='bbox 231 552 364 605; x_wconf 70' lang='lat' dir='ltr'><strong>bunt</strong></span> <span class='ocrx_word' id='word_1_29' title='bbox 385 549 443 602; x_wconf 89' lang='lat' dir='ltr'><strong>in</strong></span> <span class='ocrx_word' id='word_1_30' title='bbox 476 547 712 617; x_wconf 79' lang='lat' dir='ltr'><strong>requiem</strong></span> <span class='ocrx_word' id='word_1_31' title='bbox 740 562 928 600; x_wconf 86' lang='lat' dir='ltr'><strong>meam.</strong></span> <span class='ocrx_word' id='word_1_32' title='bbox 962 545 1061 599; x_wconf 88' lang='lat' dir='ltr'><strong>llic</strong></span> <span class='ocrx_word' id='word_1_33' title='bbox 1087 544 1133 597; x_wconf 89' lang='lat' dir='ltr'><strong>si</strong></span> <span class='ocrx_word' id='word_1_34' title='bbox 1160 559 1258 614; x_wconf 90' lang='lat' dir='ltr'><strong>pro</strong></span> <span class='ocrx_word' id='word_1_35' title='bbox 1290 541 1647 596; x_wconf 82' lang='lat' dir='ltr'><strong>allirmatione</strong></span> <span class='ocrx_word' id='word_1_36' title='bbox 1674 541 1818 611; x_wconf 75' lang='lat' dir='ltr'><strong>posi-</strong></span> 
     </span>
    </p>
   </div>
   <div class='ocr_carea' id='block_1_6' title="bbox 234 624 1823 704">
    <p class='ocr_par' dir='ltr' id='par_1_6' title="bbox 234 624 1823 704">
     <span class='ocr_line' id='line_1_6' title="bbox 234 624 1823 704; baseline -0.006 -11"><span class='ocrx_word' id='word_1_37' title='bbox 234 648 354 693; x_wconf 87' lang='lat' dir='ltr'><strong>tum</strong></span> <span class='ocrx_word' id='word_1_38' title='bbox 382 642 488 701; x_wconf 73' lang='lat' dir='ltr'><strong>est,</strong></span> <span class='ocrx_word' id='word_1_39' title='bbox 541 635 699 704; x_wconf 88' lang='lat' dir='ltr'><strong>quasi</strong></span> <span class='ocrx_word' id='word_1_40' title='bbox 742 634 985 690; x_wconf 77' lang='lat' dir='ltr'><strong>diceret:</strong></span> <span class='ocrx_word' id='word_1_41' title='bbox 1018 630 1075 688; x_wconf 85' lang='lat' dir='ltr'><strong>Si</strong></span> <span class='ocrx_word' id='word_1_42' title='bbox 1115 624 1445 697; x_wconf 81' lang='lat' dir='ltr'><strong>introibant,</strong></span> <span class='ocrx_word' id='word_1_43' title='bbox 1477 632 1614 686; x_wconf 86' lang='lat' dir='ltr'><strong>bene</strong></span> <span class='ocrx_word' id='word_1_44' title='bbox 1653 630 1823 684; x_wconf 31' lang='lat' dir='ltr'><strong>habes</strong></span> 
     </span>
    </p>
   </div>
   <div class='ocr_carea' id='block_1_7' title="bbox 232 720 1817 795">
    <p class='ocr_par' dir='ltr' id='par_1_7' title="bbox 232 720 1817 795">
     <span class='ocr_line' id='line_1_7' title="bbox 232 720 1817 795; baseline -0.005 -14"><span class='ocrx_word' id='word_1_45' title='bbox 232 728 387 782; x_wconf 80' lang='lat' dir='ltr'><strong>bunt.</strong></span> <span class='ocrx_word' id='word_1_46' title='bbox 418 725 485 779; x_wconf 86' lang='lat' dir='ltr'><strong>In</strong></span> <span class='ocrx_word' id='word_1_47' title='bbox 516 725 745 789; x_wconf 77' lang='lat' dir='ltr'><strong>requiem</strong></span> <span class='ocrx_word' id='word_1_48' title='bbox 772 739 957 777; x_wconf 80' lang='lat' dir='ltr'><strong>meum.</strong></span> <span class='ocrx_word' id='word_1_49' title='bbox 982 722 1038 777; x_wconf 91' lang='lat' dir='ltr'><strong>Id</strong></span> <span class='ocrx_word' id='word_1_50' title='bbox 1063 729 1164 785; x_wconf 86' lang='lat' dir='ltr'><strong>est,</strong></span> <span class='ocrx_word' id='word_1_51' title='bbox 1194 723 1245 775; x_wconf 90' lang='lat' dir='ltr'><strong>in</strong></span> <span class='ocrx_word' id='word_1_52' title='bbox 1279 729 1476 795; x_wconf 87' lang='lat' dir='ltr'><strong>terram</strong></span> <span class='ocrx_word' id='word_1_53' title='bbox 1508 720 1817 774; x_wconf 78' lang='lat' dir='ltr'><strong>viventium.</strong></span> 
     </span>
    </p>
   </div>
   <div class='ocr_carea' id='block_1_8' title="bbox 236 811 1821 883">
    <p class='ocr_par' dir='ltr' id='par_1_8' title="bbox 236 811 1821 883">
     <span class='ocr_line' id='line_1_8' title="bbox 236 811 1821 883; baseline -0.003 -13"><span class='ocrx_word' id='word_1_54' title='bbox 236 815 338 871; x_wconf 78' lang='lat' dir='ltr'><strong>[lic</strong></span> <span class='ocrx_word' id='word_1_55' title='bbox 377 824 565 869; x_wconf 87' lang='lat' dir='ltr'><strong>autem</strong></span> <span class='ocrx_word' id='word_1_56' title='bbox 615 813 788 868; x_wconf 80' lang='lat' dir='ltr'><strong>virtus</strong></span> <span class='ocrx_word' id='word_1_57' title='bbox 838 813 1161 883; x_wconf 62' lang='lat' dir='ltr'><strong>prophetica:</strong></span> <span class='ocrx_word' id='word_1_58' title='bbox 1207 812 1488 867; x_wconf 64' lang='lat' dir='ltr'><strong>sententia:</strong></span> <span class='ocrx_word' id='word_1_59' title='bbox 1528 811 1821 866; x_wconf 86' lang='lat' dir='ltr'><strong>secundum</strong></span> 
     </span>
    </p>
   </div>
   <div class='ocr_carea' id='block_1_9' title="bbox 233 902 1824 975">
    <p class='ocr_par' dir='ltr' id='par_1_9' title="bbox 233 902 1824 975">
     <span class='ocr_line' id='line_1_9' title="bbox 233 902 1824 975; baseline -0.005 -13"><span class='ocrx_word' id='word_1_60' title='bbox 233 903 558 975; x_wconf 75' lang='lat' dir='ltr'><strong>Apostolum</strong></span> <span class='ocrx_word' id='word_1_61' title='bbox 592 911 698 967; x_wconf 89' lang='lat' dir='ltr'><strong>est,</strong></span> <span class='ocrx_word' id='word_1_62' title='bbox 729 911 789 956; x_wconf 91' lang='lat' dir='ltr'><strong>ut</strong></span> <span class='ocrx_word' id='word_1_63' title='bbox 811 902 1059 957; x_wconf 74' lang='lat' dir='ltr'><strong>ostendat</strong></span> <span class='ocrx_word' id='word_1_64' title='bbox 1087 902 1326 971; x_wconf 86' lang='lat' dir='ltr'><strong>requiem</strong></span> <span class='ocrx_word' id='word_1_65' title='bbox 1369 910 1644 956; x_wconf 64' lang='lat' dir='ltr'><strong>aeternam.</strong></span> <span class='ocrx_word' id='word_1_66' title='bbox 1680 902 1824 967; x_wconf 86' lang='lat' dir='ltr'><strong>Quo-</strong></span> 
     </span>
    </p>
   </div>
   <div class='ocr_carea' id='block_1_10' title="bbox 233 988 1820 1062">
    <p class='ocr_par' dir='ltr' id='par_1_10' title="bbox 233 988 1820 1062">
     <span class='ocr_line' id='line_1_10' title="bbox 233 988 1820 1062; baseline -0.001 -16"><span class='ocrx_word' id='word_1_67' title='bbox 233 995 381 1052; x_wconf 73' lang='lat' dir='ltr'><strong>niam</strong></span> <span class='ocrx_word' id='word_1_68' title='bbox 412 1008 541 1062; x_wconf 85' lang='lat' dir='ltr'><strong>ergo</strong></span> <span class='ocrx_word' id='word_1_69' title='bbox 571 999 805 1061; x_wconf 79' lang='lat' dir='ltr'><strong>superest</strong></span> <span class='ocrx_word' id='word_1_70' title='bbox 856 992 1072 1044; x_wconf 74' lang='lat' dir='ltr'><strong>introire</strong></span> <span class='ocrx_word' id='word_1_71' title='bbox 1102 991 1355 1062; x_wconf 90' lang='lat' dir='ltr'><strong>quosdam</strong></span> <span class='ocrx_word' id='word_1_72' title='bbox 1393 992 1448 1045; x_wconf 89' lang='lat' dir='ltr'><strong>in</strong></span> <span class='ocrx_word' id='word_1_73' title='bbox 1476 988 1644 1044; x_wconf 80' lang='lat' dir='ltr'><strong>illam.</strong></span> <span class='ocrx_word' id='word_1_74' title='bbox 1688 990 1820 1045; x_wconf 89' lang='lat' dir='ltr'><strong>Cre-</strong></span> 
     </span>
    </p>
   </div>
   <div class='ocr_carea' id='block_1_11' title="bbox 238 1081 1818 1154">
    <p class='ocr_par' dir='ltr' id='par_1_11' title="bbox 238 1081 1818 1154">
     <span class='ocr_line' id='line_1_11' title="bbox 238 1081 1818 1154; baseline -0.003 -16"><span class='ocrx_word' id='word_1_75' title='bbox 238 1085 427 1139; x_wconf 85' lang='lat' dir='ltr'><strong>dentes</strong></span> <span class='ocrx_word' id='word_1_76' title='bbox 448 1095 673 1154; x_wconf 89' lang='lat' dir='ltr'><strong>propter</strong></span> <span class='ocrx_word' id='word_1_77' title='bbox 696 1097 791 1137; x_wconf 88' lang='lat' dir='ltr'><strong>eos</strong></span> <span class='ocrx_word' id='word_1_78' title='bbox 810 1082 901 1152; x_wconf 88' lang='lat' dir='ltr'><strong>qui</strong></span> <span class='ocrx_word' id='word_1_79' title='bbox 921 1090 1179 1137; x_wconf 77' lang='lat' dir='ltr'><strong>venerant</strong></span> <span class='ocrx_word' id='word_1_80' title='bbox 1198 1097 1265 1135; x_wconf 78' lang='lat' dir='ltr'><strong>ex</strong></span> <span class='ocrx_word' id='word_1_81' title='bbox 1279 1081 1533 1151; x_wconf 65' lang='lat' dir='ltr'><strong>Egypto.</strong></span> <span class='ocrx_word' id='word_1_82' title='bbox 1570 1081 1818 1135; x_wconf 88' lang='lat' dir='ltr'><strong>Introire.</strong></span> 
     </span>
    </p>
   </div>
   <div class='ocr_carea' id='block_1_12' title="bbox 238 1170 1824 1240">
    <p class='ocr_par' dir='ltr' id='par_1_12' title="bbox 238 1170 1824 1240">
     <span class='ocr_line' id='line_1_12' title="bbox 238 1170 1824 1240; baseline -0.003 -10"><span class='ocrx_word' id='word_1_83' title='bbox 238 1176 375 1230; x_wconf 85' lang='lat' dir='ltr'><strong>Dum</strong></span> <span class='ocrx_word' id='word_1_84' title='bbox 432 1175 512 1229; x_wconf 85' lang='lat' dir='ltr'><strong>illi</strong></span> <span class='ocrx_word' id='word_1_85' title='bbox 563 1174 905 1229; x_wconf 86' lang='lat' dir='ltr'><strong>introierunt.</strong></span> <span class='ocrx_word' id='word_1_86' title='bbox 958 1170 1026 1226; x_wconf 91' lang='lat' dir='ltr'><strong>In</strong></span> <span class='ocrx_word' id='word_1_87' title='bbox 1076 1171 1244 1226; x_wconf 87' lang='lat' dir='ltr'><strong>illam.</strong></span> <span class='ocrx_word' id='word_1_88' title='bbox 1301 1170 1565 1240; x_wconf 76' lang='lat' dir='ltr'><strong>Requiem</strong></span> <span class='ocrx_word' id='word_1_89' title='bbox 1613 1171 1824 1225; x_wconf 82' lang='lat' dir='ltr'><strong>scilicet</strong></span> 
     </span>
    </p>
   </div>
   <div class='ocr_carea' id='block_1_13' title="bbox 238 1261 1821 1332">
    <p class='ocr_par' dir='ltr' id='par_1_13' title="bbox 238 1261 1821 1332">
     <span class='ocr_line' id='line_1_13' title="bbox 238 1261 1821 1332; baseline -0.001 -13"><span class='ocrx_word' id='word_1_90' title='bbox 238 1267 411 1319; x_wconf 76' lang='lat' dir='ltr'><strong>beata:</strong></span> <span class='ocrx_word' id='word_1_91' title='bbox 458 1266 604 1318; x_wconf 69' lang='lat' dir='ltr'><strong>vitas.</strong></span> <span class='ocrx_word' id='word_1_92' title='bbox 660 1263 859 1317; x_wconf 87' lang='lat' dir='ltr'><strong>Iterum</strong></span> <span class='ocrx_word' id='word_1_93' title='bbox 902 1261 1068 1316; x_wconf 87' lang='lat' dir='ltr'><strong>alium</strong></span> <span class='ocrx_word' id='word_1_94' title='bbox 1115 1262 1272 1315; x_wconf 86' lang='lat' dir='ltr'><strong>diem.</strong></span> <span class='ocrx_word' id='word_1_95' title='bbox 1313 1261 1368 1317; x_wconf 92' lang='lat' dir='ltr'><strong>Id</strong></span> <span class='ocrx_word' id='word_1_96' title='bbox 1413 1270 1535 1325; x_wconf 87' lang='lat' dir='ltr'><strong>est,</strong></span> <span class='ocrx_word' id='word_1_97' title='bbox 1572 1263 1821 1332; x_wconf 77' lang='lat' dir='ltr'><strong>requiem</strong></span> 
     </span>
    </p>
   </div>
   <div class='ocr_carea' id='block_1_14' title="bbox 238 1351 1818 1421">
    <p class='ocr_par' dir='ltr' id='par_1_14' title="bbox 238 1351 1818 1421">
     <span class='ocr_line' id='line_1_14' title="bbox 238 1351 1818 1421; baseline -0.002 -13"><span class='ocrx_word' id='word_1_98' title='bbox 238 1362 525 1417; x_wconf 64' lang='lat' dir='ltr'><strong>aeternam,</strong></span> <span class='ocrx_word' id='word_1_99' title='bbox 550 1369 657 1407; x_wconf 89' lang='lat' dir='ltr'><strong>non</strong></span> <span class='ocrx_word' id='word_1_100' title='bbox 685 1353 830 1407; x_wconf 86' lang='lat' dir='ltr'><strong>illam</strong></span> <span class='ocrx_word' id='word_1_101' title='bbox 859 1361 1017 1406; x_wconf 70' lang='lat' dir='ltr'><strong>terra:</strong></span> <span class='ocrx_word' id='word_1_102' title='bbox 1050 1352 1502 1421; x_wconf 78' lang='lat' dir='ltr'><strong>repromissionis.</strong></span> <span class='ocrx_word' id='word_1_103' title='bbox 1533 1351 1818 1405; x_wconf 80' lang='lat' dir='ltr'><strong>Terminat.</strong></span> 
     </span>
    </p>
   </div>
   <div class='ocr_carea' id='block_1_15' title="bbox 238 1440 1822 1514">
    <p class='ocr_par' dir='ltr' id='par_1_15' title="bbox 238 1440 1822 1514">
     <span class='ocr_line' id='line_1_15' title="bbox 238 1440 1822 1514; baseline -0.003 -15"><span class='ocrx_word' id='word_1_104' title='bbox 238 1447 382 1499; x_wconf 90' lang='lat' dir='ltr'><strong>Deus</strong></span> <span class='ocrx_word' id='word_1_105' title='bbox 416 1445 757 1514; x_wconf 83' lang='lat' dir='ltr'><strong>prophetam.</strong></span> <span class='ocrx_word' id='word_1_106' title='bbox 788 1440 913 1496; x_wconf 83' lang='lat' dir='ltr'><strong>Post</strong></span> <span class='ocrx_word' id='word_1_107' title='bbox 944 1452 1144 1495; x_wconf 85' lang='lat' dir='ltr'><strong>tantum</strong></span> <span class='ocrx_word' id='word_1_108' title='bbox 1174 1441 1434 1511; x_wconf 87' lang='lat' dir='ltr'><strong>temporis.</strong></span> <span class='ocrx_word' id='word_1_109' title='bbox 1468 1440 1597 1496; x_wconf 86' lang='lat' dir='ltr'><strong>Post</strong></span> <span class='ocrx_word' id='word_1_110' title='bbox 1625 1450 1702 1495; x_wconf 87' lang='lat' dir='ltr'><strong>tot</strong></span> <span class='ocrx_word' id='word_1_111' title='bbox 1728 1457 1822 1495; x_wconf 86' lang='lat' dir='ltr'><strong>an-</strong></span> 
     </span>
    </p>
   </div>
   <div class='ocr_carea' id='block_1_16' title="bbox 240 1530 1822 1606">
    <p class='ocr_par' dir='ltr' id='par_1_16' title="bbox 240 1530 1822 1606">
     <span class='ocr_line' id='line_1_16' title="bbox 240 1530 1822 1606; baseline -0.004 -15"><span class='ocrx_word' id='word_1_112' title='bbox 240 1551 339 1591; x_wconf 84' lang='lat' dir='ltr'><strong>nos</strong></span> <span class='ocrx_word' id='word_1_113' title='bbox 366 1535 701 1606; x_wconf 79' lang='lat' dir='ltr'><strong>egressionis</strong></span> <span class='ocrx_word' id='word_1_114' title='bbox 732 1533 964 1588; x_wconf 78' lang='lat' dir='ltr'><strong>ﬁliorum</strong></span> <span class='ocrx_word' id='word_1_115' title='bbox 1010 1532 1177 1586; x_wconf 85' lang='lat' dir='ltr'><strong>Israel</strong></span> <span class='ocrx_word' id='word_1_116' title='bbox 1223 1532 1289 1586; x_wconf 92' lang='lat' dir='ltr'><strong>de</strong></span> <span class='ocrx_word' id='word_1_117' title='bbox 1327 1530 1580 1603; x_wconf 61' lang='lat' dir='ltr'><strong>IEgypto.</strong></span> <span class='ocrx_word' id='word_1_118' title='bbox 1615 1532 1692 1585; x_wconf 81' lang='lat' dir='ltr'><strong>Ex</strong></span> <span class='ocrx_word' id='word_1_119' title='bbox 1717 1544 1822 1600; x_wconf 89' lang='lat' dir='ltr'><strong>quo</strong></span> 
     </span>
    </p>
   </div>
   <div class='ocr_carea' id='block_1_17' title="bbox 240 1624 1821 1694">
    <p class='ocr_par' dir='ltr' id='par_1_17' title="bbox 240 1624 1821 1694">
     <span class='ocr_line' id='line_1_17' title="bbox 240 1624 1821 1694; baseline -0.001 -14"><span class='ocrx_word' id='word_1_120' title='bbox 240 1626 590 1680; x_wconf 73' lang='lat' dir='ltr'><strong>manifestum</strong></span> <span class='ocrx_word' id='word_1_121' title='bbox 621 1632 734 1689; x_wconf 89' lang='lat' dir='ltr'><strong>est,</strong></span> <span class='ocrx_word' id='word_1_122' title='bbox 785 1624 929 1693; x_wconf 85' lang='lat' dir='ltr'><strong>quod</strong></span> <span class='ocrx_word' id='word_1_123' title='bbox 979 1639 1081 1677; x_wconf 92' lang='lat' dir='ltr'><strong>non</strong></span> <span class='ocrx_word' id='word_1_124' title='bbox 1119 1624 1183 1678; x_wconf 91' lang='lat' dir='ltr'><strong>de</strong></span> <span class='ocrx_word' id='word_1_125' title='bbox 1223 1624 1410 1694; x_wconf 88' lang='lat' dir='ltr'><strong>requie</strong></span> <span class='ocrx_word' id='word_1_126' title='bbox 1440 1632 1599 1679; x_wconf 60' lang='lat' dir='ltr'><strong>terra:</strong></span> <span class='ocrx_word' id='word_1_127' title='bbox 1635 1639 1821 1694; x_wconf 90' lang='lat' dir='ltr'><strong>repro-</strong></span> 
     </span>
    </p>
   </div>
   <div class='ocr_carea' id='block_1_18' title="bbox 240 1712 1821 1785">
    <p class='ocr_par' dir='ltr' id='par_1_18' title="bbox 240 1712 1821 1785">
     <span class='ocr_line' id='line_1_18' title="bbox 240 1712 1821 1785; baseline -0.001 -16"><span class='ocrx_word' id='word_1_128' title='bbox 240 1716 518 1773; x_wconf 81' lang='lat' dir='ltr'><strong>missionis</strong></span> <span class='ocrx_word' id='word_1_129' title='bbox 544 1714 763 1771; x_wconf 77' lang='lat' dir='ltr'><strong>dixerit.</strong></span> <span class='ocrx_word' id='word_1_130' title='bbox 798 1713 983 1785; x_wconf 85' lang='lat' dir='ltr'><strong>Itaque</strong></span> <span class='ocrx_word' id='word_1_131' title='bbox 1013 1712 1326 1784; x_wconf 84' lang='lat' dir='ltr'><strong>relinquitur</strong></span> <span class='ocrx_word' id='word_1_132' title='bbox 1352 1715 1721 1769; x_wconf 86' lang='lat' dir='ltr'><strong>sabbatismus.</strong></span> <span class='ocrx_word' id='word_1_133' title='bbox 1766 1714 1821 1768; x_wconf 89' lang='lat' dir='ltr'><strong>Id</strong></span> 
     </span>
    </p>
   </div>
   <div class='ocr_carea' id='block_1_19' title="bbox 1925 535 3499 607">
    <p class='ocr_par' dir='ltr' id='par_1_19' title="bbox 1925 535 3499 607">
     <span class='ocr_line' id='line_1_19' title="bbox 1925 535 3499 607; baseline 0.003 -15"><span class='ocrx_word' id='word_1_134' title='bbox 1925 537 2177 592; x_wconf 89' lang='lat' dir='ltr'><strong>omnibus</strong></span> <span class='ocrx_word' id='word_1_135' title='bbox 2219 535 2580 591; x_wconf 81' lang='lat' dir='ltr'><strong>oblationibus</strong></span> <span class='ocrx_word' id='word_1_136' title='bbox 2628 537 2844 592; x_wconf 90' lang='lat' dir='ltr'><strong>dicitur.</strong></span> <span class='ocrx_word' id='word_1_137' title='bbox 2886 537 3060 593; x_wconf 85' lang='lat' dir='ltr'><strong>Aliter</strong></span> <span class='ocrx_word' id='word_1_138' title='bbox 3098 541 3268 605; x_wconf 85' lang='lat' dir='ltr'><strong>dona,</strong></span> <span class='ocrx_word' id='word_1_139' title='bbox 3315 542 3368 596; x_wconf 90' lang='lat' dir='ltr'><strong>id</strong></span> <span class='ocrx_word' id='word_1_140' title='bbox 3394 550 3499 607; x_wconf 84' lang='lat' dir='ltr'><strong>est,</strong></span> 
     </span>
    </p>
   </div>
   <div class='ocr_carea' id='block_1_20' title="bbox 1924 630 3495 701">
    <p class='ocr_par' dir='ltr' id='par_1_20' title="bbox 1924 630 3495 701">
     <span class='ocr_line' id='line_1_20' title="bbox 1924 630 3495 701; baseline 0.005 -22"><span class='ocrx_word' id='word_1_141' title='bbox 1924 640 2114 681; x_wconf 87' lang='lat' dir='ltr'><strong>aurum</strong></span> <span class='ocrx_word' id='word_1_142' title='bbox 2157 634 2212 682; x_wconf 89' lang='lat' dir='ltr'><strong>et</strong></span> <span class='ocrx_word' id='word_1_143' title='bbox 2260 635 2566 695; x_wconf 79' lang='lat' dir='ltr'><strong>argentum,</strong></span> <span class='ocrx_word' id='word_1_144' title='bbox 2600 636 2654 682; x_wconf 89' lang='lat' dir='ltr'><strong>et</strong></span> <span class='ocrx_word' id='word_1_145' title='bbox 2695 637 2891 684; x_wconf 67' lang='lat' dir='ltr'><strong>caetera</strong></span> <span class='ocrx_word' id='word_1_146' title='bbox 2917 630 3160 685; x_wconf 90' lang='lat' dir='ltr'><strong>donaria.</strong></span> <span class='ocrx_word' id='word_1_147' title='bbox 3191 630 3495 701; x_wconf 77' lang='lat' dir='ltr'><strong>Sacriﬁcia.</strong></span> 
     </span>
    </p>
   </div>
   <div class='ocr_carea' id='block_1_21' title="bbox 1923 716 3495 787">
    <p class='ocr_par' dir='ltr' id='par_1_21' title="bbox 1923 716 3495 787">
     <span class='ocr_line' id='line_1_21' title="bbox 1923 716 3495 787; baseline 0.004 -20"><span class='ocrx_word' id='word_1_148' title='bbox 1923 716 2053 781; x_wconf 72' lang='lat' dir='ltr'><strong>Qua:</strong></span> <span class='ocrx_word' id='word_1_149' title='bbox 2096 716 2164 769; x_wconf 90' lang='lat' dir='ltr'><strong>ad</strong></span> <span class='ocrx_word' id='word_1_150' title='bbox 2209 716 2387 769; x_wconf 88' lang='lat' dir='ltr'><strong>cibum</strong></span> <span class='ocrx_word' id='word_1_151' title='bbox 2439 725 2646 770; x_wconf 81' lang='lat' dir='ltr'><strong>tantum</strong></span> <span class='ocrx_word' id='word_1_152' title='bbox 2689 718 2961 786; x_wconf 85' lang='lat' dir='ltr'><strong>pertinent</strong></span> <span class='ocrx_word' id='word_1_153' title='bbox 3007 719 3071 772; x_wconf 91' lang='lat' dir='ltr'><strong>de</strong></span> <span class='ocrx_word' id='word_1_154' title='bbox 3118 733 3295 787; x_wconf 85' lang='lat' dir='ltr'><strong>pane,</strong></span> <span class='ocrx_word' id='word_1_155' title='bbox 3339 720 3495 774; x_wconf 88' lang='lat' dir='ltr'><strong>verbi</strong></span> 
     </span>
    </p>
   </div>
   <div class='ocr_carea' id='block_1_22' title="bbox 1923 809 3493 880">
    <p class='ocr_par' dir='ltr' id='par_1_22' title="bbox 1923 809 3493 880">
     <span class='ocr_line' id='line_1_22' title="bbox 1923 809 3493 880; baseline 0.006 -20"><span class='ocrx_word' id='word_1_156' title='bbox 1923 809 2121 877; x_wconf 80' lang='lat' dir='ltr'><strong>gratia,</strong></span> <span class='ocrx_word' id='word_1_157' title='bbox 2176 816 2230 862; x_wconf 88' lang='lat' dir='ltr'><strong>et</strong></span> <span class='ocrx_word' id='word_1_158' title='bbox 2280 810 2427 863; x_wconf 86' lang='lat' dir='ltr'><strong>vino.</strong></span> <span class='ocrx_word' id='word_1_159' title='bbox 2490 809 2595 874; x_wconf 88' lang='lat' dir='ltr'><strong>Qui</strong></span> <span class='ocrx_word' id='word_1_160' title='bbox 2640 811 2900 880; x_wconf 84' lang='lat' dir='ltr'><strong>ignorant.</strong></span> <span class='ocrx_word' id='word_1_161' title='bbox 2950 812 3139 867; x_wconf 88' lang='lat' dir='ltr'><strong>Deum.</strong></span> <span class='ocrx_word' id='word_1_162' title='bbox 3189 813 3257 868; x_wconf 87' lang='lat' dir='ltr'><strong>Et</strong></span> <span class='ocrx_word' id='word_1_163' title='bbox 3290 824 3493 869; x_wconf 84' lang='lat' dir='ltr'><strong>errant.</strong></span> 
     </span>
    </p>
   </div>
   <div class='ocr_carea' id='block_1_23' title="bbox 1921 897 3496 971">
    <p class='ocr_par' dir='ltr' id='par_1_23' title="bbox 1921 897 3496 971">
     <span class='ocr_line' id='line_1_23' title="bbox 1921 897 3496 971; baseline 0.005 -21"><span class='ocrx_word' id='word_1_164' title='bbox 1921 897 1965 950; x_wconf 82' lang='lat' dir='ltr'><strong>A</strong></span> <span class='ocrx_word' id='word_1_165' title='bbox 1995 898 2265 952; x_wconf 82' lang='lat' dir='ltr'><strong>mandatis</strong></span> <span class='ocrx_word' id='word_1_166' title='bbox 2299 898 2453 967; x_wconf 83' lang='lat' dir='ltr'><strong>legis.</strong></span> <span class='ocrx_word' id='word_1_167' title='bbox 2489 898 2750 963; x_wconf 82' lang='lat' dir='ltr'><strong>Quoniam</strong></span> <span class='ocrx_word' id='word_1_168' title='bbox 2776 910 2822 954; x_wconf 86' lang='lat' dir='ltr'><strong>et</strong></span> <span class='ocrx_word' id='word_1_169' title='bbox 2861 903 2988 971; x_wconf 88' lang='lat' dir='ltr'><strong>ipse.</strong></span> <span class='ocrx_word' id='word_1_170' title='bbox 3038 901 3326 958; x_wconf 86' lang='lat' dir='ltr'><strong>Sacerdos.</strong></span> <span class='ocrx_word' id='word_1_171' title='bbox 3375 902 3496 958; x_wconf 82' lang='lat' dir='ltr'><strong>Cir-</strong></span> 
     </span>
    </p>
   </div>
   <div class='ocr_carea' id='block_1_24' title="bbox 1923 988 3497 1060">
    <p class='ocr_par' dir='ltr' id='par_1_24' title="bbox 1923 988 3497 1060">
     <span class='ocr_line' id='line_1_24' title="bbox 1923 988 3497 1060; baseline 0.005 -20"><span class='ocrx_word' id='word_1_172' title='bbox 1923 988 2197 1042; x_wconf 84' lang='lat' dir='ltr'><strong>cumdatus</strong></span> <span class='ocrx_word' id='word_1_173' title='bbox 2232 998 2328 1043; x_wconf 86' lang='lat' dir='ltr'><strong>est.</strong></span> <span class='ocrx_word' id='word_1_174' title='bbox 2363 989 2487 1044; x_wconf 87' lang='lat' dir='ltr'><strong>Ideo</strong></span> <span class='ocrx_word' id='word_1_175' title='bbox 2510 999 2723 1060; x_wconf 89' lang='lat' dir='ltr'><strong>oportet</strong></span> <span class='ocrx_word' id='word_1_176' title='bbox 2767 1006 2890 1046; x_wconf 87' lang='lat' dir='ltr'><strong>eum</strong></span> <span class='ocrx_word' id='word_1_177' title='bbox 2916 993 3224 1060; x_wconf 88' lang='lat' dir='ltr'><strong>condolere,</strong></span> <span class='ocrx_word' id='word_1_178' title='bbox 3263 992 3497 1049; x_wconf 77' lang='lat' dir='ltr'><strong>infirmi-</strong></span> 
     </span>
    </p>
   </div>
   <div class='ocr_carea' id='block_1_25' title="bbox 1924 1078 3496 1138">
    <p class='ocr_par' dir='ltr' id='par_1_25' title="bbox 1924 1078 3496 1138">
     <span class='ocr_line' id='line_1_25' title="bbox 1924 1078 3496 1138; baseline 0.004 -7"><span class='ocrx_word' id='word_1_179' title='bbox 1924 1086 2035 1132; x_wconf 86' lang='lat' dir='ltr'><strong>tate</strong></span> <span class='ocrx_word' id='word_1_180' title='bbox 2077 1078 2283 1133; x_wconf 86' lang='lat' dir='ltr'><strong>scilicet</strong></span> <span class='ocrx_word' id='word_1_181' title='bbox 2327 1079 2526 1133; x_wconf 87' lang='lat' dir='ltr'><strong>carnis.</strong></span> <span class='ocrx_word' id='word_1_182' title='bbox 2603 1078 2899 1134; x_wconf 84' lang='lat' dir='ltr'><strong>Secundum</strong></span> <span class='ocrx_word' id='word_1_183' title='bbox 2938 1082 3174 1135; x_wconf 87' lang='lat' dir='ltr'><strong>ordinem</strong></span> <span class='ocrx_word' id='word_1_184' title='bbox 3218 1082 3496 1138; x_wconf 80' lang='lat' dir='ltr'><strong>Melchise-</strong></span> 
     </span>
    </p>
   </div>
   <div class='ocr_carea' id='block_1_26' title="bbox 1921 1168 3495 1242">
    <p class='ocr_par' dir='ltr' id='par_1_26' title="bbox 1921 1168 3495 1242">
     <span class='ocr_line' id='line_1_26' title="bbox 1921 1168 3495 1242; baseline 0.006 -22"><span class='ocrx_word' id='word_1_185' title='bbox 1921 1168 2067 1221; x_wconf 85' lang='lat' dir='ltr'><strong>dech.</strong></span> <span class='ocrx_word' id='word_1_186' title='bbox 2126 1168 2260 1234; x_wconf 84' lang='lat' dir='ltr'><strong>Quia</strong></span> <span class='ocrx_word' id='word_1_187' title='bbox 2312 1169 2701 1225; x_wconf 82' lang='lat' dir='ltr'><strong>Melchisedech</strong></span> <span class='ocrx_word' id='word_1_188' title='bbox 2745 1172 2927 1226; x_wconf 86' lang='lat' dir='ltr'><strong>viuum</strong></span> <span class='ocrx_word' id='word_1_189' title='bbox 2969 1182 3022 1227; x_wconf 89' lang='lat' dir='ltr'><strong>et</strong></span> <span class='ocrx_word' id='word_1_190' title='bbox 3070 1188 3265 1242; x_wconf 89' lang='lat' dir='ltr'><strong>panem</strong></span> <span class='ocrx_word' id='word_1_191' title='bbox 3295 1174 3495 1230; x_wconf 84' lang='lat' dir='ltr'><strong>obtulit</strong></span> 
     </span>
    </p>
   </div>
   <div class='ocr_carea' id='block_1_27' title="bbox 1920 1257 3498 1334">
    <p class='ocr_par' dir='ltr' id='par_1_27' title="bbox 1920 1257 3498 1334">
     <span class='ocr_line' id='line_1_27' title="bbox 1920 1257 3498 1334; baseline 0.007 -25"><span class='ocrx_word' id='word_1_192' title='bbox 1920 1257 2214 1322; x_wconf 80' lang='lat' dir='ltr'><strong>Abraham,</strong></span> <span class='ocrx_word' id='word_1_193' title='bbox 2261 1259 2316 1313; x_wconf 86' lang='lat' dir='ltr'><strong>iu</strong></span> <span class='ocrx_word' id='word_1_194' title='bbox 2339 1259 2563 1329; x_wconf 70' lang='lat' dir='ltr'><strong>ﬁguram</strong></span> <span class='ocrx_word' id='word_1_195' title='bbox 2591 1260 2794 1316; x_wconf 86' lang='lat' dir='ltr'><strong>Christi</strong></span> <span class='ocrx_word' id='word_1_196' title='bbox 2835 1278 3031 1333; x_wconf 88' lang='lat' dir='ltr'><strong>corpus</strong></span> <span class='ocrx_word' id='word_1_197' title='bbox 3081 1272 3136 1319; x_wconf 88' lang='lat' dir='ltr'><strong>et</strong></span> <span class='ocrx_word' id='word_1_198' title='bbox 3176 1266 3498 1334; x_wconf 81' lang='lat' dir='ltr'><strong>sanguinem</strong></span> 
     </span>
    </p>
   </div>
   <div class='ocr_carea' id='block_1_28' title="bbox 1920 1347 3497 1420">
    <p class='ocr_par' dir='ltr' id='par_1_28' title="bbox 1920 1347 3497 1420">
     <span class='ocr_line' id='line_1_28' title="bbox 1920 1347 3497 1420; baseline 0.008 -21"><span class='ocrx_word' id='word_1_199' title='bbox 1920 1362 2075 1401; x_wconf 87' lang='lat' dir='ltr'><strong>suum</strong></span> <span class='ocrx_word' id='word_1_200' title='bbox 2110 1347 2220 1401; x_wconf 90' lang='lat' dir='ltr'><strong>Deo</strong></span> <span class='ocrx_word' id='word_1_201' title='bbox 2250 1349 2398 1403; x_wconf 83' lang='lat' dir='ltr'><strong>Patri</strong></span> <span class='ocrx_word' id='word_1_202' title='bbox 2450 1351 2504 1403; x_wconf 91' lang='lat' dir='ltr'><strong>in</strong></span> <span class='ocrx_word' id='word_1_203' title='bbox 2542 1367 2703 1406; x_wconf 89' lang='lat' dir='ltr'><strong>cruce</strong></span> <span class='ocrx_word' id='word_1_204' title='bbox 2732 1351 3028 1409; x_wconf 81' lang='lat' dir='ltr'><strong>oﬂ‘erentis.</strong></span> <span class='ocrx_word' id='word_1_205' title='bbox 3071 1353 3177 1420; x_wconf 87' lang='lat' dir='ltr'><strong>Qui</strong></span> <span class='ocrx_word' id='word_1_206' title='bbox 3221 1356 3276 1410; x_wconf 89' lang='lat' dir='ltr'><strong>in</strong></span> <span class='ocrx_word' id='word_1_207' title='bbox 3315 1357 3497 1411; x_wconf 83' lang='lat' dir='ltr'><strong>diebus</strong></span> 
     </span>
    </p>
   </div>
   <div class='ocr_carea' id='block_1_29' title="bbox 1921 1439 3497 1504">
    <p class='ocr_par' dir='ltr' id='par_1_29' title="bbox 1921 1439 3497 1504">
     <span class='ocr_line' id='line_1_29' title="bbox 1921 1439 3497 1504; baseline 0.008 -14"><span class='ocrx_word' id='word_1_208' title='bbox 1921 1440 2113 1492; x_wconf 85' lang='lat' dir='ltr'><strong>carnis.</strong></span> <span class='ocrx_word' id='word_1_209' title='bbox 2174 1439 2381 1504; x_wconf 85' lang='lat' dir='ltr'><strong>Quibus</strong></span> <span class='ocrx_word' id='word_1_210' title='bbox 2432 1441 2484 1493; x_wconf 89' lang='lat' dir='ltr'><strong>in</strong></span> <span class='ocrx_word' id='word_1_211' title='bbox 2528 1455 2692 1497; x_wconf 89' lang='lat' dir='ltr'><strong>carne</strong></span> <span class='ocrx_word' id='word_1_212' title='bbox 2729 1456 3077 1501; x_wconf 77' lang='lat' dir='ltr'><strong>conversatus</strong></span> <span class='ocrx_word' id='word_1_213' title='bbox 3122 1455 3225 1502; x_wconf 89' lang='lat' dir='ltr'><strong>est.</strong></span> <span class='ocrx_word' id='word_1_214' title='bbox 3284 1445 3497 1502; x_wconf 78' lang='lat' dir='ltr'><strong>Preces.</strong></span> 
     </span>
    </p>
   </div>
   <div class='ocr_carea' id='block_1_30' title="bbox 1927 1528 3504 1598">
    <p class='ocr_par' dir='ltr' id='par_1_30' title="bbox 1927 1528 3504 1598">
     <span class='ocr_line' id='line_1_30' title="bbox 1927 1528 3504 1598; baseline 0.006 -13"><span class='ocrx_word' id='word_1_215' title='bbox 1927 1529 2134 1585; x_wconf 83' lang='lat' dir='ltr'><strong>Verbis.</strong></span> <span class='ocrx_word' id='word_1_216' title='bbox 2166 1528 2604 1598; x_wconf 84' lang='lat' dir='ltr'><strong>Supplicationes.</strong></span> <span class='ocrx_word' id='word_1_217' title='bbox 2635 1530 2787 1587; x_wconf 85' lang='lat' dir='ltr'><strong>Genu</strong></span> <span class='ocrx_word' id='word_1_218' title='bbox 2810 1533 2967 1589; x_wconf 85' lang='lat' dir='ltr'><strong>llexo.</strong></span> <span class='ocrx_word' id='word_1_219' title='bbox 2985 1535 3251 1591; x_wconf 84' lang='lat' dir='ltr'><strong>Liberare.</strong></span> <span class='ocrx_word' id='word_1_220' title='bbox 3287 1539 3394 1593; x_wconf 89' lang='lat' dir='ltr'><strong>Per</strong></span> <span class='ocrx_word' id='word_1_221' title='bbox 3420 1553 3504 1593; x_wconf 89' lang='lat' dir='ltr'><strong>re-</strong></span> 
     </span>
    </p>
   </div>
   <div class='ocr_carea' id='block_1_31' title="bbox 1920 1617 3498 1692">
    <p class='ocr_par' dir='ltr' id='par_1_31' title="bbox 1920 1617 3498 1692">
     <span class='ocr_line' id='line_1_31' title="bbox 1920 1617 3498 1692; baseline 0.005 -18"><span class='ocrx_word' id='word_1_222' title='bbox 1920 1619 2330 1674; x_wconf 88' lang='lat' dir='ltr'><strong>surrectionem.</strong></span> <span class='ocrx_word' id='word_1_223' title='bbox 2359 1617 2487 1673; x_wconf 90' lang='lat' dir='ltr'><strong>Cum</strong></span> <span class='ocrx_word' id='word_1_224' title='bbox 2509 1620 2736 1676; x_wconf 89' lang='lat' dir='ltr'><strong>clamore</strong></span> <span class='ocrx_word' id='word_1_225' title='bbox 2758 1623 2949 1677; x_wconf 86' lang='lat' dir='ltr'><strong>valido.</strong></span> <span class='ocrx_word' id='word_1_226' title='bbox 2979 1625 3175 1681; x_wconf 90' lang='lat' dir='ltr'><strong>Dicens</strong></span> <span class='ocrx_word' id='word_1_227' title='bbox 3198 1642 3211 1679; x_wconf 90' lang='lat'><strong>:</strong></span> <span class='ocrx_word' id='word_1_228' title='bbox 3238 1626 3423 1692; x_wconf 89' lang='lat' dir='ltr'><strong>Pater,</strong></span> <span class='ocrx_word' id='word_1_229' title='bbox 3450 1628 3498 1682; x_wconf 84' lang='lat' dir='ltr'><strong>si</strong></span> 
     </span>
    </p>
   </div>
   <div class='ocr_carea' id='block_1_32' title="bbox 1921 1710 3500 1780">
    <p class='ocr_par' dir='ltr' id='par_1_32' title="bbox 1921 1710 3500 1780">
     <span class='ocr_line' id='line_1_32' title="bbox 1921 1710 3500 1780; baseline 0.006 -18"><span class='ocrx_word' id='word_1_230' title='bbox 1921 1710 2036 1780; x_wconf 80' lang='lat' dir='ltr'><strong>ﬁeri</strong></span> <span class='ocrx_word' id='word_1_231' title='bbox 2060 1720 2244 1780; x_wconf 85' lang='lat' dir='ltr'><strong>potest,</strong></span> <span class='ocrx_word' id='word_1_232' title='bbox 2269 1712 2498 1780; x_wconf 83' lang='lat' dir='ltr'><strong>transfer</strong></span> <span class='ocrx_word' id='word_1_233' title='bbox 2520 1731 2552 1765; x_wconf 93' lang='lat' dir='ltr'><strong>a</strong></span> <span class='ocrx_word' id='word_1_234' title='bbox 2583 1729 2663 1766; x_wconf 90' lang='lat' dir='ltr'><strong>me</strong></span> <span class='ocrx_word' id='word_1_235' title='bbox 2690 1713 2902 1767; x_wconf 80' lang='lat' dir='ltr'><strong>calicem</strong></span> <span class='ocrx_word' id='word_1_236' title='bbox 2923 1717 3079 1769; x_wconf 86' lang='lat' dir='ltr'><strong>istum</strong></span> <span class='ocrx_word' id='word_1_237' title='bbox 3108 1735 3121 1770; x_wconf 89' lang='lat'><strong>:</strong></span> <span class='ocrx_word' id='word_1_238' title='bbox 3148 1728 3500 1772; x_wconf 72' lang='lat' dir='ltr'><strong>verumtamen</strong></span> 
     </span>
    </p>
   </div>
   <div class='ocr_carea' id='block_1_33' title="bbox 239 1788 3498 1879">
    <p class='ocr_par' dir='ltr' id='par_1_33' title="bbox 239 1788 3498 1879">
     <span class='ocr_line' id='line_1_33' title="bbox 239 1788 3498 1879; baseline -0.001 -15"><span class='ocrx_word' id='word_1_239' title='bbox 239 1819 341 1875; x_wconf 79' lang='lat' dir='ltr'><strong>est,</strong></span> <span class='ocrx_word' id='word_1_240' title='bbox 371 1818 579 1864; x_wconf 74' lang='lat' dir='ltr'><strong>:eterna</strong></span> <span class='ocrx_word' id='word_1_241' title='bbox 608 1806 847 1879; x_wconf 81' lang='lat' dir='ltr'><strong>requies,</strong></span> <span class='ocrx_word' id='word_1_242' title='bbox 875 1822 1034 1877; x_wconf 88' lang='lat' dir='ltr'><strong>quam</strong></span> <span class='ocrx_word' id='word_1_243' title='bbox 1057 1804 1336 1860; x_wconf 75' lang='lat' dir='ltr'><strong>Iudaicum</strong></span> <span class='ocrx_word' id='word_1_244' title='bbox 1360 1807 1640 1861; x_wconf 89' lang='lat' dir='ltr'><strong>sabbatum</strong></span> <span class='ocrx_word' id='word_1_245' title='bbox 1663 1806 1825 1877; x_wconf 81' lang='lat' dir='ltr'><strong>signi—</strong></span> <span class='ocrx_word' id='word_1_246' title='bbox 1853 1788 1899 1846; x_wconf 84' lang='grc' dir='ltr'>Β</span> <span class='ocrx_word' id='word_1_247' title='bbox 1926 1816 2031 1853; x_wconf 84' lang='lat' dir='ltr'><strong>non</strong></span> <span class='ocrx_word' id='word_1_248' title='bbox 2051 1812 2164 1854; x_wconf 85' lang='lat' dir='ltr'><strong>mea</strong></span> <span class='ocrx_word' id='word_1_249' title='bbox 2188 1800 2446 1863; x_wconf 82' lang='lat' dir='ltr'><strong>voluntas.</strong></span> <span class='ocrx_word' id='word_1_250' title='bbox 2476 1802 2565 1855; x_wconf 87' lang='lat' dir='ltr'><strong>sed</strong></span> <span class='ocrx_word' id='word_1_251' title='bbox 2593 1812 2683 1856; x_wconf 88' lang='lat' dir='ltr'><strong>tua</strong></span> <span class='ocrx_word' id='word_1_252' title='bbox 2706 1804 2799 1872; x_wconf 82' lang='lat' dir='ltr'><strong>ﬁat</strong></span> <span class='ocrx_word' id='word_1_253' title='bbox 2835 1805 3028 1874; x_wconf 79' lang='lat' dir='ltr'><strong>(Marc.</strong></span> <span class='ocrx_word' id='word_1_254' title='bbox 3064 1807 3195 1877; x_wconf 79' lang='lat' dir='ltr'><strong>xw).</strong></span> <span class='ocrx_word' id='word_1_255' title='bbox 3229 1808 3297 1862; x_wconf 85' lang='lat' dir='ltr'><strong>Et</strong></span> <span class='ocrx_word' id='word_1_256' title='bbox 3322 1809 3498 1879; x_wconf 74' lang='lat' dir='ltr'><strong>laci-y-</strong></span> 
     </span>
    </p>
   </div>
   <div class='ocr_carea' id='block_1_34' title="bbox 242 1898 1823 1971">
    <p class='ocr_par' dir='ltr' id='par_1_34' title="bbox 242 1898 1823 1971">
     <span class='ocr_line' id='line_1_34' title="bbox 242 1898 1823 1971; baseline -0.003 -16"><span class='ocrx_word' id='word_1_257' title='bbox 242 1902 463 1955; x_wconf 38' lang='lat' dir='ltr'><strong>licavit.‘</strong></span> <span class='ocrx_word' id='word_1_258' title='bbox 481 1898 691 1971; x_wconf 82' lang='lat' dir='ltr'><strong>Populo</strong></span> <span class='ocrx_word' id='word_1_259' title='bbox 718 1898 835 1954; x_wconf 86' lang='lat' dir='ltr'><strong>Dei.</strong></span> <span class='ocrx_word' id='word_1_260' title='bbox 887 1898 944 1953; x_wconf 91' lang='lat' dir='ltr'><strong>Id</strong></span> <span class='ocrx_word' id='word_1_261' title='bbox 972 1905 1071 1962; x_wconf 90' lang='lat' dir='ltr'><strong>est,</strong></span> <span class='ocrx_word' id='word_1_262' title='bbox 1105 1898 1355 1953; x_wconf 88' lang='lat' dir='ltr'><strong>omnibus</strong></span> <span class='ocrx_word' id='word_1_263' title='bbox 1385 1906 1531 1953; x_wconf 85' lang='lat' dir='ltr'><strong>recte</strong></span> <span class='ocrx_word' id='word_1_264' title='bbox 1551 1898 1823 1953; x_wconf 88' lang='lat' dir='ltr'><strong>credenti-</strong></span> 
     </span>
    </p>
   </div>
   <div class='ocr_carea' id='block_1_35' title="bbox 240 1985 1828 2058">
    <p class='ocr_par' dir='ltr' id='par_1_35' title="bbox 240 1985 1828 2058">
     <span class='ocr_line' id='line_1_35' title="bbox 240 1985 1828 2058; baseline -0.003 -13"><span class='ocrx_word' id='word_1_265' title='bbox 240 1992 357 2045; x_wconf 88' lang='lat' dir='ltr'><strong>bus.</strong></span> <span class='ocrx_word' id='word_1_266' title='bbox 421 1989 527 2058; x_wconf 84' lang='lat' dir='ltr'><strong>Qui</strong></span> <span class='ocrx_word' id='word_1_267' title='bbox 574 1990 714 2042; x_wconf 84' lang='lat' dir='ltr'><strong>enim</strong></span> <span class='ocrx_word' id='word_1_268' title='bbox 761 1990 1024 2058; x_wconf 85' lang='lat' dir='ltr'><strong>ingressus</strong></span> <span class='ocrx_word' id='word_1_269' title='bbox 1059 1995 1133 2041; x_wconf 88' lang='lat' dir='ltr'><strong>est</strong></span> <span class='ocrx_word' id='word_1_270' title='bbox 1180 1988 1235 2041; x_wconf 89' lang='lat' dir='ltr'><strong>in</strong></span> <span class='ocrx_word' id='word_1_271' title='bbox 1268 1987 1495 2057; x_wconf 85' lang='lat' dir='ltr'><strong>requiem</strong></span> <span class='ocrx_word' id='word_1_272' title='bbox 1545 1988 1680 2057; x_wconf 85' lang='lat' dir='ltr'><strong>ejus.</strong></span> <span class='ocrx_word' id='word_1_273' title='bbox 1723 1985 1828 2041; x_wconf 86' lang='lat' dir='ltr'><strong>Per</strong></span> 
     </span>
    </p>
   </div>
   <div class='ocr_carea' id='block_1_36' title="bbox 240 2075 1828 2150">
    <p class='ocr_par' dir='ltr' id='par_1_36' title="bbox 240 2075 1828 2150">
     <span class='ocr_line' id='line_1_36' title="bbox 240 2075 1828 2150; baseline -0.007 -10"><span class='ocrx_word' id='word_1_274' title='bbox 240 2090 473 2141; x_wconf 65' lang='lat' dir='ltr'><strong>mortem</strong></span> <span class='ocrx_word' id='word_1_275' title='bbox 504 2076 879 2150; x_wconf 82' lang='lat' dir='ltr'><strong>temporalem.</strong></span> <span class='ocrx_word' id='word_1_276' title='bbox 930 2076 1109 2130; x_wconf 84' lang='lat' dir='ltr'><strong>Etiam</strong></span> <span class='ocrx_word' id='word_1_277' title='bbox 1134 2076 1241 2146; x_wconf 88' lang='lat' dir='ltr'><strong>ipse</strong></span> <span class='ocrx_word' id='word_1_278' title='bbox 1276 2075 1523 2146; x_wconf 83' lang='lat' dir='ltr'><strong>requievit</strong></span> <span class='ocrx_word' id='word_1_279' title='bbox 1553 2076 1617 2129; x_wconf 89' lang='lat' dir='ltr'><strong>ab</strong></span> <span class='ocrx_word' id='word_1_280' title='bbox 1660 2076 1828 2147; x_wconf 86' lang='lat' dir='ltr'><strong>aperi-</strong></span> 
     </span>
    </p>
   </div>
   <div class='ocr_carea' id='block_1_37' title="bbox 242 2163 1828 2235">
    <p class='ocr_par' dir='ltr' id='par_1_37' title="bbox 242 2163 1828 2235">
     <span class='ocr_line' id='line_1_37' title="bbox 242 2163 1828 2235; baseline -0.003 -9"><span class='ocrx_word' id='word_1_281' title='bbox 242 2173 335 2226; x_wconf 68' lang='grc' dir='ltr'><strong>θη</strong></span> <span class='ocrx_word' id='word_1_282' title='bbox 357 2171 493 2226; x_wconf 83' lang='lat' dir='ltr'><strong>suis.</strong></span> <span class='ocrx_word' id='word_1_283' title='bbox 531 2169 593 2225; x_wconf 86' lang='lat' dir='ltr'><strong>Id</strong></span> <span class='ocrx_word' id='word_1_284' title='bbox 619 2178 738 2231; x_wconf 88' lang='lat' dir='ltr'><strong>est,</strong></span> <span class='ocrx_word' id='word_1_285' title='bbox 771 2169 839 2222; x_wconf 87' lang='lat' dir='ltr'><strong>ab</strong></span> <span class='ocrx_word' id='word_1_286' title='bbox 865 2168 1026 2235; x_wconf 85' lang='lat' dir='ltr'><strong>hujus</strong></span> <span class='ocrx_word' id='word_1_287' title='bbox 1052 2167 1234 2221; x_wconf 88' lang='lat' dir='ltr'><strong>mundi</strong></span> <span class='ocrx_word' id='word_1_288' title='bbox 1262 2166 1556 2221; x_wconf 86' lang='lat' dir='ltr'><strong>laboribus.</strong></span> <span class='ocrx_word' id='word_1_289' title='bbox 1588 2163 1828 2221; x_wconf 84' lang='lat' dir='ltr'><strong>Festine-</strong></span> 
     </span>
    </p>
   </div>
   <div class='ocr_carea' id='block_1_38' title="bbox 240 2255 1825 2329">
    <p class='ocr_par' dir='ltr' id='par_1_38' title="bbox 240 2255 1825 2329">
     <span class='ocr_line' id='line_1_38' title="bbox 240 2255 1825 2329; baseline -0.002 -15"><span class='ocrx_word' id='word_1_290' title='bbox 240 2277 356 2314; x_wconf 67' lang='grc' dir='ltr'><strong>πως</strong></span> <span class='ocrx_word' id='word_1_291' title='bbox 383 2276 509 2329; x_wconf 80' lang='lat' dir='ltr'><strong>ergo</strong></span> <span class='ocrx_word' id='word_1_292' title='bbox 557 2259 763 2328; x_wconf 83' lang='lat' dir='ltr'><strong>ingredi</strong></span> <span class='ocrx_word' id='word_1_293' title='bbox 802 2259 859 2311; x_wconf 86' lang='lat' dir='ltr'><strong>in</strong></span> <span class='ocrx_word' id='word_1_294' title='bbox 882 2255 1033 2310; x_wconf 87' lang='lat' dir='ltr'><strong>illam</strong></span> <span class='ocrx_word' id='word_1_295' title='bbox 1076 2256 1323 2327; x_wconf 86' lang='lat' dir='ltr'><strong>requiem.</strong></span> <span class='ocrx_word' id='word_1_296' title='bbox 1370 2255 1507 2310; x_wconf 87' lang='lat' dir='ltr'><strong>Cum</strong></span> <span class='ocrx_word' id='word_1_297' title='bbox 1545 2255 1825 2311; x_wconf 85' lang='lat' dir='ltr'><strong>alacritate</strong></span> 
     </span>
    </p>
   </div>
   <div class='ocr_carea' id='block_1_39' title="bbox 243 2344 1827 2419">
    <p class='ocr_par' dir='ltr' id='par_1_39' title="bbox 243 2344 1827 2419">
     <span class='ocr_line' id='line_1_39' title="bbox 243 2344 1827 2419; baseline -0.003 -14"><span class='ocrx_word' id='word_1_298' title='bbox 243 2351 442 2405; x_wconf 85' lang='lat' dir='ltr'><strong>mentis</strong></span> <span class='ocrx_word' id='word_1_299' title='bbox 464 2364 568 2419; x_wconf 87' lang='lat' dir='ltr'><strong>per</strong></span> <span class='ocrx_word' id='word_1_300' title='bbox 593 2347 753 2403; x_wconf 72' lang='lat' dir='ltr'><strong>(Idem</strong></span> <span class='ocrx_word' id='word_1_301' title='bbox 779 2358 902 2403; x_wconf 84' lang='lat' dir='ltr'><strong>cum</strong></span> <span class='ocrx_word' id='word_1_302' title='bbox 928 2346 1182 2416; x_wconf 81' lang='lat' dir='ltr'><strong>operibus</strong></span> <span class='ocrx_word' id='word_1_303' title='bbox 1211 2361 1514 2401; x_wconf 87' lang='lat' dir='ltr'><strong>curramus.</strong></span> <span class='ocrx_word' id='word_1_304' title='bbox 1566 2344 1724 2399; x_wconf 82' lang='lat' dir='ltr'><strong>Vivus</strong></span> <span class='ocrx_word' id='word_1_305' title='bbox 1751 2355 1827 2400; x_wconf 87' lang='lat' dir='ltr'><strong>est</strong></span> 
     </span>
    </p>
   </div>
   <div class='ocr_carea' id='block_1_40' title="bbox 242 2436 1828 2494">
    <p class='ocr_par' dir='ltr' id='par_1_40' title="bbox 242 2436 1828 2494">
     <span class='ocr_line' id='line_1_40' title="bbox 242 2436 1828 2494; baseline -0.002 0"><span class='ocrx_word' id='word_1_306' title='bbox 242 2441 378 2494; x_wconf 73' lang='lat' dir='ltr'><strong>enim</strong></span> <span class='ocrx_word' id='word_1_307' title='bbox 404 2454 583 2493; x_wconf 80' lang='lat' dir='ltr'><strong>sermo</strong></span> <span class='ocrx_word' id='word_1_308' title='bbox 606 2437 726 2493; x_wconf 87' lang='lat' dir='ltr'><strong>Dei.</strong></span> <span class='ocrx_word' id='word_1_309' title='bbox 779 2437 880 2492; x_wconf 78' lang='lat' dir='ltr'><strong>Hic</strong></span> <span class='ocrx_word' id='word_1_310' title='bbox 901 2436 1204 2490; x_wconf 64' lang='lat' dir='ltr'><strong>ostenditur</strong></span> <span class='ocrx_word' id='word_1_311' title='bbox 1232 2436 1477 2492; x_wconf 90' lang='lat' dir='ltr'><strong>eumdem</strong></span> <span class='ocrx_word' id='word_1_312' title='bbox 1506 2451 1605 2491; x_wconf 88' lang='lat' dir='ltr'><strong>nos</strong></span> <span class='ocrx_word' id='word_1_313' title='bbox 1630 2437 1828 2491; x_wconf 84' lang='lat' dir='ltr'><strong>habere</strong></span> 
     </span>
    </p>
   </div>
   <div class='ocr_carea' id='block_1_41' title="bbox 240 2525 1827 2602">
    <p class='ocr_par' dir='ltr' id='par_1_41' title="bbox 240 2525 1827 2602">
     <span class='ocr_line' id='line_1_41' title="bbox 240 2525 1827 2602; baseline -0.004 -17"><span class='ocrx_word' id='word_1_314' title='bbox 240 2531 499 2602; x_wconf 71' lang='lat' dir='ltr'><strong>iudicem,</strong></span> <span class='ocrx_word' id='word_1_315' title='bbox 553 2529 647 2597; x_wconf 86' lang='lat' dir='ltr'><strong>qui</strong></span> <span class='ocrx_word' id='word_1_316' title='bbox 687 2527 810 2581; x_wconf 88' lang='lat' dir='ltr'><strong>illos</strong></span> <span class='ocrx_word' id='word_1_317' title='bbox 860 2534 1082 2596; x_wconf 84' lang='lat' dir='ltr'><strong>propter</strong></span> <span class='ocrx_word' id='word_1_318' title='bbox 1127 2526 1340 2579; x_wconf 90' lang='lat' dir='ltr'><strong>illorum</strong></span> <span class='ocrx_word' id='word_1_319' title='bbox 1396 2525 1827 2580; x_wconf 87' lang='lat' dir='ltr'><strong>incredulitatem</strong></span> 
     </span>
    </p>
   </div>
   <div class='ocr_carea' id='block_1_42' title="bbox 244 2613 1828 2678">
    <p class='ocr_par' dir='ltr' id='par_1_42' title="bbox 244 2613 1828 2678">
     <span class='ocr_line' id='line_1_42' title="bbox 244 2613 1828 2678; baseline -0.004 -4"><span class='ocrx_word' id='word_1_320' title='bbox 244 2618 543 2674; x_wconf 69' lang='lat' dir='ltr'><strong>damnavit.</strong></span> <span class='ocrx_word' id='word_1_321' title='bbox 578 2617 770 2670; x_wconf 86' lang='lat' dir='ltr'><strong>Sermo</strong></span> <span class='ocrx_word' id='word_1_322' title='bbox 796 2615 937 2669; x_wconf 89' lang='lat' dir='ltr'><strong>enim</strong></span> <span class='ocrx_word' id='word_1_323' title='bbox 963 2614 1058 2668; x_wconf 89' lang='lat' dir='ltr'><strong>Dei</strong></span> <span class='ocrx_word' id='word_1_324' title='bbox 1085 2613 1253 2668; x_wconf 87' lang='lat' dir='ltr'><strong>Filius</strong></span> <span class='ocrx_word' id='word_1_325' title='bbox 1277 2613 1369 2667; x_wconf 88' lang='lat' dir='ltr'><strong>Dei</strong></span> <span class='ocrx_word' id='word_1_326' title='bbox 1390 2620 1494 2678; x_wconf 88' lang='lat' dir='ltr'><strong>est,</strong></span> <span class='ocrx_word' id='word_1_327' title='bbox 1523 2613 1637 2668; x_wconf 86' lang='lat' dir='ltr'><strong>sive</strong></span> <span class='ocrx_word' id='word_1_328' title='bbox 1656 2613 1828 2669; x_wconf 87' lang='lat' dir='ltr'><strong>Evan—</strong></span> 
     </span>
    </p>
   </div>
   <div class='ocr_carea' id='block_1_43' title="bbox 242 2705 1829 2780">
    <p class='ocr_par' dir='ltr' id='par_1_43' title="bbox 242 2705 1829 2780">
     <span class='ocr_line' id='line_1_43' title="bbox 242 2705 1829 2780; baseline -0.003 -16"><span class='ocrx_word' id='word_1_329' title='bbox 242 2710 465 2780; x_wconf 73' lang='lat' dir='ltr'><strong>gelium.</strong></span> <span class='ocrx_word' id='word_1_330' title='bbox 500 2708 571 2762; x_wconf 82' lang='lat' dir='ltr'><strong>Et</strong></span> <span class='ocrx_word' id='word_1_331' title='bbox 597 2709 795 2778; x_wconf 67' lang='lat' dir='ltr'><strong>efﬁcax.</strong></span> <span class='ocrx_word' id='word_1_332' title='bbox 828 2706 882 2761; x_wconf 87' lang='lat' dir='ltr'><strong>Id</strong></span> <span class='ocrx_word' id='word_1_333' title='bbox 910 2714 1012 2770; x_wconf 91' lang='lat' dir='ltr'><strong>est,</strong></span> <span class='ocrx_word' id='word_1_334' title='bbox 1047 2713 1239 2775; x_wconf 89' lang='lat' dir='ltr'><strong>potens</strong></span> <span class='ocrx_word' id='word_1_335' title='bbox 1268 2706 1333 2759; x_wconf 87' lang='lat' dir='ltr'><strong>ad</strong></span> <span class='ocrx_word' id='word_1_336' title='bbox 1358 2705 1692 2760; x_wconf 83' lang='lat' dir='ltr'><strong>inferendam</strong></span> <span class='ocrx_word' id='word_1_337' title='bbox 1715 2706 1829 2759; x_wconf 66' lang='lat' dir='ltr'><strong>Vin-</strong></span> 
     </span>
    </p>
   </div>
   <div class='ocr_carea' id='block_1_44' title="bbox 242 2790 1828 2867">
    <p class='ocr_par' dir='ltr' id='par_1_44' title="bbox 242 2790 1828 2867">
     <span class='ocr_line' id='line_1_44' title="bbox 242 2790 1828 2867; baseline -0.003 -12"><span class='ocrx_word' id='word_1_338' title='bbox 242 2790 447 2855; x_wconf 63' lang='lat' dir='ltr'><strong>dictam</strong></span> <span class='ocrx_word' id='word_1_339' title='bbox 476 2799 565 2857; x_wconf 79' lang='lat' dir='ltr'><strong>vel</strong></span> <span class='ocrx_word' id='word_1_340' title='bbox 591 2797 1003 2853; x_wconf 78' lang='lat' dir='ltr'><strong>beatitudinem.</strong></span> <span class='ocrx_word' id='word_1_341' title='bbox 1042 2795 1111 2849; x_wconf 85' lang='lat' dir='ltr'><strong>Et</strong></span> <span class='ocrx_word' id='word_1_342' title='bbox 1141 2796 1514 2867; x_wconf 86' lang='lat' dir='ltr'><strong>penetrabilior</strong></span> <span class='ocrx_word' id='word_1_343' title='bbox 1550 2797 1693 2850; x_wconf 90' lang='lat' dir='ltr'><strong>omni</strong></span> <span class='ocrx_word' id='word_1_344' title='bbox 1714 2796 1828 2866; x_wconf 86' lang='lat' dir='ltr'><strong>gla-</strong></span> 
     </span>
    </p>
   </div>
   <div class='ocr_carea' id='block_1_45' title="bbox 241 2868 1829 2959">
    <p class='ocr_par' dir='ltr' id='par_1_45' title="bbox 241 2868 1829 2959">
     <span class='ocr_line' id='line_1_45' title="bbox 241 2868 1829 2959; baseline -0.004 -15"><span class='ocrx_word' id='word_1_345' title='bbox 241 2891 327 2944; x_wconf 86' lang='lat' dir='ltr'><strong>dio</strong></span> <span class='ocrx_word' id='word_1_346' title='bbox 371 2868 617 2959; x_wconf 75' lang='lat' dir='ltr'><strong>ancipiti.</strong></span> <span class='ocrx_word' id='word_1_347' title='bbox 665 2888 719 2941; x_wconf 82' lang='lat' dir='ltr'><strong>Id</strong></span> <span class='ocrx_word' id='word_1_348' title='bbox 748 2894 850 2952; x_wconf 89' lang='lat' dir='ltr'><strong>est,</strong></span> <span class='ocrx_word' id='word_1_349' title='bbox 905 2886 972 2939; x_wconf 87' lang='lat' dir='ltr'><strong>ad</strong></span> <span class='ocrx_word' id='word_1_350' title='bbox 1001 2886 1294 2939; x_wconf 83' lang='lat' dir='ltr'><strong>vindictam</strong></span> <span class='ocrx_word' id='word_1_351' title='bbox 1329 2896 1491 2955; x_wconf 88' lang='lat' dir='ltr'><strong>super</strong></span> <span class='ocrx_word' id='word_1_352' title='bbox 1541 2899 1736 2954; x_wconf 88' lang='lat' dir='ltr'><strong>corpus</strong></span> <span class='ocrx_word' id='word_1_353' title='bbox 1772 2892 1829 2940; x_wconf 86' lang='lat' dir='ltr'><strong>et</strong></span> 
     </span>
    </p>
   </div>
   <div class='ocr_carea' id='block_1_46' title="bbox 243 2973 1826 3047">
    <p class='ocr_par' dir='ltr' id='par_1_46' title="bbox 243 2973 1826 3047">
     <span class='ocr_line' id='line_1_46' title="bbox 243 2973 1826 3047; baseline -0.004 -12"><span class='ocrx_word' id='word_1_354' title='bbox 243 2982 502 3035; x_wconf 79' lang='lat' dir='ltr'><strong>animam.</strong></span> <span class='ocrx_word' id='word_1_355' title='bbox 556 2977 715 3032; x_wconf 84' lang='lat' dir='ltr'><strong>Omni</strong></span> <span class='ocrx_word' id='word_1_356' title='bbox 768 2976 964 3047; x_wconf 82' lang='lat' dir='ltr'><strong>gladio.</strong></span> <span class='ocrx_word' id='word_1_357' title='bbox 1013 2973 1279 3041; x_wconf 84' lang='lat' dir='ltr'><strong>Quoniam</strong></span> <span class='ocrx_word' id='word_1_358' title='bbox 1331 2981 1544 3028; x_wconf 88' lang='lat' dir='ltr'><strong>tantum</strong></span> <span class='ocrx_word' id='word_1_359' title='bbox 1597 2988 1826 3043; x_wconf 86' lang='lat' dir='ltr'><strong>corpora</strong></span> 
     </span>
    </p>
   </div>
   <div class='ocr_carea' id='block_1_47' title="bbox 244 3062 1823 3141">
    <p class='ocr_par' dir='ltr' id='par_1_47' title="bbox 244 3062 1823 3141">
     <span class='ocr_line' id='line_1_47' title="bbox 244 3062 1823 3141; baseline -0.004 -16"><span class='ocrx_word' id='word_1_360' title='bbox 244 3070 420 3141; x_wconf 68' lang='lat' dir='ltr'><strong>ghdio</strong></span> <span class='ocrx_word' id='word_1_361' title='bbox 447 3076 728 3124; x_wconf 84' lang='lat' dir='ltr'><strong>secantur.</strong></span> <span class='ocrx_word' id='word_1_362' title='bbox 777 3067 1023 3136; x_wconf 79' lang='lat' dir='ltr'><strong>Ancipiti.</strong></span> <span class='ocrx_word' id='word_1_363' title='bbox 1059 3065 1114 3119; x_wconf 81' lang='lat' dir='ltr'><strong>Id</strong></span> <span class='ocrx_word' id='word_1_364' title='bbox 1145 3074 1247 3131; x_wconf 86' lang='lat' dir='ltr'><strong>est,</strong></span> <span class='ocrx_word' id='word_1_365' title='bbox 1280 3064 1504 3133; x_wconf 88' lang='lat' dir='ltr'><strong>bieipiti.</strong></span> <span class='ocrx_word' id='word_1_366' title='bbox 1555 3062 1726 3134; x_wconf 83' lang='lat' dir='ltr'><strong>Usque</strong></span> <span class='ocrx_word' id='word_1_367' title='bbox 1755 3065 1823 3119; x_wconf 87' lang='lat' dir='ltr'><strong>ad</strong></span> 
     </span>
    </p>
   </div>
   <div class='ocr_carea' id='block_1_48' title="bbox 244 3152 1825 3226">
    <p class='ocr_par' dir='ltr' id='par_1_48' title="bbox 244 3152 1825 3226">
     <span class='ocr_line' id='line_1_48' title="bbox 244 3152 1825 3226; baseline -0.005 -11"><span class='ocrx_word' id='word_1_368' title='bbox 244 3161 554 3215; x_wconf 63' lang='lat' dir='ltr'><strong>diuisionem</strong></span> <span class='ocrx_word' id='word_1_369' title='bbox 576 3160 771 3212; x_wconf 70' lang='lat' dir='ltr'><strong>animae</strong></span> <span class='ocrx_word' id='word_1_370' title='bbox 811 3173 874 3210; x_wconf 91' lang='lat' dir='ltr'><strong>ac</strong></span> <span class='ocrx_word' id='word_1_371' title='bbox 901 3156 1133 3226; x_wconf 82' lang='lat' dir='ltr'><strong>spiritus.</strong></span> <span class='ocrx_word' id='word_1_372' title='bbox 1183 3154 1240 3211; x_wconf 89' lang='lat' dir='ltr'><strong>Id</strong></span> <span class='ocrx_word' id='word_1_373' title='bbox 1268 3162 1386 3218; x_wconf 87' lang='lat' dir='ltr'><strong>est,</strong></span> <span class='ocrx_word' id='word_1_374' title='bbox 1420 3152 1715 3208; x_wconf 86' lang='lat' dir='ltr'><strong>carnalium</strong></span> <span class='ocrx_word' id='word_1_375' title='bbox 1761 3169 1825 3207; x_wconf 89' lang='lat' dir='ltr'><strong>ac</strong></span> 
     </span>
    </p>
   </div>
   <div class='ocr_carea' id='block_1_49' title="bbox 246 3245 1825 3323">
    <p class='ocr_par' dir='ltr' id='par_1_49' title="bbox 246 3245 1825 3323">
     <span class='ocr_line' id='line_1_49' title="bbox 246 3245 1825 3323; baseline -0.006 -17"><span class='ocrx_word' id='word_1_376' title='bbox 246 3251 612 3323; x_wconf 84' lang='lat' dir='ltr'><strong>spiritualium</strong></span> <span class='ocrx_word' id='word_1_377' title='bbox 632 3249 1048 3320; x_wconf 85' lang='lat' dir='ltr'><strong>cogitationum;</strong></span> <span class='ocrx_word' id='word_1_378' title='bbox 1079 3247 1180 3302; x_wconf 89' lang='lat' dir='ltr'><strong>scit</strong></span> <span class='ocrx_word' id='word_1_379' title='bbox 1214 3246 1359 3301; x_wconf 85' lang='lat' dir='ltr'><strong>enim</strong></span> <span class='ocrx_word' id='word_1_380' title='bbox 1384 3254 1438 3300; x_wconf 88' lang='lat' dir='ltr'><strong>et</strong></span> <span class='ocrx_word' id='word_1_381' title='bbox 1460 3246 1665 3315; x_wconf 78' lang='lat' dir='ltr'><strong>probat</strong></span> <span class='ocrx_word' id='word_1_382' title='bbox 1696 3245 1825 3313; x_wconf 89' lang='lat' dir='ltr'><strong>quid</strong></span> 
     </span>
    </p>
   </div>
   <div class='ocr_carea' id='block_1_50' title="bbox 246 3333 1825 3407">
    <p class='ocr_par' dir='ltr' id='par_1_50' title="bbox 246 3333 1825 3407">
     <span class='ocr_line' id='line_1_50' title="bbox 246 3333 1825 3407; baseline -0.007 -9"><span class='ocrx_word' id='word_1_383' title='bbox 246 3343 473 3398; x_wconf 82' lang='lat' dir='ltr'><strong>interest</strong></span> <span class='ocrx_word' id='word_1_384' title='bbox 511 3342 657 3396; x_wconf 84' lang='lat' dir='ltr'><strong>inter</strong></span> <span class='ocrx_word' id='word_1_385' title='bbox 680 3341 912 3394; x_wconf 86' lang='lat' dir='ltr'><strong>animam</strong></span> <span class='ocrx_word' id='word_1_386' title='bbox 942 3354 1005 3393; x_wconf 87' lang='lat' dir='ltr'><strong>ac</strong></span> <span class='ocrx_word' id='word_1_387' title='bbox 1045 3338 1292 3407; x_wconf 87' lang='lat' dir='ltr'><strong>spiritum</strong></span> <span class='ocrx_word' id='word_1_388' title='bbox 1322 3354 1334 3389; x_wconf 91' lang='lat'><strong>:</strong></span> <span class='ocrx_word' id='word_1_389' title='bbox 1370 3352 1479 3391; x_wconf 88' lang='lat' dir='ltr'><strong>non</strong></span> <span class='ocrx_word' id='word_1_390' title='bbox 1508 3335 1650 3405; x_wconf 88' lang='lat' dir='ltr'><strong>quod</strong></span> <span class='ocrx_word' id='word_1_391' title='bbox 1680 3333 1825 3387; x_wconf 87' lang='lat' dir='ltr'><strong>aliud</strong></span> 
     </span>
    </p>
   </div>
   <div class='ocr_carea' id='block_1_51' title="bbox 247 3423 1825 3498">
    <p class='ocr_par' dir='ltr' id='par_1_51' title="bbox 247 3423 1825 3498">
     <span class='ocr_line' id='line_1_51' title="bbox 247 3423 1825 3498; baseline -0.008 -9"><span class='ocrx_word' id='word_1_392' title='bbox 247 3442 326 3489; x_wconf 85' lang='lat' dir='ltr'><strong>est</strong></span> <span class='ocrx_word' id='word_1_393' title='bbox 351 3434 558 3496; x_wconf 86' lang='lat' dir='ltr'><strong>anima,</strong></span> <span class='ocrx_word' id='word_1_394' title='bbox 587 3430 735 3485; x_wconf 85' lang='lat' dir='ltr'><strong>aliud</strong></span> <span class='ocrx_word' id='word_1_395' title='bbox 774 3430 992 3498; x_wconf 85' lang='lat' dir='ltr'><strong>spiritus</strong></span> <span class='ocrx_word' id='word_1_396' title='bbox 1021 3468 1034 3492; x_wconf 93' lang='lat'><strong>,</strong></span> <span class='ocrx_word' id='word_1_397' title='bbox 1083 3434 1344 3496; x_wconf 89' lang='lat' dir='ltr'><strong>quantum</strong></span> <span class='ocrx_word' id='word_1_398' title='bbox 1374 3425 1439 3479; x_wconf 87' lang='lat' dir='ltr'><strong>ad</strong></span> <span class='ocrx_word' id='word_1_399' title='bbox 1468 3423 1825 3479; x_wconf 87' lang='lat' dir='ltr'><strong>substantiam</strong></span> 
     </span>
    </p>
   </div>
   <div class='ocr_carea' id='block_1_52' title="bbox 246 3510 1827 3593">
    <p class='ocr_par' dir='ltr' id='par_1_52' title="bbox 246 3510 1827 3593">
     <span class='ocr_line' id='line_1_52' title="bbox 246 3510 1827 3593; baseline -0.009 -16"><span class='ocrx_word' id='word_1_400' title='bbox 246 3523 502 3593; x_wconf 77' lang='lat' dir='ltr'><strong>pertinet.</strong></span> <span class='ocrx_word' id='word_1_401' title='bbox 537 3518 859 3589; x_wconf 84' lang='lat' dir='ltr'><strong>Compagum</strong></span> <span class='ocrx_word' id='word_1_402' title='bbox 887 3532 1089 3587; x_wconf 85' lang='lat' dir='ltr'><strong>quoque</strong></span> <span class='ocrx_word' id='word_1_403' title='bbox 1119 3531 1182 3568; x_wconf 91' lang='lat' dir='ltr'><strong>ac</strong></span> <span class='ocrx_word' id='word_1_404' title='bbox 1216 3511 1590 3566; x_wconf 79' lang='lat' dir='ltr'><strong>medullarum.</strong></span> <span class='ocrx_word' id='word_1_405' title='bbox 1622 3510 1727 3565; x_wconf 90' lang='lat' dir='ltr'><strong>Per</strong></span> <span class='ocrx_word' id='word_1_406' title='bbox 1752 3510 1827 3563; x_wconf 88' lang='lat' dir='ltr'><strong>si-</strong></span> 
     </span>
    </p>
   </div>
   <div class='ocr_carea' id='block_1_53' title="bbox 248 3601 1823 3678">
    <p class='ocr_par' dir='ltr' id='par_1_53' title="bbox 248 3601 1823 3678">
     <span class='ocr_line' id='line_1_53' title="bbox 248 3601 1823 3678; baseline -0.01 -9"><span class='ocrx_word' id='word_1_407' title='bbox 248 3615 608 3669; x_wconf 88' lang='lat' dir='ltr'><strong>militudinem</strong></span> <span class='ocrx_word' id='word_1_408' title='bbox 654 3609 894 3678; x_wconf 86' lang='lat' dir='ltr'><strong>corporis</strong></span> <span class='ocrx_word' id='word_1_409' title='bbox 917 3609 983 3663; x_wconf 88' lang='lat' dir='ltr'><strong>de</strong></span> <span class='ocrx_word' id='word_1_410' title='bbox 1014 3607 1195 3661; x_wconf 87' lang='lat' dir='ltr'><strong>anima</strong></span> <span class='ocrx_word' id='word_1_411' title='bbox 1214 3605 1472 3673; x_wconf 88' lang='lat' dir='ltr'><strong>loquitur.</strong></span> <span class='ocrx_word' id='word_1_412' title='bbox 1506 3602 1585 3656; x_wconf 43' lang='lat' dir='ltr'><strong>:Et</strong></span> <span class='ocrx_word' id='word_1_413' title='bbox 1606 3611 1680 3656; x_wconf 87' lang='lat' dir='ltr'><strong>est</strong></span> <span class='ocrx_word' id='word_1_414' title='bbox 1710 3601 1823 3654; x_wconf 81' lang='lat' dir='ltr'><strong>dis-</strong></span> 
     </span>
    </p>
   </div>
   <div class='ocr_carea' id='block_1_54' title="bbox 250 3692 1822 3765">
    <p class='ocr_par' dir='ltr' id='par_1_54' title="bbox 250 3692 1822 3765">
     <span class='ocr_line' id='line_1_54' title="bbox 250 3692 1822 3765; baseline -0.01 -6"><span class='ocrx_word' id='word_1_415' title='bbox 250 3715 435 3759; x_wconf 85' lang='lat' dir='ltr'><strong>cretor.</strong></span> <span class='ocrx_word' id='word_1_416' title='bbox 488 3704 639 3757; x_wconf 80' lang='lat' dir='ltr'><strong>Idem</strong></span> <span class='ocrx_word' id='word_1_417' title='bbox 669 3715 848 3756; x_wconf 90' lang='lat' dir='ltr'><strong>sermo</strong></span> <span class='ocrx_word' id='word_1_418' title='bbox 875 3699 1047 3753; x_wconf 75' lang='lat' dir='ltr'><strong>vivus.</strong></span> <span class='ocrx_word' id='word_1_419' title='bbox 1081 3695 1484 3765; x_wconf 81' lang='lat' dir='ltr'><strong>Cogitationum.</strong></span> <span class='ocrx_word' id='word_1_420' title='bbox 1529 3692 1583 3746; x_wconf 92' lang='lat' dir='ltr'><strong>In</strong></span> <span class='ocrx_word' id='word_1_421' title='bbox 1622 3693 1822 3746; x_wconf 84' lang='lat' dir='ltr'><strong>anima.</strong></span> 
     </span>
    </p>
   </div>
   <div class='ocr_carea' id='block_1_55' title="bbox 253 3782 1827 3859">
    <p class='ocr_par' dir='ltr' id='par_1_55' title="bbox 253 3782 1827 3859">
     <span class='ocr_line' id='line_1_55' title="bbox 253 3782 1827 3859; baseline -0.011 -8"><span class='ocrx_word' id='word_1_422' title='bbox 253 3798 317 3851; x_wconf 81' lang='lat' dir='ltr'><strong>Et</strong></span> <span class='ocrx_word' id='word_1_423' title='bbox 362 3796 735 3850; x_wconf 79' lang='lat' dir='ltr'><strong>intentionum.</strong></span> <span class='ocrx_word' id='word_1_424' title='bbox 780 3791 835 3845; x_wconf 89' lang='lat' dir='ltr'><strong>In</strong></span> <span class='ocrx_word' id='word_1_425' title='bbox 885 3789 1097 3859; x_wconf 87' lang='lat' dir='ltr'><strong>spiritu.</strong></span> <span class='ocrx_word' id='word_1_426' title='bbox 1145 3785 1340 3839; x_wconf 86' lang='lat' dir='ltr'><strong>Omnia</strong></span> <span class='ocrx_word' id='word_1_427' title='bbox 1388 3792 1559 3837; x_wconf 80' lang='lat' dir='ltr'><strong>autem</strong></span> <span class='ocrx_word' id='word_1_428' title='bbox 1591 3782 1732 3836; x_wconf 83' lang='lat' dir='ltr'><strong>nuda</strong></span> <span class='ocrx_word' id='word_1_429' title='bbox 1777 3790 1827 3836; x_wconf 84' lang='lat' dir='ltr'><strong>et</strong></span> 
     </span>
    </p>
   </div>
   <div class='ocr_carea' id='block_1_56' title="bbox 253 3872 1821 3958">
    <p class='ocr_par' dir='ltr' id='par_1_56' title="bbox 253 3872 1821 3958">
     <span class='ocr_line' id='line_1_56' title="bbox 253 3872 1821 3958; baseline -0.011 -16"><span class='ocrx_word' id='word_1_430' title='bbox 253 3898 429 3958; x_wconf 84' lang='lat' dir='ltr'><strong>aperta</strong></span> <span class='ocrx_word' id='word_1_431' title='bbox 458 3895 601 3940; x_wconf 77' lang='lat' dir='ltr'><strong>sunt.</strong></span> <span class='ocrx_word' id='word_1_432' title='bbox 647 3883 870 3937; x_wconf 86' lang='lat' dir='ltr'><strong>Duobus</strong></span> <span class='ocrx_word' id='word_1_433' title='bbox 894 3878 1069 3934; x_wconf 88' lang='lat' dir='ltr'><strong>modis</strong></span> <span class='ocrx_word' id='word_1_434' title='bbox 1110 3891 1199 3931; x_wconf 88' lang='lat' dir='ltr'><strong>res</strong></span> <span class='ocrx_word' id='word_1_435' title='bbox 1243 3873 1539 3943; x_wconf 86' lang='lat' dir='ltr'><strong>corporalis</strong></span> <span class='ocrx_word' id='word_1_436' title='bbox 1579 3872 1821 3925; x_wconf 85' lang='lat' dir='ltr'><strong>celatur:</strong></span> 
     </span>
    </p>
   </div>
   <div class='ocr_carea' id='block_1_57' title="bbox 252 3961 1825 4038">
    <p class='ocr_par' dir='ltr' id='par_1_57' title="bbox 252 3961 1825 4038">
     <span class='ocr_line' id='line_1_57' title="bbox 252 3961 1825 4038; baseline -0.012 -5"><span class='ocrx_word' id='word_1_437' title='bbox 252 3981 426 4033; x_wconf 75' lang='lat' dir='ltr'><strong>latens</strong></span> <span class='ocrx_word' id='word_1_438' title='bbox 452 3977 563 4032; x_wconf 76' lang='lat' dir='ltr'><strong>sub</strong></span> <span class='ocrx_word' id='word_1_439' title='bbox 585 3980 745 4038; x_wconf 87' lang='lat' dir='ltr'><strong>tecto,</strong></span> <span class='ocrx_word' id='word_1_440' title='bbox 777 3972 899 4025; x_wconf 89' lang='lat' dir='ltr'><strong>ideo</strong></span> <span class='ocrx_word' id='word_1_441' title='bbox 928 3969 1059 4024; x_wconf 88' lang='lat' dir='ltr'><strong>dicit</strong></span> <span class='ocrx_word' id='word_1_442' title='bbox 1092 3966 1238 4021; x_wconf 87' lang='lat' dir='ltr'><strong>nuda</strong></span> <span class='ocrx_word' id='word_1_443' title='bbox 1269 3981 1284 4029; x_wconf 90' lang='lat'><strong>;</strong></span> <span class='ocrx_word' id='word_1_444' title='bbox 1337 3972 1432 4018; x_wconf 91' lang='lat' dir='ltr'><strong>aut</strong></span> <span class='ocrx_word' id='word_1_445' title='bbox 1458 3961 1825 4025; x_wconf 88' lang='lat' dir='ltr'><strong>conclusione,</strong></span> 
     </span>
    </p>
   </div>
   <div class='ocr_carea' id='block_1_58' title="bbox 254 4051 1830 4137">
    <p class='ocr_par' dir='ltr' id='par_1_58' title="bbox 254 4051 1830 4137">
     <span class='ocr_line' id='line_1_58' title="bbox 254 4051 1830 4137; baseline -0.015 -10"><span class='ocrx_word' id='word_1_446' title='bbox 254 4072 372 4126; x_wconf 78' lang='lat' dir='ltr'><strong>ideo</strong></span> <span class='ocrx_word' id='word_1_447' title='bbox 418 4071 495 4124; x_wconf 84' lang='lat' dir='ltr'><strong>ait</strong></span> <span class='ocrx_word' id='word_1_448' title='bbox 525 4072 732 4137; x_wconf 80' lang='lat' dir='ltr'><strong>aperta.</strong></span> <span class='ocrx_word' id='word_1_449' title='bbox 786 4060 968 4118; x_wconf 84' lang='lat' dir='ltr'><strong>Oculis</strong></span> <span class='ocrx_word' id='word_1_450' title='bbox 1014 4060 1148 4130; x_wconf 85' lang='lat' dir='ltr'><strong>ejus.</strong></span> <span class='ocrx_word' id='word_1_451' title='bbox 1193 4057 1247 4112; x_wconf 90' lang='lat' dir='ltr'><strong>Id</strong></span> <span class='ocrx_word' id='word_1_452' title='bbox 1277 4064 1379 4120; x_wconf 83' lang='lat' dir='ltr'><strong>est,</strong></span> <span class='ocrx_word' id='word_1_453' title='bbox 1410 4051 1830 4123; x_wconf 86' lang='lat' dir='ltr'><strong>iuspectionibus</strong></span> 
     </span>
    </p>
   </div>
   <div class='ocr_carea' id='block_1_59' title="bbox 251 4140 1825 4227">
    <p class='ocr_par' dir='ltr' id='par_1_59' title="bbox 251 4140 1825 4227">
     <span class='ocr_line' id='line_1_59' title="bbox 251 4140 1825 4227; baseline -0.014 -10"><span class='ocrx_word' id='word_1_454' title='bbox 251 4140 468 4217; x_wconf 68' lang='lat' dir='ltr'><strong>divinis.</strong></span> <span class='ocrx_word' id='word_1_455' title='bbox 506 4158 588 4213; x_wconf 77' lang='lat' dir='ltr'><strong>Ad</strong></span> <span class='ocrx_word' id='word_1_456' title='bbox 614 4170 766 4227; x_wconf 86' lang='lat' dir='ltr'><strong>quem</strong></span> <span class='ocrx_word' id='word_1_457' title='bbox 814 4152 961 4206; x_wconf 83' lang='lat' dir='ltr'><strong>nobis</strong></span> <span class='ocrx_word' id='word_1_458' title='bbox 990 4166 1159 4204; x_wconf 81' lang='lat' dir='ltr'><strong>sermo</strong></span> <span class='ocrx_word' id='word_1_459' title='bbox 1185 4157 1282 4203; x_wconf 87' lang='lat' dir='ltr'><strong>est.</strong></span> <span class='ocrx_word' id='word_1_460' title='bbox 1314 4146 1391 4200; x_wconf 87' lang='lat' dir='ltr'><strong>De</strong></span> <span class='ocrx_word' id='word_1_461' title='bbox 1420 4158 1549 4214; x_wconf 88' lang='lat' dir='ltr'><strong>quo,</strong></span> <span class='ocrx_word' id='word_1_462' title='bbox 1580 4143 1683 4198; x_wconf 89' lang='lat' dir='ltr'><strong>hoc</strong></span> <span class='ocrx_word' id='word_1_463' title='bbox 1723 4149 1825 4208; x_wconf 86' lang='lat' dir='ltr'><strong>est,</strong></span> 
     </span>
    </p>
   </div>
   <div class='ocr_carea' id='block_1_60' title="bbox 250 4235 1831 4319">
    <p class='ocr_par' dir='ltr' id='par_1_60' title="bbox 250 4235 1831 4319">
     <span class='ocr_line' id='line_1_60' title="bbox 250 4235 1831 4319; baseline -0.011 -12"><span class='ocrx_word' id='word_1_464' title='bbox 250 4253 493 4315; x_wconf 78' lang='lat' dir='ltr'><strong>Christo,</strong></span> <span class='ocrx_word' id='word_1_465' title='bbox 522 4248 781 4319; x_wconf 85' lang='lat' dir='ltr'><strong>quoniam</strong></span> <span class='ocrx_word' id='word_1_466' title='bbox 814 4243 1076 4300; x_wconf 87' lang='lat' dir='ltr'><strong>reddituri</strong></span> <span class='ocrx_word' id='word_1_467' title='bbox 1104 4255 1288 4295; x_wconf 86' lang='lat' dir='ltr'><strong>sumus</strong></span> <span class='ocrx_word' id='word_1_468' title='bbox 1313 4253 1495 4294; x_wconf 81' lang='lat' dir='ltr'><strong>coram</strong></span> <span class='ocrx_word' id='word_1_469' title='bbox 1526 4237 1641 4305; x_wconf 89' lang='lat' dir='ltr'><strong>ipso</strong></span> <span class='ocrx_word' id='word_1_470' title='bbox 1666 4235 1831 4289; x_wconf 79' lang='lat' dir='ltr'><strong>ratio-</strong></span> 
     </span>
    </p>
   </div>
   <div class='ocr_carea' id='block_1_61' title="bbox 253 4328 1829 4405">
    <p class='ocr_par' dir='ltr' id='par_1_61' title="bbox 253 4328 1829 4405">
     <span class='ocr_line' id='line_1_61' title="bbox 253 4328 1829 4405; baseline -0.013 -7"><span class='ocrx_word' id='word_1_471' title='bbox 253 4358 378 4397; x_wconf 84' lang='lat' dir='ltr'><strong>nem</strong></span> <span class='ocrx_word' id='word_1_472' title='bbox 403 4342 471 4396; x_wconf 87' lang='lat' dir='ltr'><strong>de</strong></span> <span class='ocrx_word' id='word_1_473' title='bbox 492 4339 747 4395; x_wconf 84' lang='lat' dir='ltr'><strong>omnibus</strong></span> <span class='ocrx_word' id='word_1_474' title='bbox 772 4350 893 4405; x_wconf 67' lang='lat' dir='ltr'><strong>quae</strong></span> <span class='ocrx_word' id='word_1_475' title='bbox 925 4333 1209 4404; x_wconf 74' lang='lat' dir='ltr'><strong>gessimus.</strong></span> <span class='ocrx_word' id='word_1_476' title='bbox 1242 4329 1426 4398; x_wconf 82' lang='lat' dir='ltr'><strong>Itaque</strong></span> <span class='ocrx_word' id='word_1_477' title='bbox 1459 4328 1524 4382; x_wconf 90' lang='lat' dir='ltr'><strong>ad</strong></span> <span class='ocrx_word' id='word_1_478' title='bbox 1546 4340 1706 4396; x_wconf 88' lang='lat' dir='ltr'><strong>quem</strong></span> <span class='ocrx_word' id='word_1_479' title='bbox 1732 4339 1829 4379; x_wconf 89' lang='lat' dir='ltr'><strong>no—</strong></span> 
     </span>
    </p>
   </div>
   <div class='ocr_carea' id='block_1_62' title="bbox 254 4419 1829 4495">
    <p class='ocr_par' dir='ltr' id='par_1_62' title="bbox 254 4419 1829 4495">
     <span class='ocr_line' id='line_1_62' title="bbox 254 4419 1829 4495; baseline -0.012 -5"><span class='ocrx_word' id='word_1_480' title='bbox 254 4434 337 4489; x_wconf 81' lang='lat' dir='ltr'><strong>bis</strong></span> <span class='ocrx_word' id='word_1_481' title='bbox 360 4445 543 4488; x_wconf 82' lang='lat' dir='ltr'><strong>sermo</strong></span> <span class='ocrx_word' id='word_1_482' title='bbox 568 4438 674 4495; x_wconf 87' lang='lat' dir='ltr'><strong>est,</strong></span> <span class='ocrx_word' id='word_1_483' title='bbox 710 4444 776 4484; x_wconf 86' lang='lat' dir='ltr'><strong>ac</strong></span> <span class='ocrx_word' id='word_1_484' title='bbox 816 4428 864 4481; x_wconf 90' lang='lat' dir='ltr'><strong>si</strong></span> <span class='ocrx_word' id='word_1_485' title='bbox 909 4427 1153 4481; x_wconf 88' lang='lat' dir='ltr'><strong>diceret:</strong></span> <span class='ocrx_word' id='word_1_486' title='bbox 1204 4420 1303 4476; x_wconf 77' lang='lat' dir='ltr'><strong>llic</strong></span> <span class='ocrx_word' id='word_1_487' title='bbox 1345 4421 1487 4475; x_wconf 88' lang='lat' dir='ltr'><strong>Deus</strong></span> <span class='ocrx_word' id='word_1_488' title='bbox 1511 4427 1596 4474; x_wconf 88' lang='lat' dir='ltr'><strong>est</strong></span> <span class='ocrx_word' id='word_1_489' title='bbox 1621 4419 1686 4474; x_wconf 90' lang='lat' dir='ltr'><strong>de</strong></span> <span class='ocrx_word' id='word_1_490' title='bbox 1723 4433 1829 4488; x_wconf 86' lang='lat' dir='ltr'><strong>quo</strong></span> 
     </span>
    </p>
   </div>
   <div class='ocr_carea' id='block_1_63' title="bbox 256 4508 1825 4592">
    <p class='ocr_par' dir='ltr' id='par_1_63' title="bbox 256 4508 1825 4592">
     <span class='ocr_line' id='line_1_63' title="bbox 256 4508 1825 4592; baseline -0.011 -15"><span class='ocrx_word' id='word_1_491' title='bbox 256 4522 545 4592; x_wconf 81' lang='lat' dir='ltr'><strong>loquimur.</strong></span> <span class='ocrx_word' id='word_1_492' title='bbox 587 4520 691 4585; x_wconf 88' lang='lat' dir='ltr'><strong>Qui</strong></span> <span class='ocrx_word' id='word_1_493' title='bbox 735 4515 1017 4588; x_wconf 79' lang='lat' dir='ltr'><strong>penetravit</strong></span> <span class='ocrx_word' id='word_1_494' title='bbox 1062 4512 1235 4567; x_wconf 80' lang='lat' dir='ltr'><strong>ctelos.</strong></span> <span class='ocrx_word' id='word_1_495' title='bbox 1295 4510 1466 4565; x_wconf 81' lang='lat' dir='ltr'><strong>Morte</strong></span> <span class='ocrx_word' id='word_1_496' title='bbox 1509 4508 1825 4573; x_wconf 89' lang='lat' dir='ltr'><strong>sacerdotis,</strong></span> 
     </span>
    </p>
   </div>
   <div class='ocr_carea' id='block_1_64' title="bbox 254 4596 1830 4669">
    <p class='ocr_par' dir='ltr' id='par_1_64' title="bbox 254 4596 1830 4669">
     <span class='ocr_line' id='line_1_64' title="bbox 254 4596 1830 4669; baseline -0.012 0"><span class='ocrx_word' id='word_1_497' title='bbox 254 4615 396 4669; x_wconf 74' lang='lat' dir='ltr'><strong>ultra</strong></span> <span class='ocrx_word' id='word_1_498' title='bbox 444 4596 620 4664; x_wconf 81' lang='lat' dir='ltr'><strong>velum</strong></span> <span class='ocrx_word' id='word_1_499' title='bbox 656 4609 712 4661; x_wconf 91' lang='lat' dir='ltr'><strong>in</strong></span> <span class='ocrx_word' id='word_1_500' title='bbox 760 4613 945 4660; x_wconf 86' lang='lat' dir='ltr'><strong>sancta</strong></span> <span class='ocrx_word' id='word_1_501' title='bbox 975 4611 1287 4659; x_wconf 85' lang='lat' dir='ltr'><strong>sanctorum</strong></span> <span class='ocrx_word' id='word_1_502' title='bbox 1329 4597 1603 4653; x_wconf 88' lang='lat' dir='ltr'><strong>intrantis.</strong></span> <span class='ocrx_word' id='word_1_503' title='bbox 1644 4596 1830 4650; x_wconf 80' lang='lat' dir='ltr'><strong>Tenta-</strong></span> 
     </span>
    </p>
   </div>
   <div class='ocr_carea' id='block_1_65' title="bbox 254 4688 1828 4768">
    <p class='ocr_par' dir='ltr' id='par_1_65' title="bbox 254 4688 1828 4768">
     <span class='ocr_line' id='line_1_65' title="bbox 254 4688 1828 4768; baseline -0.01 -13"><span class='ocrx_word' id='word_1_504' title='bbox 254 4712 365 4755; x_wconf 67' lang='grc' dir='ltr'><strong>ιω</strong></span> <span class='ocrx_word' id='word_1_505' title='bbox 389 4708 561 4753; x_wconf 74' lang='lat' dir='ltr'><strong>autem</strong></span> <span class='ocrx_word' id='word_1_506' title='bbox 585 4712 683 4768; x_wconf 87' lang='lat' dir='ltr'><strong>per</strong></span> <span class='ocrx_word' id='word_1_507' title='bbox 701 4696 897 4749; x_wconf 85' lang='lat' dir='ltr'><strong>omnia.</strong></span> <span class='ocrx_word' id='word_1_508' title='bbox 938 4691 1258 4754; x_wconf 83' lang='lat' dir='ltr'><strong>Esuriendo,</strong></span> <span class='ocrx_word' id='word_1_509' title='bbox 1302 4688 1553 4751; x_wconf 88' lang='lat' dir='ltr'><strong>sitiendo,</strong></span> <span class='ocrx_word' id='word_1_510' title='bbox 1593 4694 1699 4740; x_wconf 84' lang='lat' dir='ltr'><strong>etc.</strong></span> <span class='ocrx_word' id='word_1_511' title='bbox 1748 4688 1828 4739; x_wconf 80' lang='lat' dir='ltr'><strong>Ad</strong></span> 
     </span>
    </p>
   </div>
   <div class='ocr_carea' id='block_1_66' title="bbox 258 4774 1831 4856">
    <p class='ocr_par' dir='ltr' id='par_1_66' title="bbox 258 4774 1831 4856">
     <span class='ocr_line' id='line_1_66' title="bbox 258 4774 1831 4856; baseline -0.01 -14"><span class='ocrx_word' id='word_1_512' title='bbox 258 4788 507 4842; x_wconf 68' lang='lat' dir='ltr'><strong>thronum</strong></span> <span class='ocrx_word' id='word_1_513' title='bbox 529 4785 736 4856; x_wconf 63' lang='lat' dir='ltr'><strong>gratim.</strong></span> <span class='ocrx_word' id='word_1_514' title='bbox 774 4781 874 4837; x_wconf 87' lang='lat' dir='ltr'><strong>Ubi</strong></span> <span class='ocrx_word' id='word_1_515' title='bbox 902 4782 1019 4850; x_wconf 90' lang='lat' dir='ltr'><strong>ipse</strong></span> <span class='ocrx_word' id='word_1_516' title='bbox 1046 4790 1189 4832; x_wconf 90' lang='lat' dir='ltr'><strong>nunc</strong></span> <span class='ocrx_word' id='word_1_517' title='bbox 1218 4776 1388 4839; x_wconf 87' lang='lat' dir='ltr'><strong>sedet,</strong></span> <span class='ocrx_word' id='word_1_518' title='bbox 1412 4774 1491 4829; x_wconf 59' lang='lat' dir='ltr'><strong>&#39;ne</strong></span> <span class='ocrx_word' id='word_1_519' title='bbox 1514 4776 1831 4829; x_wconf 77' lang='lat' dir='ltr'><strong>damnentur</strong></span> 
     </span>
    </p>
   </div>
   <div class='ocr_carea' id='block_1_67' title="bbox 256 4863 1829 4940">
    <p class='ocr_par' dir='ltr' id='par_1_67' title="bbox 256 4863 1829 4940">
     <span class='ocr_line' id='line_1_67' title="bbox 256 4863 1829 4940; baseline -0.011 -5"><span class='ocrx_word' id='word_1_520' title='bbox 256 4878 621 4935; x_wconf 75' lang='lat' dir='ltr'><strong>dom‘sedehit</strong></span> <span class='ocrx_word' id='word_1_521' title='bbox 658 4878 715 4930; x_wconf 82' lang='lat' dir='ltr'><strong>in</strong></span> <span class='ocrx_word' id='word_1_522' title='bbox 740 4875 933 4928; x_wconf 86' lang='lat' dir='ltr'><strong>throno</strong></span> <span class='ocrx_word' id='word_1_523' title='bbox 959 4870 1229 4940; x_wconf 62' lang='lat' dir='ltr'><strong>aequitatis</strong></span> <span class='ocrx_word' id='word_1_524' title='bbox 1265 4880 1392 4922; x_wconf 78' lang='lat' dir='ltr'><strong>suae.</strong></span> <span class='ocrx_word' id='word_1_525' title='bbox 1440 4863 1505 4918; x_wconf 89' lang='lat' dir='ltr'><strong>Ut</strong></span> <span class='ocrx_word' id='word_1_526' title='bbox 1534 4866 1829 4919; x_wconf 74' lang='lat' dir='ltr'><strong>misericor~</strong></span> 
     </span>
    </p>
   </div>
   <div class='ocr_carea' id='block_1_68' title="bbox 259 4957 1825 5040">
    <p class='ocr_par' dir='ltr' id='par_1_68' title="bbox 259 4957 1825 5040">
     <span class='ocr_line' id='line_1_68' title="bbox 259 4957 1825 5040; baseline -0.01 -16"><span class='ocrx_word' id='word_1_527' title='bbox 259 4969 401 5023; x_wconf 74' lang='lat' dir='ltr'><strong>diem</strong></span> <span class='ocrx_word' id='word_1_528' title='bbox 425 4981 824 5040; x_wconf 77' lang='lat' dir='ltr'><strong>consequamur.</strong></span> <span class='ocrx_word' id='word_1_529' title='bbox 855 4964 917 5019; x_wconf 83' lang='lat' dir='ltr'><strong>Id</strong></span> <span class='ocrx_word' id='word_1_530' title='bbox 928 4971 1031 5028; x_wconf 89' lang='lat' dir='ltr'><strong>est,</strong></span> <span class='ocrx_word' id='word_1_531' title='bbox 1047 4970 1393 5032; x_wconf 79' lang='lat' dir='ltr'><strong>peccatorum</strong></span> <span class='ocrx_word' id='word_1_532' title='bbox 1418 4957 1825 5027; x_wconf 78' lang='lat' dir='ltr'><strong>indulgentiam.</strong></span> 
     </span>
    </p>
   </div>
   <div class='ocr_carea' id='block_1_69' title="bbox 262 5048 1832 5137">
    <p class='ocr_par' dir='ltr' id='par_1_69' title="bbox 262 5048 1832 5137">
     <span class='ocr_line' id='line_1_69' title="bbox 262 5048 1832 5137; baseline -0.011 -21"><span class='ocrx_word' id='word_1_533' title='bbox 262 5059 924 5137; x_wconf 58' lang='lat' dir='ltr'><strong>Eminmiamus.</strong></span> <span class='ocrx_word' id='word_1_534' title='bbox 942 5055 1329 5110; x_wconf 42' lang='lat' dir='ltr'><strong>Vitaa&#39;asterute.</strong></span> <span class='ocrx_word' id='word_1_535' title='bbox 1356 5049 1422 5103; x_wconf 87' lang='lat' dir='ltr'><strong>In</strong></span> <span class='ocrx_word' id='word_1_536' title='bbox 1436 5048 1636 5102; x_wconf 73' lang='lat' dir='ltr'><strong>auxilio</strong></span> <span class='ocrx_word' id='word_1_537' title='bbox 1651 5063 1832 5117; x_wconf 84' lang='lat' dir='ltr'><strong>oppor-</strong></span> 
     </span>
    </p>
   </div>
   <div class='ocr_carea' id='block_1_70' title="bbox 262 5124 1923 5219">
    <p class='ocr_par' dir='ltr' id='par_1_70' title="bbox 262 5124 1923 5219">
     <span class='ocr_line' id='line_1_70' title="bbox 262 5124 1923 5219; baseline -0.011 -10"><span class='ocrx_word' id='word_1_538' title='bbox 586 5151 645 5205; x_wconf 89' lang='lat' dir='ltr'><strong>in</strong></span> <span class='ocrx_word' id='word_1_539' title='bbox 670 5148 923 5219; x_wconf 72' lang='lat' dir='ltr'><strong>pmenti</strong></span> <span class='ocrx_word' id='word_1_540' title='bbox 952 5155 1215 5216; x_wconf 86' lang='lat' dir='ltr'><strong>tempore,</strong></span> <span class='ocrx_word' id='word_1_541' title='bbox 1256 5150 1323 5197; x_wconf 83' lang='lat' dir='ltr'><strong>ut</strong></span> <span class='ocrx_word' id='word_1_542' title='bbox 1345 5139 1635 5211; x_wconf 79' lang='lat' dir='ltr'><strong>Apostolus</strong></span> <span class='ocrx_word' id='word_1_543' title='bbox 1661 5139 1826 5194; x_wconf 83' lang='lat' dir='ltr'><strong>dicit:</strong></span> <span class='ocrx_word' id='word_1_544' title='bbox 1922 5168 1923 5171; x_wconf 60' lang='grc' dir='ltr'><strong>η</strong></span> 
     </span>
    </p>
   </div>
   <div class='ocr_carea' id='block_1_71' title="bbox 261 5228 1832 5308">
    <p class='ocr_par' dir='ltr' id='par_1_71' title="bbox 261 5228 1832 5308">
     <span class='ocr_line' id='line_1_71' title="bbox 261 5228 1832 5308; baseline -0.01 -11"><span class='ocrx_word' id='word_1_545' title='bbox 261 5238 395 5296; x_wconf 69' lang='lat' dir='ltr'><strong>Ecce</strong></span> <span class='ocrx_word' id='word_1_546' title='bbox 417 5254 558 5295; x_wconf 77' lang='lat' dir='ltr'><strong>nunc</strong></span> <span class='ocrx_word' id='word_1_547' title='bbox 585 5250 793 5308; x_wconf 77' lang='lat' dir='ltr'><strong>tempus</strong></span> <span class='ocrx_word' id='word_1_548' title='bbox 815 5235 1159 5307; x_wconf 82' lang='lat' dir='ltr'><strong>acceptabile,</strong></span> <span class='ocrx_word' id='word_1_549' title='bbox 1197 5248 1313 5287; x_wconf 84' lang='lat' dir='ltr'><strong>ecce</strong></span> <span class='ocrx_word' id='word_1_550' title='bbox 1340 5248 1477 5286; x_wconf 87' lang='lat' dir='ltr'><strong>nunc</strong></span> <span class='ocrx_word' id='word_1_551' title='bbox 1505 5230 1615 5284; x_wconf 87' lang='lat' dir='ltr'><strong>dies</strong></span> <span class='ocrx_word' id='word_1_552' title='bbox 1649 5228 1832 5283; x_wconf 89' lang='lat' dir='ltr'><strong>salutis</strong></span> 
     </span>
    </p>
   </div>
   <div class='ocr_carea' id='block_1_72' title="bbox 250 5321 1835 5402">
    <p class='ocr_par' dir='ltr' id='par_1_72' title="bbox 250 5321 1835 5402">
     <span class='ocr_line' id='line_1_72' title="bbox 250 5321 1835 5402; baseline -0.006 -17"><span class='ocrx_word' id='word_1_553' title='bbox 250 5329 345 5402; x_wconf 55' lang='lat' dir='ltr'><strong>.(II</strong></span> <span class='ocrx_word' id='word_1_554' title='bbox 369 5332 489 5387; x_wconf 84' lang='lat' dir='ltr'><strong>Cor.</strong></span> <span class='ocrx_word' id='word_1_555' title='bbox 521 5331 620 5399; x_wconf 71' lang='lat' dir='ltr'><strong>vr).</strong></span> <span class='ocrx_word' id='word_1_556' title='bbox 654 5332 763 5385; x_wconf 77' lang='lat' dir='ltr'><strong>Aut</strong></span> <span class='ocrx_word' id='word_1_557' title='bbox 788 5331 845 5383; x_wconf 89' lang='lat' dir='ltr'><strong>in</strong></span> <span class='ocrx_word' id='word_1_558' title='bbox 874 5328 1117 5400; x_wconf 86' lang='lat' dir='ltr'><strong>periequ</strong></span> <span class='ocrx_word' id='word_1_559' title='bbox 1143 5326 1229 5382; x_wconf 87' lang='lat' dir='ltr'><strong>die</strong></span> <span class='ocrx_word' id='word_1_560' title='bbox 1247 5325 1436 5395; x_wconf 70' lang='lat' dir='ltr'><strong>iudicii</strong></span> <span class='ocrx_word' id='word_1_561' title='bbox 1468 5344 1480 5378; x_wconf 89' lang='lat'><strong>:</strong></span> <span class='ocrx_word' id='word_1_562' title='bbox 1532 5332 1591 5378; x_wconf 86' lang='lat' dir='ltr'><strong>ut</strong></span> <span class='ocrx_word' id='word_1_563' title='bbox 1622 5321 1835 5390; x_wconf 75' lang='lat' dir='ltr'><strong>adiutor</strong></span> 
     </span>
    </p>
   </div>
   <div class='ocr_carea' id='block_1_73' title="bbox 260 5417 1671 5496">
    <p class='ocr_par' dir='ltr' id='par_1_73' title="bbox 260 5417 1671 5496">
     <span class='ocr_line' id='line_1_73' title="bbox 260 5417 1671 5496; baseline -0.011 -15"><span class='ocrx_word' id='word_1_564' title='bbox 260 5427 313 5481; x_wconf 78' lang='lat' dir='ltr'><strong>in</strong></span> <span class='ocrx_word' id='word_1_565' title='bbox 337 5423 854 5496; x_wconf 74' lang='lat' dir='ltr'><strong>opportunitatibus,</strong></span> <span class='ocrx_word' id='word_1_566' title='bbox 890 5422 943 5475; x_wconf 88' lang='lat' dir='ltr'><strong>in</strong></span> <span class='ocrx_word' id='word_1_567' title='bbox 975 5417 1339 5474; x_wconf 82' lang='lat' dir='ltr'><strong>tribulatione.</strong></span> <span class='ocrx_word' id='word_1_568' title='bbox 1668 5430 1671 5437; x_wconf 92' lang='grc'>·</span> 
     </span>
    </p>
   </div>
   <div class='ocr_carea' id='block_1_74' title="bbox 330 5520 1214 5597">
    <p class='ocr_par' dir='ltr' id='par_1_74' title="bbox 330 5520 1214 5597">
     <span class='ocr_line' id='line_1_74' title="bbox 330 5520 1214 5597; baseline -0.008 -9"><span class='ocrx_word' id='word_1_569' title='bbox 330 5520 403 5597; x_wconf 54' lang='grc' dir='ltr'><strong>ἴθ’</strong></span> <span class='ocrx_word' id='word_1_570' title='bbox 552 5524 557 5531; x_wconf 86' lang='grc'><strong>·</strong></span> <span class='ocrx_word' id='word_1_571' title='bbox 604 5524 607 5533; x_wconf 80' lang='lat'><em>‘</em></span> <span class='ocrx_word' id='word_1_572' title='bbox 889 5526 1117 5587; x_wconf 85' lang='lat' dir='ltr'><strong>CAPUT</strong></span> <span class='ocrx_word' id='word_1_573' title='bbox 1150 5529 1214 5583; x_wconf 69' lang='grc' dir='ltr'><strong>ν.</strong></span> 
     </span>
    </p>
   </div>
   <div class='ocr_carea' id='block_1_75' title="bbox 327 5596 1835 5675">
    <p class='ocr_par' dir='ltr' id='par_1_75' title="bbox 327 5596 1835 5675">
     <span class='ocr_line' id='line_1_75' title="bbox 327 5596 1835 5675; baseline -0.009 -15"><span class='ocrx_word' id='word_1_574' title='bbox 327 5596 515 5660; x_wconf 72' lang='lat' dir='ltr'><strong>Otnnis</strong></span> <span class='ocrx_word' id='word_1_575' title='bbox 548 5608 775 5675; x_wconf 74' lang='lat' dir='ltr'><strong>namque</strong></span> <span class='ocrx_word' id='word_1_576' title='bbox 804 5601 1061 5672; x_wconf 67' lang='lat' dir='ltr'><strong>pontifex,</strong></span> <span class='ocrx_word' id='word_1_577' title='bbox 1091 5612 1158 5654; x_wconf 69' lang='lat' dir='ltr'><strong>ex</strong></span> <span class='ocrx_word' id='word_1_578' title='bbox 1183 5596 1476 5652; x_wconf 75' lang='lat' dir='ltr'><strong>hominibus</strong></span> <span class='ocrx_word' id='word_1_579' title='bbox 1516 5604 1835 5663; x_wconf 84' lang='lat' dir='ltr'><strong>assumptus,</strong></span> 
     </span>
    </p>
   </div>
   <div class='ocr_carea' id='block_1_76' title="bbox 257 5687 1832 5771">
    <p class='ocr_par' dir='ltr' id='par_1_76' title="bbox 257 5687 1832 5771">
     <span class='ocr_line' id='line_1_76' title="bbox 257 5687 1832 5771; baseline -0.011 -16"><span class='ocrx_word' id='word_1_580' title='bbox 257 5715 353 5771; x_wconf 79' lang='lat' dir='ltr'><strong>pro</strong></span> <span class='ocrx_word' id='word_1_581' title='bbox 386 5700 683 5754; x_wconf 80' lang='lat' dir='ltr'><strong>hominibus</strong></span> <span class='ocrx_word' id='word_1_582' title='bbox 714 5697 1050 5751; x_wconf 78' lang='lat' dir='ltr'><strong>constituitur</strong></span> <span class='ocrx_word' id='word_1_583' title='bbox 1072 5695 1126 5747; x_wconf 85' lang='lat' dir='ltr'><strong>in</strong></span> <span class='ocrx_word' id='word_1_584' title='bbox 1152 5690 1231 5746; x_wconf 81' lang='lat' dir='ltr'><strong>his</strong></span> <span class='ocrx_word' id='word_1_585' title='bbox 1260 5706 1375 5761; x_wconf 62' lang='lat' dir='ltr'><strong>qua:</strong></span> <span class='ocrx_word' id='word_1_586' title='bbox 1400 5696 1521 5744; x_wconf 82' lang='lat' dir='ltr'><strong>sunt</strong></span> <span class='ocrx_word' id='word_1_587' title='bbox 1540 5688 1614 5744; x_wconf 85' lang='lat' dir='ltr'><strong>ad</strong></span> <span class='ocrx_word' id='word_1_588' title='bbox 1643 5687 1832 5749; x_wconf 83' lang='lat' dir='ltr'><strong>Deum,</strong></span> 
     </span>
    </p>
   </div>
   <div class='ocr_carea' id='block_1_77' title="bbox 1856 4467 1907 4525">
    <p class='ocr_par' dir='ltr' id='par_1_77' title="bbox 1856 4467 1907 4525">
     <span class='ocr_line' id='line_1_77' title="bbox 1856 4467 1907 4525; baseline 0 0"><span class='ocrx_word' id='word_1_589' title='bbox 1856 4467 1907 4525; x_wconf 88' lang='lat' dir='ltr'><strong>D</strong></span> 
     </span>
    </p>
   </div>
   <div class='ocr_carea' id='block_1_78' title="bbox 1928 1889 3496 1967">
    <p class='ocr_par' dir='ltr' id='par_1_78' title="bbox 1928 1889 3496 1967">
     <span class='ocr_line' id='line_1_78' title="bbox 1928 1889 3496 1967; baseline 0.006 -25"><span class='ocrx_word' id='word_1_590' title='bbox 1928 1892 2045 1943; x_wconf 81' lang='lat' dir='ltr'><strong>mis.</strong></span> <span class='ocrx_word' id='word_1_591' title='bbox 2094 1889 2200 1944; x_wconf 83' lang='lat' dir='ltr'><strong>Pro</strong></span> <span class='ocrx_word' id='word_1_592' title='bbox 2230 1898 2417 1945; x_wconf 89' lang='lat' dir='ltr'><strong>nostra</strong></span> <span class='ocrx_word' id='word_1_593' title='bbox 2448 1891 2646 1956; x_wconf 88' lang='lat' dir='ltr'><strong>salute,</strong></span> <span class='ocrx_word' id='word_1_594' title='bbox 2679 1908 2783 1947; x_wconf 89' lang='lat' dir='ltr'><strong>non</strong></span> <span class='ocrx_word' id='word_1_595' title='bbox 2813 1894 3003 1949; x_wconf 86' lang='lat' dir='ltr'><strong>timore</strong></span> <span class='ocrx_word' id='word_1_596' title='bbox 3032 1897 3221 1951; x_wconf 88' lang='lat' dir='ltr'><strong>mortis</strong></span> <span class='ocrx_word' id='word_1_597' title='bbox 3246 1897 3496 1967; x_wconf 81' lang='lat' dir='ltr'><strong>profusis.</strong></span> 
     </span>
    </p>
   </div>
   <div class='ocr_carea' id='block_1_79' title="bbox 1927 1978 3501 2055">
    <p class='ocr_par' dir='ltr' id='par_1_79' title="bbox 1927 1978 3501 2055">
     <span class='ocr_line' id='line_1_79' title="bbox 1927 1978 3501 2055; baseline 0.006 -24"><span class='ocrx_word' id='word_1_598' title='bbox 1927 1978 1997 2032; x_wconf 86' lang='lat' dir='ltr'><strong>Et</strong></span> <span class='ocrx_word' id='word_1_599' title='bbox 2028 1980 2309 2033; x_wconf 68' lang='lat' dir='ltr'><strong>exauditus</strong></span> <span class='ocrx_word' id='word_1_600' title='bbox 2332 1989 2427 2033; x_wconf 88' lang='lat' dir='ltr'><strong>est.</strong></span> <span class='ocrx_word' id='word_1_601' title='bbox 2473 1980 2520 2033; x_wconf 88' lang='lat' dir='ltr'><strong>A</strong></span> <span class='ocrx_word' id='word_1_602' title='bbox 2544 1980 2653 2035; x_wconf 92' lang='lat' dir='ltr'><strong>Deo</strong></span> <span class='ocrx_word' id='word_1_603' title='bbox 2694 1982 2883 2045; x_wconf 87' lang='lat' dir='ltr'><strong>Patre,</strong></span> <span class='ocrx_word' id='word_1_604' title='bbox 2916 1984 3104 2055; x_wconf 80' lang='lat' dir='ltr'><strong>angelo</strong></span> <span class='ocrx_word' id='word_1_605' title='bbox 3134 2000 3256 2040; x_wconf 90' lang='lat' dir='ltr'><strong>eum</strong></span> <span class='ocrx_word' id='word_1_606' title='bbox 3299 1987 3501 2041; x_wconf 79' lang='lat' dir='ltr'><strong>contir-</strong></span> 
     </span>
    </p>
   </div>
   <div class='ocr_carea' id='block_1_80' title="bbox 1927 2065 3504 2143">
    <p class='ocr_par' dir='ltr' id='par_1_80' title="bbox 1927 2065 3504 2143">
     <span class='ocr_line' id='line_1_80' title="bbox 1927 2065 3504 2143; baseline 0.004 -20"><span class='ocrx_word' id='word_1_607' title='bbox 1927 2076 2126 2123; x_wconf 88' lang='lat' dir='ltr'><strong>mante.</strong></span> <span class='ocrx_word' id='word_1_608' title='bbox 2172 2065 2280 2121; x_wconf 88' lang='lat' dir='ltr'><strong>Pro</strong></span> <span class='ocrx_word' id='word_1_609' title='bbox 2309 2084 2410 2122; x_wconf 87' lang='lat' dir='ltr'><strong>sua</strong></span> <span class='ocrx_word' id='word_1_610' title='bbox 2452 2071 2755 2125; x_wconf 83' lang='lat' dir='ltr'><strong>reverentia.</strong></span> <span class='ocrx_word' id='word_1_611' title='bbox 2792 2072 2938 2128; x_wconf 89' lang='lat' dir='ltr'><strong>Illius</strong></span> <span class='ocrx_word' id='word_1_612' title='bbox 2965 2074 3103 2143; x_wconf 87' lang='lat' dir='ltr'><strong>apud</strong></span> <span class='ocrx_word' id='word_1_613' title='bbox 3132 2075 3368 2141; x_wconf 87' lang='lat' dir='ltr'><strong>Patrem,</strong></span> <span class='ocrx_word' id='word_1_614' title='bbox 3416 2075 3504 2132; x_wconf 87' lang='lat' dir='ltr'><strong>vel</strong></span> 
     </span>
    </p>
   </div>
   <div class='ocr_carea' id='block_1_81' title="bbox 1927 2159 3502 2230">
    <p class='ocr_par' dir='ltr' id='par_1_81' title="bbox 1927 2159 3502 2230">
     <span class='ocr_line' id='line_1_81' title="bbox 1927 2159 3502 2230; baseline 0.006 -20"><span class='ocrx_word' id='word_1_615' title='bbox 1927 2171 2025 2227; x_wconf 91' lang='lat' dir='ltr'><strong>pro</strong></span> <span class='ocrx_word' id='word_1_616' title='bbox 2070 2160 2370 2213; x_wconf 81' lang='lat' dir='ltr'><strong>reverentia</strong></span> <span class='ocrx_word' id='word_1_617' title='bbox 2416 2159 2595 2214; x_wconf 84' lang='lat' dir='ltr'><strong>Patris</strong></span> <span class='ocrx_word' id='word_1_618' title='bbox 2632 2162 2775 2230; x_wconf 87' lang='lat' dir='ltr'><strong>apud</strong></span> <span class='ocrx_word' id='word_1_619' title='bbox 2818 2162 2986 2226; x_wconf 89' lang='lat' dir='ltr'><strong>illum,</strong></span> <span class='ocrx_word' id='word_1_620' title='bbox 3047 2164 3315 2219; x_wconf 91' lang='lat' dir='ltr'><strong>dicendo:</strong></span> <span class='ocrx_word' id='word_1_621' title='bbox 3363 2164 3502 2220; x_wconf 88' lang='lat' dir='ltr'><strong>Deus</strong></span> 
     </span>
    </p>
   </div>
   <div class='ocr_carea' id='block_1_82' title="bbox 1914 2247 3504 2324">
    <p class='ocr_par' dir='ltr' id='par_1_82' title="bbox 1914 2247 3504 2324">
     <span class='ocr_line' id='line_1_82' title="bbox 1914 2247 3504 2324; baseline 0.006 -25"><span class='ocrx_word' id='word_1_622' title='bbox 1914 2262 2096 2312; x_wconf 78' lang='lat' dir='ltr'><strong>meus,</strong></span> <span class='ocrx_word' id='word_1_623' title='bbox 2120 2247 2258 2302; x_wconf 86' lang='lat' dir='ltr'><strong>Deus</strong></span> <span class='ocrx_word' id='word_1_624' title='bbox 2281 2266 2446 2315; x_wconf 81' lang='lat' dir='ltr'><strong>meus,</strong></span> <span class='ocrx_word' id='word_1_625' title='bbox 2475 2267 2638 2321; x_wconf 89' lang='lat' dir='ltr'><strong>quare</strong></span> <span class='ocrx_word' id='word_1_626' title='bbox 2663 2266 2744 2305; x_wconf 90' lang='lat' dir='ltr'><strong>me</strong></span> <span class='ocrx_word' id='word_1_627' title='bbox 2770 2251 3093 2324; x_wconf 86' lang='lat' dir='ltr'><strong>dereliquisti</strong></span> <span class='ocrx_word' id='word_1_628' title='bbox 3115 2254 3141 2308; x_wconf 67' lang='grc' dir='ltr'>Ρ</span> <span class='ocrx_word' id='word_1_629' title='bbox 3198 2254 3293 2308; x_wconf 88' lang='lat' dir='ltr'><strong>Est</strong></span> <span class='ocrx_word' id='word_1_630' title='bbox 3320 2264 3504 2309; x_wconf 83' lang='lat' dir='ltr'><strong>autem</strong></span> 
     </span>
    </p>
   </div>
   <div class='ocr_carea' id='block_1_83' title="bbox 1928 2341 3504 2414">
    <p class='ocr_par' dir='ltr' id='par_1_83' title="bbox 1928 2341 3504 2414">
     <span class='ocr_line' id='line_1_83' title="bbox 1928 2341 3504 2414; baseline 0.005 -22"><span class='ocrx_word' id='word_1_631' title='bbox 1928 2342 2226 2394; x_wconf 75' lang='lat' dir='ltr'><strong>reverentia</strong></span> <span class='ocrx_word' id='word_1_632' title='bbox 2273 2341 2467 2397; x_wconf 86' lang='lat' dir='ltr'><strong>mistus</strong></span> <span class='ocrx_word' id='word_1_633' title='bbox 2492 2342 2764 2397; x_wconf 88' lang='lat' dir='ltr'><strong>dilectioni</strong></span> <span class='ocrx_word' id='word_1_634' title='bbox 2799 2358 2986 2414; x_wconf 81' lang='lat' dir='ltr'><strong>pavor.</strong></span> <span class='ocrx_word' id='word_1_635' title='bbox 3035 2344 3231 2399; x_wconf 84' lang='lat' dir='ltr'><strong>Didicit</strong></span> <span class='ocrx_word' id='word_1_636' title='bbox 3259 2346 3504 2401; x_wconf 82' lang='lat' dir='ltr'><strong>obedien-</strong></span> 
     </span>
    </p>
   </div>
   <div class='ocr_carea' id='block_1_84' title="bbox 1928 2426 3503 2497">
    <p class='ocr_par' dir='ltr' id='par_1_84' title="bbox 1928 2426 3503 2497">
     <span class='ocr_line' id='line_1_84' title="bbox 1928 2426 3503 2497; baseline 0.006 -18"><span class='ocrx_word' id='word_1_637' title='bbox 1928 2428 2076 2481; x_wconf 86' lang='lat' dir='ltr'><strong>tiam.</strong></span> <span class='ocrx_word' id='word_1_638' title='bbox 2143 2426 2408 2497; x_wconf 76' lang='lat' dir='ltr'><strong>Expertus</strong></span> <span class='ocrx_word' id='word_1_639' title='bbox 2445 2437 2528 2486; x_wconf 86' lang='lat' dir='ltr'><strong>est</strong></span> <span class='ocrx_word' id='word_1_640' title='bbox 2576 2431 2956 2496; x_wconf 88' lang='lat' dir='ltr'><strong>obedientiam,</strong></span> <span class='ocrx_word' id='word_1_641' title='bbox 2999 2440 3100 2486; x_wconf 85' lang='lat' dir='ltr'><strong>ut:</strong></span> <span class='ocrx_word' id='word_1_642' title='bbox 3157 2432 3358 2487; x_wconf 81' lang='lat' dir='ltr'><strong>Factus</strong></span> <span class='ocrx_word' id='word_1_643' title='bbox 3389 2434 3503 2488; x_wconf 84' lang='lat' dir='ltr'><strong>obe-</strong></span> 
     </span>
    </p>
   </div>
   <div class='ocr_carea' id='block_1_85' title="bbox 1920 2515 3502 2588">
    <p class='ocr_par' dir='ltr' id='par_1_85' title="bbox 1920 2515 3502 2588">
     <span class='ocr_line' id='line_1_85' title="bbox 1920 2515 3502 2588; baseline 0.006 -20"><span class='ocrx_word' id='word_1_644' title='bbox 1920 2515 2076 2570; x_wconf 81' lang='lat' dir='ltr'><strong>diens</strong></span> <span class='ocrx_word' id='word_1_645' title='bbox 2124 2515 2278 2569; x_wconf 86' lang='lat' dir='ltr'><strong>Patri</strong></span> <span class='ocrx_word' id='word_1_646' title='bbox 2307 2534 2468 2588; x_wconf 86' lang='lat' dir='ltr'><strong>usque</strong></span> <span class='ocrx_word' id='word_1_647' title='bbox 2495 2519 2567 2571; x_wconf 85' lang='lat' dir='ltr'><strong>ad</strong></span> <span class='ocrx_word' id='word_1_648' title='bbox 2591 2529 2830 2573; x_wconf 86' lang='lat' dir='ltr'><strong>mortem.</strong></span> <span class='ocrx_word' id='word_1_649' title='bbox 2893 2521 2958 2573; x_wconf 81' lang='lat' dir='ltr'><strong>Et</strong></span> <span class='ocrx_word' id='word_1_650' title='bbox 2994 2533 3403 2578; x_wconf 85' lang='lat' dir='ltr'><strong>consummatus.</strong></span> <span class='ocrx_word' id='word_1_651' title='bbox 3444 2523 3502 2578; x_wconf 86' lang='lat' dir='ltr'><strong>In</strong></span> 
     </span>
    </p>
   </div>
   <div class='ocr_carea' id='block_1_86' title="bbox 1929 2607 3502 2684">
    <p class='ocr_par' dir='ltr' id='par_1_86' title="bbox 1929 2607 3502 2684">
     <span class='ocr_line' id='line_1_86' title="bbox 1929 2607 3502 2684; baseline 0.005 -24"><span class='ocrx_word' id='word_1_652' title='bbox 1929 2607 2209 2676; x_wconf 87' lang='lat' dir='ltr'><strong>passione,</strong></span> <span class='ocrx_word' id='word_1_653' title='bbox 2265 2615 2370 2663; x_wconf 90' lang='lat' dir='ltr'><strong>ut:</strong></span> <span class='ocrx_word' id='word_1_654' title='bbox 2432 2609 2693 2664; x_wconf 85' lang='lat' dir='ltr'><strong>Inclinato</strong></span> <span class='ocrx_word' id='word_1_655' title='bbox 2745 2613 2913 2681; x_wconf 86' lang='lat' dir='ltr'><strong>capite</strong></span> <span class='ocrx_word' id='word_1_656' title='bbox 2963 2612 3181 2666; x_wconf 83' lang='lat' dir='ltr'><strong>tradidit</strong></span> <span class='ocrx_word' id='word_1_657' title='bbox 3238 2615 3502 2684; x_wconf 86' lang='lat' dir='ltr'><strong>spiritum.</strong></span> 
     </span>
    </p>
   </div>
   <div class='ocr_carea' id='block_1_87' title="bbox 1914 2692 3503 2771">
    <p class='ocr_par' dir='ltr' id='par_1_87' title="bbox 1914 2692 3503 2771">
     <span class='ocr_line' id='line_1_87' title="bbox 1914 2692 3503 2771; baseline 0.008 -28"><span class='ocrx_word' id='word_1_658' title='bbox 1914 2692 2105 2749; x_wconf 77' lang='lat' dir='ltr'><strong>Causa</strong></span> <span class='ocrx_word' id='word_1_659' title='bbox 2148 2695 2335 2750; x_wconf 85' lang='lat' dir='ltr'><strong>salutis</strong></span> <span class='ocrx_word' id='word_1_660' title='bbox 2371 2708 2598 2752; x_wconf 71' lang='lat' dir='ltr'><strong>(eterna.</strong></span> <span class='ocrx_word' id='word_1_661' title='bbox 2645 2697 2780 2763; x_wconf 90' lang='lat' dir='ltr'><strong>Quia</strong></span> <span class='ocrx_word' id='word_1_662' title='bbox 2830 2714 2939 2753; x_wconf 84' lang='lat' dir='ltr'><strong>non</strong></span> <span class='ocrx_word' id='word_1_663' title='bbox 2969 2708 3171 2754; x_wconf 61' lang='lat' dir='ltr'><strong>eterna</strong></span> <span class='ocrx_word' id='word_1_664' title='bbox 3216 2702 3360 2757; x_wconf 85' lang='lat' dir='ltr'><strong>salus</strong></span> <span class='ocrx_word' id='word_1_665' title='bbox 3406 2717 3503 2771; x_wconf 89' lang='lat' dir='ltr'><strong>per</strong></span> 
     </span>
    </p>
   </div>
   <div class='ocr_carea' id='block_1_88' title="bbox 1929 2784 3502 2845">
    <p class='ocr_par' dir='ltr' id='par_1_88' title="bbox 1929 2784 3502 2845">
     <span class='ocr_line' id='line_1_88' title="bbox 1929 2784 3502 2845; baseline 0.003 -5"><span class='ocrx_word' id='word_1_666' title='bbox 1929 2784 2066 2840; x_wconf 87' lang='lat' dir='ltr'><strong>alios</strong></span> <span class='ocrx_word' id='word_1_667' title='bbox 2095 2787 2407 2843; x_wconf 85' lang='lat' dir='ltr'><strong>sacerdotes</strong></span> <span class='ocrx_word' id='word_1_668' title='bbox 2432 2787 2861 2843; x_wconf 81' lang='lat' dir='ltr'><strong>ministrabatur.</strong></span> <span class='ocrx_word' id='word_1_669' title='bbox 2909 2789 3077 2842; x_wconf 72' lang='lat' dir='ltr'><strong>Juxta</strong></span> <span class='ocrx_word' id='word_1_670' title='bbox 3107 2791 3342 2844; x_wconf 85' lang='lat' dir='ltr'><strong>ordinem</strong></span> <span class='ocrx_word' id='word_1_671' title='bbox 3370 2792 3502 2845; x_wconf 75' lang='lat' dir='ltr'><strong>Mel-</strong></span> 
     </span>
    </p>
   </div>
   <div class='ocr_carea' id='block_1_89' title="bbox 1928 2876 3503 2939">
    <p class='ocr_par' dir='ltr' id='par_1_89' title="bbox 1928 2876 3503 2939">
     <span class='ocr_line' id='line_1_89' title="bbox 1928 2876 3503 2939; baseline 0.006 -10"><span class='ocrx_word' id='word_1_672' title='bbox 1928 2876 2217 2930; x_wconf 80' lang='lat' dir='ltr'><strong>chisedech.</strong></span> <span class='ocrx_word' id='word_1_673' title='bbox 2254 2877 2520 2933; x_wconf 86' lang='lat' dir='ltr'><strong>Eusebius</strong></span> <span class='ocrx_word' id='word_1_674' title='bbox 2548 2879 2681 2933; x_wconf 90' lang='lat' dir='ltr'><strong>dicit</strong></span> <span class='ocrx_word' id='word_1_675' title='bbox 2711 2878 2764 2933; x_wconf 90' lang='lat' dir='ltr'><strong>in</strong></span> <span class='ocrx_word' id='word_1_676' title='bbox 2790 2879 2928 2933; x_wconf 89' lang='lat' dir='ltr'><strong>libro</strong></span> <span class='ocrx_word' id='word_1_677' title='bbox 2966 2878 3370 2935; x_wconf 83' lang='lat' dir='ltr'><strong>Historiarum:</strong></span> <span class='ocrx_word' id='word_1_678' title='bbox 3405 2883 3503 2939; x_wconf 83' lang='lat' dir='ltr'><strong>llic</strong></span> 
     </span>
    </p>
   </div>
   <div class='ocr_carea' id='block_1_90' title="bbox 1906 2966 3498 3028">
    <p class='ocr_par' dir='ltr' id='par_1_90' title="bbox 1906 2966 3498 3028">
     <span class='ocr_line' id='line_1_90' title="bbox 1906 2966 3498 3028; baseline 0.005 -8"><span class='ocrx_word' id='word_1_679' title='bbox 1906 2966 2316 3023; x_wconf 65' lang='lat' dir='ltr'><strong>Melchisedech</strong></span> <span class='ocrx_word' id='word_1_680' title='bbox 2342 2967 2396 3021; x_wconf 90' lang='lat' dir='ltr'><strong>in</strong></span> <span class='ocrx_word' id='word_1_681' title='bbox 2424 2968 2621 3023; x_wconf 86' lang='lat' dir='ltr'><strong>divinis</strong></span> <span class='ocrx_word' id='word_1_682' title='bbox 2649 2968 3010 3025; x_wconf 85' lang='lat' dir='ltr'><strong>voluminibus</strong></span> <span class='ocrx_word' id='word_1_683' title='bbox 3050 2971 3304 3026; x_wconf 88' lang='lat' dir='ltr'><strong>sacerdos</strong></span> <span class='ocrx_word' id='word_1_684' title='bbox 3331 2971 3498 3028; x_wconf 80' lang='lat' dir='ltr'><strong>fuisse</strong></span> 
     </span>
    </p>
   </div>
   <div class='ocr_carea' id='block_1_91' title="bbox 1928 3056 3501 3131">
    <p class='ocr_par' dir='ltr' id='par_1_91' title="bbox 1928 3056 3501 3131">
     <span class='ocr_line' id='line_1_91' title="bbox 1928 3056 3501 3131; baseline 0.004 -22"><span class='ocrx_word' id='word_1_685' title='bbox 1928 3056 2024 3111; x_wconf 89' lang='lat' dir='ltr'><strong>Dei</strong></span> <span class='ocrx_word' id='word_1_686' title='bbox 2049 3057 2244 3112; x_wconf 89' lang='lat' dir='ltr'><strong>summi</strong></span> <span class='ocrx_word' id='word_1_687' title='bbox 2266 3056 2516 3112; x_wconf 82' lang='lat' dir='ltr'><strong>refertur.</strong></span> <span class='ocrx_word' id='word_1_688' title='bbox 2545 3058 2650 3112; x_wconf 85' lang='lat' dir='ltr'><strong>Sed</strong></span> <span class='ocrx_word' id='word_1_689' title='bbox 2672 3060 2764 3128; x_wconf 88' lang='lat' dir='ltr'><strong>qui</strong></span> <span class='ocrx_word' id='word_1_690' title='bbox 2794 3074 2898 3113; x_wconf 90' lang='lat' dir='ltr'><strong>non</strong></span> <span class='ocrx_word' id='word_1_691' title='bbox 2926 3059 3045 3114; x_wconf 85' lang='lat' dir='ltr'><strong>oleo</strong></span> <span class='ocrx_word' id='word_1_692' title='bbox 3074 3061 3342 3114; x_wconf 85' lang='lat' dir='ltr'><strong>communi</strong></span> <span class='ocrx_word' id='word_1_693' title='bbox 3377 3076 3501 3131; x_wconf 84' lang='lat' dir='ltr'><strong>per-</strong></span> 
     </span>
    </p>
   </div>
   <div class='ocr_carea' id='block_1_92' title="bbox 1852 3120 3503 3217">
    <p class='ocr_par' dir='ltr' id='par_1_92' title="bbox 1852 3120 3503 3217">
     <span class='ocr_line' id='line_1_92' title="bbox 1852 3120 3503 3217; baseline 0.004 -19"><span class='ocrx_word' id='word_1_694' title='bbox 1852 3120 1895 3182; x_wconf 79' lang='lat' dir='ltr'>C</span> <span class='ocrx_word' id='word_1_695' title='bbox 1928 3154 2118 3201; x_wconf 89' lang='lat' dir='ltr'><strong>unctus</strong></span> <span class='ocrx_word' id='word_1_696' title='bbox 2165 3147 2254 3211; x_wconf 89' lang='lat' dir='ltr'><strong>sit,</strong></span> <span class='ocrx_word' id='word_1_697' title='bbox 2288 3159 2462 3216; x_wconf 89' lang='lat' dir='ltr'><strong>neque</strong></span> <span class='ocrx_word' id='word_1_698' title='bbox 2501 3147 2592 3216; x_wconf 87' lang='lat' dir='ltr'><strong>qui</strong></span> <span class='ocrx_word' id='word_1_699' title='bbox 2620 3162 2687 3201; x_wconf 73' lang='lat' dir='ltr'><strong>ex</strong></span> <span class='ocrx_word' id='word_1_700' title='bbox 2712 3148 3054 3202; x_wconf 88' lang='lat' dir='ltr'><strong>successione</strong></span> <span class='ocrx_word' id='word_1_701' title='bbox 3082 3148 3295 3217; x_wconf 81' lang='lat' dir='ltr'><strong>generis</strong></span> <span class='ocrx_word' id='word_1_702' title='bbox 3318 3163 3503 3204; x_wconf 88' lang='lat' dir='ltr'><strong>susce-</strong></span> 
     </span>
    </p>
   </div>
   <div class='ocr_carea' id='block_1_93' title="bbox 1924 3236 3506 3307">
    <p class='ocr_par' dir='ltr' id='par_1_93' title="bbox 1924 3236 3506 3307">
     <span class='ocr_line' id='line_1_93' title="bbox 1924 3236 3506 3307; baseline 0.005 -18"><span class='ocrx_word' id='word_1_703' title='bbox 1924 3236 2066 3305; x_wconf 86' lang='lat' dir='ltr'><strong>perit</strong></span> <span class='ocrx_word' id='word_1_704' title='bbox 2114 3237 2505 3301; x_wconf 87' lang='lat' dir='ltr'><strong>saccrdotium,</strong></span> <span class='ocrx_word' id='word_1_705' title='bbox 2559 3237 2699 3292; x_wconf 89' lang='lat' dir='ltr'><strong>sicut</strong></span> <span class='ocrx_word' id='word_1_706' title='bbox 2732 3238 2879 3307; x_wconf 88' lang='lat' dir='ltr'><strong>apud</strong></span> <span class='ocrx_word' id='word_1_707' title='bbox 2927 3236 3185 3293; x_wconf 68' lang='lat' dir='ltr'><strong>Hebraeos</strong></span> <span class='ocrx_word' id='word_1_708' title='bbox 3228 3236 3344 3292; x_wconf 76' lang='lat' dir='ltr'><strong>fieri</strong></span> <span class='ocrx_word' id='word_1_709' title='bbox 3386 3255 3506 3297; x_wconf 82' lang='lat' dir='ltr'><strong>mos</strong></span> 
     </span>
    </p>
   </div>
   <div class='ocr_carea' id='block_1_94' title="bbox 1925 3328 3505 3399">
    <p class='ocr_par' dir='ltr' id='par_1_94' title="bbox 1925 3328 3505 3399">
     <span class='ocr_line' id='line_1_94' title="bbox 1925 3328 3505 3399; baseline 0.004 -20"><span class='ocrx_word' id='word_1_710' title='bbox 1925 3334 2045 3381; x_wconf 83' lang='lat' dir='ltr'><strong>erat</strong></span> <span class='ocrx_word' id='word_1_711' title='bbox 2070 3345 2084 3381; x_wconf 92' lang='lat'><strong>:</strong></span> <span class='ocrx_word' id='word_1_712' title='bbox 2131 3336 2188 3381; x_wconf 88' lang='lat' dir='ltr'><strong>et</strong></span> <span class='ocrx_word' id='word_1_713' title='bbox 2216 3328 2336 3383; x_wconf 90' lang='lat' dir='ltr'><strong>ideo</strong></span> <span class='ocrx_word' id='word_1_714' title='bbox 2363 3329 2657 3384; x_wconf 86' lang='lat' dir='ltr'><strong>secundum</strong></span> <span class='ocrx_word' id='word_1_715' title='bbox 2684 3329 2929 3384; x_wconf 89' lang='lat' dir='ltr'><strong>ordinem</strong></span> <span class='ocrx_word' id='word_1_716' title='bbox 2957 3329 3124 3399; x_wconf 87' lang='lat' dir='ltr'><strong>ipsius</strong></span> <span class='ocrx_word' id='word_1_717' title='bbox 3145 3330 3395 3386; x_wconf 88' lang='lat' dir='ltr'><strong>sacerdos</strong></span> <span class='ocrx_word' id='word_1_718' title='bbox 3423 3330 3505 3386; x_wconf 79' lang='lat' dir='ltr'><strong>Iu-</strong></span> 
     </span>
    </p>
   </div>
   <div class='ocr_carea' id='block_1_95' title="bbox 1910 3421 3502 3492">
    <p class='ocr_par' dir='ltr' id='par_1_95' title="bbox 1910 3421 3502 3492">
     <span class='ocr_line' id='line_1_95' title="bbox 1910 3421 3502 3492; baseline 0.003 -20"><span class='ocrx_word' id='word_1_719' title='bbox 1910 3427 2082 3474; x_wconf 79' lang='lat' dir='ltr'><strong>turus</strong></span> <span class='ocrx_word' id='word_1_720' title='bbox 2107 3421 2304 3475; x_wconf 85' lang='lat' dir='ltr'><strong>dicitur</strong></span> <span class='ocrx_word' id='word_1_721' title='bbox 2327 3422 2593 3486; x_wconf 87' lang='lat' dir='ltr'><strong>Christus,</strong></span> <span class='ocrx_word' id='word_1_722' title='bbox 2622 3423 2711 3491; x_wconf 88' lang='lat' dir='ltr'><strong>qui</strong></span> <span class='ocrx_word' id='word_1_723' title='bbox 2736 3437 2841 3478; x_wconf 92' lang='lat' dir='ltr'><strong>non</strong></span> <span class='ocrx_word' id='word_1_724' title='bbox 2864 3422 2969 3477; x_wconf 89' lang='lat' dir='ltr'><strong>olei</strong></span> <span class='ocrx_word' id='word_1_725' title='bbox 3009 3422 3238 3492; x_wconf 89' lang='lat' dir='ltr'><strong>liquore,</strong></span> <span class='ocrx_word' id='word_1_726' title='bbox 3266 3425 3362 3477; x_wconf 89' lang='lat' dir='ltr'><strong>sed</strong></span> <span class='ocrx_word' id='word_1_727' title='bbox 3388 3423 3502 3477; x_wconf 86' lang='lat' dir='ltr'><strong>vir-</strong></span> 
     </span>
    </p>
   </div>
   <div class='ocr_carea' id='block_1_96' title="bbox 1929 3509 3500 3580">
    <p class='ocr_par' dir='ltr' id='par_1_96' title="bbox 1929 3509 3500 3580">
     <span class='ocr_line' id='line_1_96' title="bbox 1929 3509 3500 3580; baseline 0.001 -18"><span class='ocrx_word' id='word_1_728' title='bbox 1929 3516 2039 3562; x_wconf 90' lang='lat' dir='ltr'><strong>tute</strong></span> <span class='ocrx_word' id='word_1_729' title='bbox 2050 3510 2287 3565; x_wconf 76' lang='lat' dir='ltr'><strong>cmlcstis</strong></span> <span class='ocrx_word' id='word_1_730' title='bbox 2302 3511 2523 3580; x_wconf 89' lang='lat' dir='ltr'><strong>spiritus</strong></span> <span class='ocrx_word' id='word_1_731' title='bbox 2538 3519 2905 3566; x_wconf 87' lang='lat' dir='ltr'><strong>consecretur.</strong></span> <span class='ocrx_word' id='word_1_732' title='bbox 2934 3511 3003 3564; x_wconf 83' lang='lat' dir='ltr'><strong>Et</strong></span> <span class='ocrx_word' id='word_1_733' title='bbox 3040 3509 3500 3580; x_wconf 81' lang='lat' dir='ltr'><strong>inmterpretabilis</strong></span> 
     </span>
    </p>
   </div>
   <div class='ocr_carea' id='block_1_97' title="bbox 1918 3598 3503 3671">
    <p class='ocr_par' dir='ltr' id='par_1_97' title="bbox 1918 3598 3503 3671">
     <span class='ocr_line' id='line_1_97' title="bbox 1918 3598 3503 3671; baseline 0.002 -20"><span class='ocrx_word' id='word_1_734' title='bbox 1918 3598 1995 3651; x_wconf 85' lang='lat' dir='ltr'><strong>ad</strong></span> <span class='ocrx_word' id='word_1_735' title='bbox 2044 3599 2361 3652; x_wconf 85' lang='lat' dir='ltr'><strong>dicendum:</strong></span> <span class='ocrx_word' id='word_1_736' title='bbox 2406 3604 2654 3671; x_wconf 89' lang='lat' dir='ltr'><strong>quoniam</strong></span> <span class='ocrx_word' id='word_1_737' title='bbox 2693 3600 2972 3654; x_wconf 69' lang='lat' dir='ltr'><strong>imbecille:</strong></span> <span class='ocrx_word' id='word_1_738' title='bbox 3015 3600 3142 3669; x_wconf 81' lang='lat' dir='ltr'><strong>facti</strong></span> <span class='ocrx_word' id='word_1_739' title='bbox 3192 3601 3336 3652; x_wconf 85' lang='lat' dir='ltr'><strong>estis.</strong></span> <span class='ocrx_word' id='word_1_740' title='bbox 3384 3599 3503 3654; x_wconf 86' lang='lat' dir='ltr'><strong>Non</strong></span> 
     </span>
    </p>
   </div>
   <div class='ocr_carea' id='block_1_98' title="bbox 1925 3688 3503 3759">
    <p class='ocr_par' dir='ltr' id='par_1_98' title="bbox 1925 3688 3503 3759">
     <span class='ocr_line' id='line_1_98' title="bbox 1925 3688 3503 3759; baseline 0.002 -19"><span class='ocrx_word' id='word_1_741' title='bbox 1925 3689 2070 3756; x_wconf 89' lang='lat' dir='ltr'><strong>quod</strong></span> <span class='ocrx_word' id='word_1_742' title='bbox 2094 3688 2594 3757; x_wconf 78' lang='lat' dir='ltr'><strong>valeretApostolus</strong></span> <span class='ocrx_word' id='word_1_743' title='bbox 2617 3704 2715 3759; x_wconf 89' lang='lat' dir='ltr'><strong>per</strong></span> <span class='ocrx_word' id='word_1_744' title='bbox 2742 3688 2990 3757; x_wconf 88' lang='lat' dir='ltr'><strong>spiritum</strong></span> <span class='ocrx_word' id='word_1_745' title='bbox 3012 3689 3381 3757; x_wconf 82' lang='lat' dir='ltr'><strong>interpretari,</strong></span> <span class='ocrx_word' id='word_1_746' title='bbox 3408 3691 3503 3743; x_wconf 89' lang='lat' dir='ltr'><strong>sed</strong></span> 
     </span>
    </p>
   </div>
   <div class='ocr_carea' id='block_1_99' title="bbox 1926 3777 3502 3845">
    <p class='ocr_par' dir='ltr' id='par_1_99' title="bbox 1926 3777 3502 3845">
     <span class='ocr_line' id='line_1_99' title="bbox 1926 3777 3502 3845; baseline 0.003 -15"><span class='ocrx_word' id='word_1_747' title='bbox 1926 3777 2067 3845; x_wconf 84' lang='lat' dir='ltr'><strong>quod</strong></span> <span class='ocrx_word' id='word_1_748' title='bbox 2098 3777 2393 3832; x_wconf 88' lang='lat' dir='ltr'><strong>imbecilles</strong></span> <span class='ocrx_word' id='word_1_749' title='bbox 2433 3786 2590 3831; x_wconf 84' lang='lat' dir='ltr'><strong>erant</strong></span> <span class='ocrx_word' id='word_1_750' title='bbox 2628 3778 2901 3832; x_wconf 88' lang='lat' dir='ltr'><strong>auditores</strong></span> <span class='ocrx_word' id='word_1_751' title='bbox 2928 3778 2999 3831; x_wconf 89' lang='lat' dir='ltr'><strong>ad</strong></span> <span class='ocrx_word' id='word_1_752' title='bbox 3027 3778 3351 3833; x_wconf 86' lang='lat' dir='ltr'><strong>audiendum</strong></span> <span class='ocrx_word' id='word_1_753' title='bbox 3388 3795 3502 3835; x_wconf 85' lang='lat' dir='ltr'><strong>scr-</strong></span> 
     </span>
    </p>
   </div>
   <div class='ocr_carea' id='block_1_100' title="bbox 1918 3883 2161 3923">
    <p class='ocr_par' dir='ltr' id='par_1_100' title="bbox 1918 3883 2161 3923">
     <span class='ocr_line' id='line_1_100' title="bbox 1918 3883 2161 3923; baseline -0.008 0"><span class='ocrx_word' id='word_1_754' title='bbox 1918 3883 2140 3923; x_wconf 83' lang='lat' dir='ltr'><strong>monem</strong></span> <span class='ocrx_word' id='word_1_755' title='bbox 2147 3908 2161 3921; x_wconf 84' lang='lat'><strong>.</strong></span> 
     </span>
    </p>
   </div>
   <div class='ocr_carea' id='block_1_101' title="bbox 1999 3960 3503 4026">
    <p class='ocr_par' dir='ltr' id='par_1_101' title="bbox 1999 3960 3503 4026">
     <span class='ocr_line' id='line_1_101' title="bbox 1999 3960 3503 4026; baseline 0.001 -11"><span class='ocrx_word' id='word_1_756' title='bbox 1999 3961 2130 4026; x_wconf 71' lang='lat' dir='ltr'><strong>Qua:</strong></span> <span class='ocrx_word' id='word_1_757' title='bbox 2166 3963 2269 4016; x_wconf 87' lang='lat' dir='ltr'><strong>sint</strong></span> <span class='ocrx_word' id='word_1_758' title='bbox 2298 3961 2569 4016; x_wconf 85' lang='lat' dir='ltr'><strong>elementa.</strong></span> <span class='ocrx_word' id='word_1_759' title='bbox 2611 3960 2785 4016; x_wconf 81' lang='lat' dir='ltr'><strong>Rudia</strong></span> <span class='ocrx_word' id='word_1_760' title='bbox 2829 3962 3150 4018; x_wconf 86' lang='lat' dir='ltr'><strong>documenta</strong></span> <span class='ocrx_word' id='word_1_761' title='bbox 3177 3962 3321 4019; x_wconf 76' lang='lat' dir='ltr'><strong>ﬁdei.</strong></span> <span class='ocrx_word' id='word_1_762' title='bbox 3366 3960 3503 4017; x_wconf 81' lang='lat' dir='ltr'><strong>Pro-</strong></span> 
     </span>
    </p>
   </div>
   <div class='ocr_carea' id='block_1_102' title="bbox 1926 4053 3500 4126">
    <p class='ocr_par' dir='ltr' id='par_1_102' title="bbox 1926 4053 3500 4126">
     <span class='ocr_line' id='line_1_102' title="bbox 1926 4053 3500 4126; baseline 0.001 -18"><span class='ocrx_word' id='word_1_763' title='bbox 1926 4065 2039 4125; x_wconf 83' lang='lat' dir='ltr'><strong>pter</strong></span> <span class='ocrx_word' id='word_1_764' title='bbox 2064 4064 2293 4124; x_wconf 81' lang='lat' dir='ltr'><strong>tempus.</strong></span> <span class='ocrx_word' id='word_1_765' title='bbox 2338 4054 2473 4121; x_wconf 89' lang='lat' dir='ltr'><strong>Quia</strong></span> <span class='ocrx_word' id='word_1_766' title='bbox 2498 4053 2715 4124; x_wconf 68' lang='lat' dir='ltr'><strong>longum</strong></span> <span class='ocrx_word' id='word_1_767' title='bbox 2743 4063 2956 4125; x_wconf 85' lang='lat' dir='ltr'><strong>tempus</strong></span> <span class='ocrx_word' id='word_1_768' title='bbox 2978 4063 3062 4110; x_wconf 84' lang='lat' dir='ltr'><strong>est</strong></span> <span class='ocrx_word' id='word_1_769' title='bbox 3091 4070 3158 4109; x_wconf 75' lang='lat' dir='ltr'><strong>ex</strong></span> <span class='ocrx_word' id='word_1_770' title='bbox 3184 4069 3292 4126; x_wconf 89' lang='lat' dir='ltr'><strong>quo</strong></span> <span class='ocrx_word' id='word_1_771' title='bbox 3320 4055 3500 4112; x_wconf 90' lang='lat' dir='ltr'><strong>didici-</strong></span> 
     </span>
    </p>
   </div>
   <div class='ocr_carea' id='block_1_103' title="bbox 1930 4145 2236 4203">
    <p class='ocr_par' dir='ltr' id='par_1_103' title="bbox 1930 4145 2236 4203">
     <span class='ocr_line' id='line_1_103' title="bbox 1930 4145 2236 4203; baseline -0.01 -3"><span class='ocrx_word' id='word_1_772' title='bbox 1930 4146 2029 4200; x_wconf 89' lang='lat' dir='ltr'><strong>stis</strong></span> <span class='ocrx_word' id='word_1_773' title='bbox 2057 4145 2236 4203; x_wconf 80' lang='lat' dir='ltr'><strong>ﬁdem.</strong></span> 
     </span>
    </p>
   </div>
   <div class='ocr_carea' id='block_1_104' title="bbox 2000 4235 3506 4307">
    <p class='ocr_par' dir='ltr' id='par_1_104' title="bbox 2000 4235 3506 4307">
     <span class='ocr_line' id='line_1_104' title="bbox 2000 4235 3506 4307; baseline 0.005 -19"><span class='ocrx_word' id='word_1_774' title='bbox 2000 4235 2201 4305; x_wconf 73' lang='lat' dir='ltr'><strong>Expers</strong></span> <span class='ocrx_word' id='word_1_775' title='bbox 2245 4245 2321 4289; x_wconf 85' lang='lat' dir='ltr'><strong>est</strong></span> <span class='ocrx_word' id='word_1_776' title='bbox 2373 4236 2624 4289; x_wconf 87' lang='lat' dir='ltr'><strong>sermonis</strong></span> <span class='ocrx_word' id='word_1_777' title='bbox 2670 4236 2916 4306; x_wconf 84' lang='lat' dir='ltr'><strong>justitite.</strong></span> <span class='ocrx_word' id='word_1_778' title='bbox 2977 4236 3035 4291; x_wconf 89' lang='lat' dir='ltr'><strong>Id</strong></span> <span class='ocrx_word' id='word_1_779' title='bbox 3083 4245 3168 4293; x_wconf 88' lang='lat' dir='ltr'><strong>est</strong></span> <span class='ocrx_word' id='word_1_780' title='bbox 3193 4277 3208 4305; x_wconf 90' lang='lat'><strong>,</strong></span> <span class='ocrx_word' id='word_1_781' title='bbox 3256 4237 3506 4307; x_wconf 78' lang='lat' dir='ltr'><strong>perfectae</strong></span> 
     </span>
    </p>
   </div>
   <div class='ocr_carea' id='block_1_105' title="bbox 1930 4324 2189 4379">
    <p class='ocr_par' dir='ltr' id='par_1_105' title="bbox 1930 4324 2189 4379">
     <span class='ocr_line' id='line_1_105' title="bbox 1930 4324 2189 4379; baseline -0.008 0"><span class='ocrx_word' id='word_1_782' title='bbox 1930 4324 2189 4379; x_wconf 66' lang='lat' dir='ltr'><strong>scientiae.</strong></span> 
     </span>
    </p>
   </div>
   <div class='ocr_carea' id='block_1_106' title="bbox 2528 4433 2877 4491">
    <p class='ocr_par' dir='ltr' id='par_1_106' title="bbox 2528 4433 2877 4491">
     <span class='ocr_line' id='line_1_106' title="bbox 2528 4433 2877 4491; baseline -0.003 -1"><span class='ocrx_word' id='word_1_783' title='bbox 2528 4433 2757 4491; x_wconf 80' lang='lat' dir='ltr'><strong>CAPUT</strong></span> <span class='ocrx_word' id='word_1_784' title='bbox 2792 4433 2877 4490; x_wconf 80' lang='lat' dir='ltr'><strong>VI.</strong></span> 
     </span>
    </p>
   </div>
   <div class='ocr_carea' id='block_1_107' title="bbox 2003 4566 3505 4638">
    <p class='ocr_par' dir='ltr' id='par_1_107' title="bbox 2003 4566 3505 4638">
     <span class='ocr_line' id='line_1_107' title="bbox 2003 4566 3505 4638; baseline 0.001 -16"><span class='ocrx_word' id='word_1_785' title='bbox 2003 4568 2330 4638; x_wconf 85' lang='lat' dir='ltr'><strong>Quapropter</strong></span> <span class='ocrx_word' id='word_1_786' title='bbox 2358 4570 2751 4624; x_wconf 79' lang='lat' dir='ltr'><strong>intermittentes</strong></span> <span class='ocrx_word' id='word_1_787' title='bbox 2776 4568 3137 4629; x_wconf 57' lang='lat' dir='ltr'><strong>inchootionis,</strong></span> <span class='ocrx_word' id='word_1_788' title='bbox 3161 4566 3358 4624; x_wconf 82' lang='lat' dir='ltr'><strong>Christi</strong></span> <span class='ocrx_word' id='word_1_789' title='bbox 3394 4586 3505 4624; x_wconf 88' lang='lat' dir='ltr'><strong>ser-</strong></span> 
     </span>
    </p>
   </div>
   <div class='ocr_carea' id='block_1_108' title="bbox 1929 4661 3505 4731">
    <p class='ocr_par' dir='ltr' id='par_1_108' title="bbox 1929 4661 3505 4731">
     <span class='ocr_line' id='line_1_108' title="bbox 1929 4661 3505 4731; baseline 0.001 -17"><span class='ocrx_word' id='word_1_790' title='bbox 1929 4678 2152 4715; x_wconf 86' lang='lat' dir='ltr'><strong>monem.</strong></span> <span class='ocrx_word' id='word_1_791' title='bbox 2193 4662 2344 4716; x_wconf 87' lang='lat' dir='ltr'><strong>Fidei</strong></span> <span class='ocrx_word' id='word_1_792' title='bbox 2384 4662 2619 4727; x_wconf 88' lang='lat' dir='ltr'><strong>initium,</strong></span> <span class='ocrx_word' id='word_1_793' title='bbox 2651 4670 2743 4715; x_wconf 88' lang='lat' dir='ltr'><strong>aut</strong></span> <span class='ocrx_word' id='word_1_794' title='bbox 2786 4662 2855 4716; x_wconf 87' lang='lat' dir='ltr'><strong>de</strong></span> <span class='ocrx_word' id='word_1_795' title='bbox 2891 4661 3263 4716; x_wconf 85' lang='lat' dir='ltr'><strong>incarnatione</strong></span> <span class='ocrx_word' id='word_1_796' title='bbox 3301 4671 3356 4716; x_wconf 90' lang='lat' dir='ltr'><strong>et</strong></span> <span class='ocrx_word' id='word_1_797' title='bbox 3381 4677 3505 4731; x_wconf 67' lang='lat' dir='ltr'><strong>pas—-</strong></span> 
     </span>
    </p>
   </div>
   <div class='ocr_carea' id='block_1_109' title="bbox 1928 4749 3502 4820">
    <p class='ocr_par' dir='ltr' id='par_1_109' title="bbox 1928 4749 3502 4820">
     <span class='ocr_line' id='line_1_109' title="bbox 1928 4749 3502 4820; baseline -0.002 -13"><span class='ocrx_word' id='word_1_798' title='bbox 1928 4754 2080 4807; x_wconf 90' lang='lat' dir='ltr'><strong>sione</strong></span> <span class='ocrx_word' id='word_1_799' title='bbox 2118 4751 2236 4820; x_wconf 87' lang='lat' dir='ltr'><strong>ejus</strong></span> <span class='ocrx_word' id='word_1_800' title='bbox 2263 4751 2429 4820; x_wconf 89' lang='lat' dir='ltr'><strong>loqui.</strong></span> <span class='ocrx_word' id='word_1_801' title='bbox 2472 4751 2553 4803; x_wconf 79' lang='lat' dir='ltr'><strong>Ad</strong></span> <span class='ocrx_word' id='word_1_802' title='bbox 2577 4749 2941 4819; x_wconf 78' lang='lat' dir='ltr'><strong>perfectionem</strong></span> <span class='ocrx_word' id='word_1_803' title='bbox 2974 4750 3223 4818; x_wconf 77' lang='lat' dir='ltr'><strong>feramur.</strong></span> <span class='ocrx_word' id='word_1_804' title='bbox 3269 4749 3350 4804; x_wconf 81' lang='lat' dir='ltr'><strong>Ad</strong></span> <span class='ocrx_word' id='word_1_805' title='bbox 3376 4764 3502 4818; x_wconf 89' lang='lat' dir='ltr'><strong>per-</strong></span> 
     </span>
    </p>
   </div>
   <div class='ocr_carea' id='block_1_110' title="bbox 1930 4839 3505 4909">
    <p class='ocr_par' dir='ltr' id='par_1_110' title="bbox 1930 4839 3505 4909">
     <span class='ocr_line' id='line_1_110' title="bbox 1930 4839 3505 4909; baseline -0.002 -12"><span class='ocrx_word' id='word_1_806' title='bbox 1930 4842 2124 4897; x_wconf 82' lang='lat' dir='ltr'><strong>fectam</strong></span> <span class='ocrx_word' id='word_1_807' title='bbox 2151 4842 2309 4896; x_wconf 81' lang='lat' dir='ltr'><strong>(idem</strong></span> <span class='ocrx_word' id='word_1_808' title='bbox 2353 4855 2475 4894; x_wconf 90' lang='lat' dir='ltr'><strong>cum</strong></span> <span class='ocrx_word' id='word_1_809' title='bbox 2506 4839 2661 4894; x_wconf 89' lang='lat' dir='ltr'><strong>bonis</strong></span> <span class='ocrx_word' id='word_1_810' title='bbox 2689 4841 2945 4909; x_wconf 87' lang='lat' dir='ltr'><strong>operibus</strong></span> <span class='ocrx_word' id='word_1_811' title='bbox 2985 4840 3259 4902; x_wconf 79' lang='lat' dir='ltr'><strong>feramur,</strong></span> <span class='ocrx_word' id='word_1_812' title='bbox 3301 4848 3396 4894; x_wconf 89' lang='lat' dir='ltr'><strong>aut</strong></span> <span class='ocrx_word' id='word_1_813' title='bbox 3437 4842 3505 4894; x_wconf 86' lang='lat' dir='ltr'><strong>de</strong></span> 
     </span>
    </p>
   </div>
   <div class='ocr_carea' id='block_1_111' title="bbox 1934 4928 3505 5002">
    <p class='ocr_par' dir='ltr' id='par_1_111' title="bbox 1934 4928 3505 5002">
     <span class='ocr_line' id='line_1_111' title="bbox 1934 4928 3505 5002; baseline -0.001 -16"><span class='ocrx_word' id='word_1_814' title='bbox 1934 4934 2053 5002; x_wconf 80' lang='lat' dir='ltr'><strong>ejus</strong></span> <span class='ocrx_word' id='word_1_815' title='bbox 2088 4931 2367 4986; x_wconf 87' lang='lat' dir='ltr'><strong>nativitate</strong></span> <span class='ocrx_word' id='word_1_816' title='bbox 2402 4929 2646 4999; x_wconf 75' lang='lat' dir='ltr'><strong>quaedam</strong></span> <span class='ocrx_word' id='word_1_817' title='bbox 2678 4928 2989 4998; x_wconf 88' lang='lat' dir='ltr'><strong>loquamur,</strong></span> <span class='ocrx_word' id='word_1_818' title='bbox 3038 4928 3152 4982; x_wconf 81' lang='lat' dir='ltr'><strong>sive</strong></span> <span class='ocrx_word' id='word_1_819' title='bbox 3197 4928 3263 4983; x_wconf 87' lang='lat' dir='ltr'><strong>de</strong></span> <span class='ocrx_word' id='word_1_820' title='bbox 3303 4942 3505 4984; x_wconf 81' lang='lat' dir='ltr'><strong>arcano</strong></span> 
     </span>
    </p>
   </div>
   <div class='ocr_carea' id='block_1_112' title="bbox 1937 5019 3291 5095">
    <p class='ocr_par' dir='ltr' id='par_1_112' title="bbox 1937 5019 3291 5095">
     <span class='ocr_line' id='line_1_112' title="bbox 1937 5019 3291 5095; baseline -0.004 -16"><span class='ocrx_word' id='word_1_821' title='bbox 1937 5024 2190 5095; x_wconf 82' lang='lat' dir='ltr'><strong>mysterio</strong></span> <span class='ocrx_word' id='word_1_822' title='bbox 2220 5022 2602 5078; x_wconf 83' lang='lat' dir='ltr'><strong>incarnationis</strong></span> <span class='ocrx_word' id='word_1_823' title='bbox 2626 5020 2913 5075; x_wconf 84' lang='lat' dir='ltr'><strong>Dominicae</strong></span> <span class='ocrx_word' id='word_1_824' title='bbox 2935 5019 3291 5075; x_wconf 20' lang='lat' dir='ltr'><strong>disseramus.</strong></span> 
     </span>
    </p>
   </div>
   <div class='ocr_carea' id='block_1_113' title="bbox 2008 5107 3503 5183">
    <p class='ocr_par' dir='ltr' id='par_1_113' title="bbox 2008 5107 3503 5183">
     <span class='ocr_line' id='line_1_113' title="bbox 2008 5107 3503 5183; baseline -0.005 -13"><span class='ocrx_word' id='word_1_825' title='bbox 2008 5116 2134 5170; x_wconf 81' lang='lat' dir='ltr'><strong>Non</strong></span> <span class='ocrx_word' id='word_1_826' title='bbox 2157 5129 2366 5168; x_wconf 87' lang='lat' dir='ltr'><strong>rursum</strong></span> <span class='ocrx_word' id='word_1_827' title='bbox 2388 5112 2645 5183; x_wconf 84' lang='lat' dir='ltr'><strong>jacientes</strong></span> <span class='ocrx_word' id='word_1_828' title='bbox 2672 5108 3409 5179; x_wconf 65' lang='lat' dir='ltr'><strong>fundamentum-paenitentia:</strong></span> <span class='ocrx_word' id='word_1_829' title='bbox 3435 5107 3503 5164; x_wconf 74' lang='lat' dir='ltr'><strong>ab</strong></span> 
     </span>
    </p>
   </div>
   <div class='ocr_carea' id='block_1_114' title="bbox 1938 5196 3504 5273">
    <p class='ocr_par' dir='ltr' id='par_1_114' title="bbox 1938 5196 3504 5273">
     <span class='ocr_line' id='line_1_114' title="bbox 1938 5196 3504 5273; baseline -0.004 -13"><span class='ocrx_word' id='word_1_830' title='bbox 1938 5205 2173 5273; x_wconf 81' lang='lat' dir='ltr'><strong>operibus</strong></span> <span class='ocrx_word' id='word_1_831' title='bbox 2204 5202 2440 5257; x_wconf 80' lang='lat' dir='ltr'><strong>mortuis.</strong></span> <span class='ocrx_word' id='word_1_832' title='bbox 2479 5200 2537 5255; x_wconf 88' lang='lat' dir='ltr'><strong>Id</strong></span> <span class='ocrx_word' id='word_1_833' title='bbox 2566 5208 2669 5265; x_wconf 80' lang='lat' dir='ltr'><strong>est,</strong></span> <span class='ocrx_word' id='word_1_834' title='bbox 2694 5206 2819 5267; x_wconf 82' lang='lat' dir='ltr'><strong>post</strong></span> <span class='ocrx_word' id='word_1_835' title='bbox 2844 5205 3120 5265; x_wconf 79' lang='lat' dir='ltr'><strong>acceptam</strong></span> <span class='ocrx_word' id='word_1_836' title='bbox 3147 5196 3323 5253; x_wconf 77' lang='lat' dir='ltr'><strong>semel</strong></span> <span class='ocrx_word' id='word_1_837' title='bbox 3343 5196 3504 5253; x_wconf 77' lang='lat' dir='ltr'><strong>ﬁdem</strong></span> 
     </span>
    </p>
   </div>
   <div class='ocr_carea' id='block_1_115' title="bbox 1916 5285 3505 5363">
    <p class='ocr_par' dir='ltr' id='par_1_115' title="bbox 1916 5285 3505 5363">
     <span class='ocr_line' id='line_1_115' title="bbox 1916 5285 3505 5363; baseline -0.002 -18"><span class='ocrx_word' id='word_1_838' title='bbox 1916 5342 1919 5345; x_wconf 72' lang='grc'>,</span> <span class='ocrx_word' id='word_1_839' title='bbox 1937 5304 1993 5349; x_wconf 87' lang='lat' dir='ltr'><strong>et</strong></span> <span class='ocrx_word' id='word_1_840' title='bbox 2013 5294 2406 5363; x_wconf 83' lang='lat' dir='ltr'><strong>paenitentiam,</strong></span> <span class='ocrx_word' id='word_1_841' title='bbox 2436 5306 2544 5345; x_wconf 80' lang='lat' dir='ltr'><strong>non</strong></span> <span class='ocrx_word' id='word_1_842' title='bbox 2564 5290 2761 5344; x_wconf 84' lang='lat' dir='ltr'><strong>iterum</strong></span> <span class='ocrx_word' id='word_1_843' title='bbox 2774 5289 2851 5343; x_wconf 84' lang='lat' dir='ltr'><strong>de</strong></span> <span class='ocrx_word' id='word_1_844' title='bbox 2868 5286 3210 5358; x_wconf 80' lang='lat' dir='ltr'><strong>paenitentia,</strong></span> <span class='ocrx_word' id='word_1_845' title='bbox 3234 5295 3292 5341; x_wconf 84' lang='lat' dir='ltr'><strong>et</strong></span> <span class='ocrx_word' id='word_1_846' title='bbox 3307 5286 3379 5341; x_wconf 87' lang='lat' dir='ltr'><strong>de</strong></span> <span class='ocrx_word' id='word_1_847' title='bbox 3400 5285 3505 5342; x_wconf 75' lang='lat' dir='ltr'><strong>ﬁde</strong></span> 
     </span>
    </p>
   </div>
   <div class='ocr_carea' id='block_1_116' title="bbox 1938 5380 3506 5455">
    <p class='ocr_par' dir='ltr' id='par_1_116' title="bbox 1938 5380 3506 5455">
     <span class='ocr_line' id='line_1_116' title="bbox 1938 5380 3506 5455; baseline -0.006 -14"><span class='ocrx_word' id='word_1_848' title='bbox 1938 5385 2251 5455; x_wconf 67' lang='lat' dir='ltr'><strong>Trinitatis,</strong></span> <span class='ocrx_word' id='word_1_849' title='bbox 2266 5390 2320 5438; x_wconf 88' lang='lat' dir='ltr'><strong>et</strong></span> <span class='ocrx_word' id='word_1_850' title='bbox 2344 5382 2630 5450; x_wconf 81' lang='lat' dir='ltr'><strong>baptismo,</strong></span> <span class='ocrx_word' id='word_1_851' title='bbox 2676 5380 3100 5450; x_wconf 76' lang='lat' dir='ltr'><strong>et’impositione</strong></span> <span class='ocrx_word' id='word_1_852' title='bbox 3127 5392 3415 5442; x_wconf 26' lang='lat' dir='ltr'><strong>manuum“</strong></span> <span class='ocrx_word' id='word_1_853' title='bbox 3450 5386 3506 5432; x_wconf 83' lang='lat' dir='ltr'><strong>et</strong></span> 
     </span>
    </p>
   </div>
   <div class='ocr_carea' id='block_1_117' title="bbox 1940 5466 3507 5540">
    <p class='ocr_par' dir='ltr' id='par_1_117' title="bbox 1940 5466 3507 5540">
     <span class='ocr_line' id='line_1_117' title="bbox 1940 5466 3507 5540; baseline -0.008 -7"><span class='ocrx_word' id='word_1_854' title='bbox 1940 5475 2352 5536; x_wconf 86' lang='lat' dir='ltr'><strong>resurrectione,</strong></span> <span class='ocrx_word' id='word_1_855' title='bbox 2378 5480 2439 5527; x_wconf 89' lang='lat' dir='ltr'><strong>et</strong></span> <span class='ocrx_word' id='word_1_856' title='bbox 2475 5470 2680 5540; x_wconf 85' lang='lat' dir='ltr'><strong>judicio</strong></span> <span class='ocrx_word' id='word_1_857' title='bbox 2706 5486 2803 5529; x_wconf 72' lang='lat' dir='ltr'><strong>vos</strong></span> <span class='ocrx_word' id='word_1_858' title='bbox 2826 5472 3179 5526; x_wconf 79' lang='lat' dir='ltr'><strong>instruamus.</strong></span> <span class='ocrx_word' id='word_1_859' title='bbox 3226 5466 3365 5523; x_wconf 82' lang='lat' dir='ltr'><strong>Nam</strong></span> <span class='ocrx_word' id='word_1_860' title='bbox 3391 5468 3507 5521; x_wconf 66' lang='grc' dir='ltr'>ιιωο</span> 
     </span>
    </p>
   </div>
   <div class='ocr_carea' id='block_1_118' title="bbox 1939 5559 3502 5633">
    <p class='ocr_par' dir='ltr' id='par_1_118' title="bbox 1939 5559 3502 5633">
     <span class='ocr_line' id='line_1_118' title="bbox 1939 5559 3502 5633; baseline -0.008 -10"><span class='ocrx_word' id='word_1_861' title='bbox 1939 5568 2118 5623; x_wconf 88' lang='lat' dir='ltr'><strong>omnia</strong></span> <span class='ocrx_word' id='word_1_862' title='bbox 2160 5565 2313 5633; x_wconf 77' lang='lat' dir='ltr'><strong>quasi</strong></span> <span class='ocrx_word' id='word_1_863' title='bbox 2341 5564 2593 5627; x_wconf 74' lang='lat' dir='ltr'><strong>laesum,</strong></span> <span class='ocrx_word' id='word_1_864' title='bbox 2619 5571 2676 5617; x_wconf 91' lang='lat' dir='ltr'><strong>et</strong></span> <span class='ocrx_word' id='word_1_865' title='bbox 2712 5563 2779 5616; x_wconf 85' lang='lat' dir='ltr'><strong>ad</strong></span> <span class='ocrx_word' id='word_1_866' title='bbox 2810 5562 3023 5616; x_wconf 81' lang='lat' dir='ltr'><strong>initium</strong></span> <span class='ocrx_word' id='word_1_867' title='bbox 3042 5560 3174 5617; x_wconf 80' lang='lat' dir='ltr'><strong>ﬁdei</strong></span> <span class='ocrx_word' id='word_1_868' title='bbox 3203 5559 3502 5630; x_wconf 82' lang='lat' dir='ltr'><strong>pertinent.</strong></span> 
     </span>
    </p>
   </div>
   <div class='ocr_carea' id='block_1_119' title="bbox 1942 5649 3504 5727">
    <p class='ocr_par' dir='ltr' id='par_1_119' title="bbox 1942 5649 3504 5727">
     <span class='ocr_line' id='line_1_119' title="bbox 1942 5649 3504 5727; baseline -0.006 -16"><span class='ocrx_word' id='word_1_869' title='bbox 1942 5660 2016 5711; x_wconf 78' lang='lat' dir='ltr'><strong>Ab</strong></span> <span class='ocrx_word' id='word_1_870' title='bbox 2062 5657 2299 5727; x_wconf 83' lang='lat' dir='ltr'><strong>operibus</strong></span> <span class='ocrx_word' id='word_1_871' title='bbox 2336 5655 2577 5709; x_wconf 88' lang='lat' dir='ltr'><strong>mortuis.</strong></span> <span class='ocrx_word' id='word_1_872' title='bbox 2627 5654 2756 5721; x_wconf 81' lang='lat' dir='ltr'><strong>Quae</strong></span> <span class='ocrx_word' id='word_1_873' title='bbox 2790 5654 3105 5710; x_wconf 84' lang='lat' dir='ltr'><strong>interimunt</strong></span> <span class='ocrx_word' id='word_1_874' title='bbox 3128 5654 3397 5709; x_wconf 67' lang='lat' dir='ltr'><strong>animum.</strong></span> <span class='ocrx_word' id='word_1_875' title='bbox 3437 5649 3504 5702; x_wconf 84' lang='lat' dir='ltr'><strong>Et</strong></span> 
     </span>
    </p>
   </div>
  </div>
