3982 6198
463 340 570 394 239

1847 315 2115 372 SEDULII
2158 309 2352 368 SCO'I'I

3595 306 3712 363 200

469 455 592 525 ﬁdei
615 451 684 506 ad
709 450 874 504 Deum
911 445 1297 514 baptismatum.
1341 439 1624 494 Pluraliter
1652 435 1908 507 loquitur,
1933 449 2034 504 pro
2062 435 2111 494 Α
2206 424 2274 525 Ef
2297 421 2666 524 ηιαηξρίίεαηεο
2695 421 2751 476 Id
2777 429 2880 522 θξίυ
2912 433 3196 525 "non"???
3225 429 3567 525 Ρθοξεξῑοξηιιξι
3589 441 3717 495 ι)νο-

469 544 729 599 varietate
758 535 1150 606 accipientium.

543 627 898 700 Impositionis
946 639 1148 694 quoque
1195 637 1466 675 manuum.
1513 619 1733 674 Scilicet
1777 616 2036 686 episcopi.

473 723 543 776 Et
586 722 681 772 hoc
726 717 998 786 faciemus.
1035 713 1252 768 Scilicet
1280 714 1344 766 ad
1373 711 1752 780 perfectionem
1782 709 2038 763 feramur.

478 806 800 879 lmpossibile
828 815 901 859 est
939 805 1073 858 enim
1113 821 1222 868 eos,
1271 802 1358 872 qui
1400 799 1554 855 semel
1577 809 1697 853 sunt
1737 797 2038 851 illaminati.

477 899 633 954 Sicut
675 898 816 950 enim
844 893 1175 963 impossibile
1219 903 1300 947 est
1343 892 1614 946 Christum
1649 891 1840 942 iterum
1869 887 2042 943 cruci-

476 994 587 1063 tigi,
621 992 692 1045 ita
722 989 994 1044 criminosi
1028 988 1270 1042 homines
1301 1003 1403 1040 non
1451 994 1676 1055 possunt
1718 986 1914 1039 iterum
1951 985 2046 1038 ba-

477 1082 688 1152 ptizari.
731 1079 845 1133 Non
873 1088 1051 1132 autem
1080 1078 1132 1130 in
1163 1078 1262 1130 hoc
1303 1077 1672 1144 paenitentiam
1697 1074 1936 1129 excludit
1981 1074 2047 1129 de

477 1173 732 1243 peccatis,
765 1171 857 1225 sed
884 1170 1022 1224 sicut
1052 1168 1344 1222 secundum
1385 1168 1671 1221 humanam
1708 1166 2046 1220 nativitatem

479 1261 806 1332 impossibile
832 1269 914 1315 est
952 1261 1196 1314 homines
1227 1259 1418 1312 iterum
1443 1257 1732 1311 carnaliter
1755 1255 1924 1320 nasci,
1974 1256 2049 1310 ita

478 1354 772 1409 secundum
801 1351 1132 1421 spiritualem
1169 1348 1627 1418 regenerationem
1667 1346 1912 1400 homines
1943 1359 2049 1399 non

479 1452 710 1513 possunt
753 1441 1095 1510 rebaptizari.
1146 1439 1214 1492 Et
1244 1438 1519 1508 participes
1552 1437 1677 1504 facti
1723 1445 1841 1488 sunt
1884 1432 2052 1504 Spiri-

481 1545 566 1589 tus
614 1534 799 1587 sancti.
854 1533 1121 1586 Habentes
1174 1529 1415 1584 diversas
1458 1526 1775 1582 donationes
1821 1524 2052 1595 Spiritus

481 1621 650 1676 sancti
661 1659 674 1672 .

567 1711 888 1783 Virtutesque
909 1711 1090 1766 steculi
1116 1711 1334 1765 venturi.
1367 1708 1590 1765 Scilicet
1621 1709 2050 1772 resurrectionis,

2141 515 2312 584 genie,
2355 512 2447 581 qui
2476 526 2654 565 arente
2694 509 2861 564 maris
2889 509 3273 563 assimilantur.
3313 509 3380 563 Et
3407 512 3482 566 sic
3526 511 3717 586 longa-

2140 604 2368 658 nimiter.
2417 600 2726 666 Patientcr,
2773 599 2826 654 id
2854 608 2954 664 est,
3002 599 3296 653 Abraham.
3342 597 3562 656 Ferens.
3615 604 3721 663 Per

2141 701 2416 748 trecentos
2461 707 2650 746 annos.
2702 689 2769 743 Ut
2799 707 2890 760 per
2921 691 3053 745 duas
3092 708 3171 745 res
3202 690 3510 748 immobiles.
3554 694 3720 761 Deus,

2142 793 2198 837 et
2220 784 2506 854 promissio
2534 790 2589 835 et
2621 780 2988 848 juramentum
3019 782 3131 835 Dei.
3178 781 3312 836 Item
3344 783 3476 839 duas
3503 801 3592 840 res
3621 787 3721 842 im-

2144 870 2370 924 mobiles
2401 871 2554 934 dixit,
2594 869 2686 922 Dei
2713 867 2890 922 Patris
2925 869 3312 938 promissiones
3340 871 3406 924 de
3442 871 3579 928 Filio
3601 889 3722 940 suo,

2147 975 2202 1022 et
2224 967 2513 1019 adventum
2545 963 2711 1033 ipsius
2746 962 2867 1016 Filii
2897 963 2948 1015 in
2985 962 3125 1016 hunc
3147 963 3403 1020 mundum
3428 980 3528 1034 pro
3552 968 3726 1024 salute

2146 1066 2347 1110 nostra.
2381 1052 2484 1118 Qui
2507 1053 2853 1122 confugimus.
2886 1051 2941 1106 Id
2965 1061 3070 1116 est,
3111 1053 3179 1106 ab
3200 1051 3477 1111 Judaismo
3502 1065 3558 1110 et
3579 1057 3723 1113 Gen—

2149 1144 2361 1198 tilitate.
2415 1141 2586 1207 Quam
2631 1143 2763 1221 sicut
2803 1142 3087 1194 anchoram
3133 1139 3402 1197 habemus.
3462 1143 3728 1202 Similiter

2147 1233 2416 1304 quomodo
2464 1232 2697 1285 anchora
2744 1230 2922 1284 navim
2971 1230 3027 1284 in
3060 1240 3375 1301 tempestate
3405 1235 3596 1299 maris,
3649 1238 3732 1292 sic

2150 1341 2274 1395 spes
2291 1324 2563 1378 hominem
2588 1323 2639 1376 in
2667 1321 3055 1376 tentationibus
3085 1324 3267 1378 mundi
3295 1323 3509 1398 fundat.
3535 1327 3600 1382 Et
3625 1327 3726 1382 ista

2151 1405 2388 1496 andhora
2418 1428 2524 1468 non
2553 1414 2605 1466 in
2635 1428 2786 1466 mare
2808 1413 3058 1477 mittitur,
3088 1416 3184 1469 sed
3213 1415 3265 1468 in
3295 1416 3511 1483 ccelum,
3544 1420 3610 1474 ad
3643 1421 3727 1473 in-

2154 1507 2352 1562 teriora
2386 1504 2609 1574 praemia
2649 1505 2999 1574 capessenda.
3052 1503 3224 1577 Usque
3265 1508 3333 1561 ad
3360 1509 3611 1564 interiora
3629 1527 3730 1565 σιτε-

2153 1597 2384 1651 laminis.
2414 1595 2666 1650 Nostram
2703 1595 2992 1650 anchoram
3019 1611 3227 1650 sursum
3256 1598 3515 1654 mittimus
3541 1601 3608 1656 ad
3643 1601 3731 1656 in-

2155 1688 2357 1742 teriora
2400 1686 2543 1751 cmli,
2591 1686 2732 1741 sicut
2761 1687 2995 1740 anchora
3037 1686 3212 1742 ferrea
3241 1689 3474 1744 mittitur
3497 1693 3566 1746 ad
3589 1693 3728 1748 inte-

482 1810 533 1856 et
559 1774 924 1871 prmmiorum,
948 1810 1001 1854 et
1019 1801 1141 1854 vitze
1169 1808 1288 1868 post
1310 1808 1556 1853 mortem.
1581 1797 1779 1850 [rerum
1796 1798 2050 1851 νεηουατε,
2081 1777 2127 1836 Β
2155 1779 2300 1832 riora
2327 1777 2512 1830 maris.
2563 1774 2864 1871 Secundum
2893 1775 3128 1829 ordinem
3160 1775 3556 1834 Melchisedech.
3611 1780 3734 1837 Non

484 1890 591 1945 Per
618 1893 939 1960 baptismum
970 1933 981 1955 ,
1015 1891 1100 1944 vel
1131 1905 1226 1960 per
1265 1889 1470 1944 hostias
1507 1888 1783 1951 carnales,
1831 1888 1923 1941 sed
1959 1902 2057 1956 per

485 1981 655 2035 solam
687 1981 844 2036 fidem
885 1980 1116 2044 Christi,
1147 1995 1266 2049 qua:
1291 1994 1388 2048 per
1413 1978 1749 2032 dilectionem
1780 1986 2054 2046 operatur.

486 2071 568 2124 Ad
622 2071 993 2140 paenitentiam.
1049 2069 1104 2122 Id
1153 2079 1274 2133 est,
1327 2083 1424 2136 per
1475 2067 1864 2135 pmnitentiam.
1919 2066 2059 2132 Quid

488 2177 616 2230 ergo
636 2162 658 2214 ?
680 2160 906 2214 Exclusa
931 2169 1012 2215 est
1038 2159 1384 2229 poenitentia?
1413 2158 1584 2221 Absit,
1609 2158 1702 2212 sed
1731 2157 2062 2226 impossibile

486 2256 572 2302 est
594 2248 862 2311 renovari,
906 2249 1007 2302 hoc
1030 2255 1132 2311 est,
1175 2263 1270 2316 per
1293 2248 1618 2316 baptismum
1648 2246 1879 2300 renasci.
1921 2245 2060 2298 Rur-

487 2353 605 2390 sum
633 2337 1007 2407 cruciﬁgentes.
1041 2337 1158 2392 Non
1184 2353 1330 2402 vere,
1367 2337 1458 2391 sed
1490 2336 1644 2406 quasi
1669 2335 2058 2406 cruciﬁgentes.

493 2425 647 2480 Sicut
671 2426 812 2480 enim
831 2427 996 2481 semel
1021 2426 1266 2483 Christus
1290 2437 1532 2482 mortuus
1559 2435 1643 2484 est
1670 2439 1855 2490 carne,
1887 2424 1940 2479 id
1959 2433 2060 2490 est,

489 2512 546 2567 in
573 2528 757 2579 cruce,
809 2515 884 2568 ita
917 2531 1014 2570 nos
1041 2515 1208 2570 semel
1237 2515 1500 2572 morimur
1536 2523 1761 2586 peccato
1788 2515 1840 2568 in
1865 2515 2065 2584 baptis-

494 2611 658 2656 male.

562 2696 631 2750 Et
687 2699 910 2752 ostentui
961 2699 1226 2754 habentes.
1290 2695 1349 2752 Id
1403 2705 1517 2763 est,
1567 2697 1720 2770 quasi
1767 2697 2063 2768 despectui.

493 2786 655 2842 Terra
680 2790 815 2844 enim
841 2808 976 2860 stepe
1005 2793 1309 2846 venientem.
1347 2791 1454 2846 Per
1491 2792 1860 2861 metaphoram
1890 2790 2064 2860 loqui-

490 2885 599 2932 tur.
647 2877 780 2933 Nam
829 2881 917 2935 hic
965 2889 1162 2936 terram
1193 2881 1378 2936 ﬁdeles
1405 2881 1652 2936 homines
1679 2880 1934 2950 appellat,
1975 2880 2068 2948 qui

493 2971 559 3024 de
586 2970 758 3026 imbre
790 2972 1050 3026 doctrina:
1067 2972 1266 3027 Christi
1289 2972 1602 3043 irrigantur,
1649 2979 1705 3027 et
1730 2970 1931 3027 faciunt
1959 2970 2071 3026 fru—

491 3067 666 3124 ctum,
695 3061 858 3115 alimn
888 3063 1262 3128 centesimum,
1294 3071 1400 3117 etc.

2155 1866 2450 1921 secundum
2498 1866 2744 1920 ordinem
2792 1863 2991 1936 Aaron,
3024 1866 3148 1934 quia
3197 1881 3264 1920 ex
3302 1868 3440 1922 tribu
3490 1869 3618 1924 Levi
3651 1871 3738 1925 in-

2157 1958 2306 2011 troiit
2346 1955 2520 2022 Iesus,
2560 1956 2613 2010 id
2653 1965 2766 2020 est,
2813 1957 2955 2010 sicut
2999 1957 3238 2024 pontifex
3269 1961 3432 2013 semel
3475 1962 3741 2020 introibat

2159 2047 2300 2101 intra
2329 2047 2504 2101 velum
2537 2045 2852 2112 sanctuarii,
2895 2047 2973 2101 sic
3009 2047 3256 2104 Christus
3296 2049 3539 2107 introivit
3566 2053 3739 2108 semel

2161 2140 2218 2194 in
2245 2139 2461 2194 ctelum.

2749 2229 2974 2287 CAPUT
3014 2231 3124 2288 VII.

2234 2321 2338 2375 Hic
2369 2321 2507 2376 enim
2535 2321 2910 2376 Melchisedech
2933 2339 3024 2376 rex
3062 2320 3260 2378 Salem.
3317 2324 3498 2382 Salem
3521 2335 3604 2382 est
3632 2344 3734 2398 op-

2163 2412 2347 2482 pidum
2388 2411 2545 2480 juxta
2573 2411 2963 2482 Scythopolim,
3011 2414 3154 2482 quod
3183 2429 3350 2482 usque
3370 2417 3526 2471 hodie
3553 2419 3742 2487 appel-

2165 2503 2310 2558 latur
2363 2502 2573 2569 Salem;
2617 2511 2673 2558 et
2707 2504 3008 2558 ostenditur
3030 2505 3102 2559 ibi
3153 2507 3413 2576 palatium
3461 2508 3744 2566 Melchise-

2168 2594 2305 2650 dech
2337 2611 2404 2650 ex
2449 2595 2821 2665 magnitudine
2871 2596 3150 2651 ruinarum
3179 2599 3377 2654 veteris
3410 2600 3588 2670 operis
3637 2617 3735 2656 os-

2169 2687 2395 2743 tendens
2441 2687 2924 2757 magniﬁcentiam;
2975 2689 3042 2743 ad
3067 2704 3229 2756 quam
3273 2690 3546 2744 civitatem
3571 2691 3740 2746 etiam

2166 2779 2360 2849 legitur
2379 2777 2544 2832 Iacob
2563 2778 2932 2844 descendisse;
2966 2795 3084 2849 qua:
3112 2779 3294 2835 fuitin
3319 2790 3459 2835 terra
3484 2781 3740 2838 Chanaan

2168 2871 2401 2941 regionis
2431 2868 2666 2924 Sichem.
2716 2869 2972 2925 Sacerdos
3013 2871 3108 2926 Dei
3145 2873 3358 2926 summi.
3422 2872 3540 2928 Non
3569 2874 3743 2929 idolo-

2169 2967 2369 3015 rumet
2392 2960 2718 3015 dmmouum.
2767 2958 2922 3016 TLH‘
2972 2976 3070 3030 per
3122 2959 3164 3014 T
3207 2963 3517 3031 mysterium
3557 2964 3744 3018 crucis

2171 3047 2374 3104 Christi
2397 3049 2731 3120 designatur,
2783 3049 2910 3119 quia
2931 3049 3129 3104 Christi
3157 3053 3341 3122 passio
3364 3068 3461 3107 nos
3486 3052 3677 3108 liberat
3708 3070 3740 3108 a

567 3149 638 3202 Et
670 3167 922 3219 generans
969 3153 1201 3207 herbam.
1248 3116 1533 3209 Ii'lorentes
1576 3154 1820 3207 virtutes.
1867 3151 2068 3221 Accipit
2097 3116 2141 3179 Ο
2173 3139 2448 3194 dominam
2496 3139 2734 3209 quinque
2761 3139 3056 3194 carnalium
3086 3154 3340 3195 sensuum
3379 3141 3573 3211 quib“
3612 3157 3745 3213 αφ·

493 3240 924 3296 benedictionem.
962 3242 1360 3299 Abundantiam
1389 3243 1658 3298 fructuum
1690 3244 1932 3314 mystice,
1965 3250 2063 3296 ut:

505 3329 706 3395 Venite,
743 3331 994 3385 benedicti
1043 3331 1221 3386 Patris
1262 3333 1386 3398 mei,
1427 3341 1532 3387 etc.
1581 3332 1861 3402 Proferens
1895 3340 2070 3386 autem

492 3421 692 3490 spinas.
741 3420 912 3475 Curas
958 3419 1119 3490 hujus
1164 3422 1367 3476 smculi.
1413 3423 1487 3475 Ac
1538 3421 1774 3476 tribulos.
1816 3421 2072 3476 Peccatu-

497 3524 655 3574 rum;
708 3509 786 3563 sic
815 3524 912 3578 per
959 3511 1330 3579 metaphoram
1379 3510 1614 3581 loquitur
1652 3510 1720 3565 de
1764 3519 2067 3579 peccatore,

496 3599 588 3667 qui
628 3599 772 3653 vitiis
821 3606 877 3653 et
913 3602 1148 3668 peccatis
1196 3601 1388 3655 noxius
1417 3607 1665 3664 tenetur,
1705 3599 1790 3654 cui
1833 3599 2066 3654 dicitur:

496 3688 696 3759 Ligatis
735 3691 976 3745 manibus
1019 3692 1352 3762 pedibusque,
1382 3694 1552 3762 ejicite
1596 3709 1711 3748 eum
1739 3694 1794 3746 in
1837 3691 2071 3746 tenebras

495 3781 774 3835 exteriores
805 3781 1020 3852 (Matth.
1046 3781 1202 3853 ηις).
1241 3781 1409 3853 Cujus
1440 3784 1815 3838 consummatio
1852 3783 1904 3835 in
1928 3798 2071 3835 com-

497 3869 806 3924 bustionem.
833 3871 969 3938 Quia
993 3880 1307 3941 peccatores
1332 3874 1440 3944 igni
1474 3873 1898 3944 inexstinguibili
1919 3887 2065 3927 com-

497 3955 778 4012 burentur.

568 4048 894 4118 COn/idimus
928 4059 1100 4106 autem
1140 4052 1204 4105 de
1233 4052 1392 4105 vobis.
1448 4053 1570 4107 Ideo
1598 4053 1700 4107 hoc
1728 4053 1960 4118 addidit,
2015 4061 2075 4106 ut

501 4139 638 4194 bene
666 4147 907 4209 agerent.
956 4139 1136 4192 Bonus
1176 4140 1365 4193 doctor
1399 4141 1664 4194 laudando
1692 4155 1784 4194 eos
1820 4148 2076 4209 provocat

497 4232 565 4286 ad
597 4231 914 4302 profectum.
967 4231 1034 4286 Et
1058 4233 1310 4287 viciniora
1337 4232 1547 4287 salutis.
1581 4232 1839 4296 Subaudi,
1885 4248 2074 4288 conse-

498 4322 610 4392 qui.
658 4319 725 4374 Et
762 4322 808 4376 si
837 4323 909 4376 ita
951 4322 1231 4393 loquimur.
1279 4322 1675 4392 Exprobrantes
1705 4322 1885 4386 vobis,
1932 4322 2075 4392 quod

499 4409 624 4466 facti
653 4418 784 4466 estis
810 4411 1004 4481 quibus
1028 4412 1166 4466 lacte
1193 4427 1328 4482 Opus
1353 4412 1442 4466 sit.
1473 4411 1575 4476 Qui
1608 4411 2073 4466 ministrastissau-

501 4501 616 4554 etis.
656 4499 1037 4555 IIabitantibus
1070 4500 1423 4555 Hierusalem.
1455 4500 1523 4553 Et
1555 4499 1785 4553 eamdem
1814 4499 2072 4553 sollicitu-

502 4590 677 4643 dinem
705 4599 980 4644 ostentare.
1011 4588 1378 4661 Eleemosynte
1401 4598 1455 4645 et
1481 4591 1757 4645 doctrinm.
1786 4590 1865 4643 Ad
1902 4590 2075 4660 exple-

505 4681 698 4734 tionem
724 4680 869 4748 ﬁdei.
917 4681 1020 4735 Per
1047 4681 1185 4736 bona
1214 4696 1397 4752 opera.
1449 4679 1618 4751 Usque
1659 4681 1713 4734 in
1736 4681 1910 4748 ﬁnem.
1961 4679 2032 4735 Ut
2058 4700 2070 4734 :

503 4769 611 4836 Qui
637 4771 1036 4839 perseveraverit
1061 4773 1294 4842 usquein
1328 4773 1502 4840 ﬁnem,
1535 4770 1706 4824 salvus
1737 4771 1832 4823 erit
1856 4769 2069 4841 (Matth.

502 4859 577 4927 x).
614 4858 681 4913 Ut
711 4877 817 4913 non
843 4876 1020 4930 segnes
1049 4861 1362 4931 εθῑοὶαωὶηῂ
1393 4861 1534 4930 Pigri
1563 4863 1616 4916 in
1648 4863 1914 4916 mandatis
1952 4861 2068 4916 Dei.

2168 3229 2320 3284 tivati
2349 3245 2532 3285 sumus
2558 3245 2653 3300 per
2681 3229 2837 3285 iidem
2875 3238 3074 3286 sanctae
3101 3229 3383 3287 Trinitatis
3413 3247 3535 3287 cum
3576 3233 3741 3288 benis

2167 3320 2442 3392 operibus,
2474 3336 2594 3389 qua:
2631 3328 2755 3374 sunt
2782 3335 2818 3374 x
2849 3329 2902 3375 et
2933 3337 3051 3387 vm,
3084 3323 3186 3376 hoc
3211 3330 3315 3387 est,
3345 3330 3427 3377 ter
3460 3337 3574 3377 sex.
3603 3322 3741 3377 Nam

2171 3411 2445 3467 Abraham
2477 3425 2657 3464 secum
2686 3411 2741 3464 in
2773 3409 2958 3480 praelio
2982 3421 3168 3466 contra
3197 3412 3433 3482 quinque
3463 3427 3614 3483 rcges
3639 3413 3748 3485 Sy-

2173 3499 2268 3553 ria:
2294 3514 2521 3554 cccxvnt
2545 3499 2861 3554 vernaculos
2883 3499 3088 3553 habuit.
3117 3501 3160 3553 Α
3182 3501 3322 3554 crude
3346 3518 3541 3572 regum.
3571 3501 3747 3569 Quin-

2176 3604 2280 3658 que
2307 3604 2494 3659 regum
2527 3589 2713 3659 Syrize,
2761 3590 2889 3659 quia
2935 3589 3096 3656 Loth,
3122 3590 3288 3645 (ilium
3320 3592 3525 3656 fratris,
3569 3593 3747 3648 Abra-

2175 3681 2303 3738 ham
2331 3695 2451 3736 cum
2483 3696 2580 3736 sua
2610 3683 2836 3750 pecunia
2874 3683 3165 3752 eripuerat.
3210 3682 3420 3740 Occisis
3460 3693 3638 3740 autem
3666 3687 3744 3742 ab

2175 3770 2452 3827 Abraham
2491 3773 2545 3826 in
2599 3773 2700 3835 via,
2749 3774 3092 3842 praedamque
3124 3789 3370 3843 magnam
3413 3775 3481 3830 ab
3523 3777 3603 3832 eis
3649 3792 3749 3832 ra-

2174 3863 2310 3932 puit.
2341 3864 2410 3917 Et
2444 3863 2725 3918 benedixit.
2753 3864 3162 3920 Melchisedech.
3199 3866 3284 3932 Ei,
3314 3868 3562 3924 Abrahae.
3614 3869 3752 3924 Mel-

2177 3955 2486 4021 chisedech,
2537 3956 2693 4024 quasi
2720 3955 2942 4011 melchos
2979 3957 3153 4022 sadec,
3181 3959 3232 4013 id
3261 3969 3365 4026 est,
3396 3977 3488 4016 rex
3518 3962 3751 4032 justitize

2177 4041 2582 4112 interpretatur,
2637 4045 2780 4114 quod
2807 4047 3029 4115 mystice
3053 4047 3276 4104 Domino
3303 4048 3568 4106 Salvatori
3613 4069 3750 4110 con-

2184 4141 2442 4202 gruenter
2467 4143 2703 4203 aptatur,
2737 4135 2827 4204 qui
2854 4144 2936 4190 est
2955 4152 3166 4207 quoque
3192 4154 3281 4194 rex
3310 4142 3476 4210 pacis.
3505 4142 3633 4197 Sine
3651 4161 3752 4214 ρα-

2178 4229 2275 4274 tre.
2308 4220 2363 4276 Id
2383 4230 2485 4286 est,
2511 4223 2625 4277 sine
2656 4233 2810 4292 patre
2837 4227 3116 4282 sacerdote
3141 4229 3208 4284 de
3247 4230 3387 4284 tribu
3429 4231 3582 4287 Levi.
3617 4235 3751 4289 Sine

2178 4321 2364 4366 matre.
2415 4312 2675 4367 Similiter
2698 4315 2764 4370 de
2815 4315 2958 4371 tribu
2988 4317 3136 4373 Levi.
3172 4319 3297 4376 Sine
3317 4323 3638 4394 genealogia.
3663 4324 3752 4379 Ex

2177 4403 2498 4458 sacerdotali
2528 4405 2690 4460 tribu.
2719 4405 2898 4477 Neque
2921 4409 3129 4462 initium
3157 4411 3380 4466 dierum.
3432 4411 3531 4469 IIic
3564 4423 3751 4470 osten-

2175 4491 2321 4546 ditur
2345 4493 2506 4548 istum
2536 4493 2926 4552 Melchisedech
2965 4513 3070 4554 non
3105 4498 3273 4556 fuisse
3299 4501 3444 4558 Sem.
3478 4502 3610 4558 Nam
3638 4505 3746 4559 ini-

2174 4579 2309 4634 tium
2339 4582 2544 4637 dierum
2571 4581 2695 4642 Sem
2727 4583 3009 4654 Scriptura
3055 4589 3326 4656 describit,
3356 4592 3749 4650 Melchisedech

2175 4686 2304 4728 vero
2333 4689 2436 4728 nec
2464 4675 2676 4734 initium
2697 4677 2906 4731 dierum
2929 4677 3128 4735 habere
3152 4681 3494 4738 describitur.
3530 4684 3704 4740 Aliter
3729 4705 3744 4739 :

2177 4759 2288 4815 Nec
2319 4762 2523 4816 initium
2551 4764 2776 4831 dierum,
2805 4766 2858 4820 id
2882 4775 2987 4833 est,
3013 4769 3295 4826 electionis
3324 4772 3441 4840 ejus
3481 4773 3535 4829 in
3563 4789 3748 4830 sacer-

2177 4851 2382 4906 dotium
2435 4853 2922 4912 administrandum
2982 4868 3141 4916 aetate
3189 4861 3425 4931 legitima
3478 4879 3749 4920 annorum

505 4947 905 5002 llwreditabunt
953 4950 1340 5018 promissiones.
1400 4949 1644 5004 Nondum
1687 4951 1831 5004 enim
1887 4965 2061 5006 omnes

2178 4956 2289 4996 xxv
2327 4941 2410 4995 vel
2435 4943 2613 5012 potius
2647 4961 2755 4999 xxx
2779 4949 3069 5004 secundum
3097 4949 3414 5006 Hebraicam
3438 4953 3746 5019 veritatem,

502 5037 886 5105 promissiones
911 5037 1186 5105 completa
1215 5045 1358 5092 sum,
1407 5038 1633 5092 Iuravit.
1667 5038 1922 5093 Firmiter
1951 5054 2073 5108 pro.
2180 5040 2240 5085 ut
2281 5030 2638 5103 Hieronymus
2668 5035 2721 5088 in
2755 5042 2984 5091 tractatu
3014 5040 3334 5097 Ezechielis.
3365 5041 3550 5114 Neque
3563 5043 3744 5112 ﬁnem.

499 5123 666 5178 misit.
697 5123 804 5179 Per
829 5127 1175 5196 semetipsum.
1211 5126 1320 5181 Ut:
1364 5125 1489 5180 Vivo
1511 5142 1627 5196 ego,
1649 5126 1774 5180 dicit
1794 5125 2069 5181 Dominus.
2179 5121 2349 5193 Ipsius
2388 5125 2675 5180 ministerii
2713 5143 2744 5182 L
2775 5143 2936 5183 anno.
2982 5129 3132 5186 Tunc
3159 5132 3306 5186 enim
3341 5133 3628 5188 cessabant
3661 5149 3752 5189 sa-

505 5210 626 5265 Nisi
651 5213 956 5268 benedicens
977 5215 1276 5268 benedicam
1298 5214 1408 5268 tibi.
1440 5212 1621 5269 Genus
1652 5221 1735 5268 est
1756 5213 2070 5282 juramenti,
2179 5214 2424 5269 cerdotes
2451 5215 2781 5282 ministrare,
2834 5219 2927 5273 sed
2956 5220 3210 5276 custodes
3263 5237 3515 5278 vasorum
3554 5233 3744 5287 erant;

501 5306 564 5353 ut
587 5309 668 5354 est
693 5301 855 5356 illud:
882 5303 944 5358 Si
967 5304 1236 5357 intrabunt
1259 5304 1314 5357 in
1337 5304 1563 5373 requiem
1584 5318 1770 5357 meam.
1797 5303 1912 5358 Non
1929 5304 2074 5359 extim
2178 5305 2293 5360 haec
2311 5303 2571 5374 Origenes
2585 5307 2733 5362 dicit.
2760 5309 2912 5364 Hunc
2928 5309 3334 5375 Melchisedech,
3355 5313 3446 5368 alii
3475 5312 3748 5384 angelum,

501 5391 605 5444 nisi
631 5407 844 5462 semper
890 5409 990 5462 pro
1021 5395 1353 5450 dubitatione
1389 5394 1624 5464 ponitur,
1675 5410 1800 5449 nam
1845 5395 1933 5450 hic
1978 5411 2076 5466 pro
2177 5395 2265 5448 alii
2310 5393 2567 5464 Spiritum
2616 5405 2862 5452 sanctum
2892 5409 3111 5470 propter
3147 5401 3528 5458 excellantiam
3588 5416 3749 5456 suam

505 5477 862 5538 aﬂlrmatione
895 5491 981 5538 est
1022 5476 1276 5553 positum.
1323 5485 1532 5540 Aliter:
1581 5484 1901 5541 Benedicens
1929 5486 2079 5540 bens-
2175 5499 2294 5540 esse
2317 5488 2658 5557 suspicantur
2693 5507 2704 5542 :
2733 5491 2878 5559 quod
2903 5491 3064 5546 absit.
3093 5492 3303 5548 Hebraei
3333 5508 3462 5548 vero
3499 5493 3644 5547 hunc
3668 5494 3753 5546 af-

503 5567 676 5622 dicam
705 5581 787 5636 te,
839 5573 890 5626 id
919 5584 1023 5638 est,
1076 5574 1129 5628 in
1163 5576 1368 5631 sanctis
1391 5584 1450 5632 et
1483 5575 1760 5641 ﬁdelibus,
1793 5577 1885 5648 qui
1911 5576 2080 5633 stellis
2179 5577 2396 5631 ﬁrmant
2433 5591 2554 5632 esse
2598 5577 2724 5634 Sem
2769 5579 2937 5636 illium
2988 5580 3124 5646 Noe,
3170 5598 3331 5651 quem
3370 5588 3550 5638 vivum
3581 5580 3753 5636 fuisse

506 5656 628 5711 cmli
658 5672 1058 5730 comparantur.
2180 5666 2367 5720 dicunt
2417 5668 2471 5722 in
2497 5676 2737 5740 tempore
2763 5669 3018 5738 Abrahm,
3073 5673 3278 5728 habens
3307 5682 3429 5728 tunc
3454 5686 3626 5730 annos
3651 5686 3750 5725 an-
