1991 3099
132 193 180 221 9m

683 186 848 214 COLLECT.
868 185 901 212 ΙΝ
923 184 1030 212 EPIST.
1050 184 1096 211 AD
1116 185 1216 211 HEBR.

1704 186 1758 213 262

133 248 266 284 tiquitatis
278 255 345 274 ccxc
358 255 365 273 :
380 245 522 281 Apostolus
537 253 600 271 vero
617 245 733 271 Ostendit
747 252 801 270 non
813 252 846 270 ex
859 244 920 269 Scin
938 246 959 273 Λ
974 249 1075 276 ponens
1098 242 1222 273 det-imor,
1238 241 1385 268 decimam.
1410 241 1495 268 Aliter
1506 242 1652 269 secundum
1666 243 1756 278 Augu-

134 295 227 325 fuissc,
239 300 273 320 ex
289 300 344 326 quo
359 292 493 318 Abraham
507 290 565 321 fuit,
578 290 624 316 sed
637 297 670 316 ex
682 287 777 320 Citam,
790 288 921 322 cujuspo-

134 341 286 368 ueritatem
302 338 442 372 Scriptura
465 344 517 362 non
542 339 685 362 memorat.
707 334 836 367 Quisquis
852 333 923 360 enim

136 386 178 414 ille
190 389 244 417 est,
271 383 304 411 de
322 383 454 410 Gentibus
471 382 530 408 fuit.
558 381 651 408 Omnis
666 381 735 406 cnim
765 379 925 414 primogeni-

136 437 178 459 tus
192 438 255 458 cum
271 428 395 465 gentibus
411 427 536 454 sacerdos
562 426 718 453 vocabatur.
740 425 773 451 Et
785 433 836 451 non
853 424 924 458 quod

136 478 178 505 ille
203 481 311 512 patrem
334 479 362 501 et
380 478 493 500 matrem
510 480 562 499 non
579 472 725 501 habuisset,
750 471 848 497 dicitur
864 471 921 496 sine

135 526 213 556 patre
237 524 265 547 et
285 519 343 546 sine
358 522 458 547 matre;
485 517 531 543 sed
547 518 608 550 quia
637 515 792 549 genealogia
816 514 887 540 illius
898 514 923 540 in

136 566 234 594 Genesi
256 572 310 592 non
324 567 527 593 annumeratur,
553 562 599 588 sed
620 561 708 587 subito
730 560 919 586 introducitur.

138 610 306 638 Assimilatus
330 614 415 634 autem
433 606 502 633 Filio
518 606 575 632 Dei.
606 606 672 638 Quia
691 610 718 631 et
736 605 791 639 ipsc
808 605 865 631 sine
879 612 925 639 pa-

139 661 179 682 tre
203 655 230 681 in
246 658 328 685 terra,
344 657 372 680 et
386 652 443 679 sine
457 656 543 678 matre
557 659 581 677 In
597 651 677 682 coelo,
699 651 756 677 sine
768 650 924 685 genealogia

138 700 285 729 secundum
309 699 484 728 divinitatem,
510 702 539 724 ut
554 707 560 723 :
576 696 772 723 Generalionem
794 698 850 731 ejus
865 698 924 731 quis

138 745 294 773 (narrabit?
318 744 448 771 Similiter
461 744 519 770 sine
550 743 626 769 initio
651 743 797 769 secundum
826 742 924 768 divini-

139 793 234 820 tatem,
252 793 278 815 et
292 789 348 816 sine
361 788 422 815 line.
437 787 524 814 Manet
538 787 659 813 sacerdos
674 788 699 813 in
714 793 875 821 perpetuum.
896 787 924 812 lu

138 833 272 868 prolixum
299 833 427 867 temporis
441 833 566 866 spatium,
588 839 639 858 non
657 832 737 858 unius
764 836 864 858 tantum
878 839 925 858 an-

139 878 166 905 ni
176 878 324 908 curriculo,
337 882 383 904 aut
395 884 479 911 usque
500 876 532 902 ad
547 876 796 911 quinquagesimum
813 884 922 902 annum.

974 288 1073 314 stinum
1091 296 1097 314 ι
1114 287 1248 314 Abraham
1261 291 1287 315 ct
1299 287 1362 314 Levi
1371 288 1493 314 decimati
1508 293 1570 315 sunt
1582 296 1597 315 a
1612 288 1751 317 Melchise-

974 333 1051 364 dech,
1065 336 1173 367 propter
1186 340 1280 366 panem
1293 336 1321 359 et
1332 333 1423 359 vinum
1440 340 1454 359 a
1473 332 1668 360 Melchisedech
1680 341 1758 361 acce-

974 383 1057 412 ptum.
1076 378 1188 412 lpsaque
1204 378 1347 405 decimatio
1363 379 1482 412 quaedam
1498 379 1678 413 pnetiguratio
1693 383 1752 407 erat

974 424 1070 450 latura!
1085 424 1223 451 medicina:
1235 431 1284 458 per
1302 424 1444 450 Dominum
1458 423 1638 456 Salvatorem,
1653 425 1756 452 idcirco

974 468 1036 494 Levi
1060 469 1086 495 in
1112 468 1247 495 Abraham
1265 469 1411 495 decimatas
1431 473 1481 501 est,
1508 469 1571 504 quia
1601 460 1755 497 curaretur.

976 515 1031 542 Non
1044 521 1133 543 autem
1146 517 1270 544 Christus
1285 517 1432 543 decimatas
1444 521 1495 549 est,
1519 519 1642 551 quamvis
1657 523 1684 545 et
1695 518 1756 553 ipse

976 560 1061 587 fuerat
1074 561 1100 588 in
1116 561 1213 588 lumbis
1226 562 1342 588 Ahrahze
1354 562 1499 588 secundum
1514 563 1672 597 originalem
1694 563 1758 590 sub—

975 607 1110 637 stantiam.
1124 615 1172 642 per
1183 615 1261 641 quem
1277 608 1423 634 humanum
1447 615 1531 643 genus
1554 614 1704 636 curaretur.
1729 609 1758 636 ιιι

975 658 1029 684 quo
1046 651 1147 678 Christi
1169 652 1326 679 excellentia
1347 653 1489 680 sacerdotii
1513 654 1672 686 ostenditur,
1697 662 1758 682 cum

976 695 1003 721 in
1018 695 1115 723 lumbis
1132 696 1247 723 Abrahze
1268 706 1320 724 non
1340 705 1452 725 necesse
1475 699 1592 725 habebat
1616 699 1757 726 decimari.

977 739 1126 766 Secundum
1139 741 1255 768 ordinem
1269 741 1466 769 Melchisedech.
1482 743 1589 771 Habeas
1607 744 1697 778 regale
1717 752 1760 773 sa-

976 784 1124 812 cerdotium
1152 786 1221 813 sicut
1244 786 1450 814 Melchisedech.
1474 787 1508 813 Et
1537 796 1589 814 non
1615 789 1757 815 secundum

976 829 1094 856 ordinem
1109 830 1207 856 Aaron.
1220 830 1248 857 In
1262 831 1494 858 observationibus
1509 832 1648 867 legalibus.
1663 833 1759 860 Trans-

976 873 1028 900 lato
1040 875 1107 900 enim
1124 875 1278 901 sacerdotio.
1293 875 1314 901 A
1328 875 1391 902 Levi
1410 879 1437 902 et
1453 875 1552 903 Aaron.
1570 876 1610 902 Ad
1623 876 1759 904 Melchise-

138 923 283 950 lntuemini
301 927 387 948 autem
398 927 510 956 quantus
523 922 554 947 sit
583 922 634 947 hic.
657 922 794 948 Convertit
820 928 923 947 sermo-
939 912 961 941 Β
975 919 1048 945 dech.
1074 919 1113 945 Ad
1128 919 1274 946 Christum.
1304 920 1414 947 Necesse
1429 926 1477 953 est,
1502 926 1531 947 ut
1541 921 1603 956 legis
1621 922 1760 948 translatio

139 974 200 994 nem
210 967 245 993 ad
266 966 403 998 Hebrzcos,
424 966 521 1000 quibus
547 967 616 993 hanc
641 966 781 1000 epistolam
806 966 924 999 scripsit,

139 1019 170 1038 ac
182 1011 205 1038 si
221 1011 325 1038 diceret
342 1018 348 1037 :
362 1010 503 1045 Intelligite
520 1018 600 1044 quam
624 1018 736 1044 magnus
760 1011 795 1036 sit
823 1010 865 1036 hic
880 1017 924 1036 sa-

140 1056 246 1087 cerdos,
270 1055 316 1089 qui
332 1055 444 1089 ﬁgurant
460 1054 558 1081 Christi
575 1055 697 1089 gestavit,
720 1055 781 1080 dum
800 1059 853 1080 tam
868 1061 909 1079 ma

140 1109 207 1135 gnus
221 1100 379 1136 patriarcha
394 1100 417 1127 ei
437 1100 556 1126 decimas
569 1100 641 1126 dedit
655 1108 687 1126 ex
701 1099 855 1125 melioribus
867 1106 926 1132 quae

141 1146 256 1172 habebat
280 1144 416 1171 Abraham
431 1144 594 1178 patriarcha.
609 1144 678 1179 Ergo
689 1145 710 1171 si
728 1144 923 1170 Melchisedech

139 1187 315 1217 excellentior
335 1190 465 1224 sitquam
482 1189 630 1222 Abraham,
645 1190 737 1223 sicque
753 1189 875 1216 Christus
887 1197 927 1216 se-

139 1236 257 1262 cundum
280 1233 401 1262 ordinem
426 1234 620 1261 Melchisedech
648 1235 773 1261 sacerdos
793 1239 881 1261 manet
897 1235 923 1261 in

140 1285 284 1312 internum,
303 1279 474 1307 concluditur
486 1280 554 1313 quod
567 1279 690 1306 Christus
710 1279 883 1306 excellentior
893 1279 928 1306 sit

141 1334 220 1361 quam
234 1326 386 1355 Abraham,
403 1325 429 1352 iu
444 1333 497 1359 quo
522 1324 605 1351 Judiei
622 1332 651 1352 se
674 1324 788 1358 jactanl.
820 1325 852 1351 Et
867 1326 927 1359 qui-

140 1372 197 1398 dem
211 1371 245 1398 de
262 1371 327 1404 [iliis
343 1370 403 1397 Levi
413 1370 587 1396 sacerdotium
606 1371 768 1404 accipientes.
793 1370 860 1397 llinc
872 1377 928 1396 mo-

140 1423 169 1443 re
187 1423 237 1442 suo
249 1422 300 1450 per
324 1414 492 1442 dialecticam
506 1414 635 1448 loquitur,
652 1415 765 1441 dicendo
781 1419 808 1441 et
820 1415 926 1448 quidem

139 1461 172 1488 de
191 1461 254 1488 ﬁliis
270 1460 344 1490 Levi.
374 1468 407 1486 ne
427 1461 487 1494 q‘tis
501 1460 565 1486 Levi
578 1460 759 1486 sacerdotium
787 1459 927 1486 Melchise-

140 1510 206 1537 dech
225 1510 381 1545 pnccallcre
394 1510 500 1543 putaret
517 1514 522 1534 ;
539 1509 566 1531 et
581 1505 728 1531 s:-cumlum
747 1505 854 1531 solitam
877 1506 927 1532 ob-

140 1555 285 1590 iectionem
297 1555 444 1582 Leviticum
456 1554 635 1581 sacerdotium
651 1554 724 1587 prius
733 1550 842 1584 exultat,
856 1551 926 1589 quod

140 1599 187 1626 Dei
212 1600 340 1626 mandato
353 1608 405 1626 non
419 1600 453 1626 ab
466 1599 609 1633 aliquibus.
628 1599 673 1625 sed
687 1607 701 1624 ιι
714 1598 760 1624 Dei
775 1598 882 1632 populo,
900 1599 926 1624 id
941 1585 962 1614 Ο

139 1649 190 1677 est,
217 1644 281 1671 ﬁliis
294 1645 430 1671 Abraham
444 1645 562 1671 decimas
576 1644 700 1678 accipere
718 1643 856 1677 jubentur,
885 1644 927 1671 cui

140 1694 230 1717 tamen
243 1690 413 1717 sacerdotem
432 1689 625 1716 Melchisedech
640 1689 833 1723 superexaltat,
848 1696 927 1723 quem

140 1741 225 1770 genus
241 1742 296 1761 non
310 1735 443 1766 nobilitat,
471 1739 497 1761 et
511 1735 555 1769 qui
575 1742 589 1760 a
611 1738 698 1768 patre,
724 1742 738 1760 a
760 1742 814 1768 quo
836 1742 929 1761 omnes

140 1779 331 1811 nobilitantur,
367 1779 392 1806 id
420 1783 469 1810 est,
493 1779 638 1809 Abraham.
654 1779 772 1805 decimas
796 1780 920 1813 sumpsit.

143 1823 177 1850 Et
190 1824 234 1850 cui
248 1823 319 1851 Levi.
333 1824 460 1857 Quamvis
472 1825 498 1851 in
514 1829 590 1858 patre
611 1825 729 1851 decimas
753 1825 835 1851 dedit.
853 1825 929 1851 Deci—

143 1872 312 1895 mur‘sumere
331 1878 346 1895 a
360 1869 465 1904 populo.
485 1870 570 1895 Tanta
583 1874 624 1896 est
637 1870 707 1896 enim
725 1870 867 1896 sacerdotii
884 1878 930 1895 cx-

143 1914 279 1942 oellentia.
299 1913 456 1949 Quanquam
478 1920 501 1941 et
524 1915 583 1949 ipsi.
612 1915 674 1946 Pro,
692 1916 825 1949 quoniam.
848 1914 930 1949 Cujus

144 1963 230 1986 auten
239 1960 372 1994 generatio
386 1968 437 1986 non
452 1966 641 1986 annumeratur
654 1961 680 1986 in
694 1962 740 1986 eis.
768 1960 841 1987 Filiis
855 1960 930 1993 Levi,

145 2005 271 2037 quoniam
283 2004 405 2032 Christus
412 2013 465 2032 non
473 2014 487 2033 e
496 2006 566 2032 tribu
584 2005 659 2037 Levi,
671 2006 717 2032 sed
726 2006 812 2040 magis
821 2007 853 2032 de
861 2006 931 2032 tribu

144 2047 211 2076 Iuda
228 2057 290 2077 esse
308 2050 478 2084 perhibetur;
505 2050 547 2076 vel
567 2050 694 2084 quoniam
715 2049 814 2077 Christi
847 2058 930 2085 gene-

147 2095 214 2122 ratio
247 2095 394 2123 secundum
423 2096 590 2123 divinitatem
618 2103 671 2122 non
696 2103 729 2122 ex
763 2096 802 2123 eis
830 2104 930 2123 nume-

144 2144 232 2168 ratur.

193 2186 314 2213 Decimae
332 2187 442 2221 sumpsit
464 2187 585 2213 Abrahre.
603 2186 650 2213 His
670 2195 734 2221 ergo
749 2186 855 2213 duobus
875 2194 932 2213 mo-

147 2232 189 2259 dis
214 2233 395 2259 sacerdotium
413 2232 528 2259 ﬁliorum
542 2232 605 2259 Levi
623 2232 815 2259 Melchisedech
829 2240 877 2259 SUO
890 2240 932 2259 sa-

147 2277 267 2304 cerdotio
290 2277 472 2312 superexaltat
487 2287 493 2303 :
509 2278 570 2311 quia
600 2277 719 2304 decimas
743 2276 776 2303 ab
794 2277 931 2304 Abraham

146 2324 266 2351 omnium
285 2323 456 2351 sacerdotum
471 2327 547 2358 patre
567 2324 689 2357 accipere
704 2324 811 2354 meruit,
830 2328 857 2350 et
868 2324 931 2358 quia

147 2371 220 2398 hinc
233 2370 280 2405 qui
301 2369 526 2403 repromissioncs
547 2369 651 2403 aer-epit
667 2368 813 2395 benedixit.
845 2368 879 2394 Et
890 2369 931 2394 hic

146 2414 259 2450 quidm.
282 2414 343 2442 Filii
363 2414 437 2446 Levi,
457 2414 524 2440 etin
539 2414 623 2440 veteri
639 2414 705 2447 lege.
738 2413 857 2439 Decimus
874 2422 930 2439 mo-

148 2460 241 2487 rientes
254 2460 371 2486 homines
380 2459 520 2493 accipiunt.
535 2458 594 2485 Filii
606 2458 707 2488 Aaron,
734 2458 778 2491 qui
801 2458 929 2485 mortales

148 2505 273 2533 bonum
295 2508 366 2531 sunt.
385 2503 427 2530 lbi
446 2509 542 2529 autem.
566 2503 594 2529 ld
608 2507 659 2533 est,
682 2504 706 2529 in
719 2502 835 2529 Psalmo.
865 2502 932 2529 Con-

149 2553 319 2578 (mm-at.
346 2548 463 2582 Spiritus
481 2553 589 2575 sanctus
607 2556 655 2582 per
679 2555 710 2574 os
738 2547 830 2574 David.
863 2547 933 2580 Quia

149 2595 219 2624 vim.
233 2594 270 2623 Ut
281 2604 288 2621 :
301 2593 340 2621 Tu
351 2603 378 2621 es
387 2594 508 2621 sacerdos
518 2595 544 2620 in
557 2598 692 2620 reternum.
704 2593 737 2619 Et
746 2598 772 2619 ut
787 2595 823 2619 ita
836 2594 933 2620 dictant

149 2644 253 2675 πηκτ-
279 2639 421 2667 lumbum.
443 2639 500 2667 Hoc
509 2644 560 2672 est,
585 2647 635 2674 per
656 2639 794 2666 Abraham
816 2639 935 2666 decimas

151 2686 226 2712 dedit
249 2685 312 2713 Levi
327 2686 360 2712 ad
378 2685 590 2717 Melchisedech;
622 2685 684 2720 quia
705 2685 775 2719 quod
798 2684 934 2711 Abraham

151 2730 257 2761 obtulit,
272 2730 335 2758 Levi
353 2738 446 2758 secum
457 2731 561 2763 obtulit,
578 2731 640 2757 dum
654 2730 681 2756 in
697 2730 797 2757 lumbis
807 2729 866 2764 ejus
875 2730 933 2757 luit.

152 2773 205 2806 Qui
216 2775 340 2802 decimas.
364 2775 438 2802 Levi.
454 2776 566 2811 Accepit.
577 2775 674 2803 Postea
689 2783 703 2802 a
722 2775 820 2810 popqu
842 2771 934 2802 Israel.

154 2820 304 2847 Decimatus
315 2826 363 2847 est.
394 2821 518 2848 Decimas
539 2822 611 2849 dedit
626 2821 659 2848 ad
673 2820 877 2848 Melchisedech.
898 2821 937 2847 Ad

153 2865 222 2893 hunc
233 2866 262 2893 in
272 2866 367 2894 innubis
382 2867 514 2894 Abraham
534 2867 642 2902 positus.
670 2865 705 2894 Ut
718 2866 752 2893 sit
766 2867 877 2893 verbum
892 2867 938 2894 de-

975 965 1032 998 ﬁat.
1062 964 1153 999 Neque
1168 965 1238 991 enim
1260 969 1347 999 potest
1368 965 1495 992 sacerdos
1507 972 1566 992 esse
1580 966 1637 992 sine
1648 966 1717 1001 lege,
1733 970 1761 993 et

974 1014 1144 1041 testamento,
1163 1015 1189 1037 et
1212 1011 1360 1044 praeceptis.
1383 1010 1415 1036 In
1430 1019 1480 1045 quo
1492 1012 1570 1037 enim.
1595 1011 1622 1037 In
1636 1012 1756 1042 Christo.

976 1055 1025 1080 hoc
1040 1059 1092 1086 est,
1112 1055 1181 1088 quod
1201 1055 1347 1081 secundum
1366 1055 1488 1082 ordinem
1502 1055 1694 1083 Melchisedech
1710 1064 1753 1083 sa—

976 1099 1071 1126 cerdos
1085 1100 1120 1126 sit
1134 1100 1159 1126 in
1171 1104 1310 1126 aeternum.
1336 1100 1372 1126 De
1383 1099 1436 1127 alia
1462 1100 1530 1126 tribu
1553 1106 1601 1127 est.
1627 1100 1705 1133 Juda,
1732 1105 1760 1128 et

976 1148 1028 1172 non
1044 1145 1117 1172 Levi.
1159 1145 1316 1181 Exsurgeret
1331 1147 1399 1173 alius
1422 1146 1551 1173 sacerdos.
1579 1145 1693 1181 Propter
1713 1155 1758 1174 sa~

979 1193 1102 1220 cerdotes
1113 1192 1257 1220 Leviticos.
1280 1192 1534 1220 Mandaticarnalis.
1555 1193 1622 1226 Quia
1647 1200 1759 1227 nonpcr

979 1239 1116 1266 hominem
1137 1238 1255 1273 pontifex
1280 1238 1420 1266 ordinatus
1435 1242 1486 1265 est.
1519 1236 1584 1264 Vita:
1602 1238 1757 1265 insolubilis.

978 1283 1005 1310 Id
1018 1288 1070 1315 est,
1082 1288 1189 1311 {cternze
1202 1284 1272 1315 vita},
1291 1287 1320 1310 ut
1336 1293 1341 1310 :
1358 1283 1394 1309 Tu
1410 1291 1436 1310 es
1451 1283 1571 1310 sacerdos
1583 1284 1610 1309 in
1622 1289 1758 1310 (uernum.

978 1327 1145 1356 Contestatur
1165 1329 1243 1355 enim.
1273 1328 1389 1362 Spiritus
1403 1332 1512 1355 sanctus
1531 1335 1578 1362 per
1589 1327 1682 1354 David.
1712 1325 1764 1354 Ite-

977 1375 1096 1409 probalio
1111 1374 1214 1409 quidem
1226 1374 1266 1408 fit.
1283 1374 1316 1401 Ut
1326 1374 1418 1409 gratia:
1431 1374 1504 1400 locus
1518 1375 1636 1400 daretur.
1654 1372 1764 1409 Propter

978 1419 1155 1453 inﬁrmitatem
1173 1419 1238 1453 ejus.
1265 1419 1332 1452 Quia
1349 1419 1481 1446 neminem
1496 1419 1582 1453 potuit
1593 1418 1708 1446 salvare.
1725 1418 1760 1445 Et

978 1465 1153 1492 inutilitatem.
1182 1465 1231 1492 His
1245 1465 1376 1497 videlicet,
1398 1465 1443 1500 qui
1464 1465 1491 1492 in
1503 1464 1612 1492 Christo
1632 1472 1684 1492 non
1700 1471 1760 1491 cre-

979 1511 1115 1537 di-lerunt.
1134 1511 1208 1538 Nihil
1222 1511 1289 1538 enim
1310 1511 1345 1537 ad
1355 1511 1495 1545 perfectum
1506 1511 1616 1537 adduxi!
1628 1510 1678 1538 lex.
1694 1510 1762 1543 Quia

981 1564 1066 1593 usque
1100 1558 1133 1585 ad
1161 1558 1313 1593 passionem
1337 1557 1436 1585 Christi
1461 1557 1487 1584 in
1512 1556 1646 1584 infernum
1670 1563 1764 1584 omnes

979 1603 1062 1635 ibant,
1086 1607 1179 1637 postea
1204 1606 1293 1629 autem
1317 1601 1399 1629 caalos
1422 1605 1574 1636 penetrant.
1599 1600 1763 1627 Introductio

978 1657 1036 1675 vero
1059 1648 1172 1674 melioris
1189 1648 1252 1683 spei.
1280 1646 1372 1674 Melior
1392 1651 1433 1674 est
1444 1646 1516 1673 enim
1538 1653 1609 1681 spes,
1634 1652 1687 1680 qua
1710 1645 1765 1671 vita

977 1696 1077 1719 aeterna
1096 1696 1229 1727 speratur,
1257 1699 1336 1726 quam
1356 1691 1398 1718 illa
1413 1698 1465 1726 qua
1481 1691 1549 1718 bona
1573 1694 1651 1717 teme
1670 1697 1765 1724 exspe-

977 1742 1093 1764 ctantur.
1108 1736 1211 1763 Iuravit
1225 1736 1361 1763 Dominus.
1378 1736 1430 1763 Per
1448 1735 1633 1769 semetipsum.
1666 1734 1700 1760 Et
1712 1742 1764 1761 non

977 1782 1105 1818 ρωηὶιεύἱι
1118 1790 1186 1808 eum.
1201 1780 1276 1808 Sicut
1289 1781 1414 1815 paenituit
1426 1788 1486 1807 eum
1500 1780 1637 1806 hominem
1651 1778 1756 1809 fecisse,

979 1831 1006 1854 et
1026 1826 1090 1854 Saul
1107 1826 1247 1853 ordinasse
1258 1826 1284 1852 in
1298 1832 1398 1860 regem.
1414 1823 1445 1850 In
1463 1828 1575 1850 tantum.
1590 1823 1625 1850 Ut
1638 1823 1764 1850 sacerdo-

981 1873 1047 1899 tium
1066 1871 1124 1905 ejus
1145 1875 1268 1898 maneret
1280 1871 1306 1897 in
1321 1874 1463 1900 :etcrnum,
1489 1868 1563 1895 velut
1589 1875 1649 1895 cum
1662 1867 1766 1903 jureju-

981 1917 1064 1943 rando
1078 1915 1254 1942 stabilirelur.
1268 1914 1384 1941 Melioris
1399 1913 1556 1940 testamenti.
1589 1912 1655 1939 Novi
1667 1917 1695 1940 et
1706 1913 1768 1940 vitae

981 1965 1099 1992 aeternae,
1126 1959 1197 1994 quod
1212 1958 1309 1986 multos
1323 1959 1356 1985 ad
1372 1958 1522 1993 perlectum
1534 1957 1620 1984 duxit.
1637 1956 1763 1992 Sponsor.

981 2004 1142 2032 Promissor.
1161 2003 1237 2036 Quod
1251 2006 1332 2030 morte
1346 2002 1553 2037 prohiberentur.
1579 1997 1633 2029 Hic'
1646 2001 1764 2029 ostendit

983 2057 1035 2077 non
1055 2050 1235 2077 sacerdotium
1251 2048 1397 2075 secundum
1412 2048 1535 2075 ordinem
1558 2047 1621 2074 Levi
1644 2055 1765 2079 manere,

982 2095 1027 2122 sed
1034 2095 1133 2122 Christi
1149 2094 1327 2121 sacerdotium
1333 2096 1490 2128 perpetuum
1498 2100 1568 2120 esse.
1580 2093 1708 2120 Accedens
1721 2101 1767 2128 per

982 2140 1145 2175 semetipsum
1157 2139 1191 2166 ad
1206 2138 1297 2165 Deum.
1308 2137 1342 2165 Ut
1354 2147 1360 2164 :
1375 2137 1457 2164 Nemo
1465 2138 1530 2163 venit
1544 2137 1578 2163 ad
1588 2136 1701 2169 Patrem,
1715 2138 1765 2164 nisi

982 2193 1028 2220 per
1044 2193 1093 2212 me.
1109 2184 1216 2219 Semper
1226 2184 1321 2210 vivens.
1332 2182 1389 2209 Non
1401 2186 1430 2208 ut
1441 2181 1485 2208 alii
1500 2181 1665 2208 sacerdotes.
1681 2181 1763 2208 Inno-

984 2240 1051 2259 cens.
1068 2231 1137 2258 Nulli
1154 2238 1264 2258 nocens.
1277 2228 1443 2263 Impollutur.
1461 2226 1526 2254 Sine
1540 2230 1659 2261 peccato.
1676 2226 1768 2260 Segre-

984 2281 1059 2312 gatus
1071 2286 1087 2303 a
1107 2275 1295 2312 peccatoribus.
1313 2273 1388 2307 Quod
1407 2272 1509 2299 nullum
1529 2272 1557 2298 in
1576 2278 1608 2298 eo
1626 2275 1767 2305 peccatum

985 2321 1044 2348 fuit.
1068 2320 1203 2347 Excelsior
1216 2319 1285 2346 caelis
1296 2318 1392 2353 factus.
1411 2317 1439 2344 [d
1451 2321 1503 2349 est,
1522 2315 1626 2351 angelis
1636 2319 1663 2343 et
1674 2314 1765 2342 ﬁrma—

986 2372 1085 2399 mento,
1103 2370 1131 2392 ut
1147 2375 1153 2391 τ
1169 2365 1282 2391 Adorent
1295 2371 1353 2390 eum
1368 2371 1456 2389 omnes
1466 2361 1550 2397 angeli
1562 2362 1628 2396 ejus.
1644 2360 1695 2393 Qui
1714 2368 1766 2387 non

985 2412 1060 2439 habet
1092 2410 1216 2446 quotidie.
1243 2409 1280 2436 Ut
1293 2408 1446 2435 sacerdotes
1470 2406 1547 2442 legis.
1571 2406 1766 2432 Necessitatem.

984 2456 1153 2488 Immolandi,
1185 2455 1323 2482 offerendi.
1358 2453 1448 2481 Sermo
1469 2458 1556 2479 autem
1577 2451 1767 2486 jurisjurandi.

988 2504 1038 2538 Qui
1063 2503 1145 2531 dicit:
1161 2502 1199 2529 'I'u
1220 2511 1246 2529 es
1272 2501 1407 2529 saccerdos
1434 2500 1460 2526 in
1487 2503 1611 2525 (neruum
1628 2495 1769 2522 secundum

987 2548 1104 2576 ordinem
1117 2546 1313 2574 Melchisedech.
1330 2544 1430 2572 Filium
1446 2544 1472 2569 in
1485 2547 1607 2569 a‘tcrnum
1615 2540 1769 2575 perfectum.

988 2594 1171 2622 Sacerdotem.

1286 2634 1400 2664 CAPUT
1417 2633 1484 2660 Vill.

1023 2684 1171 2720 Capitulum
1183 2688 1268 2710 autem
1282 2690 1359 2718 super
1369 2690 1399 2709 ea
1409 2689 1468 2716 qum
1479 2680 1611 2707 dicuntur.
1631 2678 1770 2705 Summam

988 2730 1030 2758 vel
1055 2728 1311 2763 recapitulationcm.
1344 2726 1395 2759 Qui
1414 2725 1484 2752 sedet
1506 2724 1532 2751 in
1560 2724 1667 2750 dextera
1698 2721 1767 2749 sedis

989 2774 1186 2811 magnitudinis.
1215 2772 1367 2801 Secundum
1391 2779 1447 2798 suae
1464 2770 1616 2806 maiestatis
1641 2768 1775 2797 excellen-

990 2821 1063 2848 tiam.
1089 2819 1244 2847 Sanctorum
1262 2818 1388 2845 minister.
1415 2816 1478 2844 Sive
1508 2820 1663 2843 sanctorum
1684 2812 1774 2842 homi-

991 2874 1053 2893 num
1073 2865 1219 2892 secundmn
1233 2871 1309 2891 suam
1326 2861 1557 2893 misericordiam;
1575 2860 1632 2888 sive
1650 2858 1773 2886 minister
