3982 6198
380 319 486 377 965

1753 307 1835 362 SE
1843 304 2019 363 DULII
2057 302 2247 360 SCOTl

3509 293 3613 347 ΞΗ

382 447 571 489 eorum
614 445 735 500 qua:
762 426 957 482 Sancta
986 431 1293 479 sanctorum
1329 420 1597 476 dicuntur.
1630 417 1692 471 Et
1716 418 1949 471 toberna-
1977 422 2025 476 Α
2053 414 2197 467 ﬁcat.
2237 412 2473 465 Aureum
2498 422 2628 467 vero
2658 406 3008 471 thurihulum,
3032 422 3230 500 corpus
3265 404 3466 500 Christi
3494 421 3618 460 cum

382 526 580 580 culum.
624 521 858 591 Spiritus
911 516 1213 570 animarum
1274 520 1606 575 sanctarum,
1658 509 1947 577 templique

384 612 731 671 multiformis
760 606 1034 669 Ecclesiae,
1092 603 1146 658 in
1191 618 1298 674 quo
1342 602 1486 657 Deus
1529 600 1812 655 inhabitat.
1866 597 1947 650 Ad

383 702 648 773 offerenda
696 711 933 751 munera.
973 694 1176 747 Aurum
1215 701 1270 746 et
1297 699 1601 762 argentum.
1633 688 1699 743 Et
1722 687 1943 741 hostias.

384 794 460 850 De
510 789 871 846 oblationibus
906 786 1061 840 vivis.
1120 780 1226 837 Nec
1273 800 1381 838 esse
1418 782 1682 837 sacerdos.
1733 776 1793 834 id
1840 786 1945 845 est,

384 882 495 950 ipse
536 879 792 932 Dominus
822 875 1088 937 Salvator,
1139 872 1231 940 qui
1258 872 1336 925 sic
1389 885 1494 924 non
1539 877 1950 924 essetnecessa—

385 972 517 1032 rius,
552 974 596 1023 si
622 982 716 1037 per
751 966 883 1019 alios
905 962 1221 1032 justiﬁcatio
1265 960 1379 1013 ﬁeri
1404 967 1601 1028 posset.
1636 956 1740 1021 Qui
1775 971 1950 1019 exem-

382 1058 519 1128 plari
567 1067 613 1109 et
673 1053 867 1107 umbra'
902 1051 1125 1105 serviunt
1162 1047 1459 1103 antestium.
1494 1044 1833 1113 Exemplaria
1869 1043 1950 1097 di-

383 1155 601 1207 cuntur,
657 1143 780 1212 quia
805 1139 1102 1195 ccelestium
1131 1136 1375 1207 exempla
1399 1135 1773 1190 ostendebant.
1820 1130 1948 1187 Um-

385 1238 497 1292 bra:
540 1243 718 1287 autem
759 1234 811 1286 in
845 1229 1244 1300 comparatione
1296 1224 1724 1295 supervenientis
1753 1224 1949 1276 verita-

385 1329 473 1383 tis.
527 1324 840 1379 Cwlestium.
893 1316 1260 1388 Spiritualium
1306 1315 1593 1375 donorum,
1626 1326 1747 1381 quae
1795 1310 1951 1364 nobis

386 1434 483 1489 per
510 1415 708 1472 Christi
748 1411 1107 1467 sacerdotium
1131 1407 1419 1461 donantur.
1469 1403 1577 1457 Aut
1621 1401 1948 1464 ccelestium,

387 1510 440 1563 id
478 1517 581 1571 est,
634 1519 880 1574 cperum,
930 1500 1055 1569 quia
1080 1513 1147 1552 ex
1178 1498 1261 1551 his
1287 1495 1531 1550 coelestia
1550 1499 1948 1562 promerentur.

390 1594 824 1654 Tabernaculum.
869 1588 1155 1662 Exemplar
1200 1586 1472 1643 Ecclesim.
1524 1582 1714 1639 Facies
1753 1582 1950 1637 omnia.

387 1688 519 1741 Tam
550 1687 615 1741 de
665 1679 996 1738 tabernaculi
1052 1676 1458 1738 constitutione,
1518 1687 1681 1741 quam
1728 1672 1795 1726 de
1824 1671 1953 1725 hos-

2048 503 2344 558 divinitatis
2391 500 2692 570 splendore.
2744 500 2883 554 Area
2909 511 3058 563 vero;
3106 499 3219 568 ipsa
3252 498 3494 553 Ecclesia
3527 512 3622 553 se-

2049 593 2283 647 cundum
2314 591 2599 662 mysticum
2630 605 2865 652 sensum,
2912 589 3088 642 anima
3124 588 3417 643 secundum
3445 598 3625 656 tropo-

2048 685 2278 755 logicum
2307 683 2645 753 exprimitur,
2688 689 2783 735 aut
2810 690 2955 735 certe
2973 695 3096 734 arca
3125 680 3460 734 Testamenti
3487 694 3621 734 caro

2053 772 2352 827 Salvatoris
2403 769 2603 824 Christi
2646 768 3109 830 animadvertitur,
3169 767 3223 821 in
3270 781 3376 836 qua
3421 783 3623 822 manna

2048 862 2350 918 divinitatis
2374 861 2659 919 inhabitat.
2716 858 2861 914 Urna
2883 859 3064 914 aurea.
3114 859 3436 914 Humanitas
3459 857 3622 916 Chri-

2049 952 2120 1005 sti
2174 968 2295 1007 cum
2341 952 2640 1011 divinitate.
2697 942 2857 1021 Virga
2902 950 3100 1013 Aaron,
3151 965 3375 1021 regnum
3417 946 3624 1005 Christi

2049 1042 2335 1111 signiﬁcat,
2377 1041 2461 1097 vel
2501 1040 2757 1096 vexillum
2781 1039 2976 1094 crucis.
3018 1036 3237 1094 Tabula:
3264 1038 3384 1095 dua:
3430 1039 3626 1095 Testa-

2048 1132 2236 1186 menti.
2259 1131 2555 1185 Cherubim.
2573 1130 2856 1185 Plenitudo
2880 1128 3139 1183 scientize.
3164 1125 3621 1198 Propitiatorium.

2048 1222 2123 1276 De
2150 1237 2256 1290 quo
2284 1223 2679 1291 propitiahatur
2716 1220 2974 1274 Dominus
3005 1218 3204 1288 populo
3225 1234 3343 1273 suo.
3397 1219 3623 1290 Mystice

2047 1310 2481 1380 pmpitiatorium
2522 1309 2781 1365 Dominus
2821 1307 3073 1363 Salvator
3118 1308 3458 1378 exprimitur,
3528 1310 3622 1380 qui

2048 1410 2122 1452 est
2156 1400 2457 1469 propitiatio
2475 1416 2574 1469 pro
2596 1399 2821 1467 peccatis
2844 1397 3056 1452 nostris.
3090 1395 3404 1451 Ministeria.
3435 1396 3622 1452 Sacri-

2053 1489 2191 1545 ﬁcia.
2246 1488 2415 1545 Semel
2446 1492 2501 1544 in
2560 1507 2720 1544 anno.
2762 1489 2982 1545 Decima
3019 1490 3106 1546 die
3156 1491 3360 1545 mensis
3408 1488 3623 1561 septimi

2053 1581 2350 1636 secundum
2380 1580 2624 1634 lunarem
2647 1580 3099 1651 supputationem,
3153 1594 3274 1650 qua:
3300 1580 3618 1637 solemnitas

2051 1682 2171 1728 erat
2209 1672 2714 1728 sanetiﬁcationum.
2746 1670 2871 1727 Non
2890 1673 3003 1729 sine
3034 1671 3308 1742 sanguine.
3337 1670 3494 1726 Sicut
3514 1687 3622 1726 nou

389 1778 479 1833 tiis
518 1774 799 1832 sacriﬁciis
839 1787 959 1841 qua:
996 1769 1052 1824 in
1078 1782 1143 1823 eo
1182 1765 1606 1821 immolarentur.
1649 1761 1951 1818 Secundum
1978 1750 2027 1808 Β
2053 1761 2171 1819 sine
2204 1764 2464 1833 sanguine
2482 1761 2683 1819 Christi
2730 1777 2830 1817 nos
2871 1762 3133 1831 redempti
3167 1777 3371 1817 sumus.
3416 1760 3527 1816 Hoc
3557 1763 3625 1815 si-

387 1865 669 1941 exemplar.
703 1863 838 1931 Quia
878 1862 1029 1931 prius
1061 1858 1287 1913 formam
1316 1854 1434 1925 ejus
1463 1855 1516 1908 in
1538 1860 1719 1908 mente
1738 1866 1959 1923 perspe-

389 1961 469 2014 xit
500 1960 553 2012 in
590 1962 792 2016 monte,
830 1958 1118 2019 antequam
1145 1946 1321 2015 ipsum
1357 1941 1760 1998 tabernaculum
1802 1941 1951 1995 face-

390 2057 497 2103 ret.
546 2045 700 2100 Nune
739 2051 913 2095 autem
961 2035 1144 2092 melius
1188 2042 1261 2089 est
1328 2033 1547 2093 sortitus
1586 2031 1952 2087 ministerium.

390 2140 469 2195 Ac
510 2139 556 2194 si
589 2137 792 2192 diceret
820 2151 832 2185 :
863 2131 1120 2189 Dominus
1144 2126 1303 2183 Iesus
1326 2125 1576 2182 Christus
1600 2124 1790 2180 melius
1804 2123 1959 2180 sorti-

394 2241 480 2284 tus
507 2234 592 2282 est
634 2222 988 2279 ministerium
1020 2217 1152 2274 Novi
1191 2216 1545 2280 Testamenti,
1595 2215 1685 2270 ubi
1723 2224 1950 2285 peccata

395 2326 577 2376 nostra
607 2315 974 2378 remittuntur,
999 2319 1054 2367 et
1083 2312 1195 2365 vita
1216 2318 1420 2366 aeterna
1445 2307 1800 2380 promittitur,
1848 2320 1957 2361 non

402 2417 617 2467 tantum
632 2406 771 2459 bona
799 2411 974 2456 terrm.
1000 2399 1142 2454 Nam
1179 2400 1224 2453 si
1262 2397 1395 2452 illud
1419 2398 1565 2468 prius
1595 2394 1747 2466 culpa
1775 2410 1959 2449 vacas-

399 2509 495 2554 set.
538 2499 617 2552 Ac
647 2496 691 2550 si
720 2493 958 2551 diceret:
995 2489 1053 2545 Si
1079 2489 1213 2559 legis
1235 2489 1429 2559 prioris
1464 2489 1842 2542 observatores
1877 2484 1957 2538 in—

396 2585 688 2657 culpabiles
732 2590 932 2643 essent.
975 2570 1076 2635 nec
1101 2578 1339 2637 secunda
1366 2578 1452 2632 lex
1481 2578 1694 2633 demum
1724 2574 1960 2644 inquire-

398 2690 566 2736 retur.
629 2676 935 2745 Vituperans
971 2672 1109 2727 enim
1158 2688 1247 2725 eos
1296 2669 1442 2724 dicit.
1495 2668 1635 2725 Deus
1673 2684 1771 2739 per
1809 2666 1959 2722 lere-

397 2769 559 2825 miam
617 2765 934 2837 prophetam
972 2780 986 2817 :
1030 2761 1097 2815 Et
1156 2758 1545 2815 eonsummabo.
1598 2758 1736 2831 Lege
1785 2756 1957 2813 veteri

404 2865 735 2921 transeunte,
790 2842 1162 2924 perfectiorem
1215 2850 1384 2920 legem
1450 2849 1807 2915 introducam,
1867 2847 1959 2902 ubi

401 2965 505 3003 non
535 2946 724 3014 ﬁgura,
771 2940 861 2996 sed
915 2940 1113 2994 veritas
1157 2939 1491 2993 ostendetur.
1551 2937 1741 2992 Domui
1789 2937 1955 2993 Iuda.

402 3036 653 3095 Ecclesize
697 3035 861 3087 Deum
915 3029 1208 3084 conﬁtenti.
1273 3027 1657 3082 Testamentum
1730 3026 1955 3083 Novum.

402 3123 769 3193 Evangelium,
796 3128 850 3172 ct
886 3118 1055 3186 legem
1086 3115 1289 3186 gratim,
1320 3117 1423 3170 hoc
1447 3123 1550 3180 est,
1578 3124 1637 3170 ut
1659 3117 1964 3187 quicunque
1991 3095 2036 3157 (ἶ

403 3234 471 3272 ex
526 3212 776 3269 omnibus
808 3209 1059 3279 gentibus
1111 3209 1165 3261 in
1212 3207 1427 3262 Christo
1473 3208 1821 3274 crediderint,
1871 3208 1966 3264 ﬁlii

404 3303 676 3359 Abraham
711 3302 1004 3357 secundum
1033 3300 1364 3369 spiritualem
1414 3300 1811 3370 generationem
1842 3312 1968 3352 vere

406 3393 533 3447 sint.
586 3391 737 3457 Quod
761 3390 860 3461 feci
894 3390 1127 3462 putribus
1158 3406 1337 3444 eorum
1391 3390 1445 3442 in
1484 3390 1588 3443 die.
1632 3387 1971 3457 Quinquage-

404 3486 543 3540 simo
569 3491 695 3555 post
728 3481 933 3536 Pascha
965 3481 1051 3535 die
1080 3480 1133 3533 in
1160 3488 1339 3535 monte
1367 3478 1516 3533 Sina.
1556 3478 1623 3531 Et
1661 3494 1752 3549 ego
1780 3477 1956 3547 negle-

406 3576 461 3628 xi
486 3591 592 3629 eos.
658 3571 870 3642 Reliqui
921 3585 1015 3627 eos
1046 3569 1339 3625 secundum
1375 3568 1639 3623 desideria
1669 3567 1847 3622 cordis
1874 3582 1968 3621 eo-

412 3680 549 3718 rum.
586 3662 710 3716 Post
736 3662 846 3714 dies
880 3659 1018 3714 illos.
1068 3658 1274 3714 Veteris
1311 3657 1663 3713 Testamenti.
1702 3654 1769 3709 In
1808 3656 1973 3709 sensi-

412 3757 506 3810 bus
539 3770 738 3807 eorum.
783 3751 897 3806 Non
937 3751 989 3806 in
1044 3750 1239 3805 tabulis
1279 3750 1523 3821 lapideis.
1580 3746 1973 3819 Superscribam

412 3861 520 3898 eas.
552 3844 609 3899 ld
633 3852 737 3908 est,
772 3857 933 3915 super
955 3842 1126 3911 legem
1144 3849 1351 3896 natura:
1374 3848 1428 3894 et
1449 3839 1663 3895 litterae.
1682 3839 1724 3891 Α
1750 3838 1967 3907 majore.

410 3935 608 3998 Divite,
651 3932 839 3996 nobili,
884 3946 1030 3987 sene.
1075 3930 1248 4000 Usque
1288 3930 1358 3985 ad
1398 3930 1667 3985 minorem.
1709 3929 1970 3999 Egenum,

410 4022 721 4093 ignobilem,
740 4022 1013 4091 juvenem.

1003 4111 1227 4167 CAPUT
1265 4111 1353 4165 IX.

422 4262 427 4265 _
488 4202 681 4256 (lubuit
720 4201 923 4273 quidem
945 4211 991 4256 et
1031 4203 1176 4270 prius
1200 4213 1582 4259 testamentum.
1632 4204 1712 4258 Ac
1737 4204 1784 4257 si
1823 4204 1971 4260 dice-

416 4300 497 4347 ret
531 4310 542 4346 :
574 4291 813 4347 Fuerunt
864 4292 919 4346 in
952 4293 1307 4348 tabernaculo
1348 4308 1473 4347 vasa
1503 4293 1622 4361 Dei,
1667 4295 1812 4365 quod
1832 4294 1972 4366 apud

413 4384 657 4439 homines
686 4398 937 4454 magnum
990 4399 1055 4439 ac
1103 4383 1349 4438 mirabile
1370 4384 1598 4440 videtur.
1656 4385 1763 4441 Sed
1790 4394 1968 4440 tamen

2056 1852 2337 1924 gniﬁcante
2367 1851 2566 1924 Spiritu
2605 1862 2805 1907 sancto.
2826 1852 3118 1922 Propterea
3146 1853 3246 1907 ista
3275 1853 3347 1906 ita
3371 1864 3625 1910 constru-

2054 1952 2143 1997 cta
2184 1951 2307 1998 sunt
2337 1942 2391 1996 in
2414 1942 2640 2013 ﬁguram
2663 1941 2957 2011 Salvatoris
2980 1950 3179 1996 nostra:
3217 1940 3426 2007 salutis,
3462 1943 3616 2012 quod

2052 2035 2302 2090 videlicet
2325 2033 2574 2090 Christus
2600 2041 2877 2104 pateretur
2928 2031 3093 2089 semel
3121 2047 3222 2102 pro
3271 2047 3468 2104 genere
3519 2032 3621 2088 hu-

2057 2139 2236 2179 mano.
2262 2123 2577 2179 Sanctorum
2599 2124 2699 2177 via.
2724 2122 3035 2179 introeundi
3054 2122 3109 2176 in
3129 2122 3344 2191 cmlum.
3374 2121 3444 2177 Et
3459 2123 3628 2194 justi-

2055 2214 2142 2266 tiis
2183 2213 2381 2267 carnis.
2418 2210 2733 2267 Carnalibus
2756 2211 3235 2279 justiﬁeationihus
3252 2226 3350 2283 per
3375 2215 3614 2275 circum-

2062 2308 2339 2363 cisionem.
2372 2306 2494 2360 Non
2521 2306 2679 2375 hujus
2702 2306 3000 2359 creationis.
3030 2304 3325 2363 Terrestris
3370 2306 3621 2367 taberna-

2058 2398 2185 2453 culi.
2220 2397 2289 2451 Et
2347 2397 2480 2451 cinis
2524 2395 2719 2451 vitulis.
2767 2396 2955 2451 Vaccae
3009 2395 3161 2461 rufae,
3207 2411 3398 2462 rosea,
3443 2400 3639 2459 carnis

2058 2488 2281 2544 Christi.
2305 2487 2408 2554 Qui
2427 2505 2519 2558 per
2540 2485 2793 2559 Spiritum
2816 2497 3077 2541 sanctum.
3105 2486 3273 2554 Quasi
3288 2502 3387 2558 per
3404 2487 3619 2561 iaetu:

2060 2577 2330 2649 quomodo
2383 2576 2573 2632 hostiae
2604 2576 2753 2645 prius
2780 2576 2958 2646 ignem
2988 2575 3054 2630 de
3080 2577 3219 2632 caelo
3257 2578 3619 2648 accipiebant.

2060 2669 2137 2723 Ab
2186 2667 2425 2740 operibus
2450 2668 2694 2725 mortuis.
2730 2665 2858 2734 Quae
2886 2668 3087 2723 ducunt
3119 2667 3189 2722 ad
3228 2678 3483 2734 mortem,
3516 2669 3627 2727 sie-

2059 2767 2121 2814 ut
2169 2759 2215 2815 si
2269 2758 2391 2828 quis
2434 2758 2493 2813 in
2544 2757 2660 2826 lege
2714 2766 2978 2813 mortuum
3028 2766 3290 2827 tangeret,
3325 2759 3627 2813 mundaba-

2063 2856 2166 2904 tur.
2196 2846 2517 2907 Earumdem
2545 2850 3056 2918 pra'varicationum.
3118 2849 3247 2916 Quae
3290 2848 3462 2906 deleri
3515 2865 3627 2906 non

2060 2950 2310 3013 poterant
2334 2940 2700 2997 oblationibus
2727 2942 3018 3010 prioribus.
3050 2939 3145 2996 Ubi
3173 2942 3309 2997 enim
3333 2941 3631 2999 Testamen-

2064 3040 2197 3095 tum,
2246 3047 2385 3086 mors
2411 3045 2612 3085 necesse
2640 3040 2716 3085 est
2750 3031 3031 3085 intercedat
3057 3033 3337 3087 testatoris.
3367 3032 3633 3089 Animalia

2069 3120 2223 3190 cujus
2247 3121 2466 3190 sanguis
2490 3128 2717 3175 testatur
2737 3121 3117 3192 indulgentiam
3134 3131 3498 3193 peccatorum.
3533 3123 3635 3181 Po-

2068 3219 2211 3266 terat
2263 3209 2458 3280 aliquis
2490 3226 2558 3265 ex
2611 3227 2696 3277 eo,
2755 3211 2898 3280 quod
2948 3221 3192 3269 mortuus
3240 3220 3325 3269 est
3363 3213 3635 3279 Christus,

2069 3301 2305 3355 maxime
2332 3316 2438 3356 non
2466 3302 2687 3356 credere
2719 3300 3109 3370 promissiones
3141 3300 3276 3372 ejus.
3312 3300 3510 3359 Paulus
3531 3304 3637 3375 igi-

2069 3399 2159 3444 tur
2206 3388 2451 3458 exempla
2501 3406 2568 3443 ex
2626 3390 2898 3444 communi
2950 3389 3178 3445 assumit
3226 3391 3637 3454 censue-miliae.

2070 3480 2264 3549 quibus
2318 3479 2554 3534 ostendit
2607 3487 2734 3534 tunc
2769 3478 3134 3533 ﬁrmissimum
3177 3493 3299 3535 esse
3334 3489 3635 3537 testamen-

2072 3578 2209 3634 tum,
2248 3578 2420 3624 morte
2478 3570 2754 3624 testatoris
2806 3569 3191 3624 intercedente.
3251 3569 3641 3629 Testamentum

2071 3658 2206 3735 enim
2232 3660 2285 3715 iu
2318 3660 2535 3715 mortuis
2554 3660 2920 3729 conﬁrmatum
2959 3670 3055 3726 est,
3085 3662 3213 3732 quia
3247 3670 3632 3721 testamentum

2073 3756 2211 3803 tunc.
2242 3748 2457 3805 ﬁrmum
2491 3750 2623 3816 erit,
2678 3760 2963 3820 postquam
3004 3752 3165 3808 homo
3195 3753 3261 3813 de
3312 3754 3417 3810 hoc
3434 3754 3640 3815 suacqu

2074 3840 2406 3913 migraverit.
2467 3841 2664 3897 Vivens
2697 3856 2825 3897 vero
2862 3844 3073 3912 quoties
3111 3843 3341 3905 voluerit
3382 3845 3636 3910 mutabit,

2072 3937 2134 3984 ut
2182 3930 2690 4005 sequitur:Alioqui
2734 3933 2968 3989 nondum
3010 3932 3160 3989 ualet.
3214 3932 3351 4002 Quia
3402 3936 3647 4004 quandiu

2075 4021 2207 4075 vivit
2254 4030 2498 4086 testator,
2531 4029 2711 4091 potest
2730 4010 3016 4079 immutare
3052 4024 3400 4089 sententiam,
3421 4033 3475 4079 et
3507 4023 3648 4083 alios

2075 4120 2237 4182 atque
2272 4112 2405 4169 alios
2440 4113 2681 4169 heredes
2726 4115 2923 4172 ducere
2948 4116 3003 4171 in
3032 4114 3405 4185 haereditatem
3448 4131 3634 4175 suam.

2078 4199 2225 4255 Unde
2257 4217 2347 4255 nec
2385 4203 2610 4272 primum
2641 4204 2871 4274 quidem.
2917 4203 3361 4261 Tabernaculum.
3411 4204 3644 4278 Sangui-

2077 4308 2191 4346 nem
2236 4291 2517 4353 vitulorum
2553 4302 2601 4361 et
2656 4294 2942 4351 hircorum.
3012 4295 3147 4363 Quia
3174 4304 3403 4366 uterque
3424 4298 3648 4368 sanguis

2078 4382 2393 4453 sanguinem
2432 4382 2726 4439 Salvatoris
2759 4384 3048 4453 signiﬁcat.
3080 4385 3215 4441 Cum
3235 4403 3394 4457 aqua.
3421 4387 3649 4458 Hsetiae

412 4474 500 4527 illa
545 4472 721 4527 omnia
762 4435 967 4528 timbne
1003 4480 1159 4528 erant
1191 4474 1455 4528 bonorum
1489 4473 1807 4530 futurorum.
1839 4472 1977 4530 Con-
2002 4435 2052 4495 D
2080 4435 2442 4542 hap‘lismatis,
2465 4474 2546 4528 vel
2568 4490 2762 4544 aquam
2783 4435 2840 4530 εἴ
2864 4477 3182 4548 sanguinem
3210 4435 3650 4534 deviatere'ﬂhri-

410 4566 703 4619 stitutiones
744 4561 982 4617 cultura).
1017 4562 1514 4632 Circumcisionem,
1560 4566 1805 4631 sabbata,
1853 4580 1977 4620 neo-

415 4656 643 4718 menias,
702 4653 1013 4722 hostiasque
1040 4654 1364 4723 corporales.
1422 4653 1777 4726 Sanctamque
1813 4670 1978 4708 διπα-

412 4746 541 4799 lare.
598 4742 1047 4808 Tabernaculum,
1071 4745 1214 4812 quod
1245 4753 1365 4803 erat
1411 4760 1508 4815 pro
1538 4753 1796 4814 tempore.
1850 4743 1969 4799 Non

415 4835 496 4889 sic
528 4833 721 4892 Sancta
787 4840 1098 4891 sanctorum
1141 4844 1362 4890 teterua.
1417 4833 1835 4889 Tabernaculum
1872 4835 1976 4904 pri-

417 4945 576 4982 mum.
631 4929 782 4995 Quod
840 4928 1068 4999 mystice
1110 4927 1376 4998 signiﬁcat
1424 4935 1741 4995 praesentem
1797 4925 1980 4981 Eccle-

418 5021 576 5074 siam.
624 5020 1016 5079 Candelabrum
1050 5034 1180 5074 vero
1216 5033 1436 5075 carnem
1486 5016 1708 5079 Christi,
1754 5008 1979 5085 septem

418 5110 570 5164 donis
598 5109 833 5178 Spiritus
889 5109 1059 5163 sancti
1107 5108 1471 5178 resplendens,
1501 5104 1585 5161 vel
1635 5105 1749 5175 ipsa
1772 5113 1980 5173 septem

417 5197 575 5250 dona.
622 5196 690 5249 Et
726 5213 923 5251 mensa.
961 5182 1144 5253 ’Aurea
1174 5197 1232 5252 in
1288 5193 1586 5264 aquilonari
1609 5201 1761 5262 parte
1800 5194 1981 5247 taber-

416 5285 611 5352 naculi,
669 5285 981 5357 signiﬁcans
1019 5301 1227 5341 sacram
1272 5285 1607 5355 Scripturam
1636 5302 1648 5337 :
1682 5282 1978 5353 Propositio

415 5390 626 5442 panum.
661 5374 880 5446 Mystice
911 5389 1105 5444 corpus
1127 5376 1346 5439 Christi,
1371 5392 1463 5431 seu
1491 5373 1733 5432 doctrina
1766 5385 1982 5445 aposto-

416 5464 515 5521 licn
538 5465 873 5540 intelligitur.
921 5465 1073 5534 Quod
1098 5466 1291 5519 dicitur
1314 5462 1509 5522 Sancta
1535 5466 1869 5522 Sanctorum.
1920 5458 1978 5519 in

416 5556 558 5622 quod
611 5557 757 5612 solus
785 5558 1037 5613 sacerdos
1081 5552 1245 5609 semel
1273 5554 1324 5608 in
1360 5571 1505 5612 anno
1547 5557 1825 5613 introibat.
1877 5554 1976 5611 Sc-

416 5643 649 5698 cundum
682 5644 1107 5709 tabernaculum,
1141 5635 1473 5700 iliémsalem
1496 5646 1771 5702 crrlestem
1812 5645 1978 5716 signi-

2078 4560 2146 4617 sti
2194 4572 2506 4619 manantem
2553 4561 2838 4633 signiﬁcat.
2897 4563 2966 4619 Et
3018 4565 3144 4620 lana
3198 4568 3461 4622 coccinea.
3512 4566 3646 4634 Quae

2076 4653 2343 4725 signiﬁcat
2361 4653 2636 4708 lenitatem
2663 4654 2943 4709 charitatis
2969 4653 3189 4720 Christi,
3217 4656 3309 4725 qui
3337 4671 3527 4725 passus
3558 4667 3648 4715 est

2073 4761 2171 4815 pro
2199 4745 2369 4807 nobis,
2425 4753 2519 4799 aut
2545 4752 2695 4799 certe
2722 4760 2818 4813 per
2874 4744 3053 4800 lanam
3090 4746 3401 4803 coccineum

2076 4834 2253 4901 passio
2273 4832 2601 4902 designatur.
2636 4831 2704 4891 Et
2732 4833 2974 4901 hyssopo.
3023 4832 3153 4901 Quae
3179 4834 3347 4889 herba
3377 4834 3652 4895 humilita-

2081 4930 2190 4976 tem
2210 4922 2409 4976 Christi
2432 4921 2703 4993 signiﬁcat
2723 4938 2787 4977 ac
2811 4920 3199 4987 fortitudinem,
3232 4940 3357 4999 qua

2081 5023 2267 5070 nostra
2303 5024 2620 5086 purgantur.
2654 5014 2835 5085 Ipsum
2884 5032 3087 5087 quoque
3120 5015 3332 5085 librum.
3380 5016 3650 5081 Deum

2081 5106 2342 5170 nomium,
2398 5106 2543 5174 quod
2593 5104 2863 5175 signiﬁcat
2895 5106 3243 5177 Evangelium
3273 5115 3651 5169 consecratum

2082 5195 2343 5266 sanguine
2381 5195 2604 5250 Christi.
2636 5194 2733 5250 Hic
2758 5204 2841 5250 est
2876 5196 3092 5265 sanguis
3113 5195 3470 5263 Testamenti,
3498 5198 3655 5257 sinet

2083 5283 2329 5351 Christus
2382 5285 2513 5341 dicit
2550 5303 2563 5338 :
2599 5283 2702 5340 Hic
2736 5297 2811 5341 est
2832 5288 3051 5357 sanguis
3094 5304 3239 5342 meus
3270 5288 3411 5344 Novi
3467 5288 3652 5349 Tuta.-

2082 5374 2242 5427 menti
2279 5372 2491 5445 (Matth.
2517 5374 2685 5446 xxtn).
2722 5376 2855 5431 Vasa
2886 5376 3168 5433 ministerii
3201 5378 3513 5447 signiﬁcant
3549 5379 3657 5439 mlo

2082 5464 2283 5520 nistms
2332 5462 2604 5533 Ecclesia}.
2655 5454 2944 5538 Sanguine.
2985 5466 3115 5523 Fide
3134 5470 3407 5539 passionis
3440 5470 3653 5531 Christi

2080 5569 2351 5625 aspersus.
2389 5554 2513 5609 Non
2550 5555 2610 5624 ﬁt
2649 5558 2904 5613 remissio;
2936 5559 3013 5613 Ex
3048 5560 3227 5630 aliqua
3252 5570 3426 5630 parte.
3458 5561 3659 5621 Exem-

2079 5644 2250 5713 plaria
2290 5645 2571 5700 calestium
2645 5643 3075 5705 Taberuaculum
3102 5659 3159 5707 et
3187 5666 3311 5707 vasa
3338 5652 3655 5713 ministerii.
