3982 6198
360 330 472 387 ἓΟὸ

1478 336 1807 392 CGLLECT.
1841 336 1908 390 IN
1944 334 2159 389 EPIST.
2199 332 2291 386 AD
2330 333 2531 388 HEBR.

3520 338 3624 395 266

369 444 473 499 "is
504 441 774 498 ntundari.
808 443 1010 499 Hostiis
1034 447 1344 515 praeteritis.
1376 448 1520 504 Nam
1546 452 1660 522 ipsa
1695 452 1943 506 ccclestia.
1975 457 2027 515 Α
2051 449 2145 502 tio.
2170 447 2304 516 Quia
2329 463 2436 503 non
2462 446 2734 503 oblatione
2763 463 2882 520 qua:
2908 447 3239 506 olferebatur
3270 451 3323 507 in
3348 452 3485 525 lege,
3532 461 3627 513 sed

362 535 548 606 Opera
569 533 706 590 Novi
738 534 1094 602 Testamenti,
1125 538 1240 593 sive
1266 542 1687 606 conversamini,
1720 550 1779 596 ut
1804 541 1949 610 Apo-

364 627 544 684 stolus
572 626 743 681 dicit:
774 626 973 681 Nostra
1022 632 1344 685 conversatio
1373 632 1429 686 in
1465 632 1606 687 caelis
1652 643 1730 688 est
1779 631 1946 704 (Phil.

366 717 481 789 ιιι),
510 732 635 790 quae
662 726 748 773 est
776 731 906 772 vera
934 717 1365 776 Christianorum
1419 722 1778 794 philosophia.
1833 725 1949 780 Ali-

367 819 499 865 ter:
538 808 811 873 caelestia,
841 807 895 863 id
922 817 1030 875 est,
1078 826 1230 867 vasa.
1286 812 1393 868 Sed
1431 814 1487 868 in
1515 816 1687 885 ipsum
1740 816 1949 872 caelum.

365 902 540 970 Quasi
583 900 856 972 quoddam
907 903 1331 960 tabernaculum.
1380 905 1447 961 In
1472 909 1727 978 sanguine
1757 908 1949 962 alieno.

365 996 690 1058 Hircorum,
716 994 1027 1049 vitulorum.
1053 994 1297 1068 Alioquin
1311 999 1577 1068 Oportebat
1599 1014 1738 1053 eum.
1764 999 1821 1054 Id
1845 1010 1952 1065 est,

366 1085 415 1139 si
445 1100 554 1137 una
580 1081 700 1151 ejus
729 1083 929 1138 oblatio
951 1086 1208 1140 mundum
1237 1095 1407 1141 totum
1430 1103 1536 1144 non
1567 1088 1804 1144 salvaret
1830 1098 1956 1145 ante

367 1177 682 1247 passionem
728 1172 847 1243 ejus
892 1186 947 1230 et
984 1187 1106 1246 post
1133 1178 1457 1248 passionem,
1498 1179 1783 1249 oportebat
1828 1195 1954 1235 eum

369 1267 487 1337 pati
510 1267 580 1321 ab
606 1267 818 1337 origine
854 1268 1061 1331 mundi,
1106 1268 1231 1322 dum
1254 1283 1350 1337 per
1377 1270 1617 1341 singulas
1642 1272 1950 1339 generatio-

367 1373 470 1412 nes
521 1358 769 1413 homines
816 1365 1197 1427 peccaverunt,
1256 1359 1381 1428 quia
1414 1375 1628 1429 semper
1671 1360 1954 1414 habuisset

370 1448 525 1516 quod
571 1447 892 1502 redimeret:
921 1449 1016 1501 sed
1065 1447 1236 1502 noluit
1280 1448 1381 1503 nisi
1422 1457 1482 1503 ut
1528 1450 1696 1504 semel
1745 1458 1953 1504 tantum

368 1554 571 1610 passus
601 1540 860 1594 mundum
891 1539 943 1593 in
979 1541 1498 1595 consummationem
1525 1541 1707 1596 sseculi
1752 1540 1956 1597 libera-

371 1639 478 1684 ret.
510 1628 776 1683 Sccundo.
817 1629 876 1682 ln
898 1628 983 1683 die
1004 1625 1210 1695 judicii.
1243 1628 1370 1684 Sine
1394 1639 1627 1700 peccato.
1652 1628 1781 1685 Sine
1806 1630 1956 1684 simi-

372 1719 602 1773 litudine
615 1719 799 1774 carnis
815 1719 1048 1788 peccati,
1069 1719 1289 1775 autsine
1301 1719 1568 1774 oblatione
1587 1735 1687 1790 pro
1702 1731 1950 1789 peccato.

373 1811 549 1867 Aliter
579 1829 593 1865 :
631 1811 749 1867 sine
769 1820 1015 1881 peccato,
1043 1811 1478 1880 exspectantibus
1506 1825 1583 1866 se.

985 1902 1213 1958 CAPUT
1252 1901 1320 1961 Χ.

445 1991 702 2046 Umbram
747 1995 887 2047 enim
936 1993 1130 2047 habens
1176 1992 1260 2045 lea:
1321 1992 1623 2061 futurorum
1677 1989 1955 2056 bonorum,

379 2102 487 2138 non
529 2086 701 2155 ipsam
751 2087 1051 2157 imaginem.
1084 2086 1329 2155 Speciem
1357 2085 1634 2150 veritatis;
1668 2084 1856 2140 umbra
1884 2093 1957 2140 ct-

372 2177 520 2230 enim
535 2176 639 2231 fuit
662 2192 771 2231 non
795 2177 1014 2232 veritas.
1039 2177 1174 2232 Nam
1204 2177 1617 2247 requiescebant
1634 2184 1855 2245 peccata
1887 2176 1956 2231 ad

374 2276 619 2337 tempus,
641 2280 751 2323 non
779 2270 1211 2325 remittebantur.
1242 2268 1637 2323 Camummare.
1679 2267 1957 2323 Perfectos

374 2357 579 2413 facere.
636 2354 760 2411 Non
807 2368 1095 2412 cessassent
1133 2359 1341 2428 offerre.
1391 2357 1508 2413 Non
1557 2358 1751 2413 iterum
1797 2356 1957 2412 offer-

374 2457 518 2514 rent,
537 2450 584 2504 si
601 2464 701 2519 per
724 2464 887 2503 unam
902 2449 1137 2504 hosziam
1154 2448 1396 2503 mandati
1414 2456 1619 2510 essent,
1636 2456 1691 2501 et
1711 2447 1956 2515 quamvis

373 2554 476 2594 nos
505 2554 613 2593 non
641 2554 918 2595 cessemus
946 2539 1162 2603 oﬁ‘erre,
1209 2548 1388 2594 tamen
1412 2539 1644 2609 idipsum
1679 2536 1956 2592 oﬁ‘erimus

372 2629 733 2694 sacriﬁcium,
778 2645 882 2683 non
934 2630 1096 2684 alium
1149 2644 1345 2699 agnum
1388 2628 1569 2694 hodie,
1624 2626 1788 2682 alium
1832 2641 1955 2681 cras

371 2716 691 2773 oﬂ‘erentes.
744 2715 1179 2772 Commemoratio
1205 2726 1556 2787 peccatorum.
1611 2717 1955 2772 Commenta.

376 2815 571 2862 rantur
614 2816 859 2877 peccata,
892 2808 1016 2862 dum
1036 2807 1275 2877 quotidie
1308 2815 1366 2862 et
1394 2822 1493 2876 per
1519 2806 1758 2879 singulos
1783 2821 1955 2862 annos

375 2894 553 2950 hostia
577 2912 678 2965 pro
701 2898 939 2967 peccatis
964 2897 1312 2953 oll‘erebatur.
1368 2898 1477 2953 Nos
1528 2913 1658 2954 vero
1698 2897 1752 2952 in
1799 2913 1954 2953 com-

376 2989 828 3046 memorationem
866 2990 1152 3047 Dominicae
1189 2991 1354 3046 semel
1402 2990 1669 3061 passionis
1716 2990 1956 3060 quotidie

373 3088 688 3149 nostrzeque
735 3080 924 3136 salutis
958 3079 1250 3135 oll‘erimus.
1291 3078 1619 3151 Impossibile
1666 3089 1741 3135 est
1792 3080 1955 3136 enim.

2053 538 2313 608 sanguine
2362 537 2563 593 Christi
2592 538 2938 594 dimittuntur
2974 549 3214 611 peccata.
3247 542 3347 599 llic
3393 548 3631 603 ostendit

2052 627 2360 682 distantiam
2398 627 2692 697 pontiﬁcis,
2750 638 2806 683 et
2845 631 3163 695 sacerdotis,
3206 641 3261 687 et
3297 633 3623 701 hostiarum,

2053 726 2108 770 et
2135 716 2488 782 tabernaculi,
2517 726 2573 771 et
2602 719 2928 785 testamenti,
2966 728 3021 775 et
3059 722 3518 791 repromissionis,
3546 728 3621 781 si—

2054 806 2271 877 quidem
2310 807 2397 861 illa
2423 807 2639 862 fuerunt
2663 811 3001 879 temporalia,
3026 810 3141 866 haec
3163 820 3343 868 autem
3373 824 3579 873 aeterna
3606 836 3622 884 ;

2054 895 2144 949 illa
2172 894 2376 959 forma},
2421 897 2537 951 haec
2578 899 2800 954 veritas.
2838 898 3101 955 Habentes
3144 903 3319 974 itaque
3345 905 3622 974 ﬁduciam.

2056 983 2284 1055 Propter
2313 986 2681 1042 remissionem
2704 997 3072 1056 peccatorum,
3111 1000 3165 1047 et
3216 995 3358 1065 quod
3384 998 3629 1053 cohzerc-

2056 1076 2152 1131 des
2176 1074 2351 1130 effecti
2391 1092 2595 1132 sumus.
2632 1077 2783 1134 Unde
2813 1094 2912 1134 nos
2936 1081 3058 1151 plus
3094 1081 3356 1142 habemus
3379 1087 3630 1145 fiduciam

2055 1181 2153 1237 per
2181 1166 2494 1238 sanguinem
2539 1166 2741 1224 Christi
2769 1171 3041 1238 mundari,
3090 1189 3250 1244 quam
3296 1176 3371 1230 illi
3400 1180 3491 1249 qui
3513 1196 3634 1235 car—

2057 1256 2252 1311 naliter
2275 1257 2479 1313 hostias
2520 1257 2831 1314 oll'erebant.
2891 1260 2954 1316 In
2995 1263 3267 1319 introitum
3306 1279 3626 1324 sanctorum.

2055 1345 2113 1401 In
2142 1347 2418 1403 introitum
2471 1350 2621 1420 regni
2661 1351 2913 1418 caelestis,
2956 1355 3041 1410 vel
3069 1355 3212 1412 ﬁdei.
3241 1356 3413 1424 Quam
3442 1361 3623 1416 initia-

2057 1439 2132 1493 vit
2163 1439 2331 1493 nobis.
2383 1438 2753 1507 Consecravit,
2804 1459 2867 1498 eo
2896 1446 3037 1514 quod
3066 1448 3179 1517 ipse
3207 1450 3415 1520 primus
3438 1452 3527 1508 illa
3548 1455 3633 1510 via

2056 1531 2275 1600 propria
2328 1546 2493 1587 carne
2536 1535 2927 1590 conscenditin
2978 1536 3165 1593 cmlos.
3223 1540 3371 1595 Viam
3426 1562 3630 1599 noram.

2055 1618 2163 1672 Aut
2210 1620 2368 1675 ﬁdem
2412 1621 2634 1687 Christi,
2682 1633 2775 1678 aut
2838 1624 3115 1681 introitum
3167 1631 3317 1700 regni
3370 1635 3630 1690 cmlestis.

2056 1710 2265 1780 Aspersi
2293 1712 2449 1766 corde
2493 1731 2526 1766 a
2567 1715 2886 1771 conscientia
2944 1718 3107 1773 mala.
3161 1719 3294 1788 Quia
3343 1721 3473 1780 ﬁdes
3523 1727 3635 1782 sine

1981 1808 2026 1866 Β
2054 1801 2293 1868 operibus
2314 1812 2521 1858 mortua
2541 1816 2613 1858 est
2641 1804 2781 1878 (Jac.
2812 1808 2894 1880 η).
2926 1807 2996 1863 Et
3028 1810 3195 1867 abluti
3221 1831 3427 1885 corpus.
3483 1817 3636 1874 Sicut

2059 1889 2135 1945 illi
2178 1891 2481 1949 ablutioncs
2531 1895 2777 1952 carnales
2840 1898 3131 1958 habebant.
3185 1904 3319 1959 Nam
3378 1907 3509 1965 foris
3560 1911 3637 1966 la-

2057 1999 2247 2038 vamur
2308 2001 2478 2055 aqua,
2540 1988 2686 2044 intus
2754 2000 2935 2047 autem
2994 1990 3199 2065 Spiritu
3259 2009 3493 2069 sancto,
3539 2013 3630 2057 ut:

2059 2072 2180 2129 Nisi
2203 2077 2319 2147 quis
2348 2090 2557 2134 renatus
2605 2080 2766 2150 fuerit
2807 2100 2872 2138 ea:
2910 2101 3048 2156 aqua
3087 2097 3137 2141 et
3179 2087 3385 2160 Spiritu
3422 2105 3629 2162 sancto,

2055 2172 2161 2218 etc.
2208 2164 2387 2238 (Joan.
2414 2166 2517 2240 ιιι).
2660 2232 2667 2241 ,

2126 2252 2277 2327 Aqua
2304 2258 2521 2313 munda.
2556 2258 2904 2331 Baptismatis
2932 2280 3071 2335 aqua
3122 2278 3436 2326 consecrata
3468 2290 3498 2328 a
3539 2275 3631 2329 he-

2055 2347 2467 2403 nedictionibus.
2504 2349 2896 2422 Confessionem
2917 2357 3028 2425 spei
3048 2357 3485 2418 indeclinabilem.
3517 2362 3635 2421 Non

2055 2435 2387 2494 declinemus
2410 2441 2479 2495 ab
2504 2456 2588 2507 ea,
2635 2444 2763 2498 dum
2787 2460 2977 2500 verum
3013 2448 3119 2502 erit
3157 2451 3301 2519 quod
3362 2454 3634 2523 promisit,

2056 2528 2195 2618 sicut
2219 2528 2496 2618 Israelita,
2520 2534 2611 2603 qui
2635 2534 2998 2592 declinabant.
3030 2536 3229 2596 Fidelis
3248 2544 3386 2598 enim
3408 2547 3496 2618 qui
3516 2565 3638 2617 pro.

2057 2616 2218 2669 misit.
2252 2616 2322 2672 Ut
2342 2619 2469 2674 alibi
2491 2620 2666 2677 ﬁdelis
2693 2622 2913 2691 dicitur,
2936 2640 3035 2696 per
3062 2642 3222 2696 quem
3271 2616 3446 2688 vocati
3478 2616 3632 2692 estis.

2056 2702 2122 2757 In
2149 2711 2515 2775 provocatione
2537 2711 2853 2769 dilectionis.
2885 2715 2956 2772 Ut
2996 2720 3364 2792 unusquisque
3401 2724 3633 2782 alterum

2058 2807 2313 2866 provocet
2330 2801 2398 2855 ad
2421 2802 2763 2860 charitatem.
2797 2804 2921 2863 Non
2944 2810 3629 2882 deferentescollectionem.

2056 2886 2357 2946 Ecclesiam
2403 2893 2459 2948 in
2502 2910 2607 2965 qua
2646 2897 2855 2955 collecti
2885 2915 3070 2958 sumus
3118 2903 3172 2959 in
3204 2922 3311 2962 una
3362 2907 3485 2965 ﬁde.
3522 2909 3630 2967 Sed

2054 2981 2401 3072 consolamini
2442 2987 2677 3045 invicem.
2705 2991 2959 3050 Dicentes
2991 3014 3003 3048 :
3040 2994 3228 3055 Brevis
3251 3010 3338 3056 est
3387 3009 3632 3072 tentatio,

2057 3080 2112 3128 et
2136 3071 2294 3147 longa
2324 3082 2709 3137 remuneratio.
2758 3084 2909 3139 Diem
2958 3090 3481 3162 appropinquantem.
3509 3071 3638 3152 Sive

372 3169 435 3224 Si
465 3169 818 3240 impossibile,
872 3186 968 3225 cur
995 3186 1122 3242 ergo
1160 3170 1431 3226 faciebant
1455 3178 1676 3239 propter
1702 3171 1954 3243 praeﬁgu-
1981 3156 2026 3219 C
2063 3165 2272 3232 mortis,
2318 3167 2433 3224 sive
2471 3168 2681 3239 judicii.
2711 3171 2914 3244 Oferre
2967 3156 3079 3231 Deo
3117 3156 3364 3238 hostium.
3418 3183 3637 3244 Scilicet

374 3260 685 3315 rationem?
715 3260 833 3315 Non
850 3261 1004 3315 enim
1031 3262 1231 3317 veritas
1258 3262 1375 3317 sine
1402 3261 1769 3332 praeeuntibus
1818 3262 1955 3335 ﬁgu-

372 3352 456 3406 ris
497 3352 686 3407 venire
731 3352 935 3407 debuit.
993 3352 1256 3408 Introiens
1297 3355 1353 3407 in
1389 3354 1661 3408 mundum.
1704 3354 1951 3411 Christus

371 3460 648 3515 apparens
678 3445 734 3498 in
762 3460 944 3501 carne.
977 3444 1238 3499 Hostiam.
1281 3446 1487 3500 Vivam.
1526 3446 1595 3500 Et
1615 3446 1947 3502 oblationem.

371 3536 455 3590 De
495 3536 625 3591 vino
660 3546 716 3591 et
762 3552 921 3608 pane.
974 3536 1228 3591 Noluisti.
1270 3536 1315 3593 Ο
1343 3538 1523 3593 Pater.
1552 3537 1752 3609 Corpus
1777 3551 1951 3594 autem

372 3626 639 3698 perfecisti
674 3628 821 3681 milii.
874 3626 1082 3698 Corpus
1128 3628 1195 3682 ad
1248 3623 1598 3693 ollerendum,
1651 3630 1778 3699 quia
1834 3631 1953 3685 hace

373 3725 463 3770 est
490 3717 667 3772 hostia
707 3717 830 3771 viva
858 3717 970 3773 Deo
999 3717 1235 3787 placens.
1288 3717 1432 3772 Tunc
1454 3719 1587 3773 dixi.
1632 3719 1766 3773 Dum
1817 3729 1953 3775 tem-

372 3820 479 3874 pus
503 3804 625 3871 luit,
656 3814 714 3861 ut
736 3806 1080 3861 auferrentur
1116 3808 1320 3861 umbra:
1339 3806 1589 3877 legalium
1610 3795 1949 3863 'hostiarum.

379 3895 448 3948 In
474 3898 644 3967 capite
655 3896 776 3951 libri
795 3898 1043 3967 scriptum
1063 3906 1139 3951 est
1162 3898 1226 3951 de
1252 3914 1351 3951 me.
1378 3896 1435 3951 lu
1470 3896 1646 3951 fronte
1657 3895 1948 3962 Gencscos,

378 3995 439 4039 ut
460 3985 559 4041 ειη
580 3987 839 4058 principio
869 3988 1063 4041 creavit
1087 3986 1222 4041 Deus
1254 3985 1437 4040 ctelum
1458 3996 1507 4041 et
1536 3995 1747 4039 terram.
1784 3985 1945 4041 Item:

378 4074 448 4130 In
476 4077 736 4149 principio
768 4085 883 4132 erat
922 4075 1161 4144 Verbum,
1203 4087 1259 4133 et
1285 4076 1414 4132 illud
1441 4096 1453 4130 :
1485 4076 1640 4131 Liber
1663 4079 1953 4148 generatio-

376 4168 459 4220 nis
484 4167 615 4222 Jesu
646 4164 885 4233 Christi;
914 4178 971 4224 et
1006 4168 1167 4223 item:
1201 4168 1396 4223 Beatus
1434 4168 1533 4233 vir,
1570 4167 1662 4238 qui
1690 4183 1793 4221 non
1824 4167 1950 4220 abiit

374 4259 435 4312 in
480 4257 701 4312 consilio
732 4260 1033 4329 impiorum.
1086 4256 1153 4313 Ut
1205 4260 1400 4329 faciam
1436 4257 1755 4314 voluntatem
1782 4268 1949 4323 tuam,

376 4347 543 4402 Deus.
593 4348 894 4419 Utseorpus
926 4349 1068 4419 quod
1098 4350 1295 4421 aptain
1322 4349 1455 4405 mihi
1504 4364 1603 4420 pro
1627 4364 1829 4420 genere
1855 4349 1951 4404 hu-

376 4453 541 4493 mano
565 4438 817 4504 oﬁ‘eram,
864 4440 989 4509 quia
1033 4441 1150 4495 htec
1176 4446 1263 4495 est
1313 4447 1403 4494 tua
1446 4440 1712 4495 voluntas.
1764 4438 1951 4509 Aufert

375 4529 628 4596 primum,
656 4538 714 4583 ut
735 4546 954 4602 sequens
973 4538 1193 4584 statuat.
1220 4529 1299 4584 Ac
1328 4530 1375 4585 si
1404 4530 1606 4585 diceret
1634 4548 1646 4581 :
1679 4529 1954 4600 Reprobat

376 4616 567 4687 Vetus,
618 4630 676 4676 et
718 4620 954 4676 aﬁirmat
1000 4621 1211 4677 Novum
1249 4622 1686 4678 Testamentum.
1715 4621 1871 4677 Sedet
1894 4622 1951 4676 in

374 4711 592 4765 dextera
614 4709 735 4766 Dei.
761 4712 928 4780 Quasi
967 4711 1245 4779 Dominus,
1274 4729 1399 4768 nam
1429 4713 1740 4768 ministrare
1776 4711 1953 4767 famu-

376 4800 551 4855 lorum
584 4809 687 4856 est.
720 4800 1051 4856 Contestatur
1074 4812 1250 4857 autem
1271 4801 1502 4872 Spiritus
1524 4811 1739 4857 sanctus
1762 4801 1930 4856 nobis.

376 4889 483 4947 Per
509 4888 824 4955 Jeremiam,
855 4907 920 4947 ac
943 4892 987 4947 si
1015 4893 1222 4948 diceret
1266 4911 1278 4947 :
1314 4891 1468 4959 Quod
1495 4892 1747 4958 dicimus,
1778 4891 1950 4962 Spiri-

375 4992 468 5042 tus
510 4994 735 5042 sanctus
754 4986 913 5053 dicit;
986 4986 1225 5043 diximus
1252 4988 1395 5042 enim
1419 4988 1562 5057 quod
1601 5002 1948 5042 consumma-

376 5077 459 5134 vit
503 5079 558 5135 in
602 5087 867 5135 atemnm
915 5079 1296 5145 sanctiﬁcatos,
1330 5088 1385 5134 et
1437 5081 1538 5135 hoc
1567 5078 1800 5148 Spiritus
1825 5093 1950 5133 san-

374 5176 498 5224 ctus
531 5176 782 5232 testatur,
822 5170 967 5240 quod
1006 5170 1063 5225 in
1089 5169 1240 5225 Novo
1273 5169 1620 5225 Testamento
1641 5186 1747 5224 non
1773 5185 1950 5225 recor-

376 5257 595 5313 dabitur
624 5258 766 5313 Deus
788 5268 1154 5328 peccatorum.
1180 5255 1468 5329 Postquam
1490 5260 1627 5312 enim
1649 5258 1805 5312 dixit.
1838 5256 1944 5313 0r-

374 5349 468 5417 do,
491 5349 624 5405 dicit
647 5350 793 5404 enim
814 5350 1075 5406 Dominus
1098 5364 1112 5403 :
1137 5349 1285 5405 Dabo
1308 5349 1441 5420 leges
1466 5367 1606 5404 meas
1627 5350 1682 5403 in
1705 5349 1948 5404 cordibus

371 5455 575 5505 eorum,
625 5449 674 5493 et
722 5439 781 5493 in
823 5438 1081 5492 mentibus
1124 5454 1307 5492 eorum
1346 5438 1727 5508 superscribam
1760 5456 1870 5502 eas,
1896 5448 1948 5491 et

370 5536 586 5597 peccata
617 5542 802 5581 eorum
850 5542 955 5581 non
998 5526 1312 5580 recordabar
1358 5526 1606 5596 amplius,
1662 5535 1946 5596 postquam

376 5616 513 5674 dixit
528 5636 542 5672 :
560 5614 678 5671 Hoc
700 5625 778 5671 est
796 5625 1161 5669 testamentum
1176 5617 1316 5686 quod
1337 5618 1566 5671 testabor
1586 5618 1655 5670 ad
1677 5617 1817 5671 illos.
1848 5616 1947 5671 Ubi

379 5724 499 5780 ergo
535 5713 745 5764 horum.
779 5705 1129 5761 Peccatorum
1158 5708 1424 5762 remissio.
1446 5705 1569 5760 Iam
1597 5723 1701 5761 non
1720 5706 1779 5774 ﬁt
1806 5706 1948 5761 obla-

707 5801 980 5861 Ρηιιοι..
1025 5799 1101 5862 Cl
1110 5803 1185 5864 ll.

2056 3251 2284 3326 legalem
2316 3262 2615 3317 secundum
2640 3272 2879 3321 veterem
2901 3266 3216 3340 legem.Aut
3242 3288 3375 3328 crux
3398 3278 3633 3334 secunda

2056 3347 2211 3404 nobis
2233 3348 2373 3406 ultra
2400 3368 2506 3408 non
2529 3364 2631 3420 est,
2660 3355 2785 3413 huic
2815 3367 2997 3416 autem
3049 3361 3227 3419 simile
3266 3374 3370 3434 est,
3402 3369 3549 3439 quod
3576 3370 3632 3425 in

2056 3440 2429 3509 superioribus
2450 3444 2618 3500 dixit:
2636 3445 2963 3518 Impossibile
2982 3462 3057 3506 est
3079 3454 3215 3508 enim
3235 3472 3345 3523 eos,
3368 3458 3459 3529 qui
3478 3460 3637 3514 semel

2054 3540 2173 3583 sunt
2205 3530 2509 3600 illuminati,
2541 3537 2731 3592 iterum
2777 3543 3036 3595 renovari.
3072 3540 3342 3599 Terribilis
3389 3549 3632 3619 qua'dant

2052 3623 2366 3690 exspectatio
2378 3625 2596 3695 judicii.
2615 3625 2672 3681 Si
2695 3638 2873 3683 autem
2897 3634 3231 3701 exspectatio
3254 3635 3511 3693 terribilis
3529 3650 3632 3704 est,

2055 3722 2257 3781 quanto
2286 3717 2457 3788 magis
2489 3719 2601 3788 ipsa
2622 3721 2931 3789 prtesentia,
2974 3738 3094 3793 qute
3141 3735 3525 3796 consumptura
3549 3742 3635 3785 est

2054 3806 2435 3862 adversarios?
2476 3826 2583 3865 non
2624 3811 2701 3864 ita
2729 3820 2788 3866 ut
2811 3827 2918 3866 non
2946 3812 3072 3879 sint,
3126 3814 3267 3871 sicut
3302 3832 3492 3874 aurum
3522 3836 3631 3875 non

2053 3898 2394 3953 consumitur
2419 3900 2472 3954 in
2506 3900 2648 3971 igne,
2682 3902 2776 3956 sed
2817 3903 2959 3972 quod
2986 3903 3321 3961 immundum
3352 3917 3437 3964 est
3459 3909 3513 3967 in
3542 3926 3629 3966 eo.

2054 3982 2393 4043 Communem
2420 3993 2707 4046 a’stimans.
2732 3986 2937 4050 Putans
2966 3995 3103 4051 nihil
3128 3996 3388 4067 prodesse
3414 3996 3634 4055 allusio-

2053 4093 2175 4132 ncm
2206 4082 2483 4151 sanguinis
2511 4080 2736 4139 Christi.
2784 4084 2853 4140 Et
2879 4087 3090 4156 spiritui
3125 4089 3314 4159 gratia:
3361 4101 3630 4146 contume-

2051 4167 2176 4223 liam
2203 4171 2406 4239 fecerit.
2434 4172 2661 4246 Legales
2709 4176 2918 4233 hostias
2944 4177 3177 4234 oﬁereus
3220 4197 3235 4235 :
3266 4178 3352 4236 vel
3381 4198 3486 4237 non
3517 4199 3633 4239 cre-

2051 4261 2185 4316 dens
2206 4263 2584 4320 remissionem
2610 4275 2956 4337 peccatorum
2986 4284 3084 4339 per
3116 4271 3347 4343 gratiam
3397 4271 3633 4343 Spiritus

2051 4357 2246 4408 sancti.
2273 4354 2407 4410 Milli
2431 4356 2746 4425 vindictam;
2770 4368 2817 4413 et
2843 4376 2935 4430 ego
2960 4358 3264 4417 retribuam.
3299 4360 3629 4433 Vindictam,

2052 4445 2431 4501 contumeliam
2454 4449 2664 4517 spiritui
2688 4450 2876 4522 gratia:
2901 4448 3142 4507 facienti.
3172 4450 3241 4508 In
3283 4470 3472 4509 manus
3501 4456 3631 4511 inci-

2056 4531 2179 4586 dere
2204 4532 2301 4588 Dei
2323 4535 2552 4592 viventis.
2593 4537 2649 4592 In
2673 4548 2992 4608 potestatem
3013 4540 3200 4613 jndicli
3234 4542 3370 4614 ejus,
3398 4546 3487 4617 qui
3509 4548 3629 4601 red-

2058 4622 2142 4676 det
2167 4623 2444 4696 unicuique
2473 4628 2759 4682 secundum
2797 4646 2953 4701 Opera
3003 4629 3139 4703 ejus.
3186 4632 3628 4690 Rememoramini

2056 4712 2219 4782 igitur
2239 4715 2488 4783 pristinos
2516 4716 2649 4772 dies.
2676 4714 2788 4774 Hoc
2810 4721 2959 4787 dicit,
2982 4730 3043 4775 ut
3065 4721 3420 4793 perdurantes
3451 4725 3505 4779 in
3533 4727 3629 4779 tri-

2056 4800 2420 4860 bulationibus
2444 4816 2628 4862 essent
2671 4807 3025 4880 longanimes,
3056 4812 3196 4867 sicut
3225 4812 3338 4883 jam
3372 4821 3497 4883 post
3540 4831 3630 4868 ac-

2056 4901 2268 4963 ceptam
2295 4894 2455 4951 ﬁdem
2482 4897 2885 4954 bencfecerunt.
2911 4898 2980 4955 Et
3004 4901 3059 4956 in
3091 4901 3256 4956 altera
3298 4903 3506 4973 quidem
3538 4922 3628 4975 op-

2052 4983 2298 5054 probriis.
2323 4985 2575 5043 Vocibus.
2599 4987 2669 5043 Et
2693 4988 3139 5047 tn‘bulationibus.
3170 4990 3442 5063 Martyriis
3470 5009 3623 5065 pres~

2052 5075 2322 5147 eurisque.
2376 5076 2764 5147 Spectaculum.
2815 5078 3045 5149 Propter
3099 5081 3379 5136 manifesta
3425 5098 3623 5154 oppro-

2052 5165 2190 5220 bria.
2218 5166 2362 5222 Estis
2387 5169 2577 5237 e/7‘ecti.
2606 5167 2963 5226 Ministrando
3006 5171 3301 5230 tribulatis.
3328 5171 3624 5243 ‘Conﬁden-

2050 5259 2177 5311 tiam
2226 5268 2471 5312 vestram.
2502 5258 2896 5315 Fortitudinem
2926 5261 3069 5327 ﬁdei,
3102 5271 3157 5318 et
3200 5254 3514 5336 patientiam
3566 5266 3623 5321 in

2052 5346 2507 5402 tribulationibus.
2543 5348 2683 5401 Nam
2702 5350 2881 5420 justus
2906 5370 3054 5410 meus
3082 5373 3146 5413 ea:
3184 5356 3289 5428 ﬁde
3312 5360 3457 5415 vivit.
3486 5358 3621 5430 Quia

2049 5436 2159 5490 vita
2207 5437 2448 5505 corporis
2477 5438 2678 5505 animo,
2709 5440 2815 5497 vita
2851 5444 3047 5501 animae
3078 5444 3210 5505 ﬁdes
3235 5456 3339 5519 est,
3369 5466 3403 5508 a
3443 5466 3549 5523 qua
3576 5452 3625 5508 si

2052 5524 2173 5595 quis
2198 5540 2256 5581 se
2278 5525 2627 5593 subtraxerit,
2658 5544 2765 5585 non
2786 5532 3020 5602 placebit
3050 5536 3178 5592 Deo.

2646 5619 2871 5680 CAPUT
2925 5625 3015 5682 XI.

2124 5709 2219 5764 Est
2246 5722 2417 5767 autem
2443 5714 2593 5786 ﬁdes.
2627 5716 2685 5771 ln
2715 5716 2967 5774 Habacuc
3010 5720 3398 5789 sperandarum
3432 5735 3616 5777 rerum

3108 5818 3148 5875 9
