3982 6198
414 256 527 310 267

1788 257 2075 316 ‘SEDULII
2116 260 2306 319 SCOTI

3573 283 3677 341 268

425 372 749 427 substantia.
779 370 914 426 Nam
944 370 1087 442 quod
1124 370 1266 425 videt
1317 370 1457 440 quis,
1488 370 1617 440 quid
1643 371 1859 441 sperat?
1896 370 2004 425 Sed
2032 372 2083 433 Α
2108 377 2248 442 quod
2294 376 2459 435 Iacob
2493 380 2717 452 ﬁguram
2762 386 3081 452 Christiani,
3123 388 3264 444 Esau
3313 406 3442 446 vero
3469 392 3680 454 Iudaici

425 465 471 520 si
521 464 665 534 quod
715 478 822 518 non
867 462 1111 517 videmus
1163 477 1478 531 speramus,
1537 478 1635 534 per
1684 464 2003 534 patientiam

424 562 820 624 exspectemus.
875 550 1269 621 Sperandarum
1322 568 1515 605 rerum.
1573 552 2004 623 Synecdochicos

424 648 529 703 hoc
553 647 706 711 dicit,
730 644 797 698 ab
822 644 1019 712 insigni
1040 653 1196 714 parte
1220 643 1381 699 ﬁdem
1409 646 1689 702 deﬁniens.
1715 646 1849 702 Nam
1870 650 2004 705 ﬁdes

421 746 504 793 est
530 736 694 792 trium
720 743 1056 805 temporum:
1084 734 1376 789 creduntur
1396 736 1539 791 enim
1561 738 1833 806 przeterita
1858 738 2001 808 quod

424 828 641 893 fuerint,
667 824 955 896 praesentia
977 822 1118 892 quod
1141 822 1269 889 sint,
1286 821 1478 877 ‘futura
1504 824 1647 893 quod
1669 833 1847 878 erunt.
1866 823 2002 879 Fide

420 918 546 975 Abel
569 919 826 988 majorem
852 914 1081 969 hostiam
1100 930 1258 985 quam
1284 912 1419 968 Cain
1443 914 1629 968 obtulit
1658 914 1790 993 Deo.
1818 915 2000 969 Melio-

418 1027 557 1069 rem.
590 1008 723 1065 Abel
766 1014 955 1079 pastor
987 1006 1169 1061 ovium
1218 1013 1357 1071 erat,
1383 1002 1518 1060 Cain
1550 1020 1677 1061 vero
1720 1005 1994 1074 agricola;

419 1104 514 1161 sed
541 1102 673 1158 Abel
696 1100 967 1175 primitias
987 1099 1170 1153 ovium
1194 1096 1306 1153 Deo
1337 1096 1618 1163 oﬁ‘ereba‘t,
1648 1099 1999 1169 praespiciens

352 1190 356 1194 ’
419 1205 474 1251 ct
504 1193 752 1259 credens,
785 1191 930 1261 quod
952 1190 1204 1246 Christus
1225 1189 1567 1261 postmodum
1590 1198 1854 1259 tanquam
1881 1191 1998 1244 ovis

420 1287 488 1341 ad
509 1284 836 1340 occisionem
858 1282 1163 1335 duceretur.
1195 1277 1302 1334 Per
1320 1295 1477 1351 quam
1501 1277 1852 1332 testimonium
1875 1294 1997 1331 con-

415 1386 625 1431 secutus
652 1383 744 1429 est.
776 1373 850 1429 Ut
877 1373 933 1427 in
964 1371 1259 1442 Evangelio
1286 1370 1569 1441 legitur:A
1596 1370 1849 1439 sanguine
1868 1368 1995 1423 Abel

404 1469 545 1540 justi
586 1482 747 1539 usque
791 1463 860 1519 ad
910 1465 1216 1533 sanguinem
1261 1460 1535 1515 Zacharia:
1573 1460 1671 1530 ﬁlii
1717 1460 1994 1514 Barac/tice

416 1561 633 1634 (Matth.
683 1554 865 1629 nm).
920 1553 1296 1609 Testimonium
1352 1551 1654 1622 perhibente
1694 1550 1992 1605 muneribus

412 1656 527 1726 ejus
552 1652 683 1707 Deo.
714 1649 849 1717 Quia
880 1647 1019 1720 ignis
1044 1643 1405 1701 descendebat
1432 1659 1593 1715 super
1617 1643 1822 1699 hostias
1850 1642 1988 1714 ejus,

2104 467 2285 534 populi
2310 471 2546 539 gerebat.
2580 472 2648 526 Et
2668 474 2928 529 adoravit.
2974 476 3159 532 Iacob.
3197 478 3368 550 Super
3407 482 3681 557 fastigium

2103 555 2263 625 virgae
2287 560 2420 628 ejus.
2449 560 2776 633 Signiﬁcans
2807 567 2951 635 quod
2979 582 3133 637 reges
3175 568 3339 624 futuri
3377 555 3561 630 essent
3588 579 3686 633 iid-

2072 649 2292 702 ‘orandi
2315 666 2382 704 ex
2403 668 2602 722 genere
2621 653 3065 727 Ioseph,scilicet
3102 675 3169 714 ex
3209 660 3569 732 Ephraim,ut
3590 668 3685 723 Jo-

2103 749 2198 789 sue
2212 736 2353 793 ﬁlius
2366 740 2484 795 Nun
2500 746 2723 815 mystice
2740 748 3027 819 designans
3041 765 3266 820 regnum
3281 752 3484 811 Christi
3502 759 3555 813 in
3576 760 3686 816 ﬁne

2100 829 2282 884 saeculi
2308 833 2663 901 adorandum,
2697 839 2837 893 sicut
2866 841 2981 909 ipse
3007 842 3213 911 virgam
3256 843 3351 900 ﬁlii
3381 848 3463 902 sui
3487 851 3686 906 adora-

2098 918 2198 973 vit.
2222 919 2429 977 Aliter:
2464 923 2522 979 In
2545 925 2650 982 hoc
2673 927 2791 983 loco
2827 930 3045 999 quidam
3073 930 3276 988 frustra
3311 937 3686 998 simulantad-

2099 1023 2285 1065 orasse
2305 1009 2475 1068 Iacob
2498 1017 2865 1073 summitatem
2892 1023 3094 1091 sceptri
3119 1021 3345 1095 Ioseph,
3362 1031 3503 1097 quod
3532 1034 3684 1089 vide-

2097 1098 2225 1155 licet
2272 1102 2545 1161 honorans
2591 1106 2782 1176 ﬁlium,
2832 1119 3157 1180 potestatem
3202 1114 3320 1184 ejus
3350 1120 3681 1191 adoraverit,

2095 1206 2219 1247 cum
2242 1193 2296 1247 in
2320 1195 2547 1252 Hebraeo
2571 1199 2741 1255 multo
2766 1201 2924 1256 aliter
2952 1202 3186 1275 legatur.
3218 1207 3289 1260 Et
3311 1209 3573 1278 adoravit,
3600 1214 3684 1281 in-

2096 1281 2236 1349 quit,
2271 1282 2444 1339 Israel
2466 1286 2535 1339 ad
2564 1298 2718 1358 caput
2746 1288 2925 1344 lectuli
2945 1294 3047 1359 sui,
3099 1296 3243 1365 quod
3269 1297 3478 1354 scilicet
3526 1312 3683 1372 post-

2095 1382 2258 1435 quam
2284 1369 2568 1439 juraverat
2596 1376 2645 1429 ei
2679 1377 2838 1445 ﬁlius,
2882 1395 3107 1437 securus
3130 1384 3196 1439 de
3222 1387 3485 1454 petitione
3512 1369 3679 1461 quam

2092 1470 2407 1528 rogaverat,
2434 1463 2678 1520 adoravit
2706 1468 2875 1523 Deum
2902 1480 3089 1526 contra
3137 1483 3300 1545 caput
3337 1476 3517 1534 lectuli
3565 1483 3676 1537 sui.

2094 1546 2327 1605 Sanctus
2354 1553 2550 1622 quippe
2576 1555 2685 1611 Deo
2712 1558 2945 1625 deditus,
2973 1569 3029 1615 et
3059 1577 3348 1632 oppressus
3377 1579 3676 1640 senectute,

2093 1638 2173 1694 sic
2194 1639 2429 1695 habebat
2455 1642 2709 1700 lectulum
2730 1662 2886 1704 suum
2916 1652 3176 1721 positum,
3204 1664 3265 1710 ut
3305 1657 3420 1728 ipse
3441 1638 3680 1728 jacentis

412 1717 553 1805 sicut
580 1745 778 1801 dicitur
804 1761 817 1797 :
843 1717 1086 1812 Respexit
1114 1739 1375 1794 Dominus
1421 1739 1493 1793 ad
1533 1738 1683 1804 Abel,
1704 1748 1752 1792 ει
1778 1739 1848 1794 ad
1879 1756 1990 1793 mu-
2015 1717 2065 1780 B
2092 1727 2308 1784 habitus
2331 1730 2535 1801 absque
2563 1732 2874 1791 dilﬁcultate
2906 1717 2973 1793 ad
3000 1717 3301 1798 orationem
3323 1717 3477 1803 esset
3506 1764 3678 1818 para-

412 1854 538 1893 nera
566 1835 700 1907 ejus,
734 1832 803 1888 ad
824 1831 957 1887 Cain
979 1846 1097 1886 vero
1130 1845 1234 1883 non
1256 1830 1497 1899 respexit.
1516 1827 1707 1884 Adhuc
1728 1828 1985 1898 loquitur,

409 1939 506 1985 ut:
543 1927 659 1983 Vox
687 1924 957 1995 sanguinis
988 1922 1171 1985 fratris
1195 1920 1271 1974 tui
1308 1921 1499 1975 clamat
1528 1920 1598 1974 ad
1639 1937 1720 1975 me
1760 1921 1825 1974 de
1846 1930 1989 1976 terra

412 2019 565 2094 (Gen.
582 2016 746 2090 n').F
750 2016 834 2072 ide
859 2014 1063 2070 Enoch.
1090 2014 1319 2085 Propter
1347 2010 1507 2066 ﬁdem
1534 2026 1687 2066 suam
1704 2010 1988 2066 transferri

408 2111 627 2175 meruit,
661 2108 889 2165 credens
918 2105 1061 2176 quod
1087 2104 1244 2161 Iesus
1296 2103 1639 2174 postmodum
1687 2103 1742 2157 in
1791 2102 1987 2158 caelum

409 2191 769 2259 sublevandus
797 2207 944 2255 esset
971 2217 984 2253 :
1012 2205 1137 2253 ante
1166 2197 1591 2269 _translationem
1646 2198 1796 2252 enim
1832 2197 1988 2253 testi-

408 2296 649 2351 monium
672 2292 881 2355 habuit,
913 2297 973 2343 ut
994 2297 1119 2345 est:
1154 2287 1451 2342 Ambulavit
1493 2287 1675 2342 Enoch
1714 2304 1832 2341 cum
1878 2286 1985 2341 Do-

407 2385 570 2439 mino.
591 2382 659 2437 Et
679 2380 804 2436 alibi
840 2399 852 2433 :
885 2377 955 2433 Et
977 2377 1173 2449 placuit
1220 2377 1327 2431 Deo
1359 2377 1536 2431 anima
1578 2377 1692 2446 ejus
1723 2375 1875 2449 (Gen.
1905 2375 1980 2447 v).

407 2473 547 2542 Quia
585 2482 662 2528 est
701 2481 749 2527 et
794 2468 1172 2542 inquirentibus
1211 2485 1266 2523 se
1315 2477 1674 2522 remunerator
1695 2467 1776 2536 ﬁt.
1809 2467 1868 2521 In
1898 2467 1982 2522 his

403 2568 614 2624 duobus
639 2565 814 2622 modis
839 2571 1009 2619 totum
1032 2562 1333 2634 symbolum
1356 2569 1417 2619 et
1443 2561 1656 2631 plenam
1703 2559 1865 2615 ﬁdem
1886 2559 1983 2615 ha-

398 2654 611 2711 bemus.
662 2651 798 2707 Fide
839 2651 974 2707 Noe.
1019 2650 1260 2707 Credens
1312 2666 1628 2721 responsum
1666 2665 1698 2704 a
1726 2649 1837 2705 Deo
1884 2665 1979 2705 ac-

398 2754 638 2817 ceptum.
670 2743 882 2798 Aliter:
907 2740 1165 2797 Praevidit
1213 2756 1447 2811 namque
1494 2740 1795 2796 Ecclesiam
1827 2742 1979 2795 navi-

398 2843 645 2907 gaturam
700 2848 797 2904 per
828 2846 981 2887 mare
1028 2829 1212 2886 saeculi
1265 2829 1445 2900 hujus,
1493 2830 1560 2884 ad
1609 2838 1823 2899 portum
1852 2829 1977 2885 vitae

395 2934 630 2982 merum.
673 2921 780 2978 Per
804 2939 982 2995 quam.
1022 2921 1231 2977 Fidem.
1282 2918 1658 2975 Condemnavit
1701 2919 1971 2974 strculum.

391 3014 735 3079 Peccatores,
768 3014 859 3083 qui
886 3027 994 3067 non
1035 3018 1351 3066 meruerunt
1398 3025 1526 3064 arca
1574 3010 1791 3065 salvari.
1835 3009 1971 3066 Fide

392 3106 483 3177 qui
522 3113 739 3160 vocatur
788 3101 1415 3172 Abraham..Signanter
1444 3102 1542 3167 ait,
1587 3109 1833 3168 vocatur,
1860 3118 1969 3158 non

391 3196 539 3252 enim
561 3196 640 3251 sic
664 3195 815 3264 prius
834 3193 1130 3248 vocabatur
1156 3194 1369 3262 quando
1394 3194 1648 3260 obedivit,
1676 3196 1769 3250 sed
1798 3197 1969 3251 Abra-

390 3287 519 3342 ham
574 3292 705 3340 tunc
749 3284 1061 3339 nominatus
1089 3291 1190 3339 est.
1223 3282 1427 3338 Haeres.
1478 3282 1611 3339 Noe.
1661 3283 1963 3340 Institutas.

380 3377 573 3433 Mundi
599 3378 789 3432 haeres.
821 3374 1079 3431 Obedivit.
1108 3376 1332 3459 Quando
1374 3377 1574 3432 dictum
1625 3384 1709 3432 est
1734 3378 1783 3432 ei
1815 3396 1827 3431 :
1862 3379 1967 3434 Exi

387 3466 453 3520 de
467 3476 608 3520 terra
629 3476 742 3520 tua.
758 3464 1109 3536 Exspectabat
1125 3465 1264 3519 enim
1287 3465 1649 3535 fundamenta.
1665 3466 1960 3536 Christum,

385 3562 442 3613 et
489 3555 779 3626 apostolos,
838 3562 894 3610 et
930 3555 1247 3625 prophetas.
1295 3555 1591 3610 Civitatem.
1624 3555 1961 3615 Hierusalem

383 3645 705 3701 caelestium.
756 3642 893 3699 Fide
936 3652 984 3699 et
1023 3645 1138 3716 ipsa
1170 3642 1328 3698 Sara.
1375 3644 1669 3701 Ecclesiam
1721 3648 1960 3719 gentium

382 3738 623 3808 respexit
645 3737 711 3793 de
737 3753 843 3808 qua
874 3736 1071 3793 dicitur
1097 3755 1110 3791 :
1142 3736 1367 3803 Ltetare,
1382 3739 1573 3793 sterilis
1600 3756 1717 3810 qua:
1741 3757 1842 3795 non
1865 3758 1960 3812 pa-

380 3830 474 3884 ris.
504 3828 727 3899 Propter
770 3829 910 3900 quod
940 3838 987 3884 et
1016 3830 1082 3884 ab
1128 3846 1256 3885 uno.
1309 3829 1559 3897 Homine,
1590 3846 1655 3887 ex
1681 3831 1955 3887 Abraham

378 3922 587 3979 scilicet
609 3930 663 3976 et
693 3920 851 3986 Sara,
878 3929 969 3975 ut:
1002 3920 1173 3974 Erunt
1199 3920 1304 3975 duo
1334 3923 1389 3976 in
1418 3938 1579 3975 carne
1604 3938 1730 3975 una.
1764 3921 1833 3975 Et
1858 3922 1955 3976 hoc

376 4020 633 4065 emortuo.
652 4008 1095 4078 Concupiscentia
1112 4009 1337 4063 carnali.
1351 4009 1521 4064 Juxta
1541 4010 1700 4078 ﬁdem
1719 4008 1953 4078 defuncti

2046 1857 2051 1863 .
2091 1826 2196 1873 tus.
2221 1819 2290 1873 Et
2313 1821 2377 1874 de
2403 1822 2605 1877 ossibus
2626 1826 2736 1880 suis
2777 1829 3065 1885 mandavit.
3097 1831 3207 1887 Ut:
3241 1833 3518 1895 Extolletis
3549 1857 3678 1895 ossa

2089 1924 2204 1962 mea
2232 1909 2353 1963 hinc
2380 1912 2662 1968 vobiscum.
2693 1915 2916 1986 Mystice
2939 1935 3061 1976 ossa
3106 1921 3308 1996 Ioseph
3335 1942 3402 1981 ex
3430 1928 3675 2003 Egypto

2088 2000 2156 2055 ad
2182 2010 2383 2057 terram
2415 2006 2854 2075 repromissionis
2880 2013 3159 2079 translata,
3178 2016 3484 2088 signiﬁcant
3508 2000 3677 2078 Chri-

2088 2089 2156 2143 sti
2183 2091 2436 2146 mandata
2451 2107 2517 2148 ex
2540 2092 2742 2151 Iudaeis
2764 2098 2821 2152 in
2838 2098 3039 2158 Gentes
3058 2102 3292 2159 exitura.
3307 2104 3444 2161 Fide
3460 2107 3675 2179 Moyses

2087 2191 2263 2247 natus,
2294 2184 2585 2241 occultatus
2613 2198 2687 2242 est
2716 2190 2977 2247 mensibus
3000 2193 3185 2248 tribus.
3205 2195 3490 2267 Signiﬁcat
3508 2199 3677 2256 Chri-

2086 2284 2230 2329 stum
2257 2277 2587 2333 occultatum
2618 2279 2686 2335 ab
2710 2279 2983 2338 Abraham
3019 2299 3191 2355 usque
3213 2287 3281 2342 ad
3305 2287 3473 2344 David
3499 2308 3512 2346 :
3546 2293 3672 2362 pri—

2089 2383 2213 2422 mus
2254 2369 2399 2423 enim
2426 2371 2632 2427 mensis
2660 2380 2773 2440 est;
2822 2375 3019 2432 dehinc
3068 2380 3339 2437 secundus
3382 2386 3586 2442 mensis
3635 2404 3673 2448 a

2084 2456 2256 2513 David
2279 2474 2451 2530 usque
2480 2462 2550 2517 ad
2569 2464 3098 2536 transmigrationem
3126 2469 3446 2542 Babylonis;
3471 2478 3673 2534 tertius

2082 2562 2213 2602 vero
2232 2556 2317 2603 est
2337 2564 2368 2604 a
2384 2553 2860 2622 transmigratione
2879 2555 3167 2628 Babylonis
3188 2575 3357 2630 usque
3369 2563 3438 2618 ad
3459 2565 3670 2622 adven-

2081 2645 2195 2692 tum
2222 2638 2542 2695 Salvatoris.
2576 2641 2960 2714 Improperium
2986 2645 3199 2702 Christi.
3228 2651 3325 2706 Vel
3353 2653 3667 2711 tribulatio-

2078 2741 2175 2782 nes
2194 2727 2304 2796 pati
2328 2743 2425 2798 pro
2450 2728 2689 2797 Christo,
2718 2732 2802 2786 vel
2831 2733 2885 2787 in
2935 2733 3165 2805 ﬁguram
3205 2738 3665 2811 impmperiorum

2077 2818 2301 2884 Christi,
2333 2823 2478 2891 quod
2506 2823 2649 2878 enim
2676 2835 2863 2894 postea
2888 2825 3105 2884 Christo
3134 2833 3336 2898 evenit,
3381 2834 3470 2889 ille
3493 2838 3668 2892 susti-

2076 2906 2257 2963 nebat.
2292 2908 2800 2968 Itemunerationem.
2834 2915 3135 2973 Mercedem
3182 2936 3213 2974 a
3253 2920 3487 2979 Christo.
3518 2925 3665 2983 Fide

2077 2998 2348 3054 celebravit
2386 2999 2612 3056 Pascha.
2666 3002 2769 3060 Per
2796 3021 2993 3077 agnum
3029 3025 3262 3081 namque
3306 3031 3428 3070 cum
3456 3020 3663 3088 populo

1996 3068 2040 3130 (ἶ
2072 3094 2335 3149 intellexit
2360 3094 2635 3152 Christum
2660 3068 2859 3154 verum
2899 3117 3122 3172 agnum,
3167 3068 3236 3161 de
3262 3122 3369 3177 quo
3405 3068 3602 3167 digitiu-
3639 3133 3656 3168 τ

2070 3185 2280 3241 Etenim
2347 3185 2557 3243 Pascha
2615 3202 2851 3246 nostrum
2917 3196 3220 3254 immolatus
3281 3211 3356 3256 est
3409 3202 3661 3263 Christus

2069 3276 2122 3350 (I
2152 3276 2274 3332 Cor.
2305 3276 2381 3345 v).
2409 3278 2666 3336 Praevidit
2705 3298 2941 3354 namque
2974 3290 3117 3357 quod
3145 3291 3200 3344 hi
3248 3293 3341 3362 qui
3390 3295 3443 3349 in
3473 3299 3663 3354 cruci-

2066 3365 2233 3422 ﬁxum
2259 3369 2561 3437 crederent,
2593 3372 2645 3426 in
2675 3372 2860 3457 futuro
2881 3376 3118 3433 vindicta
3156 3394 3425 3439 carerent.
3451 3385 3535 3441 Ne
3556 3391 3660 3459 qui

2063 3461 2298 3515 vastabat
2328 3462 2699 3533 primogenita.
2732 3450 2789 3520 id
2822 3477 2921 3530 est,
2974 3470 3214 3541 angelus.
3264 3473 3356 3531 Sic
3401 3450 3660 3536 diabolus

2062 3557 2306 3605 vastator
2327 3558 2432 3616 est,
2455 3566 2486 3605 a
2516 3567 2623 3622 quo
2648 3555 2945 3611 liberamur
2965 3574 3061 3629 per
3079 3565 3392 3634 sanguinem
3420 3567 3655 3626 Christi.

2060 3638 2192 3695 Fide
2236 3642 2619 3712 praedaverunt
2668 3643 2978 3717 Egyptios,
3025 3652 3152 3721 quia
3196 3656 3541 3715 crediderunt
3580 3677 3658 3719 se

2059 3730 2258 3786 iterum
2285 3733 2340 3787 in
2366 3731 2664 3805 Egyptum
2686 3751 2791 3791 non
2814 3755 3147 3799 reversuros.
3172 3743 3309 3802 Fide
3341 3752 3478 3805 muri
3498 3751 3655 3808 ᾔει-ἕο

2057 3822 2172 3876 cho.
2197 3821 2414 3879 Iericho
2434 3824 2687 3894 defectio,
2703 3828 2786 3883 vel
2810 3829 2935 3885 luna
2963 3832 3373 3907 interpretatur,
3398 3840 3645 3911 ﬁguram

2056 3914 2243 3967 mundi
2269 3921 2476 3970 tenens.
2508 3914 2730 3987 Septem
2773 3934 2901 3975 vero
2933 3923 3110 3991 tubas,
3144 3938 3350 3997 septem
3381 3933 3651 4000 epistolas

2057 4004 2385 4073 apostolicas
2410 4002 2776 4078 intelligimus,
2808 4012 2860 4065 in
2884 4013 3077 4082 quibus
3111 4019 3438 4086 septiformis
3464 4022 3652 4095 Spiri-

375 4109 517 4154 sunt.
541 4099 643 4164 Qui
672 4112 846 4166 usque
872 4098 940 4151 ad
966 4106 1195 4151 mortem
1212 4096 1383 4152 ﬁdem
1423 4106 1797 4154 servaverunt.
1826 4098 1951 4153 Non
2052 4103 2140 4151 tus
2191 4098 2366 4153 sancti
2396 4100 2595 4169 gratia,
2628 4102 2981 4174 doctrinaque
3009 4105 3231 4162 intonat.
3283 4109 3388 4166 Per
3426 4123 3649 4183 septem

374 4192 647 4264 perceptis.
670 4189 810 4247 Ante
834 4199 1063 4247 mortem
1108 4192 1635 4262 repromissionibus.
1691 4194 1756 4248 Et
1806 4193 1952 4248 salu-
2047 4200 2179 4243 vero
2225 4203 2432 4256 muros.
2492 4200 2697 4262 septem
2741 4195 3060 4266 prinCipalia
3084 4199 3211 4253 Vitia
3256 4202 3641 4273 designantur.

375 4293 564 4339 tantes.
590 4282 839 4340 Dicentes
862 4299 876 4338 :
901 4283 1068 4339 Beata
1086 4291 1332 4361 tempora
1353 4286 1570 4353 quando
1588 4287 1704 4341 haec
1719 4296 1945 4343 ventura

2070 4274 2183 4331 Vide
2202 4276 2369 4333 Raab.
2395 4279 2525 4347 Quae
2547 4282 2814 4353 signiﬁcat
2834 4285 3129 4343 Ecclesiam
3167 4292 3427 4361 gentium,
3453 4299 3644 4352 susci-

375 4382 555 4431 erunt.
584 4375 654 4430 Et
677 4376 724 4430 si
761 4375 967 4449 quidem
1004 4352 1146 4431 illius
1175 4352 1545 4431 meminissent.
1579 4377 1761 4434 Terrae
1786 4377 1945 4435 Chal-

2070 4368 2201 4424 iiens
2228 4352 2620 4440 exploratores,
2654 4374 2706 4429 id
2736 4383 2841 4442 est,
2883 4377 3130 4437 doctores
3176 4384 3495 4452 catholicos,
3518 4389 3637 4455 vel,

1590 4429 1758 4434 ηηη
1795 4429 1919 4435 τπ-
2046 4429 2065 4439 -
2299 4429 2317 4440 .
2608 4429 2618 4438 .
2891 4429 3129 4437 in---"
3181 4429 3495 4452 ---..ν-.νν.,,
3528 4429 3636 4455 ....,

373 4429 637 4533 33mm,
668 4429 734 4522 de
759 4429 1182 4537 illﬁﬂéxierﬁnt’
1234 4466 1288 4520 id
1331 4475 1433 4532 est,
1464 4467 1532 4525 de
1560 4467 1941 4538 Mesopotamia
1968 4429 2021 4489 D
2047 4463 2108 4562 l'l‘t
2136 4457 2246 4562 “alii
2274 4458 2482 4562 dicunt,
2530 4461 2750 4518 Petrum
2789 4474 2843 4562 et
2897 4464 3144 4562 Paulum,
3178 4488 3269 4527 seu
3297 4474 3430 4530 duas
3459 4475 3636 4547 leges.

371 4557 562 4631 Syria).
595 4556 720 4612 Non
767 4559 922 4629 pudet
956 4557 1143 4612 Deum.
1193 4556 1254 4613 1d
1298 4566 1401 4625 est,
1446 4575 1554 4615 non
1596 4559 1941 4617 confunditur

2070 4545 2262 4617 Deﬁciet
2283 4550 2421 4604 enim
2444 4567 2526 4605 me
2555 4561 2775 4624 tempus.
2799 4556 2905 4641 Aut
2928 4560 3271 4631 hyperbolice
3297 4565 3495 4633 locutio
3513 4544 3635 4637 est,

365 4649 511 4705 Deus
538 4646 724 4703 νοοπί
747 4663 931 4703 eorum
958 4647 1121 4714 Deus,
1150 4656 1211 4704 ιιι
1240 4667 1252 4702 ε
1285 4649 1426 4705 Deus
1462 4649 1758 4717 Abraham,
1796 4651 1939 4710 Deus
2043 4646 2138 4690 aut
2180 4646 2391 4709 tempus
2431 4641 2783 4710 destinatum,
2810 4650 2952 4716 quod
3006 4649 3073 4705 ad
3114 4652 3254 4709 hanc
3281 4656 3633 4716 scribendam

364 4738 532 4795 Isaac.
565 4735 786 4792 Paravit
814 4738 951 4792 enim
975 4736 1080 4792 illis
1112 4737 1251 4793 Deus
1278 4739 1555 4795 civitatem.
1601 4741 1937 4798 Hierusalem

364 4810 661 4884 ctelestem.
688 4825 825 4882 Fide
849 4827 1036 4881 obtulit
1060 4827 1327 4883 Abraham
1376 4829 1551 4884 Isaac.
1594 4830 1728 4886 Cum
1758 4840 1933 4887 tenta—

364 4926 534 4985 retur,
565 4927 667 4973 ut-:
690 4917 839 4990 Offer
861 4919 991 4973 mihi
1013 4918 1184 4988 filium
1229 4928 1377 4974 tuum
1403 4920 1578 4976 Isaac.
1603 4923 1820 4993 Triplex
1840 4939 1934 4978 au-

364 5018 472 5063 tem
500 5010 701 5064 bonum
730 5008 876 5075 fecit,
909 5009 1053 5080 quod
1086 5008 1276 5073 ﬁlium,
1305 5018 1361 5065 et
1401 5010 1542 5079 quod
1572 5013 1929 5082 unigenitum,

365 5105 421 5152 et
446 5098 923 5166 repromissionem
953 5099 1007 5153 in
1029 5115 1136 5170 quo
1164 5099 1371 5168 accepit
1399 5098 1672 5154 oﬁ‘erebat.
1696 5100 1810 5157 Hoc
1838 5117 1933 5157 au-

362 5198 471 5244 tem
496 5186 697 5242 factum
718 5196 803 5244 est
828 5189 881 5243 in
911 5183 1137 5261 ﬁguram
1163 5190 1259 5245 Dei
1300 5188 1499 5255 Patris,
1543 5190 1735 5246 Filium
1774 5206 1928 5247 suum

359 5296 458 5350 pro
503 5287 689 5337 nostra
732 5279 904 5336 salute
956 5281 1248 5338 oﬁ'erentis.
1281 5280 1435 5338 Unde
1470 5281 1735 5351 sequitur,
1786 5283 1929 5353 quod

362 5386 480 5425 eum
510 5372 562 5427 in
587 5371 899 5443 parabolam
927 5373 1156 5442 accepit,
1186 5374 1289 5428 hoc
1326 5380 1411 5428 est
1438 5373 1492 5427 in
1519 5373 1925 5431 similitudinem

357 5463 557 5518 Christi
598 5463 881 5521 morientis
918 5470 974 5519 et
1015 5465 1366 5535 resurgentis.
1401 5463 1492 5520 Sic
1522 5464 1772 5520 Christus
1801 5467 1878 5520 ait
1906 5484 1918 5519 :

358 5552 623 5607 Abraham
649 5556 776 5609 vidit
798 5555 937 5610 diem
961 5570 1154 5619 meum,
1177 5565 1224 5610 et
1253 5559 1462 5625 gavisus
1483 5568 1578 5613 est.
1602 5558 1733 5615 Fide
1758 5560 1921 5613 etiam

353 5639 419 5693 de
465 5636 660 5693 futuris
698 5638 975 5694 benedixit
1012 5639 1184 5706 Isaac,
1232 5641 1425 5709 spiritu
1455 5658 1918 5716 praecognoscens,

2042 4725 2325 4794 epistolam
2355 4730 2407 4784 in
2431 4732 2593 4787 corde
2622 4749 2719 4789 suo
2747 4741 3043 4808 proposuit.
3074 4741 3151 4795 De
3176 4741 3403 4801 Gedeon.
3436 4746 3488 4801 Id
3512 4758 3630 4816 est,

2041 4816 2168 4884 quid
2219 4819 2392 4875 adhuc
2421 4821 2596 4877 dicam
2628 4824 2693 4879 de
2724 4824 2941 4883 Gedeon
2991 4847 3113 4885 cum
3158 4836 3418 4891 trecentis
3465 4837 3626 4896 viris.

2037 4904 2269 4961 Barach.
2302 4908 2579 4979 Pugnante
2605 4913 2765 4968 simul
2812 4931 2936 4971 cum
2982 4920 3229 4975 Debbora
3277 4924 3626 4994 prophetissa

2038 5004 2229 5050 contra
2255 4996 2493 5053 Sisaram
2515 5000 2901 5061 Chananteum.
2920 5005 3128 5079 Iephte.
3154 5008 3425 5067 Oﬁ‘erente
3448 5013 3623 5071 ﬁliam

2037 5098 2190 5139 suam
2218 5098 2513 5156 contraque
2555 5091 2709 5148 Moab
2760 5108 3049 5165 pugnante.
3087 5098 3467 5158 Obturaverant
3518 5123 3623 5161 ora

2036 5173 2262 5230 leonum.
2316 5177 2386 5233 Ut
2437 5179 2648 5247 Daniel,
2706 5192 2763 5238 et
2817 5184 3066 5252 Samson,
3094 5196 3151 5242 et
3179 5189 3369 5257 David,
3396 5176 3625 5263 quando

2032 5274 2218 5335 pastor
2266 5269 2445 5323 ovium
2468 5269 2589 5325 fuit.
2632 5273 3017 5329 Exstinxerunt
3061 5278 3308 5349 impetum
3354 5283 3507 5352 ignis.
3539 5284 3625 5341 Ut

2034 5366 2146 5413 tres
2172 5361 2335 5429 pueri
2358 5362 2419 5423 in,
2440 5364 2656 5420 camino
2676 5366 2835 5437 ignis.
2866 5366 3186 5438 Elj'ugerunt
3221 5373 3385 5427 aciem
3418 5372 3613 5444 gladii.

2033 5448 2185 5505 Sicut
2212 5451 2381 5508 David
2426 5457 2597 5511 aciem
2647 5454 2809 5527 gladii
2869 5459 3048 5516 Saulis
3080 5460 3286 5533 eﬁ‘ugit.
3315 5461 3619 5520 Convalue-

2029 5552 2149 5595 runt
2178 5543 2243 5596 de
2291 5545 2615 5615 inﬁrmitate.
2670 5548 2742 5602 Ut
2786 5549 3069 5607 Ezechias.
3117 5551 3305 5609 Castra
3343 5566 3615 5611 verterunt

2026 5641 2340 5685 exterarum.
2368 5633 2436 5689 Ut
2463 5635 2707 5701 Gedeon,
2728 5644 2784 5692 et
2803 5637 3085 5708 Ezechias,
3110 5643 3414 5713 exterique.
3443 5643 3608 5699 Aere.
