3982 6198
250 329 351 386 269

1359 337 1690 395 COLLECT.
1736 341 1800 394 ΙΝ
1845 340 2058 395 EPIST.
2101 343 2191 396 AD
2232 343 2431 398 illiilli.

3421 358 3538 415 επ)

245 451 434 509 perunt
487 439 737 495 mulieres
782 441 846 495 de
893 448 1267 500 resurrectione
1318 459 1549 502 mortuos
1595 466 1736 502 suos.
1770 450 1841 505 Ut
1869 455 1918 511 Α
1944 451 2106 504 sistis.
2135 451 2211 505 Ac
2244 453 2289 507 si
2315 454 2478 518 dicat,
2504 453 2619 510 Non
2644 457 2710 510 ad
2731 456 2945 516 visibilc
2979 471 3034 518 et
3059 465 3325 536 palpabile
3351 469 3534 529 lumen

249 531 402 585 Elius
428 531 718 586 suscitavit
741 532 911 587 ﬁlium
927 535 1101 591 vidua:
1115 535 1329 602 Jonam,
1353 549 1406 593 et
1433 540 1656 595 Elismus
1680 542 1845 597 ﬁlium

248 623 556 678 Samaritis.
584 623 694 678 Alii
717 635 893 680 autem
924 627 1138 682 distenti
1161 641 1299 683 sunt.
1330 631 1572 686 Cruciati
1603 643 1751 698 sunt,
1787 644 1847 689 ut

249 715 565 771 Machabtei.
619 716 746 772 Non
783 721 1146 790 suscipientes.
1183 722 1239 775 ln
1290 726 1547 792 praesenti
1578 726 1709 778 vita.
1742 725 1846 778 Alii

247 829 366 866 vero
389 811 626 867 ludibria
652 825 701 867 et
726 814 935 868 verbera
956 819 1176 886 experti.
1211 818 1281 874 Ut
1305 818 1590 874 Jeremias.
1623 819 1848 890 Insuper

244 916 292 960 et
321 905 562 970 vincula,
603 915 651 960 et
683 923 940 962 carceres.
977 908 1046 964 Ut
1071 908 1292 980 Joseph.
1339 911 1584 980 Lapidati
1605 923 1745 965 sunt.
1776 912 1846 967 Ut

247 996 478 1052 Naboth.
518 997 665 1052 Secti
689 1008 833 1053 sunt.
871 999 942 1054 Ut
965 1000 1153 1056 Isaias.
1201 1003 1328 1058 Haec
1366 1019 1462 1073 per
1491 1005 1742 1075 syllepsin
1767 1005 1846 1060 di-

246 1096 464 1153 cuntur,
491 1089 621 1158 quia
652 1091 803 1145 verbi
827 1092 1020 1160 gratia,
1046 1108 1153 1146 non
1206 1094 1362 1148 multi
1403 1095 1536 1150 secti
1578 1106 1721 1161 sunt,
1752 1097 1845 1151 sed

245 1196 383 1233 unus
414 1188 656 1245 tantum,
686 1181 740 1235 id
783 1191 888 1248 est,
918 1183 1104 1238 Isaias.
1157 1183 1361 1238 Tentati
1378 1196 1530 1239 sunt.
1568 1186 1636 1241 Ut
1664 1184 1766 1241 Job
1790 1195 1845 1241 et

245 1269 466 1325 Tobias.
511 1270 578 1324 In
607 1273 868 1326 occisione
888 1273 1054 1342 gladii
1082 1275 1276 1328 mortui
1332 1285 1474 1330 sunt.
1531 1277 1602 1332 Ut
1631 1277 1842 1332 Zacha-

245 1364 352 1419 rias
395 1363 547 1419 ﬁlius
595 1364 800 1420 Joiadae
843 1367 1174 1432 sacerdotis,
1219 1368 1312 1437 qui
1351 1370 1564 1423 occisus
1592 1370 1842 1425 estinter

189 1477 192 1479 λ
243 1455 506 1524 templum
539 1463 596 1510 et
623 1454 814 1511 altare.
851 1453 1235 1512 Circumierunt
1266 1459 1320 1512 in
1355 1459 1580 1514 melotis.
1602 1460 1671 1516 Ut
1695 1461 1841 1516 Elias

241 1553 291 1601 et
309 1545 574 1612 Joannes,
603 1549 803 1617 aliique
845 1549 1020 1603 multi.
1054 1549 1150 1604 Est
1205 1559 1387 1606 autem
1431 1551 1630 1606 melota
1683 1552 1840 1622 pellis

239 1638 462 1708 caprina
480 1654 548 1694 ex
570 1655 680 1694 uno
702 1639 873 1695 latere
903 1641 1233 1711 dependens,
1262 1658 1368 1711 qua
1399 1645 1654 1698 monachi
1682 1653 1840 1698 utun-

240 1736 326 1782 tur
357 1727 622 1800 AZgyptii.
650 1729 852 1795 Quibus
885 1731 1074 1800 dignus
1103 1748 1206 1784 non
1241 1740 1355 1785 erat
1390 1733 1635 1786 mundus.
1688 1733 1835 1787 Prte-

1949 541 2277 619 accessistis,
2307 545 2400 597 sed
2428 545 2495 598 ad
2550 546 2876 603 invisibilem
2925 560 2979 604 et
3019 553 3536 627 incomprehensibi-

1949 633 2053 686 lent
2087 633 2274 687 Deum.
2303 634 2485 705 Ignem
2507 645 2554 689 et
2573 638 2851 692 turbinem.
2877 642 3002 698 limo
3029 647 3210 701 omnia
3237 647 3454 706 fuerunt
3481 655 3534 708 in

1947 733 2130 777 monte
2161 723 2330 778 Sinai.
2361 725 2428 780 Et
2458 727 2594 781 tubce
2621 746 2829 784 sonum.
2862 732 2918 786 ld
2943 743 3047 801 est,
3078 741 3333 808 angelica:
3360 748 3530 800 vocis.

1947 813 2243 867 Exterritus
2265 833 2400 870 sum.
2428 818 2624 874 Corde.
2651 821 2716 874 Et
2743 824 3134 882 tremebundus.
3161 830 3423 901 Corpore.
3449 837 3534 892 Ad

1947 902 2074 958 Sion
2095 918 2337 971 montem.
2359 910 2438 962 Ad
2461 923 2782 980 praesentem
2804 916 3122 975 Ecclesium.
3144 924 3209 976 Et
3235 925 3531 984 Ecclesium

1942 997 2346 1064 primitivorum.
2387 1001 2766 1072 Apostolorum
2798 1009 2892 1078 qui
2940 1013 3102 1080 primi
3152 1015 3263 1072 Deo
3289 1022 3536 1078 credide-

1945 1095 2088 1140 runt.
2108 1087 2306 1174 \Melius
2333 1091 2642 1163 loquentem.
2667 1097 2800 1164 Quia
2827 1104 3044 1172 sanguis
3058 1105 3190 1160 Abel
3219 1113 3533 1180 accusabat,

1943 1181 2160 1249 sanguis
2175 1198 2303 1238 vero
2324 1184 2524 1241 Christi
2542 1190 2790 1244 redemit.
2815 1192 2946 1248 ltem
2964 1206 3023 1249 ut
3043 1206 3126 1251 est
3152 1199 3282 1254 illud
3309 1219 3321 1255 :
3340 1200 3527 1270 Pater,

1942 1271 2142 1368 dimitte
2168 1273 2296 1340 illis,
2319 1278 2442 1346 quia
2467 1281 2703 1334 nesciunt
2727 1284 2856 1336 auid
2898 1271 3099 1354 faciunt
3153 1289 3307 1361 (Luc.
3350 1295 3530 1368 xxm).

1945 1361 2028 1415 Ne
2055 1367 2301 1419 recusetis
2332 1367 2644 1439 loquentem.
2696 1373 2994 1431 Christum.
3043 1380 3207 1452 Cujus
3239 1401 3338 1438 vox
3376 1361 3532 1443 merit

1941 1463 2158 1510 terram.
2221 1457 2416 1513 Montis
2467 1460 2637 1518 Sinai.
2689 1465 2853 1521 Tunc.
2905 1469 3130 1536 Quando
3158 1475 3244 1531 lex
3273 1480 3394 1534 data
3427 1492 3520 1542 est

1943 1542 2102 1598 Nunc
2130 1559 2323 1602 autem.
2355 1549 2412 1603 In
2444 1551 2593 1607 Novo
2611 1554 2978 1614 Testamento.
3007 1561 3358 1632 Repromittit.
3378 1571 3530 1626 Com.

1941 1649 2158 1730 movere
2186 1647 2383 1694 terram
2417 1643 2744 1713 caelumque.
2791 1647 3005 1704 Diccns.
3055 1652 3112 1706 l-n
3155 1654 3352 1727 Aggteo
3401 1677 3530 1730 pro-

1939 1724 2122 1792 pheta.
2150 1727 2218 1780 Et
2253 1746 2345 1798 ego
2370 1732 2599 1785 movebo.
2623 1733 2680 1787 ln
2720 1735 2808 1789 die
2828 1737 3038 1807 judicii.
3068 1740 3138 1795 Ut.
3172 1724 3419 1802 maneant
3444 1767 3528 1806 ea.

237 1832 364 1872 scus
389 1818 644 1874 videlicet
672 1820 924 1884 mundus,
972 1829 1194 1889 propter
1243 1836 1392 1890 spem
1435 1837 1682 1892 superna,
1714 1824 1830 1893 310-
1865 1807 1912 1864 Β
1943 1812 2253 1885 Specimina
2284 1820 2507 1876 meliora
2533 1833 2932 1882 creaturarum.
2954 1830 3255 1890 Habeamus
3277 1841 3506 1908 gratiam

238 1910 350 1965 riae.
406 1910 534 1964 Non
577 1922 888 1982 acceperunt
937 1914 1356 1982 promissionem.
1407 1914 1588 1968 Donec
1617 1915 1834 1970 advenit

239 2001 508 2057 Christus.
563 2002 648 2056 Ne
690 2004 804 2058 sine
835 2005 981 2058 nobis
1027 2015 1536 2059 consummarentur.
1579 2005 1693 2061 Hoc
1724 2017 1828 2074 est,

236 2106 303 2145 ne
330 2101 458 2147 ante
489 2107 589 2148 nos
616 2093 670 2146 in
703 2109 928 2164 regnum
960 2093 1055 2148 Dei
1087 2093 1475 2165 caelestemque
1505 2111 1714 2151 coenam
1739 2111 1832 2151 ex-

240 2181 400 2248 irent,
431 2184 609 2238 donec
636 2200 827 2240 omnes
855 2186 907 2239 in
936 2202 1074 2241 novo
1102 2187 1402 2245 exiremus.

841 2278 1069 2335 CAPUT
1114 2280 1228 2334 ΧΠ.

305 2371 536 2441 Ideoque
556 2380 604 2424 et
638 2387 751 2425 nos.
777 2369 1065 2441 [lucusque
1096 2373 1160 2426 de
1187 2372 1293 2427 ﬁde
1320 2372 1535 2427 locutus
1557 2381 1658 2435 est,
1686 2389 1830 2429 nunc

236 2460 299 2514 de
357 2462 754 2530 praedicatione
808 2461 1014 2532 incipit.
1071 2463 1294 2518 Tantam
1330 2463 1573 2517 [tabentes
1621 2465 1828 2518 nubem.

234 2551 656 2618 Multitudinem,
701 2555 787 2609 vel
837 2555 1232 2612 collectionem.
1285 2557 1534 2612 Testium.
1593 2549 1834 2614 Pal-riar-

233 2645 462 2699 charum
513 2655 572 2701 et
617 2649 1027 2716 prophetarum.
1058 2649 1384 2720 Deponentes
1427 2669 1578 2704 omne
1603 2651 1828 2721 pondus.

233 2737 474 2792 Peccati.
501 2737 619 2793 Non
647 2739 789 2794 enim
818 2740 1102 2810 quisquam
1134 2741 1271 2795 bene
1302 2742 1471 2796 currit
1500 2758 1620 2796 cum
1668 2757 1833 2797 onere

233 2830 404 2899 gravi.
461 2827 571 2883 Per
601 2831 910 2899 patientiam
942 2848 1240 2886 curramus.
1276 2832 1382 2888 Per
1424 2834 1588 2898 viam,
1627 2835 1834 2890 scilicet

234 2931 469 2978 mortem
499 2923 711 2978 militiis
738 2925 1117 2979 mandatorum
1161 2935 1616 2982 transcurrentes.
1651 2925 1833 2981 Certa-

234 3029 369 3067 men.
430 3014 1417 3088 Tribulationum’pressurarumque
1471 3019 1522 3072 in
1579 3021 1832 3088 prmsenti

239 3105 686 3160 constitutarum.
736 3106 821 3161 Ne
861 3107 1173 3178 fatigemini.
1220 3107 1298 3163 Ne
1346 3109 1398 3162 in
1443 3111 1833 3166 tentationibus

1935 1906 2072 1964 Novi
2103 1911 2458 1980 Testamenti,
2490 1919 2941 1991 remissionisque
2968 1906 3340 1993 peccatorum.
3378 1933 3527 2006 Ignis

1937 2015 2266 2059 consumens.
2293 2004 2526 2062 Peccata
2555 2011 2898 2068 comburens.

2529 2099 2759 2157 CAPUT
2797 2103 2934 2158 Xlll.

2004 2182 2319 2240 Mementote
2340 2189 2650 2243 vinctorum.
2675 2191 2732 2246 In
2753 2202 2932 2248 vestra
2957 2198 3348 2260 misericordia.
3384 2206 3527 2264 Tan-

1929 2288 2087 2343 quam
2136 2275 2191 2327 in
2239 2292 2472 2347 corpore.
2519 2277 2771 2336 Forsitan
2809 2284 2923 2339 haec
2973 2288 3162 2344 eadem
3216 2295 3522 2362 patiemini.

1931 2361 2256 2420 Honorabile
2284 2369 2622 2424 connubium.
2670 2373 3072 2435 Matrimonium
3115 2361 3416 2454 legitimum
3445 2391 3516 2445 in

1932 2455 2160 2513 Domino
2189 2475 2313 2515 cum
2340 2464 2599 2532 pudicitia
2629 2465 2747 2522 ﬁat.
2799 2468 2869 2522 Et
2919 2473 3120 2531 (herus.
3159 2475 3374 2534 Lectus.
3409 2481 3523 2536 Im-

1933 2548 2252 2605 maculatus.
2287 2551 2417 2606 Sine
2445 2554 2825 2615 fornicatione.
2877 2559 3121 2619 Contenti
3153 2573 3520 2637 prementibus.

1934 2639 2006 2694 Ut
2036 2658 2048 2694 :
2075 2640 2257 2696 Nolite
2285 2646 2514 2715 cogitare
2545 2648 2610 2702 de
2646 2652 2896 2705 crastino.
2952 2651 3383 2726 Prwpositorum.
3425 2663 3527 2720 Do—

1933 2737 2143 2785 ctorum
2167 2741 2490 2788 vestrorum.
2520 2735 2676 2792 Iesus
2709 2737 2948 2796 Christus
2991 2744 3106 2798 heri
3152 2757 3200 2801 et
3228 2749 3402 2804 hodie.
3439 2753 3519 2809 Ac

1932 2820 1978 2875 si
2010 2821 2178 2887 dicat,
2214 2832 2341 2879 ante
2362 2827 2575 2894 seacula,
2607 2837 2663 2884 et
2706 2830 2760 2884 in
2803 2833 3019 2898 saecula,
3069 2844 3124 2890 et
3163 2848 3286 2908 post
3323 2846 3518 2899 saecula

1936 2927 2152 2984 semper
2170 2927 2475 2984 permanet,
2503 2928 2565 2973 ut
2583 2923 2847 2992 propheta
2876 2924 3009 2980 dicit
3035 2942 3049 2979 :
3077 2927 3154 2981 Tu
3185 2940 3358 2986 autem
3382 2934 3522 2990 idem

1933 3002 2042 3073 ipse
2063 3020 2139 3070 es,
2167 3013 2217 3059 et
2242 3007 2368 3060 anni
2391 3008 2470 3061 tui
2495 3025 2600 3062 non
2641 3012 2881 3082 deﬁcient
2933 3013 3107 3087 (Psal.
3142 3020 3237 3090 Cl).
3269 3021 3337 3076 Et
3379 3041 3528 3096 pere-

1937 3094 2120 3162 grinis.
2145 3095 2319 3151 Antea
2344 3113 2453 3152 non
2496 3101 2744 3157 audistis.
2775 3103 2998 3161 Abduci.
3029 3106 3074 3160 A
3116 3125 3244 3165 vera
3277 3094 3522 3171 doctrina

233 3192 566 3249 lassescatis.
598 3194 852 3266 Nondum
880 3197 1016 3250 enim
1043 3213 1205 3268 usque
1250 3197 1318 3251 ad
1345 3197 1652 3268 sanguinem
1686 3200 1833 3253 resti-

1939 3199 2197 3254 separart.
2228 3186 2399 3253 Quam
2421 3192 2571 3245 escis.
2606 3191 2808 3248 Hdstiis
2842 3196 3104 3268 legalibus
3132 3215 3225 3257 seu
3253 3209 3526 3272 perversis

233 3285 386 3339 tistis.
418 3284 538 3340 Hoc
565 3295 670 3351 est,
695 3288 933 3341 nondum
959 3289 1282 3358 sanguinem
1321 3296 1562 3343 vestrum
1597 3290 1651 3344 in
1689 3307 1834 3345 mar-

235 3377 373 3446 tyrio
395 3375 691 3432 eﬂddistis.
726 3377 838 3431 Fili
860 3379 949 3442 mi,
985 3379 1092 3432 noli
1122 3378 1395 3450 negligere.
1417 3378 1529 3434 lloc
1558 3395 1654 3449 per
1682 3381 1834 3437 Salo-

236 3485 452 3528 monem
481 3470 684 3524 dicitur
706 3468 889 3541 (Prov.
923 3469 1028 3543 tu).
1067 3469 1414 3540 Disciplinam
1448 3469 1682 3523 Domini.
1718 3471 1836 3525 Tri-

239 3559 596 3614 hulationem.
650 3559 815 3630 Cujus
881 3561 1158 3631 participes
1215 3561 1344 3630 facti
1402 3562 1544 3614 estis.
1616 3559 1838 3617 Scilicet

235 3650 453 3704 diaboli.
493 3649 680 3704 Omnis
717 3661 891 3704 autem
918 3651 1214 3722 disciplina.
1251 3650 1438 3706 Omnis
1475 3666 1505 3704 a
1551 3651 1662 3707 Deo
1691 3653 1835 3706 salu-

236 3739 470 3792 berrima
515 3740 811 3793 correctio.
859 3737 1114 3794 Fructum
1138 3742 1550 3811 pacatissimum.
1591 3741 1868 3806 Alterum,

239 3830 485 3885 videlicet
507 3831 795 3885 mercedis.
821 3830 1086 3886 Remissas
1125 3848 1337 3886 manus.
1382 3833 1574 3902 Pigras
1603 3833 1669 3886 ad
1698 3834 1836 3887 bene

239 3923 596 3991 operandam,
621 3931 786 3993 atque
814 3923 1044 3978 laxatus.
1078 3923 1146 3977 Et
1174 3924 1347 3978 soluta
1372 3942 1561 3994 genua.
1595 3925 1827 3995 PrOpter

240 4011 645 4068 confessionem
695 4012 982 4068 inﬁrmam.
1038 4013 1258 4083 Erigite.
1309 4011 1366 4066 ln
1425 4013 1624 4067 bonum
1675 4028 1831 4082 Opus.

241 4104 463 4163 Crassus
493 4117 683 4162 rectos.
722 4105 898 4178 Opera
947 4114 1114 4162 recta.
1151 4087 1382 4160 Pedibus
1411 4107 1613 4160 vestris.
1651 4099 1836 4160 Sensi-

243 4199 361 4254 bus.
403 4197 468 4252 Ut
499 4217 607 4254 non
632 4198 938 4252 claudicans
959 4199 1075 4268 quis
1097 4205 1251 4251 erret.
1278 4197 1426 4252 Inter
1449 4197 1619 4251 Deum
1647 4204 1701 4251 et
1721 4196 1836 4251 ido-

242 4288 373 4353 lum,
402 4299 465 4342 ut
491 4288 790 4358 aliquando
834 4287 1024 4354 Deum,
1057 4287 1346 4358 aliquando
1393 4287 1594 4342 idolum
1624 4288 1832 4354 adoret,

241 4381 398 4436 sicuti
450 4381 545 4450 qui
593 4379 908 4434 claudicatis
948 4380 1001 4432 in
1049 4394 1136 4433 me
1167 4387 1220 4433 et
1258 4378 1408 4432 Baal.
1459 4378 1640 4449 Neque
1681 4380 1836 4433 radix

247 4472 648 4525 amaritudinis.
679 4469 923 4541 Alicujus
957 4471 1184 4541 peccati.
1240 4469 1465 4528 Sursum
1512 4473 1828 4541 germinans.

245 4561 297 4615 Id
323 4571 429 4627 est,
463 4563 517 4616 in
549 4561 862 4630 superbiam
903 4577 1172 4617 crescens.
1225 4561 1309 4615 Ne
1361 4563 1480 4632 quis
1521 4561 1828 4631 fornicator.

248 4653 382 4708 Esau
435 4655 582 4708 enim
633 4653 930 4709 fornicator
980 4653 1129 4709 fuit:
1169 4671 1295 4709 nam
1333 4663 1521 4709 contra
1565 4665 1832 4726 prmeepta

248 4748 413 4814 patris
440 4747 507 4801 de
536 4746 874 4816 alienigenis,
906 4747 958 4800 id
989 4756 1075 4801 est
1101 4747 1168 4802 de
1196 4747 1506 4802 inﬁdelibus
1533 4747 1670 4802 Heth
1702 4762 1834 4801 uxo-

247 4849 357 4890 rem
387 4837 622 4906 accepit,
652 4845 706 4891 et
731 4837 851 4907 jura
884 4838 1230 4908 primogeniti
1277 4853 1444 4894 causa
1470 4839 1606 4909 gulae
1648 4839 1832 4892 vendi-

244 4924 342 4978 dit.
372 4924 478 4990 Qui
497 4937 711 4996 propter
734 4944 895 4982 unam
944 4945 1134 4982 escam.
1184 4928 1539 4991 Lenticulam,
1589 4930 1831 4984 vendidit

247 5019 513 5089 primitias
542 5036 691 5078 suas.
721 5020 814 5077 llle
836 5033 1016 5076 autem
1040 5031 1263 5092 propter
1291 5037 1454 5075 unam
1479 5036 1665 5091 escam
1706 5036 1832 5075 ven-

249 5110 324 5163 dit
351 5112 653 5180 primitiva,
685 5113 778 5181 qui
809 5113 1004 5168 anima:
1047 5128 1158 5167 sua:
1198 5113 1432 5167 virtutes
1479 5111 1834 5168 fornicatione

245 5200 442 5268 perdit.
473 5199 614 5255 Nam
640 5202 781 5257 sicut
807 5185 904 5272 per
930 5217 1095 5256 unam
1117 5217 1297 5257 escam
1325 5203 1484 5258 unius
1506 5203 1612 5257 diei
1627 5202 1836 5257 esuries

249 5288 514 5356 reﬁcitur,
543 5293 624 5348 sic
650 5301 708 5348 et
744 5309 841 5364 per
888 5293 1301 5348 fornicationem
1339 5293 1500 5349 unius
1535 5294 1685 5348 hora:
1718 5291 1840 5348 reﬁ-

249 5379 392 5433 citur
419 5380 773 5437 desiderium.
822 5383 976 5440 Unde
1028 5392 1082 5440 et
1111 5383 1365 5466 Salomon
1395 5385 1628 5455 pretium
1672 5383 1838 5440 scorti

251 5472 376 5541 pani
403 5476 758 5546 comparavit.
792 5474 917 5530 Non
940 5477 1077 5530 enim
1098 5477 1288 5531 invenit
1311 5476 1481 5531 locum
1501 5475 1831 5548 pmnitentia'.

255 5565 418 5621 Recte
463 5569 843 5638 pmnitentiam
890 5585 997 5625 non
1051 5569 1374 5626 invenerunt
1421 5569 1670 5640 laerymte
1715 5583 1834 5637 qua:

253 5669 413 5711 causa
441 5659 712 5730 superbit:
759 5669 816 5716 et
853 5660 1072 5716 invidiae
1121 5661 1292 5718 fuere.
1346 5659 1469 5716 Non
1495 5659 1632 5714 enim
1662 5675 1832 5714 acces-

1858 4517 1909 4575 D

1937 3275 2218 3333 doctrinis.
2275 3277 2562 3335 Habemus.
2620 3282 2728 3339 Nos
2778 3284 2983 3341 ﬁdeles.
3051 3289 3253 3346 Altare.
3321 3293 3528 3353 Praeter

1937 3365 2110 3420 altare
2137 3366 2470 3429 Iudaeorum.
2497 3370 2639 3426 unde
2668 3388 2865 3444 corpus
2886 3384 2943 3429 et
2972 3381 3288 3448 sanguinem
3320 3383 3524 3440 Christi

1935 3459 2341 3529 participamus.
2398 3461 2502 3527 Qui
2556 3464 2894 3520 tabernaculo
2940 3467 3257 3524 deserviunt.
3307 3472 3523 3529 Veteris

1937 3550 2187 3604 videlicet
2220 3551 2372 3621 legis.
2397 3552 2666 3607 Exeamus
2689 3556 2865 3626 itaque
2890 3557 2960 3609 ad
3001 3575 3123 3611 eum
3152 3571 3300 3615 extra
3321 3575 3520 3621 castra.

1939 3645 2307 3714 Despicientes
2327 3647 2637 3714 przesentia,
2671 3656 2728 3701 et
2749 3656 2994 3702 amantes
3021 3648 3220 3706 futura.
3250 3651 3523 3726 [inprope-

1939 3736 2074 3788 rium
2099 3736 2230 3806 ejus.
2256 3735 2484 3791 Crucem
2517 3746 2572 3790 et
2598 3740 2878 3807 passiones
2901 3741 3102 3796 varias.
3137 3742 3381 3798 Hostiam
3402 3746 3522 3801 lau-

1935 3827 2036 3880 dis.
2089 3827 2202 3880 Ut:
2249 3826 2474 3880 Immola
2518 3827 2622 3880 Deo
2666 3829 2986 3897 sacrificium
3018 3831 3212 3888 laudis.
3261 3834 3522 3892 Fructum

1936 3917 2216 3970 (abiaram.
2251 3917 2414 3983 Quasi
2445 3917 2674 3972 vitulum
2707 3918 2817 3973 Deo
2840 3918 3148 3978 offerentes.
3187 3924 3256 3978 Et
3284 3941 3519 3981 commu-

1936 4007 2126 4060 nionis.
2157 4006 2471 4077 Largiendte
2491 4009 2866 4080 eleemosynaz.
2895 4007 3236 4068 Promeretur
3262 4015 3422 4070 Deus.
3454 4018 3521 4074 Ut

1935 4101 2216 4157 nobiscum
2267 4102 2338 4156 sit
2377 4101 2538 4155 Deus.
2594 4100 2761 4166 Quasi
2812 4103 3070 4158 rationem
3123 4105 3188 4160 de
3244 4109 3520 4163 animabus

1934 4196 2118 4249 vestris
2149 4194 2426 4248 reddituri.
2455 4193 2562 4249 Ut:
2598 4193 2837 4260 Quorum
2871 4197 3101 4251 animam
3139 4208 3188 4252 et
3213 4203 3518 4272 sanguinem

1935 4288 2000 4342 de
2029 4305 2188 4342 manu
2219 4296 2388 4341 vestra
2415 4287 2699 4356 requiram,
2727 4287 2853 4340 dicit
2877 4287 3135 4343 Dominus
3165 4291 3384 4360 (Ezech.
3410 4304 3515 4366 tu).

1933 4382 2077 4436 Deus
2108 4390 2280 4435 autem
2325 4381 2489 4449 pacis.
2532 4379 2641 4433 Deo
2664 4379 2769 4434 hoc
2789 4379 3116 4451 adiungitur,
3161 4385 3284 4450 quia
3316 4385 3521 4454 aliquid

1933 4473 2290 4529 dissensionis
2338 4471 2658 4526 habuerunt.
2721 4471 2988 4526 Pastores.
3056 4471 3128 4529 Ut
3172 4491 3186 4527 :
3233 4473 3347 4544 Ego
3401 4495 3518 4530 sum

1935 4574 2116 4635 pastor
2141 4565 2304 4618 bonus
2327 4562 2508 4632 (Joan.
2537 4561 2616 4633 x).
2648 4560 2962 4617 Testamenti
3006 4566 3208 4618 ceterni.
3235 4563 3352 4620 Non
3374 4567 3518 4620 enim

1936 4666 2199 4712 aeternum
2221 4663 2340 4712 erat
2368 4656 2536 4710 Vetus
2561 4655 2990 4710 Testamentum.
3016 4657 3168 4728 Aptet
3193 4673 3283 4711 vos
3306 4658 3359 4710 in
3376 4661 3518 4711 omni

1937 4749 2090 4801 bono.
2113 4746 2302 4801 Faciat
2322 4760 2418 4801 vos
2445 4753 2598 4815 aptos
2623 4761 2741 4801 esse
2767 4746 2820 4799 in
2853 4747 2999 4802 omni
3021 4747 3184 4802 bono.
3211 4744 3438 4801 Faciens
3462 4749 3517 4801 in
3566 4801 3572 4807 ,

1935 4840 2098 4904 vobis,
2124 4839 2263 4910 quod
2290 4837 2494 4909 placeat
2525 4854 2703 4892 coram
2732 4855 2805 4892 se.
2837 4838 2907 4894 Ut
2937 4854 2952 4892 :
2983 4837 3108 4892 Non
3149 4838 3388 4903 volentis,
3423 4857 3514 4894 ne-

1934 4947 2031 5002 que
2053 4929 2329 4992 currentis,
2357 4928 2448 4981 sed
2469 4928 2760 4982 miserentis
2789 4927 2888 4982 Dei
2916 4937 3009 4981 est.
3043 4925 3108 4981 Ut
3131 4928 3413 4997 sufferatis.
3447 4927 3518 4984 Ut

1933 5019 2089 5073 avida
2120 5025 2300 5072 mente
2323 5017 2652 5088 suscipiatis.
2687 5015 2910 5071 Verbum
2937 5016 3131 5070 solatii.
3155 5015 3212 5070 ld
3232 5023 3334 5082 est,
3355 5026 3516 5072 recte

1933 5111 2356 5182 przedicationis,
2391 5110 2532 5179 quod
2568 5109 2818 5163 solatium
2857 5108 3052 5162 vestris
3072 5108 3357 5164 animabus
3377 5125 3516 5180 prte-

1937 5212 2066 5260 stat.
2093 5201 2418 5271 Cognoscite.
2466 5201 2544 5256 llli
2593 5216 2690 5257 vos
2734 5199 3159 5256 benefacientes.
3197 5201 3512 5259 Demissum.

1939 5297 1983 5351 Α
2013 5313 2100 5352 me
2121 5297 2188 5351 ad
2211 5311 2309 5352 vos
2333 5297 2576 5349 missum.
2636 5291 2826 5347 Videbo
2872 5311 2980 5348 vos.
3009 5293 3065 5349 ld
3091 5303 3196 5364 est,
3225 5311 3518 5353 conversa-

1940 5390 2142 5445 tionem
2170 5395 2403 5442 vestram
2427 5400 2526 5453 per
2553 5385 2731 5454 ipsum
2776 5384 3100 5459 intelligens.
3135 5383 3381 5442 Salutant
3427 5405 3516 5443 vos

1941 5479 2005 5534 de
2033 5476 2216 5532 Italia.
2240 5475 2337 5530 llic
2357 5474 2639 5531 evidenter
2663 5475 2986 5543 ostenditur,
3001 5477 3142 5546 quod
3158 5477 3298 5533 hanc
3313 5477 3513 5548 episto-

1939 5573 2045 5628 lam
2074 5571 2257 5626 Romte
2285 5567 2587 5636 scripserit.

3371 5679 3396 5692 κ
