3982 6198
422 360 519 417 271

1804 356 2071 411 SEDULII
2109 356 2303 412 SCOTI

3562 352 3673 407 272

427 492 3674 521 Μ

1516 612 2070 728 SEDULlI
2162 608 2577 726 SCOTI

598 831 1376 899 EXPLANATIUNCULA
1419 834 1528 893 DE
1568 830 2179 894 BBEVIARIOBUM
2222 832 2325 891 ET
2367 829 2939 893 CAPITULORUM
2989 826 3542 901 CANONUMQUE

1758 930 2323 992 DIFFERENTIA.

534 1096 563 1111 -
1532 1069 1690 1135 (MaL,
1712 1070 1888 1134 Script.
1910 1070 2106 1123 Collect.
2135 1084 2274 1136 nova,
2296 1081 2413 1123 tom.
2442 1072 2553 1138 ιχ.)

1072 1271 1376 1329 INCIPIT

563 1406 993 1467 BREVIARIUM
1031 1385 1405 1463 SECUNDUM
1440 1403 1877 1461 MATTHIEUM.

499 1542 764 1599 Nativitas
791 1540 1013 1597 Christi.
1057 1538 1199 1610 Magi
1245 1552 1368 1594 cum
1406 1538 1724 1592 muneribus
1766 1538 2007 1604 veniunt,

428 1643 486 1690 et
512 1634 737 1704 reliqua.
769 1630 1199 1703 Perquirendum
1245 1636 1328 1684 est
1356 1629 1485 1698 quid
1514 1628 1656 1682 inter
1681 1628 2013 1683 breviarium

431 1734 485 1782 et
513 1724 808 1797 capitulum
834 1732 994 1792 atque
1023 1737 1288 1780 canonem
1329 1722 1514 1778 distet.
1566 1721 1663 1777 llis
1687 1723 1886 1777 etenim
1919 1723 2015 1777 tri-

430 1817 554 1884 bus,
588 1815 742 1886 quasi
786 1814 1113 1884 quibusdam
1164 1813 1427 1878 clavibus,
1475 1822 1672 1868 cuncta
1719 1813 2013 1884 evangelici

430 1907 722 1963 voluminis
745 1921 948 1961 arcana
976 1913 1311 1962 reserantur.
1349 1903 1483 1959 Nam
1533 1905 1766 1961 sublatis
1804 1905 2016 1961 brevia-

436 1999 554 2065 riis,
585 1997 836 2068 capitulis
863 2004 917 2052 et
942 1996 1263 2064 canonibus,
1293 1998 1475 2053 omnia
1505 1998 1730 2054 confusa
1758 2008 1917 2055 erunt
1953 1996 2018 2055 ‘et

435 2089 711 2159 ambigua,
744 2096 800 2143 et
842 2102 961 2158 qua:
1001 2094 1131 2142 sunt
1155 2087 1369 2154 eadem,
1417 2088 1503 2142 vel
1538 2090 1737 2156 vicina,
1768 2090 1851 2145 vel
1881 2090 2016 2156 sola,

434 2190 493 2237 ct
541 2182 636 2252 qui
677 2196 762 2236 γει
789 2188 922 2251 quot
947 2180 1292 2250 evangelista!
1333 2180 1389 2234 in
1419 2180 1751 2250 quibuslibet
1805 2190 2021 2237 senten-

433 2274 527 2329 tiis
561 2272 879 2338 consonent,
910 2280 1004 2327 aut
1034 2272 1100 2327 de
1130 2272 1328 2341 quibus
1372 2272 1535 2328 rebus
1564 2273 1890 2339 edisserant,
1918 2273 2021 2329 hoc

433 2371 606 2419 totum
628 2363 750 2418 sine
773 2362 1047 2433 przedictis
1077 2361 1320 2418 clavibus
1356 2361 1721 2433 amphibolum
1752 2363 1877 2418 erit.
1912 2363 2019 2418 ita-

434 2471 539 2527 que
572 2456 690 2511 haec
712 2454 815 2510 tria
841 2455 1077 2525 propriis
1103 2453 1427 2510 dill'erentiis
1457 2454 1526 2510 ab
1551 2454 1780 2511 invicem
1812 2455 2020 2511 discer-

437 2562 653 2602 namus.
683 2546 1019 2602 Breviarium
1048 2554 1132 2602 est
1176 2562 1358 2602 rerum
1384 2547 1439 2602 in
1461 2556 1718 2602 contextu
1744 2547 2023 2618 Evangelii

2032 1278 2084 1338 Α
2108 1272 2377 1327 breviario
2428 1273 2524 1343 qui
2573 1274 2658 1329 vel
2705 1283 2841 1345 quot
2881 1274 3494 1345 evangelista-quolibet
3521 1292 3691 1333 sensu

2110 1362 2415 1427 ediderunt,
2440 1378 2617 1434 neque
2643 1365 3000 1435 capitulorum
3030 1379 3289 1421 numerus
3314 1368 3647 1436 perquiritur
3673 1389 3686 1423 :

2111 1453 2348 1523 alioquin
2375 1457 2646 1525 quomodo
2673 1458 2950 1513 contextui
2997 1456 3329 1528 evangelico,
3368 1457 3447 1512 sic
3474 1466 3528 1512 et
3568 1461 3693 1514 bre-

2112 1546 2304 1611 viario,
2353 1555 2581 1619 uterque
2625 1564 2883 1603 numerus
2923 1565 3193 1604 canonum
3237 1558 3294 1605 et
3333 1550 3692 1620 capitulon

2113 1636 2562 1704 superscribendo
2591 1647 2972 1708 apponeretur.
3023 1638 3175 1706 Quod
3199 1640 3323 1708 quia
3354 1655 3463 1694 non
3491 1641 3692 1711 agitur,

2115 1723 2461 1779 manifestum
2499 1726 2755 1795 estquod
2814 1725 2944 1780 illud
2979 1725 3033 1780 in
3064 1726 3332 1781 breviario
3367 1728 3583 1798 proprie
3613 1731 3698 1809 di:

2115 1814 2302 1879 scitur,
2332 1822 2393 1869 ut
2420 1831 2540 1884 qua:
2567 1816 2621 1870 in
2649 1815 2960 1886 evangelica
3006 1823 3157 1871 textu
3184 1815 3413 1871 diversis
3446 1817 3698 1887 capitulis

2115 1911 2171 1959 et
2198 1905 2495 1961 canonibus
2520 1906 2802 1977 multiplici
2826 1907 3138 1961 narratione
3158 1915 3517 1977 exponuntur,
3552 1925 3618 1963 ea
3642 1910 3699 1964 in

2114 1995 2409 2062 breviario,
2443 1997 2599 2066 quasi
2636 1997 2869 2067 quodam
2907 1996 3131 2069 pugillo,
3194 1997 3345 2053 brevi
3395 2000 3701 2057 assertione

2118 2085 2576 2144 demonstrentur.

2190 2176 2321 2231 Illud
2356 2193 2570 2249 quoque
2621 2180 2919 2236 notandum
2975 2182 3117 2251 quod
3170 2182 3314 2238 sicut
3367 2179 3703 2239 breviarium

2120 2268 2237 2324 sine
2262 2284 2470 2326 canone
2491 2279 2545 2326 et
2572 2271 2824 2341 capitulis
2858 2273 3129 2338 consistit,
3150 2274 3230 2328 sic
3251 2282 3307 2328 et
3331 2275 3564 2343 capitula
3582 2276 3703 2331 sine

2118 2355 2389 2414 breviario
2431 2373 2572 2428 saepe
2612 2360 2787 2428 posita
2834 2360 3196 2429 reperiuntur.
3227 2360 3359 2415 Nam
3390 2361 3444 2416 in
3474 2363 3705 2417 exordio

2121 2446 2395 2520 Evangelii
2441 2450 2738 2505 secundum
2764 2449 3093 2519 Mattbteum,
3122 2451 3179 2507 in
3211 2467 3318 2522 quo
3344 2459 3426 2507 ter
3452 2469 3564 2519 xiv,
3597 2454 3706 2511 hoc

2120 2544 2205 2593 est
2249 2554 2358 2593 χιιι
2415 2541 2792 2610 generationes
2844 2540 3249 2608 describuntur,
3300 2542 3405 2598 duo
3470 2543 3706 2614 capitula

435 2647 779 2695 narratarnm
803 2639 1184 2710 compendiosa
1203 2647 1259 2694 et
1279 2639 1459 2696 brevis
1479 2640 1765 2710 expositio.
1786 2638 1937 2696 Unde
1965 2649 2021 2695 et
2046 2627 2095 2688 Β
2122 2628 2334 2698 duoque
2363 2644 2613 2693 canones:
2644 2631 2838 2687 ιθνιίυε
2860 2631 3111 2686 Videlicet
3137 2648 3203 2687 ac
3239 2633 3481 2701 (160311105
3504 2649 3705 2700 0300".

434 2731 769 2788 breviarium
813 2732 995 2787 brevis
1044 2745 1209 2786 causa
1255 2731 1583 2795 nominatur,
1617 2746 1682 2785 eo
1734 2731 1878 2801 quod
1921 2745 2020 2800 per

436 2824 544 2879 hoc
569 2832 719 2880 totus
749 2822 1162 2895 Evangeliorum
1195 2831 1376 2878 textus
1400 2823 1640 2878 breviter
1664 2822 2019 2892 comprehen-

438 2915 608 2971 ditur.
632 2911 940 2983 Capitulum
991 2920 1075 2969 est
1100 2912 1354 2983 quaelibet
1383 2911 1438 2967 in
1473 2911 1779 2983 Evangeliis
1807 2921 2023 2968 semen-

437 3006 512 3061 tia
538 3019 634 3061 seu
662 3005 924 3061 narratio.
953 3003 1138 3059 Canon
1176 3011 1261 3060 est
1284 3003 1496 3070 titulus,
1522 3019 1630 3073 quo
1673 3004 2021 3073 cognoscitur

438 3095 729 3154 concordia
760 3095 1235 3167 evangelistarum,
1276 3094 1331 3149 id
1359 3103 1445 3149 est
1487 3094 1633 3165 quis,
1662 3096 1746 3149 vel
1792 3094 1907 3164 qui,
1935 3094 2019 3148 vel

444 3195 577 3257 quot
625 3187 970 3260 evangelista:
1023 3186 1443 3257 unumquodque
1493 3185 1787 3257 capitulum
1835 3186 2022 3242 edide-

440 3286 587 3334 runt.
618 3276 700 3334 0b
727 3278 1063 3334 necessarias
1091 3278 1276 3347 itaque
1303 3291 1499 3332 causas
1529 3276 1644 3331 bare
1668 3277 1772 3330 tria
1810 3284 2022 3347 reperta

442 3378 588 3427 sunt.
613 3368 748 3425 Nam
777 3370 1109 3426 breviarium
1158 3369 1228 3424 ob
1251 3371 1356 3424 hoc
1380 3376 1655 3439 repertum
1703 3375 1809 3434 est,
1833 3375 2024 3437 quate-

441 3475 548 3516 nus
592 3460 723 3530 ipsa:
748 3474 1005 3531 res-quae
1055 3458 1365 3529 evangelica
1399 3456 1669 3512 volumine
1709 3464 2019 3523 narrantur,

442 3553 547 3610 hoc
590 3553 829 3608 breviter
871 3551 1154 3623 praemisso
1204 3558 1260 3607 et
1304 3549 1646 3607 considerato
1679 3550 2019 3619 compendio,

438 3643 601 3700 citius
628 3651 687 3699 et
722 3642 964 3709 lucidius
1010 3651 1314 3714 patescant,
1346 3651 1408 3698 ut
1428 3640 1572 3712 quod
1623 3642 1680 3697 in
1734 3641 2024 3712 Evangelia

438 3735 668 3805 quisque
686 3733 929 3791 invenire
956 3733 1250 3799 desiderat,
1277 3733 1674 3790 breviariorum
1710 3731 2019 3789 considera-

440 3825 590 3880 tione
622 3837 749 3879 cum
799 3839 1011 3880 summa
1056 3822 1317 3879 facilitate
1369 3823 1624 3893 reperiat.
1651 3821 1901 3878 Canones
1953 3819 2025 3876 ob

442 3915 585 3971 banc
612 3929 834 3972 causam
855 3916 1060 3986 reperti
1085 3924 1142 3971 et
1161 3916 1340 3972 vocati
1365 3924 1512 3982 sunt,
1542 3923 1810 3986 quatenus
1833 3928 2024 3969 eorum

439 4004 808 4070 distinctione,
843 3980 1135 4059 concordia
1169 3980 1645 4074 evangelistaru-m,
1701 4002 1755 4058 id
1798 4010 1884 4058 est
1930 4002 2021 4070 qui
2050 3980 2094 4043 (ἶ

440 4102 498 4148 et
537 4100 672 4162 quot
704 4090 1050 4159 evangelista:
1097 4093 1287 4147 eadem
1334 4092 1421 4145 vel
1470 4093 1648 4148 vicina
1687 4091 1768 4147 vel
1804 4089 1919 4146 sola
1968 4090 2025 4144 in

440 4180 749 4251 Evangeliis
794 4178 1032 4250 capitula
1083 4177 1355 4246 dixerunt,
1391 4188 1734 4251 agnoscatur.
1778 4178 2024 4248 Capitula

441 4269 515 4324 ob
543 4268 648 4324 hoc
672 4269 896 4325 inventa
923 4277 980 4326 et
1021 4277 1210 4326 notata
1238 4278 1383 4337 sunt,
1413 4279 1472 4324 ut
1492 4286 1590 4341 per
1632 4270 1750 4326 bazc
1777 4270 2030 4340 quaelibet

443 4359 713 4415 sententia
740 4359 826 4416 vel
855 4362 1100 4417 narratio
1120 4361 1177 4416 in
1202 4361 1439 4431 quolibet
1456 4361 1746 4433 Evangelio
1768 4346 2027 4434 agnosca-

446 4456 555 4504 tur.
581 4447 883 4505 Notandum
933 4465 1147 4521 quoque
1176 4451 1322 4522 quod
1350 4466 1451 4507 nec
1476 4450 1770 4523 capitulum
1798 4451 1914 4507 sine
1938 4467 2027 4507 ca-

444 4551 607 4605 none,
644 4552 747 4592 nec
766 4552 940 4595 canon
965 4539 1084 4595 sine
1114 4539 1369 4611 capitulo,
1402 4553 1501 4611 per
1538 4546 1709 4595 totum
1750 4540 2029 4611 Evangelii

444 4635 759 4686 contextum
784 4644 906 4685 esse
932 4638 1184 4701 possunt,
1214 4629 1341 4702 quia
1377 4630 1492 4685 baac
1521 4630 1625 4687 duo
1668 4630 1770 4685 sibi
1801 4629 2029 4684 invicem

449 4718 885 4791 inseparabiliter
910 4733 1155 4777 connexa
1194 4729 1337 4777 sunt.
1384 4720 1536 4777 Licet
1563 4721 1707 4777 enim
1761 4719 1876 4775 ﬁeri
1908 4736 2031 4791 pos-

440 4812 517 4887 sit
546 4818 606 4866 ut
632 4824 701 4866 ex
728 4809 1056 4883 negligentia
1083 4811 1435 4881 scriptorum,
1481 4812 1707 4882 quodvis
1736 4810 2031 4880 capitulum

447 4916 736 4957 numerum
765 4901 847 4957 sui
880 4902 1103 4959 canonis
1132 4918 1241 4958 non
1269 4894 1467 4957 habeat
1489 4902 1872 4971 subscriptum,
1900 4917 2027 4956 vere

447 5001 632 5047 tamen
654 4990 836 5065 aliquo
865 5008 1073 5050 canone
1098 5008 1290 5050 carere
1326 5009 1434 5049 non
1471 4994 1689 5064 poterit.
1719 4994 1788 5046 At
1819 4992 2029 5048 brevia-

448 5082 591 5137 rium
611 5081 729 5140 sine
752 5098 957 5140 canone
982 5082 1068 5140 vel
1098 5083 1347 5155 capitulis
1382 5084 1722 5154 subscriptis,
1752 5082 1878 5138 licet
1922 5097 2030 5137 non

448 5174 651 5244 absque
697 5174 1058 5247 capitulorum
1086 5190 1269 5245 sensu,
1323 5175 1590 5232 consistit.
1641 5172 1761 5229 Non
1800 5172 1945 5231 enim
1972 5173 2028 5226 in

2121 2717 2325 2788 absque
2358 2718 2630 2775 breviario
2656 2719 3021 2775 includuntur.
3052 2720 3110 2776 Si
3140 2721 3357 2791 quidem
3388 2724 3443 2777 in
3468 2738 3532 2778 eo
3557 2726 3706 2793 quod

2120 2809 2485 2878 subsequitur,
2523 2810 2719 2865 Christi
2747 2821 2921 2865 autem
2961 2814 3227 2882 generatio
3266 2814 3341 2867 sic
3371 2823 3505 2879 erat,
3533 2823 3587 2868 et
3617 2830 3707 2870 re-

2121 2903 2284 2975 liqua,
2315 2906 2526 2960 initium
2558 2907 2812 2961 breviarii
2843 2907 3143 2961 exorditur.
3184 2904 3317 2961 Nam
3346 2908 3419 2961 ibi
3447 2909 3709 2963 nativitas

2121 2994 2332 3052 Domini
2366 2997 2672 3068 exponitur.
2695 2996 2807 3051 Cur
2850 3007 3031 3052 autem
3074 3014 3180 3053 non
3208 3013 3238 3051 a
3262 2998 3529 3069 principio
3553 3016 3620 3053 x1.
3642 3007 3703 3054 et

2121 3086 2348 3143 duarum
2399 3089 2807 3159 generationum
2836 3089 3164 3144 breviarium
3204 3088 3474 3161 Evangelii
3513 3106 3708 3145 secun-

2121 3177 2249 3233 dum
2272 3177 2581 3234 Mattbaaum
2605 3186 2785 3234 sumat
2806 3180 3106 3246 exordium,
3140 3179 3564 3251 investigandum
3597 3189 3704 3236 est.

2119 3266 2342 3324 Poterat
2389 3269 2535 3323 cnim
2588 3269 2698 3324 tale
2726 3270 3077 3336 Lreviarium,
3110 3269 3253 3323 nulla
3300 3272 3593 3327 obsistente
3619 3288 3709 3327 ra-

2123 3362 2292 3428 tione,
2322 3362 2404 3417 sic
2458 3370 2732 3429 constare,
2770 3379 2837 3417 xx.
2873 3363 3098 3417 duarum
3136 3363 3543 3433 generationum
3572 3380 3712 3419 enu-

2121 3455 2370 3522 meratio,
2395 3456 2653 3510 nativitas
2704 3454 2930 3520 Christi,
2957 3464 3013 3509 et
3061 3455 3268 3526 reliqua
3303 3473 3317 3509 :
3352 3456 3445 3511 sed
3489 3465 3713 3526 propter

2123 3546 2424 3602 nativitatis
2461 3546 2756 3601 Dominicaa
2784 3546 3186 3614 excellentiam,
3211 3548 3279 3602 ab
3316 3548 3524 3615 ultima,
3546 3547 3599 3602 id
3623 3557 3714 3603 est

2122 3640 2534 3711 quadragesima
2581 3642 2818 3696 secunda
2872 3642 3244 3712 generatione,
3284 3658 3380 3698 seu
3428 3643 3715 3699 nativitate

2125 3730 2444 3804 Salvatoris,
2475 3732 2755 3789 exordium
2805 3733 3057 3789 breviarii
3081 3733 3332 3805 sumpsit.
3361 3732 3471 3790 Nec
3508 3734 3715 3788 mirum

2124 3826 2171 3882 si
2203 3826 2257 3881 in
2297 3826 2589 3893 breviario,
2618 3825 2777 3881 sicuti
2807 3825 3052 3895 quatdam
3083 3826 3138 3880 in
3168 3825 3323 3881 brevi
3365 3824 3713 3897 colliguntur,

2125 3918 2202 3973 ita
2220 3918 2475 3973 nonnulla
2497 3933 2663 3973 causa
2688 3918 2970 3972 brevitatis
2994 3917 3339 3984 omittuntur,
3360 3934 3482 3974 cum
3504 3926 3719 3972 utrum-

2128 4024 2235 4077 que
2266 4008 2524 4064 breviarii
2553 4007 2624 4062 sit
2643 4007 2919 4077 proprium
2947 4006 3219 4075 :alioquin
3242 4006 3572 4062 breviarium
3602 4022 3716 4061 non

2128 4099 2232 4153 erit
2266 4099 2618 4153 breviarium.
2646 4096 2950 4153 Notandum
2975 4112 3187 4167 quoque
3212 4097 3266 4151 in
3297 4098 3509 4153 czeteris
3546 4114 3719 4154 evan-

2130 4188 2360 4259 gelistis,
2389 4188 2532 4258 quod
2560 4189 2744 4255 in‘his
2788 4186 3032 4258 quaedam
3076 4185 3313 4257 capitula
3364 4196 3419 4243 et
3474 4204 3722 4245 canones

2128 4286 2256 4333 ante
2278 4277 2489 4332 initium
2510 4278 2766 4334 breviarii
2790 4278 2966 4349 posita
2996 4277 3360 4347 reperiuntur,
3377 4287 3438 4332 ut
3466 4280 3520 4333 in
3552 4295 3721 4334 exor-

2128 4367 2233 4423 diis
2277 4367 2690 4439 Evangeliorum
2745 4369 2933 4435 Marci,
2985 4368 3142 4424 Lucae
3195 4376 3252 4424 et
3300 4368 3549 4437 Joannis,
3590 4380 3723 4442 post

2130 4459 2377 4530 quendam
2418 4460 2651 4530 capitula
2680 4460 2766 4514 vel
2818 4475 3077 4526 canones,
3128 4458 3281 4515 initia
3322 4460 3723 4517 breviariorum

2134 4548 2508 4605 exordiuntur.
2538 4548 2671 4603 lllnd
2696 4564 2911 4618 quoque
2958 4550 3238 4605 sciendum
3275 4556 3360 4604 cst
3400 4544 3542 4619 quod
3589 4564 3720 4604 cum

2136 4653 2369 4693 canones
2385 4646 2438 4693 et
2458 4638 2717 4708 capitula,
2735 4637 3023 4709 aliquando
3049 4639 3103 4692 in
3124 4639 3412 4710 principio,
3426 4638 3723 4708 aliquando

2136 4729 2192 4784 in
2215 4729 2413 4794 medio,
2447 4744 2837 4800 nonnunquam
2861 4728 3025 4785 etiam
3048 4744 3215 4799 prope
3245 4729 3407 4784 ﬁnem
3431 4727 3726 4797 cujuslibet

2137 4836 2329 4879 sensus
2356 4822 2694 4885 adnotentur,
2722 4820 2994 4876 breviaria
3043 4819 3263 4874 nonnisi
3302 4819 3356 4873 in
3392 4818 3726 4889 primordia-

2134 4914 2277 4969 libus
2329 4927 2584 4968 sensuum
2633 4911 2765 4965 locis
2811 4910 3187 4965 cxordiuntur.
3227 4908 3383 4965 Unde
3426 4907 3608 4963 evenit
3661 4916 3728 4961 ut

2135 5003 2250 5072 ipsa
2279 5000 2549 5056 breviaria
2578 5015 2719 5070 saepe
2747 5000 2801 5053 in
2848 4999 3131 5070 principio,
3172 4995 3461 5066 aliquando
3510 4995 3565 5049 in
3605 5010 3727 5049 tne-

2138 5093 2247 5158 dio,
2281 5098 2670 5163 nonnunquam
2717 5090 2884 5144 etiam
2932 5082 3293 5159 prope'ﬁnem
3340 5084 3729 5157 capitulorum,

2137 5188 2231 5243 scd
2261 5196 2440 5240 tamen
2476 5185 2527 5239 in
2556 5182 2823 5255 principio
2856 5194 3134 5241 sensuum,
3163 5179 3387 5237 erdrtﬁa
3413 5184 3646 5234 sumant.
