3982 6198
1078 363 1443 422 EXPOSITIO
1475 365 1547 422 ΙΝ
1583 365 2074 429 ARGUMENTUM
2113 319 2367 431 EVhNG.
2410 374 2774 434 MATTHIEL

3436 385 3539 443 27‘

292 507 3538 544 WWW

1104 613 1824 696 ARGUMENTUM
1888 617 1999 697 IN
2049 620 2657 700 MATTH/EUM
2690 625 2745 699 ³.

1760 760 1919 830 (ttat,
1942 771 2058 820 ibid.
2068 772 2084 833 )

350 946 639 1003 Mattbzeus
670 947 813 1003 sicut
834 948 886 1002 in
911 947 1100 1004 ordine
1126 950 1332 1019 primus
1357 953 1593 1023 ponitur,
1622 954 1865 1027 Evange—
1893 961 1940 1019 Α
1968 955 2217 1012 Christus
2238 965 2341 1023 est,
2388 958 2479 1028 qui
2511 958 2682 1015 factus
2728 971 2815 1016 est
2853 977 2920 1017 ex
2969 964 3215 1030 muliere,
3243 966 3417 1024 factus
3442 972 3542 1028 sub

277 1040 409 1093 lium
464 1037 523 1092 in
572 1035 758 1093 ludam
803 1039 1012 1108 primus
1048 1040 1307 1109 scripsit:
1341 1039 1493 1111 dbjus
1540 1046 1752 1100 vocatio
1796 1047 1862 1100 ad

279 1129 449 1183 Deum
472 1142 543 1183 ex
574 1126 876 1197 publicanis
899 1129 1109 1184 actibus
1137 1128 1255 1184 fuit.
1295 1130 1532 1185 Duorum
1562 1142 1777 1201 patrum
1809 1135 1862 1188 in

276 1218 633 1289 generatione
677 1216 881 1275 Christi
931 1219 1197 1290 principia
1252 1236 1584 1291 praesumens
1624 1242 1637 1277 :
1678 1226 1861 1291 unius,

274 1307 432 1376 cujus
480 1307 657 1377 prima
703 1307 1048 1363 circumcisio
1078 1309 1295 1376 carnis;
1327 1310 1569 1378 alterius,
1600 1314 1756 1384 cujus
1781 1329 1865 1369 se-

272 1399 519 1454 cundum
549 1415 646 1454 cor
689 1398 884 1455 electio
940 1400 1041 1454 fuit
1073 1410 1167 1455 :et
1212 1416 1280 1458 ex
1324 1405 1569 1474 utrisque
1617 1406 1865 1475 patribus

274 1489 565 1555 Christus;
596 1490 785 1560 sicque
805 1491 1155 1559 quaternario
1180 1492 1417 1548 denario
1429 1509 1655 1553 numero
1683 1495 1867 1551 trifor-

274 1578 442 1633 miter
464 1580 663 1648 posito,
701 1579 1026 1650 principium
1072 1596 1103 1634 a
1133 1581 1388 1637 credendi
1430 1582 1533 1638 (ide
1563 1584 1618 1638 in
1646 1584 1867 1639 electio-

274 1667 364 1723 nis
396 1674 615 1737 tempus
638 1669 942 1738 porrigens,
978 1683 1045 1723 ex
1100 1668 1361 1729 electione
1411 1671 1468 1725 in
1516 1673 1865 1742 transmigra-

275 1758 444 1812 tionis
470 1757 615 1812 diem
641 1758 912 1828 dirigens;
941 1767 1104 1830 atque
1130 1774 1163 1813 a
1195 1761 1666 1832 transmigratione
1696 1779 1866 1833 usque

274 1846 348 1901 ad
391 1846 674 1909 Christum
709 1847 992 1915 deﬁniens,
1022 1850 1303 1919 decursam
1350 1851 1612 1907 adventus
1651 1854 1863 1908 Domini

271 1937 517 1993 ostendit
544 1938 948 2007 generationem
981 1957 995 1994 :
1027 1947 1087 1996 ut
1111 1950 1166 1996 et
1195 1955 1422 1998 numero
1446 1942 1788 1999 satisfaceret
1810 1953 1865 1999 et

1971 1048 2105 1117 lege,
2132 1056 2290 1101 natus
2334 1062 2400 1101 ex
2443 1049 2671 1119 virgine,
2709 1066 2898 1120 passus
2946 1053 3001 1107 in
3055 1070 3238 1119 carne,
3278 1059 3458 1115 omnia
3486 1062 3543 1116 in

1970 1151 2133 1191 cruce
2179 1136 2298 1190 ﬁxit
2322 1156 2334 1191 :
2359 1145 2420 1192 ut
2467 1140 2804 1211 triumphans
2831 1158 2893 1197 ea
2923 1145 2977 1199 in
3007 1147 3321 1218 semetipso,
3366 1166 3542 1208 resur-

1970 1238 2103 1292 gens
2125 1225 2177 1279 in
2202 1241 2450 1295 corpore,
2475 1238 2527 1283 et
2564 1229 2742 1286 Patris
2781 1249 2976 1288 nomen
3005 1234 3152 1291 Patri
3174 1240 3463 1297 restituens
3489 1244 3542 1298 in

1971 1313 2126 1380 ﬁliis;
2184 1315 2300 1372 sine
2330 1319 2613 1389 principio,
2644 1321 2761 1376 sine
2787 1322 2914 1389 line,
2940 1328 3235 1384 ostendens
3280 1346 3447 1386 unum
3487 1349 3546 1389 se

1970 1418 2094 1458 cum
2150 1405 2313 1461 Patre
2338 1422 2478 1475 esse,
2512 1411 2636 1477 quia
2685 1428 2826 1468 unus
2877 1422 2979 1471 est.
3020 1417 3080 1472 In
3109 1434 3217 1488 quo
3257 1421 3545 1494 Evangelio

1969 1494 2101 1550 utile
2128 1505 2210 1551 est
2238 1498 2671 1558 desiderantibus
2707 1503 2876 1560 Deum
2902 1508 2982 1563 sic
3012 1510 3204 1579 prima,
3234 1513 3322 1568 vel
3347 1518 3541 1579 media,

1968 1585 2053 1640 vel
2081 1586 2320 1656 perfecta
2363 1604 2708 1661 cognoscere,
2735 1601 2796 1649 ut
2829 1603 2886 1650 et
2911 1598 3249 1654 vocationem
3291 1606 3540 1673 apostoli,

1968 1683 2025 1728 et
2068 1691 2203 1746 opus
2230 1677 2524 1750 Evangelii,
2555 1689 2609 1735 et
2640 1681 2978 1739 dilectionem
3010 1685 3105 1742 Dei
3136 1688 3192 1742 in
3243 1704 3408 1747 carne
3450 1710 3544 1748 na-

1969 1767 2189 1832 scentis,
2218 1782 2317 1838 per
2365 1770 2618 1825 universa
2650 1772 2887 1844 legentes
2924 1776 3258 1849 intelligant;
3298 1791 3459 1852 atque
3489 1785 3543 1840 in

1968 1870 2034 1910 eo
2059 1872 2165 1925 quo
2192 1861 2514 1929 apprehensi
2561 1874 2705 1930 sunt,
2734 1873 2790 1920 et
2837 1869 3240 1939 apprehendere
3265 1884 3541 1947 expetunt,

1967 1958 2376 2037 recognoscant.
2430 1952 2596 2008 Nobis
2623 1955 2768 2010 enim
2799 1958 2903 2014 hoc
2930 1958 2984 2014 in
3014 1963 3195 2019 studio
3239 1969 3542 2037 argumenti

274 2028 542 2098 tempori;
571 2037 627 2083 ct
651 2029 730 2087 sic
752 2030 895 2099 quod
925 2040 1069 2087 esset
1098 2031 1409 2099 ostendens,
1442 2041 1499 2090 et
1523 2034 1620 2090 Dei
1644 2051 1779 2106 opus
1807 2036 1860 2092 in
1964 2036 2090 2102 fuit,
2117 2047 2174 2093 et
2203 2039 2360 2094 [idem
2392 2042 2545 2098 tactae
2582 2046 2661 2100 rei
2693 2048 2922 2114 tradere,
2953 2057 3010 2105 et
3038 2028 3435 2122 operantiled
3465 2059 3545 2115 in-

271 2132 335 2220 se
385 2126 725 2220 monstrans,
747 2119 922 2220 etiam
943 2120 1045 2220 _in-
1071 2122 1159 2220 his
1183 2138 1412 2193 quorum
1447 2140 1617 2195 genus
1661 2127 1862 2197 posuit,
1892 2160 1940 2220 Β
1968 2128 2311 2200 telligeudam
2342 2131 2632 2203 diligenter
2659 2152 2779 2194 esse
2813 2119 3221 2212 dispositionem
3250 2150 3541 2217 quaerenti-

270 2207 480 2265 Christi
512 2208 793 2281 operantis
819 2226 849 2265 a
874 2211 1142 2283 principio
1173 2214 1539 2271 testimonium
1569 2230 1675 2271 non
1700 2233 1863 2289 nega-
1892 2207 1939 2220 “’
1964 2216 2069 2272 bus
2098 2235 2204 2275 non
2232 2228 2435 2277 tacere.

272 2306 373 2352 ret.
396 2298 647 2365 Quarum
672 2300 913 2356 omnium
937 2316 1117 2359 rerum
1147 2311 1381 2375 tempus,
1401 2305 1557 2373 ordo,
1579 2323 1859 2376 numerus,

269 2388 560 2459 dispositio
580 2390 666 2445 vel
694 2391 856 2458 ratio,
887 2393 1032 2462 quod
1051 2392 1179 2450 fidei
1204 2396 1571 2454 necessarium
1595 2408 1699 2465 est,
1717 2399 1860 2455 Deus

340 2533 364 2560 ο
397 2519 793 2595 Argumentum
826 2516 949 2589 hoc,
990 2525 1045 2578 in
1082 2526 1223 2595 quod
1269 2536 1665 2583 commentatur
1689 2528 1861 2584 Sedu-

266 2589 398 2656 lius,
452 2589 707 2648 exstabat
758 2589 1231 2651 mendosissimum
1276 2597 1417 2667 apud
1473 2597 1856 2666 Sabatierium,

2428 2333 2659 2406 Explicit
2696 2350 3079 2410 argumentum.

1964 2531 2291 2658 Χὲὲξὰεῗθτε.
2317 2535 2379 2589 Τ.
2403 2535 2492 2602 Ill,
2515 2552 2569 2607 p.
2598 2539 2647 2602 l,
2673 2539 2815 2608 quod
2838 2555 2937 2596 nos
2953 2541 3170 2599 demum
3194 2556 3339 2600 nunc
3359 2557 3542 2600 emen-

1124 2736 3530 2771 n———-—-————_—_—.________________________

1014 2840 1652 2956 EJUSDEM
1738 2842 2299 2961 SEDULII
2389 2846 2803 2967 SCOTI

677 3064 754 3125 IN
804 3064 1364 3127 ARGUMENTUM
1406 3064 1829 3130 SECUNDUM
1872 3068 2364 3131 MATTHJEUM
2406 3070 3115 3139 EXPOSITIUNCULA.

1762 3213 1778 3269 ί
1787 3212 1898 3263 Mai.
1910 3251 1924 3275 ,
1949 3213 2093 3273 ibid.)

338 3432 487 3488 Inter
516 3437 900 3504 argumentum
924 3438 980 3487 et
1005 3430 1528 3502 argumentationem
1568 3430 1673 3486 hoc
1698 3430 1863 3486 distat
1888 3433 1933 3496 C
1963 3427 2234 3498 praecipua
2269 3428 2411 3484 dona
2442 3429 2667 3501 largitus
2694 3431 2858 3487 fuerit
2890 3449 2904 3486 :
2930 3434 3163 3504 primum
3216 3437 3437 3505 donum,
3478 3439 3544 3495 tl-

265 3525 414 3596 quod
446 3530 827 3595 argumentum
850 3530 935 3577 est
960 3537 1151 3578 sensus
1182 3522 1345 3576 totius
1388 3521 1667 3587 orationis,
1696 3536 1859 3593 argu-

267 3617 537 3673 mentatio
561 3630 696 3670 vero
716 3622 800 3670 est
822 3614 1126 3685 argumenti
1154 3612 1387 3668 elocutio
1408 3613 1695 3683 verbisque
1717 3627 1863 3667 com—

268 3707 582 3778 petentibus
604 3705 913 3775 explicatio.
947 3704 1005 3759 In
1045 3704 1377 3775 argumentis
1420 3713 1599 3759 autem
1624 3720 1856 3775 evange-

267 3797 393 3852 licis
422 3796 526 3852 hoc
567 3796 839 3866 praecipue
867 3794 1249 3850 attendendum
1292 3803 1369 3850 est
1400 3793 1540 3863 quod
1587 3795 1643 3848 in
1692 3794 1776 3848 his
1806 3802 1862 3848 et

270 3887 544 3942 sermonis
570 3885 829 3950 brevitas,
854 3893 909 3939 et
935 3896 1188 3940 sensuum
1216 3883 1552 3938 clandestina
1589 3882 1861 3938 subtilitas

269 3978 572 4045 scintillare
599 3978 876 4043 cernitur;
912 3976 1052 4031 unde
1070 3984 1317 4031 nostrum
1341 3983 1561 4043 torpens
1584 3973 1859 4045 ingenium

268 4085 337 4124 ex
371 4069 583 4124 inertia:
629 4083 822 4123 somno
858 4067 1140 4132 suscitant,
1167 4075 1222 4122 ct
1259 4075 1386 4121 ante
1427 4065 1710 4120 introitum
1760 4065 1856 4120 do-

267 4163 463 4217 ctrinae
507 4159 833 4232 evangeliea
871 4173 969 4215 nos
996 4157 1404 4214 exercitatiores
1433 4157 1858 4228 evigilantiores-

266 4268 378 4325 que
404 4253 661 4316 reddunt,
705 4265 775 4305 ne
803 4249 1077 4320 lippidulis
1103 4249 1330 4304 fortasse
1379 4247 1573 4315 oculis,
1599 4247 1856 4317 pedibus-

266 4359 379 4414 que
407 4357 666 4397 sensuum
710 4339 1081 4404 titubantibus,
1117 4346 1272 4409 prata
1311 4337 1589 4392 Dominica
1619 4338 1860 4408 segniter

267 4437 613 4501 inaedamus,
642 4436 737 4491 scd
766 4434 1030 4490 illustrata
1055 4434 1253 4490 mentis
1300 4434 1417 4489 acie
1441 4433 1626 4490 ﬂorida
1658 4434 1857 4490 Christi

246 4537 424 4594 'rura',
449 4529 697 4583 coruscis
716 4527 1142 4599 praecedentibus
1171 4526 1427 4590 lucernis,
1451 4542 1853 4596 percurramus.

264 4621 416 4689 Quid
439 4622 644 4677 etenim
674 4628 802 4674 sunt
825 4626 1141 4690 argumenta
1184 4617 1511 4688 evangelica,
1566 4617 1670 4672 nisi
1712 4633 1857 4687 qum-

268 4714 400 4768 dam
425 4710 730 4767 caelestium
763 4712 1137 4765 thesaurorum
1162 4709 1541 4779 provenientes
1583 4706 1856 4778 lampades

1962 3519 2116 3584 dem;
2171 3522 2508 3586 secundum,
2565 3524 2958 3594 apostolatum;
3016 3527 3260 3594 tertium,
3313 3530 3540 3588 virtutes

1962 3619 2124 3681 atque
2176 3614 2469 3679 miracula;
2526 3624 2818 3684 quartum,
2876 3617 3181 3687 linguarum
3243 3621 3539 3691 peritiam;

1960 3703 2230 3771 quintum,
2256 3704 2606 3775 Evangelium
2645 3704 2915 3773 scribere;
2946 3715 3179 3779 sextum,
3205 3718 3331 3765 ante
3378 3723 3540 3769 crete-

1960 3808 2052 3847 ros
2073 3793 2431 3863 evangelistas
2459 3795 2691 3863 primum
2714 3808 2835 3848 esse
2880 3796 2933 3848 in
2968 3796 3190 3863 ordine;
3223 3801 3535 3870 septimum,

1959 3882 2208 3953 martyrii
2255 3882 2425 3952 gloria
2462 3882 2732 3937 coronari.
2763 3881 3070 3939 Notandum
3100 3901 3230 3942 vero
3259 3896 3345 3943 est
3391 3892 3535 3960 quod

1960 3988 2082 4028 cum
2126 3972 2241 4041 ipse
2281 3971 2609 4043 evangelista
2632 3988 2700 4028 ex
2730 3973 2872 4028 tribu
2904 3973 3032 4029 Levi
3076 3973 3241 4031 fuisse
3269 3979 3539 4045 tradatur,

1960 4064 2049 4119 hic
2074 4078 2141 4118 ex
2170 4061 2351 4117 Iudaea
2390 4063 2556 4118 fuisse
2582 4063 2834 4119 refertur.
2867 4064 3022 4132 Quod
3074 4066 3356 4138 tripliciter
3381 4070 3542 4125 intelo

1959 4155 2055 4227 ligi
2100 4155 2298 4228 poterit
2331 4174 2342 4209 :
2374 4166 2468 4210 aut
2492 4157 2639 4211 enim
2681 4171 2747 4212 ex
2790 4166 3021 4229 utraque
3056 4160 3199 4214 tribu
3246 4169 3301 4217 et
3327 4160 3462 4218 Juda
3486 4172 3540 4218 ct

1958 4247 2087 4304 Levi
2134 4260 2288 4303 ortus
2311 4255 2427 4314 est;
2458 4255 2570 4312 aut,
2624 4247 2749 4303 licet
2783 4252 3031 4320 prosapia
3068 4267 3174 4307 non
3200 4253 3271 4307 sit
3298 4253 3412 4325 ipse
3448 4254 3541 4310 Ju-

1959 4341 2127 4405 decus,
2168 4349 2359 4403 tamen
2412 4355 2479 4396 ex
2524 4339 2706 4395 Judaaa
2751 4340 2919 4396 fuisse
2969 4344 3249 4409 asseritnr,
3286 4361 3352 4401 eo
3397 4349 3539 4418 quod

1959 4426 2100 4484 forte
2124 4437 2377 4499 parentes
2403 4427 2538 4498 ejus,
2569 4429 2837 4499 quomodo
2865 4438 2918 4485 et
2948 4432 3100 4486 multi
3128 4447 3194 4487 ex
3222 4433 3348 4488 Levi
3373 4436 3534 4499 tribu,

1960 4521 2159 4576 ibidem
2184 4520 2580 4576 habitaverunt.
2604 4521 2711 4576 Aut
2740 4521 2783 4576 si
2828 4537 3003 4593 neque
3038 4524 3141 4579 hoc
3162 4532 3248 4579 est
3274 4539 3447 4594 neque
3472 4525 3532 4579 ii-

1958 4611 2068 4679 lud,
2100 4626 2165 4667 ex
2191 4611 2376 4667 Iudaea
2399 4610 2615 4667 Judzeus
2647 4613 2717 4668 ob
2760 4614 2862 4668 hoc
2883 4614 3270 4689 συνιιδοχικῶς
3293 4617 3535 4670 nomina-

1961 4711 2068 4768 tur,
2099 4718 2165 4759 eo
2193 4703 2336 4774 quod
2363 4718 2552 4759 omnes
2598 4702 2859 4760 Israelita:
2900 4707 3224 4776 generaliter
3246 4707 3417 4763 Judaai
3439 4723 3535 4779 ap-

271 4802 439 4857 simul
468 4808 524 4855 et
553 4815 733 4855 aureae
764 4800 940 4854 claves
968 4814 1128 4870 gazas
1174 4805 1480 4853 reserantes
1519 4796 1861 4854 Dominicas?
1884 4796 1938 4855 D
1962 4794 2248 4864 pellantur.

266 4891 565 4946 Mattheus
590 4905 659 4944 ex
680 4887 885 4955 Iudaea,
914 4888 1054 4943 sicut
1078 4888 1132 4943 in
1166 4888 1355 4944 ordine
1382 4888 1590 4958 primus
1613 4889 1852 4959 ponitur,

266 4981 349 5037 ita
386 4980 737 5051 Evangelium
760 4979 815 5034 in
843 4978 1026 5035 Iudaea
1050 4980 1257 5050 primus
1283 4978 1520 5050 scripsit.
1551 4978 1734 5034 Primo
1762 4996 1855 5035 no-

266 5069 502 5124 tandum
529 5068 675 5139 quod
701 5068 759 5124 in
788 5067 947 5138 hujus
994 5068 1297 5139 argtnnenti
1346 5067 1589 5133 exordio,
1640 5083 1715 5122 vn
1752 5068 1857 5121 cir-

265 5158 622 5214 cumstantia:
663 5157 898 5225 elucent,
940 5174 1061 5229 quae
1116 5166 1242 5213 sunt
1278 5172 1583 5227 :persona,
1638 5172 1727 5212 res
1771 5157 1854 5211 vel

264 5251 503 5313 factum,
530 5264 720 5316 causa,
746 5256 983 5320 tempus,
1017 5250 1183 5315 locus,
1210 5250 1422 5314 modus,
1450 5250 1693 5305 materia.
1728 5250 1855 5303 Per-

263 5354 409 5395 sona
433 5338 791 5411 dignoscitur,
822 5354 945 5395 cum
993 5340 1109 5411 ipse
1148 5338 1470 5410 evangelista
1516 5340 1734 5411 propzio
1762 5356 1857 5395 no-

263 5429 425 5484 mine
473 5428 763 5487 blattlueus
790 5429 1136 5484 nominatur:
1164 5427 1317 5498 cujus
1360 5444 1606 5498 personae
1643 5444 1775 5500 gens
1804 5437 1857 5484 ct

261 5518 434 5591 origo
480 5520 827 5586 ostenditur,
875 5534 999 5574 cum
1050 5519 1190 5573 idem
1235 5517 1517 5575 Matthceus
1566 5535 1632 5576 ex
1672 5519 1855 5575 Iudaea

264 5609 445 5665 fuisse
491 5618 970 5667 commemoratur.
1030 5609 1140 5666 Nec
1182 5625 1364 5680 parva)
1421 5626 1635 5681 quoque
1684 5612 1857 5667 laudis

258 5700 611 5769 paeonium
637 5700 741 5771 ipsi
765 5714 1012 5770 personae
1040 5698 1342 5755 cumulatur
1369 5718 1382 5753 :
1409 5699 1693 5756 Mattheus
1710 5715 1855 5756 nam-

265 5802 386 5857 que
402 5788 641 5848 donatus
664 5792 1077 5862 interpretatur,
1101 5791 1159 5846 in
1176 5805 1243 5848 eo
1264 5791 1408 5861 quod
1429 5790 1479 5848 ei
1500 5790 1757 5849 Dominus
1778 5808 1852 5847 vn

2033 4883 2289 4954 Sequitur
2331 4884 2554 4951 factum,
2597 4884 2699 4941 hoc
2723 4893 2806 4942 est
2853 4886 3198 4959 Evangelium
3244 4886 3313 4941 ab
3344 4887 3533 4944 eodem

1961 4974 2214 5029 Mattbzeo
2258 4976 2644 5046 conscriptum.
2680 4976 2859 5032 Locus
2881 4975 3010 5032 facti
3033 4978 3376 5042 describitur,
3410 4994 3533 5034 cum

1959 5062 2089 5117 illud
2120 5063 2469 5135 Evangelium
2493 5065 2547 5119 in
2588 5064 2770 5120 Judcea
2795 5065 2961 5122 fuisse
2983 5067 3240 5137 scriptum
3288 5068 3522 5126 declara-

1961 5161 2067 5208 tur.
2109 5154 2342 5225 Tempus
2364 5156 2637 5227 Evangelli
2665 5156 3040 5213 conscribendi
3059 5159 3383 5227 ostenditur,
3409 5175 3532 5230 eum

1961 5250 2008 5302 is
2047 5248 2332 5305 Matthmus
2379 5250 2587 5318 primus
2635 5257 2761 5305 ante
2812 5248 2949 5303 alios
2979 5232 3341 5320 evangelistas
3371 5268 3527 5308 suum

1963 5339 2307 5409 Evangelium
2346 5340 2631 5409 scripsisse
2661 5340 2994 5409 perhibetur.
3054 5340 3229 5397 Causa
3260 5343 3429 5415 ipsius
3454 5341 3533 5399 fa-

1961 5430 2032 5485 cti
2084 5428 2486 5495 manifestatur,
2538 5445 2663 5484 eum
2710 5430 3275 5503 subjungitur:cujus
3321 5433 3531 5487 vocatio

1962 5522 2028 5577 ad
2061 5520 2231 5575 Deum
2283 5534 2347 5575 ex
2394 5520 2697 5591 publicanis
2748 5521 2960 5576 actibus
2988 5521 3107 5576 fuit.
3149 5521 3355 5578 Idcirco
3383 5525 3528 5579 enim

1963 5622 2071 5667 tam
2107 5612 2451 5682 magniﬁcum
2488 5612 2837 5682 divinumque
2874 5628 3010 5684 opus
3051 5615 3364 5686 scripserat,
3407 5620 3531 5686 quia

1961 5716 2029 5756 ex
2072 5700 2376 5772 publicanis
2421 5702 2676 5772 operibus
2726 5704 2778 5760 in
2836 5704 3193 5775 apostolatum
3230 5720 3262 5759 a
3303 5705 3530 5762 Domino

1938 5791 2165 5849 electus
2194 5800 2333 5850 erat.
2373 5793 2559 5864 Itaque
2587 5810 2615 5848 a
2645 5796 2911 5864 perversis
2960 5796 3171 5853 actibus
3194 5802 3525 5865 segregatus.
