3982 6198
434 360 536 417 175

1813 355 2077 416 SEDULII
2117 356 2311 416 SCO'I'I

3585 359 3692 416 276

436 479 505 534 ad
549 485 728 533 actum
769 475 1139 545 evangelicum
1186 491 1216 527 a
1258 470 1487 526 Domino
1528 470 1629 525 fuit
1665 479 1906 526 vocatus.
1958 471 2014 525 In
2043 473 2093 533 Α
2120 474 2493 540 generationes
2536 471 2589 526 in
2614 472 2726 543 ipsa
2757 469 3071 543 genealogia
3100 470 3313 540 posuit;
3367 485 3478 542 quo
3503 486 3697 528 nume-

436 588 544 641 quo
573 579 627 625 et
651 568 842 623 modus
882 582 976 622 seu
1003 565 1236 636 qualitas
1262 562 1503 632 ejusdem
1530 561 1657 617 facti
1680 561 1913 617 latenter
1934 562 2013 615 in-

437 663 684 718 sinuatur
725 678 737 712 :
784 657 1054 729 quomodo
1094 655 1241 711 enim
1288 652 1372 709 vel
1414 652 1669 724 qualiter,
1729 652 1834 707 nisi
1869 652 2014 707 ordi-

435 763 563 810 nate
595 751 680 807 vel
717 750 1004 813 veraciter,
1054 747 1268 816 nisique
1311 745 1585 815 sapienter
1632 759 1788 799 suum
1836 743 2013 797 Evan-

436 849 635 922 gelium
680 844 1083 916 conscripserit,
1133 841 1284 911 quia
1311 855 1442 895 vero
1474 839 1605 903 Deo,
1662 838 1717 893 in
1757 852 1865 906 quo
1887 844 2014 891 sunt

434 953 624 995 omnes
666 934 908 992 thesauri
955 931 1234 1003 sapientiae
1284 938 1341 985 et
1389 928 1631 984 scientias
1683 925 2008 991 absconditi,

433 1036 660 1085 vocatus
685 1035 847 1096 atque
865 1024 1067 1079 electus
1098 1020 1229 1075 fuit?
1256 1019 1426 1076 Porro
1446 1017 1762 1089 principalis
1786 1017 2013 1073 materia

433 1116 810 1177 conscribendi
839 1113 1117 1184 Evangelii
1144 1111 1468 1175 ostenditur,
1499 1124 1621 1165 cum
1643 1107 2007 1164 subinfertur:

439 1230 459 1263 ι
503 1210 732 1266 duorum
767 1215 983 1277 patrum
1021 1206 1075 1259 in
1113 1203 1463 1275 generatione
1492 1200 1697 1257 Christi
1741 1199 2010 1270 principia

431 1314 786 1371 praesumens.
825 1316 845 1350 ι
879 1295 997 1350 Non
1025 1296 1168 1350 enim
1197 1294 1266 1348 ab
1295 1292 1400 1347 alia
1423 1290 1675 1357 materia,
1704 1289 1809 1344 nisi
1835 1304 1865 1342 a
1894 1287 2011 1343 Sal—

344 1422 351 1425 π
429 1392 637 1446 vatoris
666 1387 1009 1459 genealogia,
1062 1384 1345 1439 exordium
1381 1380 1659 1452 Evangelii
1687 1378 2012 1435 sumendum

430 1498 553 1537 esse
591 1479 802 1538 censuit
833 1496 846 1531 :
876 1485 937 1532 ut
972 1478 1099 1530 dum
1152 1473 1430 1529 Christum
1464 1471 1639 1526 ﬁlium
1680 1479 1735 1525 et
1780 1470 2010 1525 duorum

432 1573 486 1626 id
527 1580 634 1637 est,
687 1569 856 1624 David
886 1574 942 1623 ct
978 1565 1276 1629 Abraham,
1311 1561 1649 1635 originaliter
1675 1560 2007 1625 ostenderet,

429 1665 606 1733 ipsum
633 1674 754 1716 esse
781 1658 1059 1713 intimaret
1080 1655 1173 1726 qui
1194 1655 1437 1724 utrisque
1466 1651 1714 1724 patribus
1736 1651 2010 1721 quondam

425 1753 723 1825 promissus
772 1748 972 1804 fuerat.
1021 1745 1253 1800 Abrahze
1294 1743 1537 1814 quidem,
1574 1750 1676 1797 ut:
1707 1740 1775 1797 In
1815 1742 2010 1797 semine

2116 574 2177 617 ro
2200 570 2257 617 et
2287 562 2573 635 deealogus
2626 562 2758 632 legis
2800 572 2856 617 et
2883 562 3192 633 evangelica
3218 563 3467 618 doctrina
3507 564 3695 634 expri-

2113 652 2298 707 mitur.
2344 654 2597 725 Tempori
2636 669 2853 725 quoque
2896 653 3178 720 satisfecit,
3236 655 3363 710 dum
3411 655 3693 712 Abraham

2112 743 2476 810 patriarcham
2509 745 2564 798 in
2613 745 2839 799 exordio
2880 745 3175 801 Dominiczc
3216 746 3548 819 genealogia:
3591 764 3687 819 po-

2112 834 2241 888 suit.
2284 834 2419 890 Nam
2459 837 2636 906 prima
2667 838 2850 893 mundi
2902 851 3055 905 aetas,
3110 841 3264 909 quasi
3304 841 3550 910 quaedam
3611 840 3697 897 iu-

2111 920 2304 988 fautia,
2370 924 2438 978 ab
2481 925 2860 994 Adam.usque
2902 925 3014 981 Noe
3037 928 3401 997 protenditur.
3440 928 3693 986 Secunda

2111 1021 2263 1078 artas,
2301 1030 2423 1082 qua:
2468 1024 2550 1071 est
2582 1016 2768 1072 weluti
2797 1017 2970 1085 ipsius
2996 1017 3183 1072 mundi
3237 1020 3492 1088 pueritia,
3526 1037 3558 1075 a
3579 1021 3696 1078 Noe

2111 1118 2284 1173 usque
2308 1105 2377 1159 ad
2408 1104 2682 1160 Abraham
2731 1116 3098 1177 computatur.
3140 1108 3322 1163 Tertia
3367 1119 3518 1178 aetas,
3573 1129 3697 1183 quae

2111 1203 2197 1250 est
2224 1197 2379 1266 quasi
2408 1196 2598 1254 ﬂorida
2646 1199 2834 1254 mundi
2882 1200 3267 1261 adolescentia.
3315 1204 3385 1258 ab
3413 1204 3694 1261 Abraham

2110 1302 2283 1357 usque
2303 1288 2372 1343 ad
2400 1290 2570 1345 David
2600 1305 2785 1361 regem
2813 1293 3145 1359 extenditur,
3171 1309 3291 1363 quae
3314 1296 3532 1365 quidem
3557 1306 3695 1355 atas

2112 1378 2306 1434 habilis
2349 1381 2416 1436 ad
2457 1385 2826 1453 generandum
2854 1385 3107 1441 habetur.
3150 1387 3384 1458 Ideoque
3419 1391 3488 1446 ab
3512 1392 3691 1447 Abra-

2111 1471 2258 1538 ham,
2311 1473 2467 1543 quasi
2495 1474 2564 1529 ab
2602 1475 2829 1531 exordio
2870 1476 3254 1535 adolescentiae
3289 1482 3496 1549 mundi,
3559 1483 3692 1539 Mat-

2112 1561 2286 1616 thzeus
2309 1561 2457 1632 ipsas
2483 1564 2860 1634 generationes
2888 1565 2944 1620 iu
2972 1567 3288 1639 genealogia
3330 1568 3536 1626 Christi
3563 1586 3698 1627 con-

2111 1664 2372 1724 gruenter
2412 1666 2716 1726 enumerat,
2771 1660 3038 1729 quiaipsa
3081 1668 3215 1717 aetas
3239 1663 3307 1719 ad
3330 1664 3699 1733 generandam

2112 1744 2351 1801 sobolem
2379 1755 2504 1818 apta
2540 1762 2665 1804 esse
2685 1748 2921 1805 videtur.

427 1820 521 1899 tuo
563 1842 932 1898 benedicentur
979 1853 1157 1892 omnes
1185 1835 1352 1890 tribus
1392 1843 1567 1890 terrm.
1617 1833 1789 1888 David
1835 1846 1967 1887 vero
1994 1849 2008 1888 :
2039 1820 2088 1880 Β
2186 1835 2487 1906 Sequitur:
2518 1856 2538 1890 ι
2575 1846 2632 1894 ει
2657 1839 2737 1894 sic
2761 1840 2908 1910 quod
2955 1848 3105 1897 esset
3131 1843 3441 1911 ostendens,
3487 1853 3545 1900 et
3575 1847 3700 1902 reli-

426 1934 505 1989 De
562 1934 738 2003 fructu
796 1930 989 1985 ventris
1040 1929 1119 1982 tui
1171 1939 1365 1998 ponam
1417 1941 1574 1999 super
1618 1924 1792 1979 sedem
1841 1932 2006 1978 tuam.

424 2027 504 2079 Ac
529 2039 595 2079 ne
624 2022 746 2094 quis
771 2019 1043 2076 dubitaret
1085 2018 1271 2088 quanti
1300 2016 1480 2072 meriti
1515 2016 1625 2073 sint
1651 2015 1730 2070 illi
1759 2016 1866 2071 duo
1896 2030 1999 2086 pa-

425 2123 559 2178 tres,
624 2126 859 2182 quorum
905 2109 1169 2180 principia
1228 2107 1515 2163 Matthaeus
1578 2108 1633 2161 in
1686 2107 2002 2179 genealogia

426 2202 629 2258 Christi
668 2200 1028 2271 praesumpsit,
1066 2199 1322 2254 continuo
1367 2199 1589 2269 exponit
1616 2214 1740 2254 cum
1774 2198 1958 2254 subdit
1988 2217 2002 2253 :

431 2312 450 2343 ι
482 2293 665 2358 unius,
687 2291 842 2363 cujus
885 2292 1060 2361 prima
1090 2290 1431 2346 circumcisio
1451 2290 1506 2344 in
1530 2306 1728 2357 carne;
1760 2291 2004 2359 alterius,

426 2382 581 2453 cuius
628 2382 924 2439 secundum
965 2397 1061 2437 cor
1099 2381 1292 2437 electio
1326 2380 1445 2436 fuit.
1480 2400 1499 2435 ι
1536 2381 1615 2436 Ex
1656 2381 2010 2451 praecedenti-

424 2477 548 2542 bus,
586 2475 639 2532 id
680 2484 764 2531 est
787 2474 856 2529 ab
883 2488 949 2530 eo
971 2474 1115 2544 quod
1137 2482 1221 2529 est
1242 2473 1528 2544 principia,
1558 2490 1656 2544 per
1680 2473 1961 2545 syllepsim
1987 2514 2002 2539 ,

422 2567 749 2638 principium
794 2567 1177 2622 assumendum
1209 2572 1313 2630 est,
1357 2573 1519 2635 atque
1544 2567 1648 2622 ἀπὸ
1676 2555 1842 2621 ιιοινοῦ
1885 2580 2008 2635 par-

422 2658 690 2729 ticipium,
720 2657 864 2727 quod
897 2665 983 2712 est
1019 2669 1376 2729 praesumens,
1430 2656 1783 2726 repetendum
1814 2662 1918 2720 est.
1949 2663 2008 2708 ut

425 2750 498 2805 sit
548 2762 742 2804 sensus
783 2747 1023 2813 :unius,
1094 2746 1248 2816 cujus
1308 2746 1484 2815 prima
1539 2745 1886 2801 circumcisio
1948 2744 2006 2798 in

425 2859 632 2910 carne,
692 2842 1021 2915 principium
1085 2854 1449 2911 praesumens,
1514 2839 1769 2904 alterius,
1852 2837 2007 2906 cujus

427 2931 725 2988 secundum
792 2947 889 2988 cor
954 2929 1149 2986 electio
1217 2928 1353 2994 fuit,
1416 2930 1737 2999 principium
1796 2943 2005 2999 praesu-

425 3040 601 3080 mens.

495 3113 577 3168 Ob
600 3130 766 3185 quam
798 3131 927 3171 vero
955 3131 1172 3170 causam
1202 3116 1484 3173 Matthmus
1522 3118 1799 3172 Abraham
1823 3128 1877 3173 et
1901 3118 2005 3173 Da—

424 3205 513 3260 vid
538 3205 592 3258 in
630 3205 944 3276 genealogia
985 3206 1283 3262 Salvatoris
1322 3208 1693 3278 principaliter
1751 3218 2002 3278 poneret,

423 3295 660 3351 ostendit
698 3295 934 3352 subdens
982 3308 1017 3348 r
1051 3305 1106 3351 et
1149 3284 1216 3352 ex
1260 3299 1504 3367 utrisque
1554 3300 1801 3370 patribus
1843 3300 2005 3356 Chri-

425 3395 562 3444 stus.
610 3407 631 3440 ›
684 3386 963 3459 Siquidem
991 3387 1241 3444 Christus
1278 3406 1344 3445 ex
1368 3399 1596 3461 utroque
1622 3402 1800 3461 patro,
1847 3393 1901 3448 id
1925 3403 2009 3449 est

427 3478 704 3534 Abraham
760 3489 818 3534 et
880 3480 1083 3546 David,
1140 3482 1437 3538 secundum
1504 3498 1727 3540 carnem
1785 3495 2008 3541 exortus

422 3577 528 3624 est.
589 3560 887 3641 Oportebat
934 3570 1077 3627 enim
1124 3580 1183 3625 ut
1213 3571 1459 3628 Salvator
1510 3583 1716 3640 noster,
1757 3577 1849 3645 qui
1888 3578 2000 3647 spi-

424 3660 638 3741 ritualis
684 3661 1115 3720 circumcisionis
1167 3673 1358 3721 auctor
1396 3667 1603 3733 existit,
1655 3666 1810 3735 cujus
1868 3668 1992 3723 ﬁdei

421 3753 564 3810 dono
599 3769 703 3809 nos
740 3755 808 3810 ab
831 3755 1084 3811 omnibus
1135 3757 1375 3825 peccatis
1404 3756 1869 3821 circumcidimus,
1928 3774 1998 3813 ex

419 3846 714 3909 Abraham,
759 3844 915 3916 cujus
968 3848 1143 3917 prima
1189 3849 1533 3905 circumcisio
1588 3866 1685 3919 per
1734 3849 1893 3907 ﬁdem
1949 3851 2003 3905 in

422 3953 585 4001 carne
641 3937 765 4003 fuit,
813 3941 1107 3994 secundum
1156 3956 1379 3996 carnem
1426 3941 1695 4011 originem
1756 3942 2003 3997 duceret.

423 4028 492 4082 Et
530 4029 802 4098 quomodo
849 4028 989 4082 Deus
1031 4029 1097 4083 de
1130 4028 1240 4082 Deo
1273 4038 1434 4085 natus
1475 4040 1561 4085 est
1599 4032 1896 4086 secundum
1928 4032 2008 4086 di-

423 4117 731 4179 vinitatem,
786 4116 859 4169 ita
897 4124 953 4169 et
998 4132 1090 4170 rex
1118 4116 1367 4187 ﬁliusque
1405 4120 1593 4174 Deiex
1630 4119 1798 4173 David
1846 4134 1995 4190 rege,

426 4204 582 4274 cujus
626 4204 921 4259 secundum
950 4221 1044 4259 cor
1069 4205 1263 4260 electio
1284 4204 1404 4270 fuit,
1440 4216 1756 4261 nasceretur
1809 4222 2004 4263 secun-

427 4299 556 4353 dum
584 4312 825 4352 carnem.
868 4297 1011 4365 Quot
1043 4308 1222 4353 autem
1276 4299 1715 4369 generationibus
1759 4301 2009 4370 genealo-

424 4388 508 4460 gia
559 4387 760 4444 Christi
802 4387 858 4443 in
902 4388 1088 4444 multis
1117 4389 1363 4458 patribus
1389 4391 1714 4456 contexitur,
1758 4391 2011 4464 protinus

424 4485 710 4533 enumerat
750 4478 1036 4534 subdens:
1080 4497 1099 4529 ι
1136 4479 1323 4550 sicque
1375 4482 1727 4551 quaternario
1777 4482 2005 4537 denario

425 4585 653 4625 numero
712 4568 1035 4627 triformiter
1083 4572 1298 4641 posito;
1366 4592 1384 4624 ι
1441 4581 1497 4628 ει
1535 4573 1743 4643 reliqua
1784 4589 2000 4643 usque:

433 4681 451 4712 ι
497 4662 931 4731 generationem.
961 4682 979 4713 ι
1001 4661 1185 4718 Facile
1205 4664 1453 4733 estquod
1478 4664 1835 4735 proloquitur.
1868 4665 2000 4720 Nam

424 4763 526 4826 sic,
564 4760 617 4816 id
645 4769 730 4815 est
773 4768 980 4814 tantum
1013 4761 1221 4815 duobus
1249 4761 1495 4830 patrihus
1522 4761 1798 4816 Abraham
1821 4770 1876 4816 et
1901 4762 2005 4818 Da-

421 4859 511 4914 vid
540 4859 592 4913 in
625 4858 802 4914 fronte
831 4852 1167 4929 genealogize‘
1187 4857 1527 4926 antepositis,
1578 4866 1661 4911 ter
1680 4872 1794 4919 xtv,
1845 4855 1897 4909 id
1921 4862 2006 4909 est

425 4966 561 5014 XLII,
619 4950 1000 5020 generationes
1036 4949 1090 5003 in
1136 4948 1415 5004 Dominica
1462 4947 1773 5019 genealogia
1833 4946 2005 5001 conti-

424 5049 645 5095 nentur.
690 5040 871 5112 Atque
897 5041 953 5095 in
982 5041 1096 5110 ipsa
1137 5039 1277 5095 serie
1321 5039 1515 5109 triplex
1563 5039 1696 5093 ordo
1733 5036 2002 5107 dignosci-

423 5140 533 5184 tur.
586 5131 799 5187 Primus
824 5148 917 5187 xtv
966 5131 1343 5202 generationes
1397 5130 1465 5185 ab
1502 5130 1782 5183 Abraham
1833 5143 2003 5196 usque

425 5221 490 5274 ad
536 5221 725 5276 David.
783 5222 1066 5278 Secundus
1095 5239 1185 5277 xiv
1218 5220 1597 5292 generationes
1627 5234 1657 5274 a
1697 5218 1867 5273 David
1914 5234 2005 5274 us-

423 5329 530 5383 que
568 5313 638 5368 ad
690 5312 1223 5383 transmigrationem
1252 5312 1564 5383 Babylonis.
1614 5312 1927 5366 Postremus
1974 5326 2004 5364 a

424 5402 898 5472 transmigratione
934 5401 1227 5474 Babylonis
1254 5419 1427 5474 usque
1465 5403 1531 5456 ad
1558 5401 1855 5478 Christum.
1893 5400 1999 5455 Sed

424 5493 568 5546 hunc
587 5508 872 5549 numerum
905 5508 970 5548 ac
1002 5484 1261 5565 temporis
1287 5495 1533 5550 ordinem
1568 5508 1672 5547 non
1704 5474 1826 5547 sine
1859 5492 1996 5547 certi

423 5583 670 5652 mysterii
725 5584 939 5640 ratione
983 5584 1269 5641 Matthazus
1326 5587 1378 5640 in
1433 5586 1635 5641 Christi
1686 5586 1999 5657 genealogis

423 5677 669 5748 digessit,
712 5680 858 5735 unde
893 5682 1161 5747 subditur,
1217 5700 1236 5732 ι
1284 5691 1345 5737 ιιι
1385 5692 1442 5738 ει
1466 5698 1694 5738 numero
1727 5683 2003 5740 satisface-

428 5775 530 5833 ret,
585 5778 638 5823 et
673 5770 918 5839 tempori.
964 5789 980 5821 ο
1019 5769 1253 5825 Numero
1282 5770 1563 5838 satisfecit,
1602 5773 1725 5826 dum
1778 5783 1860 5827 ter
1915 5790 2002 5828 xlv

2108 1946 2215 2001 qua
2241 1946 2416 2001 usque
2448 1950 2461 1985 :
2497 1949 2514 1982 ι
2545 1946 2655 1987 non
2683 1942 2926 2005 negaret.
2963 1952 2982 1987 ι
3015 1933 3098 1992 Ob
3137 1936 3243 1991 hoc
3275 1938 3549 2008 praecipue
3600 1954 3700 2011 ge-

2106 2021 2409 2092 nealogiam
2431 2021 2632 2078 Christi
2669 2022 2952 2081 Matthaeus
2971 2026 3270 2093 contexuit,
3328 2036 3388 2082 ut
3416 2043 3522 2084 non
3564 2040 3677 2086 ‘ore

2111 2112 2275 2168 tacito
2296 2121 2522 2184 negaret
2568 2113 2941 2170 testimonium
2997 2114 3221 2172 Christi.
3272 2115 3408 2173 Nam
3439 2121 3690 2177 testimo-

2108 2203 2259 2258 nium
2313 2203 2567 2274 perhibet
2592 2204 2662 2260 de
2710 2203 2949 2270 Christo,
2996 2206 3125 2261 dum
3151 2206 3208 2261 in
3233 2207 3349 2277 ipsa
3380 2211 3695 2285 genealogia

2108 2295 2289 2366 ipsum
2333 2293 2502 2349 ﬁlium
2537 2294 2707 2351 David
2760 2305 2816 2350 et
2873 2296 3107 2352 Abrahae
3151 2312 3276 2353 esse
3326 2308 3581 2367 testatur,
3641 2309 3699 2358 et

2106 2393 2374 2456 praeterea
2409 2385 2820 2456 conceptionem
2855 2384 2973 2456 ejus
3026 2387 3095 2442 de
3134 2386 3343 2459 Spiritu
3378 2399 3595 2457 sancto,
3641 2401 3699 2449 et

2107 2475 2445 2531 nativitatem
2467 2490 2533 2530 ex
2557 2476 2799 2548 Virgine,
2853 2485 2908 2532 et
2933 2486 3128 2533 caetera
3160 2476 3401 2546 ejusdem
3426 2481 3692 2538 miracula

2107 2565 2162 2619 in
2193 2581 2292 2621 suo
2320 2566 2612 2637 Evangelio
2657 2576 2861 2621 narrat.
2916 2567 3018 2635 Qui
3061 2567 3315 2625 Christus
3365 2587 3474 2626 non
3518 2571 3696 2628 solum

2107 2656 2161 2710 in
2196 2657 2452 2727 apostolis
2482 2656 2613 2711 Novi
2659 2657 3014 2727 Testamenti,
3068 2674 3167 2714 suo
3216 2660 3453 2715 adventu
3507 2662 3681 2717 multa

2108 2747 2291 2801 divina
2319 2758 2601 2817 operatur,
2652 2750 2746 2804 sed
2782 2765 2811 2802 a
2840 2750 3131 2821 principio,
3173 2752 3228 2807 id
3258 2761 3343 2808 est
3370 2768 3402 2808 a
3427 2754 3690 2809 credendi

2107 2837 2232 2903 ﬁde,
2286 2838 2390 2893 hoc
2438 2848 2522 2894 est
2562 2841 2631 2895 ab
2673 2839 2909 2895 Abrahae
2959 2850 3225 2913 tempore,
3288 2844 3453 2899 etiam
3495 2845 3551 2900 in
3601 2844 3694 2902 his

2105 2929 2435 2997 patriarchis
2467 2938 2523 2984 et
2552 2930 2831 2999 prophetis
2866 2941 2917 2985 et
2942 2931 3125 3001 justis,
3177 2946 3403 3002 quorum
3432 2948 3605 3005 genus
3636 2935 3689 2989 in

2106 3016 2309 3073 Christi
2348 3020 2660 3091 genealogia
2716 3021 3002 3078 Mattbteus
3049 3025 3250 3093 posuit,
3308 3024 3361 3080 in
3417 3025 3586 3097 signis
3636 3035 3695 3082 et

2108 3110 2383 3165 miraculis
2409 3111 2777 3180 porentialiter
2813 3121 3073 3183 operatus
3103 3123 3205 3169 est.
3251 3113 3482 3170 Sanctus
3507 3116 3693 3187 itaque

2108 3202 2439 3273 evangelista
2497 3204 2862 3258 testimonium
2898 3206 3189 3276 perhibere
3232 3208 3299 3262 de
3328 3208 3543 3264 Christo
3579 3225 3689 3265 non

2108 3294 2371 3365 denegat;
2435 3295 2527 3350 sed
2567 3296 2708 3364 quod
2737 3305 2885 3351 esset
2936 3296 3249 3361 ostendens,
3306 3298 3362 3353 id
3395 3307 3499 3363 est,
3542 3301 3691 3370 quod

2109 3404 2141 3444 a
2198 3388 2425 3443 Domino
2460 3403 2525 3443 ex
2557 3388 2859 3457 publicanis
2899 3388 3111 3444 actibus
3136 3398 3360 3445 vocatus
3403 3391 3474 3445 sit
3520 3399 3686 3461 atque

2109 3479 2163 3533 in
2190 3478 2551 3547 apostolatum
2580 3478 2803 3544 electus,
2853 3479 3090 3534 ostendit
3117 3494 3175 3533 se
3195 3479 3548 3551 apostolicum
3592 3481 3697 3537 mi-

2109 3571 2393 3625 nisterium
2431 3571 2727 3640 accepisse,
2773 3586 2897 3626 cum
2928 3572 3299 3628 testimonium
3338 3574 3586 3644 perhibet
3626 3574 3697 3630 de

2110 3660 2413 3715 Salvatore.
2449 3660 2516 3714 Et
2557 3659 2651 3714 Dei
2677 3675 2811 3733 opus
2858 3660 2944 3714 vel
2990 3660 3341 3731 Evangelium
3388 3661 3591 3719 Christi
3636 3664 3695 3718 in

2109 3766 2168 3808 se
2198 3752 2555 3817 demonstrat,
2588 3752 2715 3808 dum
2759 3752 2936 3821 ipsum
2965 3752 3316 3824 Evangelium
3359 3769 3467 3809 non
3517 3754 3698 3810 solum

2109 3846 2391 3903 Hebraicis
2441 3846 2638 3901 litteris
2688 3846 2994 3917 scripserit,
3060 3847 3155 3902 sed
3204 3847 3369 3903 etiam
3419 3855 3481 3902 ut
3533 3862 3698 3904 verus

2109 3938 2387 4007 apostolus
2407 3936 2526 3992 aliis
2556 3935 2888 4007 praedicavit.
2918 3935 3212 4007 Sequitur:
3252 3956 3271 3988 α
3306 3954 3536 4008 quarum
3576 3953 3698 3994 om-

2110 4028 2261 4082 nium
2292 4042 2493 4094 rerum,
2531 4048 2551 4080 ι
2595 4035 2650 4082 ει
2698 4026 2907 4097 reliqua
2938 4044 3110 4099 usque
3145 4046 3158 4080 :
3198 4047 3216 4080 ι
3248 4029 3389 4084 Deus
3442 4028 3698 4086 Christus

2109 4127 2211 4174 est.
2257 4139 2274 4170 ι
2314 4118 2447 4172 Illud
2476 4118 2616 4188 quod
2646 4120 2723 4174 ait
2759 4138 2771 4173 :
2813 4139 2832 4170 ι
2872 4121 3240 4175 necessarium
3273 4128 3376 4188 est,
3408 4140 3428 4173 ι
3462 4137 3564 4191 per
3592 4121 3702 4193 syl-

2128 4205 2302 4280 lepsin
2349 4208 2419 4262 ad
2461 4210 2644 4264 omnia
2682 4208 3117 4281 conjungendum
3152 4219 3235 4265 est
3273 4218 3334 4264 ut
3370 4211 3442 4265 sit
3470 4226 3692 4278 sensus,

2109 4312 2339 4368 quarum
2387 4300 2626 4354 omnium
2667 4314 2846 4354 rerum
2893 4309 3105 4372 tempus
3160 4303 3529 4358 necessarium
3582 4312 3695 4358 est.

2109 4387 2253 4444 Ordo
2282 4405 2493 4459 quoque
2530 4399 2584 4445 et
2610 4407 2867 4447 numerus
2902 4393 3240 4448 necessarius
3267 4400 3371 4447 est.
3400 4393 3702 4464 Dispositio

2110 4479 2192 4534 vel
2235 4480 2371 4534 ratio
2402 4480 2707 4535 necessaria
2740 4491 2842 4535 est.
2875 4480 3027 4548 Quod
3071 4489 3254 4537 autem
3289 4482 3413 4539 ﬁdei
3439 4497 3703 4539 necessa—

2112 4571 2251 4626 rium
2283 4580 2385 4636 est,
2418 4570 2561 4627 Deus
2608 4571 2860 4627 Christus
2896 4582 3012 4628 est.
3045 4571 3248 4628 Omnes
3283 4574 3464 4644 itaque
3490 4588 3578 4630 res
3609 4575 3703 4630 di-

2110 4665 2204 4729 cit,
2257 4674 2451 4720 cuncta
2506 4680 2627 4736 qua:
2657 4666 2905 4736 superius
2931 4665 2987 4719 in
3034 4665 3137 4722 hoc
3181 4675 3502 4738 argumento
3539 4667 3700 4722 dixe-

2109 4766 2214 4819 rat,
2239 4759 2342 4813 hoc
2363 4767 2466 4823 est,
2496 4758 2639 4827 quod
2666 4756 2948 4812 Matthmus
2962 4773 3029 4812 ex
3064 4756 3247 4814 Judaaa
3264 4759 3472 4828 primus
3506 4760 3564 4813 in
3595 4758 3696 4813 Ju-

2109 4849 2221 4903 daea
2245 4848 2582 4919 evangelium
2613 4849 2914 4917 scripserit,
2955 4849 3099 4918 quod
3114 4866 3144 4904 a
3161 4849 3462 4919 publicanis
3478 4849 3699 4907 actibus

2110 4941 2178 4995 ad
2203 4941 2371 4995 Deum
2394 4949 2617 4997 vocatus
2637 4941 2709 4995 sit
2730 4940 2895 5011 ,quod
2910 4939 3017 4994 duo
3036 4940 3322 5012 principia,
3341 4941 3488 4994 idest
3515 4939 3700 4994 Abra-

2103 5033 2229 5089 ham
2270 5042 2326 5089 et
2362 5033 2533 5087 David
2562 5034 2615 5087 in
2650 5032 3002 5104 generatione
3027 5030 3229 5086 Christi
3258 5030 3696 5102 praesumpserit,

2103 5131 2159 5177 et
2181 5122 2386 5193 reliqua
2402 5122 2723 5177 consimilia.
2762 5123 3001 5191 Quarum
3018 5123 3258 5178 omnium
3277 5138 3465 5178 rerum
3478 5132 3616 5193 tein;
3626 5138 3698 5177 us

2106 5215 2473 5271 necessarium
2501 5224 2607 5282 est,
2655 5216 2709 5271 id
2753 5225 2839 5271 est
2874 5216 2941 5270 ad
2972 5216 3396 5286 diguoscendum
3418 5231 3525 5286 quo
3552 5224 3699 5271 tem-

2104 5326 2236 5381 pore
2259 5311 2373 5366 haec
2393 5318 2546 5381 gesta
2559 5320 2705 5365 sunt.
2722 5310 2816 5375 Ut,
2832 5309 2983 5366 verbi
2997 5310 3194 5379 gratia,
3208 5323 3239 5363 a
3255 5316 3497 5379 tempore
3514 5308 3699 5364 Abra-

2107 5403 2233 5458 ham
2276 5402 2447 5458 series
2479 5400 2805 5473 genealogis:
2845 5400 3146 5456 Salvatoris
3180 5401 3461 5456 exordium
3499 5401 3695 5469 sumit,

2103 5502 2411 5565 creteraque‘
2436 5494 2759 5551 consimilia.

2176 5587 2322 5642 Ordo
2365 5566 2582 5657 quoque
2605 5594 2662 5642 et
2684 5601 2943 5641 numerus
2982 5585 3036 5639 in
3072 5600 3234 5653 supra
3263 5584 3426 5640 dictis
3467 5583 3699 5642 eviden-

2106 5686 2191 5731 tcr
2240 5671 2660 5747 cognoscuntur.
2696 5676 2861 5740 Ordo,
2901 5676 3047 5746 quod
3091 5676 3378 5730 Matthaaus
3408 5676 3465 5730 in
3495 5677 3698 5733 ordine

2107 5772 2316 5844 primus
2351 5779 2479 5826 ante
2526 5770 2662 5825 alios
2690 5770 3052 5838 evangelistas
3078 5769 3315 5838 ponitur.
3380 5769 3511 5823 Item
3542 5776 3700 5840 quod
