3982 6198
357 268 468 324 9.77

1189 280 1549 342 EXPOSITIO
1588 285 1653 339 IN
1694 285 2187 351 ARGUMENTUM
2220 295 2474 358 EVANG.
2517 266 2866 367 ΜΑΤΤΙῙᾸΞΙ.

3513 329 3625 385 273

359 386 477 456 ipse
504 386 660 456 prius
680 386 1025 457 publicanus,
1073 391 1269 449 dehinc
1297 405 1524 451 vocatus
1554 405 1717 468 atque
1740 399 1945 455 electus
1971 404 2022 464 Α
2046 405 2249 461 eduxit.
2294 408 2406 466 lloc
2453 422 2632 469 autem
2662 415 2812 487 fecit,
2832 436 2949 477 non
2979 424 3033 478 in
3059 426 3287 485 aliorum
3317 434 3625 494 cmlestium

358 480 435 533 sit
476 478 757 548 apostolus
790 497 803 533 :
838 495 939 535 nec
971 497 1078 537 non
1117 492 1173 547 et
1192 486 1327 542 ordo
1350 488 1402 541 in
1422 488 1730 560 genealogia
1755 488 1942 545 Salva-

358 569 496 623 toris
545 570 806 635 cernitur,
867 586 991 626 eum
1019 572 1087 627 ab
1126 575 1401 631 Abraham
1455 595 1626 648 usque
1672 582 1740 635 ad
1772 580 1942 638 David

355 672 525 731 atque
553 677 583 715 a
611 663 781 716 David
821 662 877 718 in
908 667 1404 737 transmigrationis
1455 679 1709 741 tempus,
1740 674 1941 730 dehinc

354 766 531 819 usque
557 751 623 805 ad
659 750 962 820 Christum,
1000 756 1247 811 ordinata
1274 759 1605 830 genealogize
1628 764 1797 818 series
1816 778 1940 833 per-

355 840 550 897 currit.
594 840 868 897 Numerus
923 844 979 897 in
1024 852 1108 899 ter
1144 846 1457 916 replicatur,
1499 851 1553 904 id
1594 860 1678 906 est
1716 852 1769 906 in
1824 869 1933 908 xui

352 932 802 1001 generationibus
849 933 1126 992 elucesctt.
1187 939 1497 1008 Dispositio,
1565 956 1685 1011 quae
1732 944 1937 1013 signiﬁ-

351 1024 572 1079 cantius
611 1025 753 1078 ratio
797 1026 1129 1093 nominatur,
1178 1030 1361 1083 abdita
1403 1043 1460 1086 et
1518 1034 1731 1088 'oeeulta
1771 1050 1932 1089 causa

349 1114 526 1193 ipsius
558 1115 823 1184 temporis
856 1116 941 1170 vel
978 1118 1184 1173 ordinis
1227 1135 1321 1174 seu
1353 1122 1564 1176 numeri
1593 1123 1927 1194 intelligitur.

347 1201 488 1256 Nam
513 1218 639 1259 cum
695 1204 968 1259 subtiliter
990 1206 1281 1263 discutitur
1309 1225 1409 1264 cur
1435 1227 1465 1265 a
1494 1220 1737 1282 tempore
1761 1214 1932 1268 Abra-

348 1290 478 1344 ham
523 1307 694 1361 usque
740 1293 807 1347 ad
843 1294 1037 1362 David,
1083 1297 1332 1353 dehinca
1363 1299 1531 1355 David
1567 1302 1635 1356 ad
1680 1306 1931 1359 transmi-

344 1382 680 1450 grationcm,
735 1393 896 1453 atque
922 1400 953 1439 a
980 1390 1459 1459 transmigratione
1482 1408 1654 1463 usque
1680 1396 1745 1449 ad
1771 1394 1928 1450 Chri-

342 1482 516 1537 stum,
549 1483 761 1544 tempus
808 1484 863 1531 et
901 1479 1034 1532 ordo
1064 1494 1128 1534 ac
1153 1496 1412 1538 numerus
1462 1501 1574 1539 xui
1625 1489 1927 1556 generatio-

342 1581 497 1628 num,
530 1566 584 1620 in
605 1568 917 1639 genealogia
952 1569 1251 1627 Salvatoris
1280 1589 1442 1630 causa
1465 1579 1707 1648 mysterii
1744 1578 1926 1651 dispo-

343 1655 515 1720 nitur,
567 1658 672 1710 hoc
710 1658 884 1712 solum
932 1660 1215 1731 dispositio
1258 1664 1343 1718 vel
1399 1668 1538 1721 ratio
1588 1670 1917 1725 nominatur.

340 1744 474 1811 Quae
521 1761 748 1816 prorsus
800 1750 981 1804 omnia
1019 1752 1324 1821 supradicta
1376 1757 1625 1812 omnibus
1679 1759 1922 1815 veritatis
1951 1743 1998 1802 Β
2025 1768 2135 1816 tres
2171 1765 2539 1835 nominantur,

339 1838 684 1892 amatoribus
729 1839 798 1893 ad
819 1842 1248 1910 cognoscendum
1289 1845 1421 1900 dicit
1447 1861 1566 1902 esse
1593 1852 1920 1905 necessaria.

340 1927 503 1994 Quod
536 1935 719 1984 autem
749 1929 872 1986 ﬁdei
923 1934 1289 1989 necessarium
1327 1945 1435 2023 est,
1485 1937 1627 1995 Deus
1676 1940 1924 1998 Christus

336 2029 445 2084 est,
508 2035 573 2075 ae
620 2020 667 2075 si
705 2020 850 2076 dieat
877 2040 890 2077 :
922 2020 979 2078 Si
1027 2026 1210 2080 omnia
1239 2020 1545 2098 supradicta
1592 2031 1659 2085 de
1703 2031 1922 2089 Christo

335 2110 743 2179 cognoscimus,
762 2115 1131 2168 necessarium
1154 2126 1238 2173 est
1271 2126 1331 2173 ut
1355 2134 1418 2173 ea
1447 2135 1545 2190 per
1572 2120 1733 2177 ﬁdem
1758 2122 1919 2179 ﬁrmi-

334 2207 419 2255 ter
484 2202 793 2257 credamus.
840 2204 992 2271 Quod
1022 2215 1107 2262 est
1158 2218 1339 2264 autem
1373 2213 1515 2280 quod
1557 2212 1781 2270 credere
1827 2216 1919 2271 de-

330 2289 597 2346 beamus?
639 2292 774 2349 lllud
821 2295 1062 2373 profecto
1112 2301 1254 2369 quod
1282 2301 1424 2357 Deus
1451 2303 1699 2361 Christus
1730 2314 1833 2372 est,
1863 2308 1915 2363 id

330 2389 439 2445 est,
496 2384 641 2453 quod
670 2386 984 2457 unigenitus
1033 2388 1221 2455 Filius,
1275 2394 1366 2461 qui
1416 2410 1577 2450 verus
1604 2405 1915 2453 etaeternus

331 2471 476 2527 Deus
496 2482 585 2528 est
615 2477 908 2531 secundum
951 2479 1308 2547 divinitatem,
1353 2484 1493 2539 idem
1515 2501 1728 2556 quoque
1756 2488 1914 2543 Chri-

327 2569 469 2625 stus,
505 2562 558 2617 id
581 2570 687 2628 est,
730 2572 927 2620 unctus
959 2566 1029 2621 sit
1057 2567 1175 2622 oleo
1198 2568 1395 2626 laetitia:
1421 2587 1531 2641 prae
1560 2576 1913 2646 participibus

327 2652 444 2707 suis
490 2653 791 2708 secundum
824 2665 1126 2727 susceptam
1178 2660 1594 2719 humanitatem.
1634 2667 1770 2721 Nam
1806 2670 1910 2725 hoc

328 2753 502 2799 totum
558 2748 838 2817 negotium
896 2750 950 2804 in
1001 2754 1312 2826 genealogia
1368 2757 1569 2814 Christi
1630 2762 1909 2821 Matthaeus

325 2838 588 2892 ostendit.
632 2838 914 2906 Quomodo
961 2854 1143 2899 autem
1185 2849 1277 2918 qui
1304 2865 1464 2906 verus
1512 2851 1656 2909 Deus
1688 2864 1768 2910 est
1822 2873 1907 2912 se-

323 2926 567 2981 cundum
625 2929 980 2996 divinitatem,
1024 2933 1273 2992 Christus
1315 2938 1477 2996 homo
1504 2942 1574 2997 sit
1611 2947 1905 3002 secundum

323 3033 573 3083 carnem,
615 3023 874 3079 continuo
917 3027 1170 3096 explanat
1199 3031 1478 3087 subdens:
1519 3051 1539 3084 ‹
1592 3036 1683 3106 qui
1732 3036 1905 3094 factus

318 3120 403 3164 est
430 3128 499 3166 ex
521 3112 771 3179 muliere,
800 3135 817 3167 ο
839 3124 892 3171 et
915 3117 1127 3188 reliqua
1143 3135 1313 3192 usque
1346 3142 1358 3176 :
1398 3142 1417 3175 ι
1447 3125 1501 3178 in
1530 3141 1691 3181 cruce
1706 3128 1843 3183 ﬁxit.
1875 3150 1893 3183 ι

320 3199 460 3255 Nam
485 3202 577 3267 qui
608 3204 850 3259 omnium
885 3204 1061 3262 factor
1102 3217 1185 3264 est
1213 3213 1506 3267 secundum
1540 3216 1899 3287 divinitatem,

317 3290 441 3361 ipse
490 3292 655 3347 homo
694 3292 870 3350 factus
906 3306 989 3352 est
1015 3300 1311 3356 secundum
1358 3316 1558 3362 nostrce
1589 3307 1901 3381 fragilitatis

317 3383 818 3453 participationem.
873 3385 981 3443 Sed
1032 3390 1213 3445 emteri
1255 3392 1502 3452 homines
1549 3414 1615 3453 ex
1671 3409 1900 3472 utroque

315 3491 452 3530 sexu
496 3475 832 3553 ﬁunt;_ipse
882 3494 1032 3547 vero,
1100 3484 1190 3553 qui
1232 3500 1393 3555 supra
1436 3488 1684 3547 homines
1738 3510 1899 3551 verus

314 3566 465 3621 Deus
498 3575 605 3633 est,
669 3584 775 3623 non
821 3584 888 3625 ex
936 3573 1083 3628 virili
1130 3576 1354 3644 semine,
1400 3579 1496 3635 sed
1546 3581 1613 3636 de
1659 3599 1895 3657 superna

314 3655 558 3727 Spiritus
610 3658 704 3715 Dei
729 3663 899 3732 gratia
953 3674 1242 3736 conceptus
1268 3683 1335 3724 ex
1360 3671 1586 3729 muliere
1616 3655 1778 3731 verus
1800 3678 1898 3733 ho-

315 3769 404 3808 mo
440 3763 527 3809 est
570 3752 769 3811 factus.
817 3757 885 3813 Et
916 3759 1007 3829 qui
1046 3776 1157 3817 sum
1206 3764 1507 3821 divinitatis
1554 3770 1892 3836 excellentia,

313 3860 528 3901 summa
559 3847 644 3902 lex
672 3863 833 3918 supra
861 3849 1032 3922 legem
1058 3865 1159 3919 est,
1186 3856 1285 3911 sub
1308 3857 1424 3927 lege
1453 3858 1688 3915 Mosaica
1716 3862 1892 3919 factus

313 3944 421 3990 est.
477 3937 711 4007 ideoque
736 3940 891 4009 quasi
930 3942 1034 4012 legi
1057 3945 1303 4002 subditus
1343 3957 1533 4005 octavo
1555 3951 1642 4006 die
1663 3953 1895 4009 circum-

314 4025 463 4080 cisus
509 4038 614 4082 est.
661 4027 730 4083 Et
748 4030 877 4099 quia
915 4048 982 4087 ex
1031 4034 1255 4091 muliere
1284 4054 1406 4093 eum
1452 4041 1585 4097 dicit
1640 4059 1760 4100 esse
1814 4045 1895 4101 fa-

314 4124 481 4178 ctum,
536 4132 605 4172 ne
666 4119 772 4173 ulla
820 4122 1076 4192 nuptialis
1122 4128 1309 4197 copula
1354 4130 1406 4184 in
1452 4132 1552 4187 hoc
1602 4136 1888 4220 cogitetur,

314 4204 490 4274 ipsum
542 4223 611 4263 ex
647 4210 857 4281 virgine
885 4212 1051 4269 Maria
1091 4228 1277 4272 natum
1326 4236 1445 4277 esse
1498 4204 1894 4297 consequenter

311 4296 536 4350 asserit.
600 4297 702 4365 Qui
752 4301 877 4355 dum
930 4305 1224 4361 secundum
1262 4309 1595 4368 divinitatem
1644 4316 1891 4385 impassi-

309 4385 439 4439 bilis
466 4395 524 4440 et
551 4385 874 4444 immortalis
905 4392 1125 4459 existat,
1166 4403 1343 4451 tamen
1376 4408 1434 4453 ut
1453 4417 1553 4455 nos
1579 4403 1647 4457 ab
1671 4413 1888 4461 :eternaa

310 4476 504 4530 mortis
566 4478 817 4545 passione
866 4489 921 4536 et
969 4486 1214 4541 cruciatu
1267 4488 1523 4559 eriperet,
1575 4510 1767 4562 passus
1827 4497 1882 4553 in
1911 4456 1964 4515 D

308 4579 518 4628 carne,
569 4575 921 4635 spontaneam
987 4588 1083 4641 pro
1135 4576 1291 4630 nobis
1349 4587 1577 4634 mortem
1617 4598 1886 4655 suscepe—

311 4662 418 4715 rat,
475 4655 658 4708 omnia
708 4666 895 4713 nostra
943 4670 997 4714 et
1022 4662 1303 4734 originalia
1325 4673 1379 4721 et
1403 4669 1621 4739 propria
1660 4685 1881 4742 peccata

308 4740 360 4795 in
406 4757 568 4798 cruce
599 4743 786 4816 ﬁgens.

377 4830 486 4887 Sed
509 4834 708 4890 audisti
741 4851 963 4907 passum
1012 4841 1063 4896 in
1090 4858 1275 4913 carne,
1318 4849 1441 4904 audi
1466 4865 1683 4923 quoque
1713 4856 1882 4913 victo-

307 4921 442 4975 riam
472 4925 857 4995 triumphantis
907 4926 1243 5006 gloriamque
1278 4940 1346 4994 ab
1371 4940 1560 4997 inferis
1594 4921 1875 5020 resurgen-

309 5008 395 5063 tis.
425 5009 559 5066 Nam
586 5017 858 5086 sequitur;
881 5037 899 5069 ε
931 5031 988 5074 ut
1006 5024 1343 5095 triumphans
1357 5044 1417 5083 ea
1437 5032 1489 5086 in
1517 5008 1826 5106 semetipso,
1852 5059 1871 5093 ι

305 5109 357 5152 et
382 5103 587 5173 reliqua
615 5122 784 5177 usque
826 5129 847 5162 ι
886 5112 938 5166 in
969 5114 1113 5170 ﬁliis.
1146 5136 1165 5169 ι
1198 5118 1619 5195 Omnia,inquit,
1645 5128 1700 5183 in
1716 5146 1878 5187 cruce

304 5191 438 5259 ﬁxit,
491 5208 551 5252 ut
591 5200 949 5271 triumpharet
981 5221 1065 5273 ea,
1118 5210 1327 5267 scilicet
1364 5191 1878 5289 peccata—peceato-

302 5295 532 5355 rumque
576 5297 869 5360 tormenta,
899 5296 1122 5368 ipsaque
1157 5301 1420 5359 diemonia
1454 5302 1690 5371 vincens.
1725 5310 1875 5370 Tunc

296 5371 441 5427 enim
481 5376 845 5450 triumphator
883 5383 1056 5442 factus
1086 5397 1194 5455 est,
1241 5407 1363 5445 cum
1390 5406 1514 5464 post
1558 5402 1869 5469 passionem

297 5474 447 5519 suam
493 5474 550 5522 et
598 5480 829 5527 mortem
894 5477 959 5531 ad
1016 5478 1214 5538 inferos
1287 5485 1640 5555 descendens.
1696 5495 1869 5565 ipsum

294 5554 384 5619 qui
425 5555 664 5613 habebat
705 5558 1233 5638 mortis'imperium
1281 5592 1376 5631 sua
1407 5590 1579 5637 morte
1611 5554 1861 5651 detraxit,

295 5650 459 5714 atque
509 5650 787 5721 captivam
848 5660 1211 5727 captivitatem
1279 5668 1346 5723 ad
1404 5685 1627 5741 superos
1680 5692 1862 5734 secum

2006 496 2128 562 ,vel
2155 502 2490 558 terrestrium
2524 507 2801 566 conﬁdens
2844 511 3181 584 fortitudine,
3212 525 3308 579 sed
3336 526 3388 580 in
3421 543 3621 586 semet—

2042 586 2178 655 ipso.
2222 590 2339 656 Quo
2379 595 2651 666 triumpho
2694 611 2939 669 peracto,
2994 607 3164 679 gloria
3201 620 3618 677 resurrectionis

2038 687 2122 733 est
2149 681 2266 749 ejus
2301 685 2606 741 subsecuta.
2667 690 2819 747 Unde
2850 694 2964 764 ipse
2987 714 3275 773 resurgens
3296 706 3350 759 in
3378 723 3607 780 corpore

2008 770 2248 823 cunctis
2289 774 2632 832 credentibus
2681 780 2750 834 ad
2802 784 2968 839 vitam
3024 770 3284 848 mternam
3330 770 3609 867 praedesti-

2036 875 2105 912 na
2134 860 2197 925 is,
2248 877 2398 932 spem
2432 866 2615 934 gloriae
2644 876 3056 932 resurrectionis
3110 896 3205 936 sua
3228 887 3399 953 prima
3433 906 3613 946 resuw

2036 950 2275 1006 reclione
2324 961 2776 1023 praemonstravit.
2833 963 3032 1035 Sicque
3056 950 3251 1028 nomen
3282 981 3480 1036 summi
3516 999 3612 1054 pa—

2037 1039 2134 1093 tris
2166 1040 2219 1094 in
2246 1045 2512 1111 patribus,
2565 1047 2618 1104 id
2648 1059 2754 1118 est,
2810 1054 3071 1115 Ecclesiae
3094 1067 3406 1131 pastoribus
3432 1082 3487 1127 et
3512 1039 3611 1129 do-

2033 1128 2292 1195 ctoribus,
2317 1133 2419 1188 sibi
2444 1133 2582 1192 Filio
2611 1142 2764 1210 quasi
2796 1146 2959 1215 capiti
2989 1128 3264 1222 Ecclesiae,
3316 1158 3382 1213 ad
3410 1138 3494 1218 sui
3522 1181 3614 1220 no-

2032 1217 2193 1273 minis
2242 1221 2469 1291 gloriam
2523 1242 2782 1300 suamque
2832 1237 2900 1290 ad
2949 1238 3240 1313 imaginem
3291 1250 3603 1309 restituens.

2032 1306 2103 1362 Ut
2146 1314 2416 1379 quomodo
2458 1317 2696 1376 ccclestis
2749 1322 2913 1380 Pater
2948 1306 3138 1387 natura
3181 1335 3250 1391 sit
3288 1337 3468 1406 Pater,
3523 1345 3604 1400 sic

2029 1395 2268 1465 ejusdem
2321 1403 2494 1459 Patris
2521 1408 2680 1474 (iuno,
2728 1423 2975 1481 pastores
3017 1422 3295 1493 Ecclesiae,
3334 1446 3432 1500 per
3483 1433 3607 1491 Filii

2027 1577 2309 1644 Quomodo
2357 1594 2537 1641 autem
2572 1604 2768 1647 nomen
2824 1595 3004 1655 Patris
3048 1608 3268 1672 summi,
3321 1614 3605 1672 catholicae

2026 1669 2278 1727 Ecclesite'
2322 1674 2571 1734 Patribus
2620 1684 2712 1751 qui
2757 1686 2897 1741 dono
2933 1695 3153 1760 superni
3200 1669 3461 1769 genitoris
3505 1669 3602 1776 pa:

2588 1786 2687 1840 per
2730 1774 2925 1833 Filium
2972 1782 3229 1841 donatum
3266 1799 3369 1857 est,
3426 1774 3519 1850 sic
3542 1805 3597 1852 et

2021 1868 2216 1909 nomen
2243 1855 2386 1925 Filii,
2416 1860 2469 1914 in
2498 1864 2680 1920 multis
2728 1867 2983 1927 Ecclesia:
3028 1874 3175 1945 ﬁliis,
3225 1895 3324 1950 per
3346 1855 3603 1943 eumdem

2021 1945 2356 2015 unigenitum
2404 1950 2595 2009 Filium
2636 1955 2782 2013 Patri
2839 1965 3148 2023 restitutum
3190 1945 3294 2027 est.
3329 1975 3466 2033 Nam
3500 1996 3600 2051 per

2021 2033 2398 2107 Redemptoris
2423 2046 2729 2112 passionem
2766 2060 3106 2127 mortemque
3134 2075 3197 2116 ac
3239 2033 3601 2128 resurrectio-

2016 2217 2070 2272 in
2125 2220 2301 2278 Patris
2362 2234 2416 2280 et
2487 2228 2610 2285 Filii
2676 2238 2928 2306 gratiam,
2996 2245 3148 2301 multi
3235 2261 3343 2307 tam
3409 2217 3594 2325 patres

2015 2324 2175 2378 quam
2207 2311 2303 2368 ﬁlii
2357 2317 2411 2369 in
2457 2317 2698 2378 Ecclesia
2731 2327 3041 2397 spirituales
3093 2333 3314 2409 superni
3357 2311 3599 2405 muneris

2013 2398 2298 2470 largitione
2351 2405 2504 2464 ﬁant.
2566 2410 2879 2483 Sequitur:
2919 2440 2937 2472 ‹
2976 2424 3093 2481 sine
3143 2398 3428 2504 principio,
3481 2438 3601 2494 sine

2013 2488 2137 2554 ﬁne,
2171 2495 2463 2552 ostendens
2488 2515 2651 2555 unum
2690 2520 2749 2560 se
2787 2522 2910 2563 cum
2945 2511 3105 2569 Patre
3160 2534 3279 2574 esse
3304 2488 3429 2591 quia
3458 2541 3597 2585 unus

2010 2591 2110 2636 est.
2147 2603 2167 2634 ι
2232 2583 2415 2641 Brevis
2471 2593 2813 2663 superiorum
2852 2601 3131 2661 conclusio
3178 2622 3301 2666 esse
3343 2615 3586 2683 videtur,

2010 2685 2075 2726 ac
2098 2671 2144 2726 si
2175 2684 2360 2742 aperte
2390 2677 2533 2733 dicat
2573 2699 2586 2735 :
2619 2682 2753 2743 Cum
2778 2687 3029 2749 Christus
3065 2711 3131 2751 ex
3157 2699 3377 2774 Virgine
3403 2707 3472 2760 sit
3501 2671 3594 2763 na:

2010 2769 2114 2827 tus,
2147 2779 2340 2833 passus
2366 2769 2420 2823 in
2445 2786 2629 2841 carne,
2654 2780 2942 2850 omniaque
2965 2784 3162 2844 delicta
3189 2791 3242 2845 in
3258 2769 3432 2850 cruce
3451 2796 3589 2866 ﬁxit,

2010 2863 2173 2924 atque
2201 2871 2263 2911 ea
2292 2860 2632 2933 triumphans
2678 2868 2732 2921 in
2761 2874 3056 2946 semetipso
3100 2884 3315 2953 prepria
3340 2884 3393 2940 in
3422 2904 3588 2944 carne

1927 3002 1935 3013 '
2006 2945 2240 3015 gloriose
2268 2956 2586 3022 resurrexit,
2616 2958 2801 3030 sicque
2830 2945 3137 3035 spirituale-s
3160 2945 3340 3042 patres
3371 2987 3424 3032 et
3449 2977 3588 3043 ﬁlios

2008 3037 2063 3091 in
2113 3039 2352 3097 Ecclesia
2381 3047 2638 3117 restituit,
2694 3053 2888 3125 hisque
2929 3062 3182 3120 omnibus
3235 3069 3440 3124 anullo
3485 3087 3584 3127 an-

2008 3131 2247 3198 gelorum
2278 3134 2665 3211 hominumque
2703 3146 2798 3200 sed
2846 3142 2956 3204 sola
2997 3167 3109 3208 sua:
3154 3156 3453 3216 divinitatis
3498 3179 3588 3233 po.-

2007 3222 2173 3277 tentia
2205 3227 2391 3296 gestis,
2437 3231 2838 3293 evidentissime
2879 3234 3116 3299 ostendit
3144 3262 3307 3302 unum
3335 3222 3585 3311 Deum.se

2004 3329 2125 3368 cum
2172 3315 2332 3375 Patre
2368 3335 2508 3378 esse.
2542 3323 2659 3381 Non
2686 3335 2956 3399 quomodo
2986 3340 3236 3395 carnales
3260 3341 3354 3397 ﬁlii
3380 3353 3585 3418 tempo—

2004 3404 2100 3459 rali
2145 3409 2320 3477 spatio
2357 3413 2470 3468 suis
2510 3418 2754 3486 putribus
2801 3432 2927 3477 sunt
2969 3434 3129 3483 aetate
3163 3431 3429 3501 minores;
3482 3404 3579 3492 sed

2001 3497 2119 3553 sine
2150 3501 2439 3573 principio,
2474 3506 2591 3562 sine
2629 3508 2752 3575 ﬁne,
2786 3518 3079 3572 secundum
3110 3530 3365 3580 aeternam
3388 3528 3582 3584 divini-

1999 3591 2128 3645 tatis
2175 3593 2559 3663 substantiam,
2623 3615 2762 3655 unus
2816 3604 2931 3674 ipse
2956 3606 3098 3671 Deus
3143 3621 3226 3666 est
3250 3629 3373 3669 cum
3399 3614 3577 3674 Patre.

1998 3680 2216 3748 Quare?
2256 3684 2392 3752 Quia
2445 3704 2586 3746 unus
2628 3703 2730 3746 est.
2783 3694 3059 3766 Siquidem
3112 3705 3302 3762 unicus
3359 3722 3443 3767 est
3487 3730 3577 3771 se-

1996 3774 2230 3827 cundum
2290 3785 2538 3834 naturam
2585 3782 2766 3839 Patris
2816 3787 2978 3846 ﬁlius.
3052 3793 3188 3850 Nam
3247 3805 3427 3859 caeteri
3479 3807 3572 3863 ﬁlii

1995 3880 2101 3920 non
2150 3875 2384 3937 natura,
2434 3874 2527 3928 sed
2582 3875 2872 3947 adoptione
2934 3894 2990 3939 et
3054 3889 3253 3958 gratia.
3321 3893 3418 3950 ﬁlii
3470 3898 3567 3955 Dei

1994 3961 2365 4016 nominantur.
2419 3965 2529 4045 llic,
2582 3984 2711 4025 vero
2758 3988 2900 4031 unus
2950 3987 3033 4033 est
3060 3990 3252 4039 natura
3282 3985 3470 4045 Filius.

2061 4051 2245 4122 Itaque
2299 4043 2530 4113 decursa
2579 4065 2874 4121 secundum
2932 4068 3240 4130 Mattheeum
3288 4078 3568 4155 Evangelii

1990 4142 2267 4210 periocha,
2295 4148 2541 4217 sequitur
2570 4153 2734 4208 totius
2763 4163 3066 4228 argumenti
3098 4142 3567 4244 anaceplialeosis,

1991 4232 2045 4287 id
2083 4242 2166 4289 est
2191 4239 2708 4313 recapitulatio,qna
2737 4252 3025 4321 conscripti
3057 4232 3331 4330 Evangelii
3361 4232 3569 4326 utilitas

1989 4327 2293 4383 ostenditur
2369 4351 2386 4382 ι
2421 4332 2477 4386 ln
2507 4350 2615 4405 quo
2662 4338 2955 4411 Evangelio
3018 4348 3148 4403 utile
3198 4327 3302 4420 est,
3339 4376 3359 4409 ι
3388 4368 3443 4414 et
3484 4376 3566 4417 re-

1989 4414 2134 4486 liqua
2182 4433 2391 4489 usque:
2449 4441 2470 4474 ‹
2499 4440 2904 4497 recognoscant.
2943 4453 2963 4488 ι
3000 4435 3056 4491 In
3107 4439 3223 4510 ipso
3251 4414 3561 4520 Evangelia,

1993 4505 2047 4559 in
2098 4508 2344 4565 doctrina
2385 4514 2590 4571 scilicet
2614 4523 2944 4593 evangelica,
2988 4530 3092 4584 tria
3125 4505 3375 4602 qumdam

1988 4611 2110 4652 esse
2153 4601 2220 4654 ad
2284 4608 2714 4673 cognoscendum
2761 4616 2976 4671 asserit.
3014 4618 3069 4674 ld
3105 4601 3188 4678 est
3237 4628 3320 4681 vel
3364 4632 3559 4698 prima,

1988 4689 2069 4744 vel
2094 4692 2287 4759 media,
2336 4697 2420 4750 vel
2468 4698 2748 4768 perfecta:
2797 4717 2853 4761 et
2894 4726 3013 4780 quae
3057 4725 3184 4771 sunt
3225 4719 3313 4773 illa
3360 4689 3559 4792 prima,

1989 4778 2164 4834 media
2200 4787 2255 4835 et
2296 4782 2553 4853 perfecta,
2611 4793 2856 4859 protinus
2903 4778 3124 4871 exponit
3168 4778 3400 4866 dicensl:
3451 4832 3471 4863 ι
3501 4778 3560 4870 ut

1985 4875 2041 4920 et
2064 4871 2396 4928 vocationem
2425 4880 2650 4946 apostoli
2672 4892 2872 4954 etopus
2892 4888 3189 4959 Evangelii,
3213 4915 3231 4949 ι
3254 4908 3307 4953 et
3328 4901 3552 4973 reliqua.

1981 4954 2164 5014 Primo
2222 4977 2454 5034 namque
2507 4968 2789 5029 Matthaaus
2813 4992 2883 5032 ex.
2917 4954 3217 5049 publicanis
3259 4954 3468 5049 actibus
3518 5012 3547 5050 a

1980 5046 2207 5104 Domino
2263 5063 2484 5112 vocatus
2527 5067 2611 5114 est
2654 5070 2713 5115 ut
2762 5046 3235 5138 esset'apostolus.
3299 5077 3549 5143 Secundo

1976 5136 2179 5195 Christi
2227 5142 2570 5217 Evangelium
2610 5153 2679 5207 ab
2712 5157 2899 5211 eodem
2945 5136 3028 5217 est
3052 5170 3438 5242 conscriptum,
3492 5180 3545 5232 in

1976 5241 2084 5296 quo
2132 5245 2356 5298 prorsus
2393 5249 2556 5306 Opere
2592 5240 2791 5297 donum
2834 5247 3089 5315 perfectae
3116 5240 3430 5318 dilectionis
3449 5252 3545 5324 Dei

1975 5318 2031 5373 in
2056 5335 2219 5376 carne
2256 5327 2528 5382 nascentis
2559 5345 2684 5401 erga
2726 5334 3017 5396 humanum
3044 5360 3233 5414 genus,
3274 5367 3372 5420 per
3427 5359 3548 5414 uni-

1971 5422 2125 5462 versa
2164 5409 2305 5465 dicta
2332 5420 2387 5466 et
2415 5413 2558 5471 facta
2588 5418 2890 5493 Dominiea,
2945 5409 3170 5501 quilibet
3208 5409 3550 5503 studiose

1970 5507 2158 5569 gentes
2185 5502 2485 5575 intelligere
2526 5523 2770 5578 possunt.
2818 5515 3015 5590 Sicque
3040 5523 3093 5579 in
3124 5530 3319 5587 eodem
3361 5502 3541 5592 Evan-

1965 5589 2104 5658 gelio
2134 5592 2304 5661 ipsum
2336 5597 2617 5659 charitatis
2654 5603 2855 5663 donum
2901 5589 2954 5667 in
2987 5630 3094 5685 quo
3123 5634 3153 5673 a
3184 5619 3293 5679 Deo
3345 5589 3539 5697 appre-

1964 5679 2116 5735 hcnsi
2141 5692 2265 5739 sunt
2310 5695 2470 5759 atque
2520 5690 2694 5762 electi,
2726 5698 2933 5771 ipsique
2971 5679 3083 5762 toto
3111 5712 3305 5767 mentis
3352 5679 3545 5771 ardore

2040 5950 2065 5965 κ
