3982 6198
327 337 445 393 279

1687 333 1961 401 SEDULII
1998 329 2203 390 SCOTI

3486 331 3595 392 230

328 454 502 507 Deum
554 448 757 505 fontem
805 447 1116 504 dilectionis
1163 447 1572 517 apprehendere
1628 455 1908 517 expetunt,
1939 458 1989 517 Α
2017 446 2433 516 eomposuimds.
2465 444 2646 500 Prima
2677 458 2840 500 causa
2865 452 2948 500 est
2972 451 3035 498 ut
3058 458 3159 498 nos
3189 441 3365 511 facte,
3402 445 3456 500 id
3484 457 3594 514 est,

327 541 552 612 legendo
579 549 634 597 et
653 540 1044 610 perscrutando
1072 547 1477 607 recognoscant.
1506 538 1657 593 Licet
1678 548 1732 593 et
1753 538 1910 593 aliter

326 636 503 702 prima
537 640 591 689 et
627 632 804 686 media
831 641 887 687 et
929 630 1173 702 perlecta
1205 631 1432 702 intelligi
1464 640 1709 700 possunt,
1743 631 1798 685 id
1825 638 1911 684 est

328 738 555 794 qumque
578 724 635 778 in
666 723 913 778 doctrina
941 721 1271 792 evangelica,
1300 720 1470 785 utilia,
1502 721 1716 775 utiliora
1748 729 1910 788 atque

327 815 631 869 utilissima.
691 813 781 878 Ut,
826 812 979 868 verbi
1016 812 1213 881 gratia,
1265 810 1623 882 conjugium,-
1652 810 1906 877 viduitas,

326 906 634 975 virginitas,
669 920 789 974 qua:
842 918 940 975 per
1002 904 1336 958 tricesimum
1383 911 1438 957 et
1510 902 1909 974 sexagesimum

326 1006 489 1066 atque
536 997 894 1053 centesimum
939 993 1175 1049 fructum
1212 993 1498 1063 allegorice
1533 994 1905 1064 designantur.

323 1088 501 1143 Aliter
545 1088 721 1157 prima
771 1096 900 1142 sunt
942 1101 1007 1141 ea
1044 1102 1164 1156 qua:
1206 1086 1261 1140 in
1297 1085 1591 1156 Evangelio
1637 1100 1666 1138 a
1716 1099 1910 1140 concc-

322 1182 508 1253 ptione
561 1180 775 1235 Domini
817 1178 995 1252 [Cod.,
1039 1193 1105 1233 ac
1150 1173 1459 1248 receptioue
1494 1176 1707 1249 Deum]
1739 1192 1910 1246 usque

325 1271 396 1326 ad
438 1271 557 1340 ejus
588 1270 918 1341 baptismum
967 1279 1278 1324 narrantur.
1335 1268 1529 1332 Media,
1575 1284 1698 1339 qua:
1727 1284 1759 1322 ει
1808 1268 1907 1323 ba-

324 1362 524 1431 ptismo
567 1376 740 1430 usque
767 1361 833 1415 ad
876 1361 1164 1415 imminens
1198 1361 1465 1429 passionis
1488 1367 1701 1429 tempus
1737 1359 1792 1412 in
1816 1373 1909 1413 eo-

324 1453 446 1507 dem
464 1453 753 1524 Evangelia
779 1453 1146 1508 continentur.
1171 1450 1442 1516 Perfecta,
1474 1466 1595 1521 quae
1618 1451 1673 1505 in
1702 1451 1907 1507 ultimis

324 1541 602 1609 Evangelii
659 1541 907 1611 partibus
951 1541 1017 1595 de
1071 1539 1188 1608 ejus
1237 1541 1488 1611 passione
1524 1550 1808 1611 morteque
1844 1555 1910 1595 ac

323 1635 721 1689 resurrectione
745 1633 1180 1688 conscribuntur.
1208 1634 1497 1703 Sequitur:
1528 1651 1546 1684 ι
1581 1634 1736 1689 nobis
1761 1633 1907 1689 enim

323 1726 427 1780 hoc
468 1725 523 1780 in
547 1725 728 1781 studio
781 1726 1084 1797 argumenti
1116 1724 1238 1785 fuit.
1278 1746 1296 1779 ι
1349 1733 1405 1780 et
1433 1724 1642 1794 reliqua
1687 1740 1857 1795 usque
1890 1743 1902 1778 :

2009 540 2292 611 cujuslibet
2328 549 2494 609 gestae
2531 540 2630 604 rei,
2671 546 2727 594 et
2749 540 2803 594 in
2838 539 3128 611 Evangelio
3152 553 3250 609 per
3280 538 3595 597 Matthzeum

2010 641 2266 698 narratze,
2291 631 2474 697 ﬁdem,
2507 632 2612 686 hoc
2637 640 2738 695 est,
2773 630 3075 701 simplicem
3098 631 3382 686 veritatem
3405 647 3593 688 rerum

2009 736 2280 794 gestarum
2307 763 2323 784 .
2368 723 2523 779 brevi
2564 736 2814 795 sermone
2861 738 2891 777 a
2938 722 3249 794 genealogia
3295 722 3596 781 Salvatoris

2010 830 2183 884 usque
2228 815 2297 870 ad
2336 812 2582 883 ejusdem
2620 814 2952 883 triumphum
2986 814 3417 879 resurrectionis,
3446 831 3596 869 sum-

2009 906 2196 959 matim
2214 906 2316 960 hoc
2344 914 2663 976 argumento
2679 913 3126 961 monstraremus.
3160 904 3404 959 Secunda
3432 921 3595 961 causa

2009 1004 2091 1052 est
2122 1008 2181 1051 ut
2209 997 2338 1051 illud
2364 1012 2471 1052 non
2516 1008 2839 1063 taceremus,
2871 997 2965 1052 sed
3000 997 3184 1067 potius
3216 996 3451 1054 lectores
3491 1000 3596 1054 hoc

2009 1096 2324 1157 argumento
2358 1089 2792 1152 admoneremus,
2824 1090 2966 1159 quod
3005 1090 3060 1144 in
3103 1090 3355 1151 omnibus
3389 1107 3511 1162 qua:
3538 1093 3595 1146 in

2009 1180 2300 1251 Evangelio
2342 1181 2410 1235 de
2450 1180 2609 1236 dictis
2642 1190 2696 1236 et
2741 1178 2901 1235 factis
2933 1180 3228 1237 Dominicis
3274 1192 3593 1248 narrantur,

2007 1272 2281 1341 operantis
2314 1272 2410 1326 Dei
2451 1271 2713 1327 mirabilis
2742 1272 3023 1341 dispositio
3061 1288 3092 1326 a
3122 1272 3227 1340 piis
3270 1273 3593 1341 quibusdam

2010 1363 2284 1432 Deumque
2317 1363 2753 1419 desiderantibus
2793 1363 3081 1434 diligenter
3122 1364 3466 1434 intelligenda
3498 1364 3590 1418 sit.

2006 1454 2142 1508 Nam
2188 1453 2240 1508 in
2296 1455 2630 1524 argumentis
2677 1461 2966 1522 utrumque
3012 1453 3379 1509 necessarium
3410 1463 3495 1509 est
3532 1464 3593 1507 ut

2007 1553 2063 1600 et
2091 1542 2223 1599 ﬁdes
2270 1544 2350 1598 rei
2405 1543 2580 1597 dubize
2600 1541 2883 1607 elliciatur,
2910 1552 2966 1598 et
2994 1552 3143 1598 certa
3182 1558 3364 1597 rerum
3398 1541 3594 1596 intelli-

2008 1634 2187 1706 gentia
2207 1642 2553 1693 monstretur,
2589 1634 2715 1702 quia
2748 1632 2873 1688 ﬁdei
2908 1648 3092 1688 rerum
3128 1642 3403 1703 gestarum
3433 1631 3595 1686 intel-

2008 1728 2229 1799 ligentia
2266 1727 2574 1782 necessaria
2604 1734 2730 1781 est:
2775 1741 2881 1781 non
2924 1726 3073 1781 enim
3108 1726 3303 1782 sullicit
3344 1726 3591 1791 credere,

331 1835 349 1866 ι
375 1831 480 1871 non
508 1825 713 1872 tacere.
750 1836 769 1869 ι
802 1816 936 1882 Quia
963 1824 1337 1886 argumentum
1359 1825 1441 1871 est
1467 1817 1663 1882 oratio,
1697 1817 1775 1870 rei
1814 1818 1910 1872 du-
1937 1823 1986 1883 B
2015 1818 2120 1872 nisi
2154 1818 2319 1873 etiam
2345 1817 2675 1888 intelligatur
2711 1818 2854 1887 quod
2881 1818 3141 1873 creditur.

320 1906 427 1963 bim
449 1906 656 1964 faciens
685 1907 867 1975 ﬁdem,
893 1908 963 1963 ob
1001 1910 1136 1964 duas
1164 1925 1361 1963 causas
1383 1910 1486 1963 hoc
1523 1919 1904 1979 argumentum

2029 1932 2033 1939 ε
2096 1909 2327 1980 Explicit
2363 1910 2417 1963 in
2464 1918 2829 1979 argumentum
2868 1908 3153 1963 secundum
3187 1908 3516 1963 Matt/uram.

1245 2162 1971 2243 ARGUMENTUM
2050 2163 2157 2261 IN
2231 2160 2684 2237 MARCUM.

1804 2317 1966 2380 (ωλι,
1991 2312 2130 2378 ibid.)

394 2506 606 2564 Marcus
651 2508 1003 2580 evangelista,
1065 2509 1158 2564 Dei
1199 2517 1255 2564 et
1301 2509 1444 2564 Petri
1491 2509 1545 2563 in
1585 2507 1906 2578 baptismate

325 2598 466 2653 tilius
494 2605 658 2668 atque
705 2598 758 2652 in
794 2598 977 2652 divino
1014 2613 1263 2653 sermone
1293 2598 1610 2668 discipulus,
1646 2598 1903 2652 sacerdo-

324 2687 458 2742 tium
520 2685 574 2740 in
617 2684 780 2741 Israel
823 2701 1009 2757 agens,
1068 2688 1364 2742 secun'lum
1407 2702 1628 2743 carnem
1691 2686 1900 2751 Levita,

322 2792 617 2833 conversus
679 2778 747 2833 ad
793 2777 952 2833 ﬁdem
1002 2778 1200 2834 Christi
1252 2777 1600 2848 Evangelium
1657 2777 1710 2830 in
1752 2775 1900 2829 Italia

323 2865 557 2934 scripsit,
583 2868 872 2921 ostendens
900 2868 953 2921 in
997 2881 1062 2921 eo
1091 2867 1218 2936 quid
1248 2876 1301 2920 et
1337 2866 1521 2937 generi
1561 2881 1657 2920 suo
1684 2866 1903 2920 deberet

320 2964 376 3007 et
404 2953 640 3010 Christo.
672 2954 803 3009 Nam
826 2957 1035 3010 initium
1068 2957 1313 3025 principii
1343 2957 1393 3010 in
1426 2972 1554 3010 voce
1578 2956 1905 3026 prophetica:

320 3044 729 3102 exclamationis
752 3048 1062 3114 instituens,
1111 3049 1354 3102 ordinem
1382 3047 1633 3102 Leviticae
1678 3046 1903 3101 electio-

322 3138 405 3191 nis
435 3138 686 3204 ostendit,
736 3149 794 3192 ut
821 3140 1121 3209 pr.edicans
1158 3137 1418 3193 Joannem
1464 3139 1902 3208 praedestinatum

321 3225 489 3277 lilium
514 3226 808 3292 Zachariae,
867 3228 919 3281 in
942 3244 1072 3283 voce
1092 3228 1264 3297 angeli
1325 3229 1697 3281 annnntiantis
1746 3228 1910 3281 emis-

323 3332 464 3381 sum,
494 3332 599 3371 non
654 3318 826 3371 solum
881 3317 1110 3372 Verbum
1145 3335 1272 3374 caro
1302 3319 1525 3384 factum,
1577 3321 1669 3374 sed
1701 3330 1755 3373 et
1780 3336 1904 3375 cor-

319 3423 421 3478 pus
448 3408 661 3463 Domini
696 3411 748 3463 in
788 3411 969 3465 omnia
999 3427 1098 3481 per
1128 3412 1350 3466 verbum
1382 3410 1576 3466 divina:
1606 3413 1754 3466 vocis
1783 3413 1902 3466 ani—

320 3509 523 3555 matum
557 3502 713 3558 initio
752 3503 1076 3574 evangelicae
1103 3504 1505 3575 praedicationis
1547 3507 1857 3559 ostenderet
1887 3523 1899 3556 :

322 3591 496 3659 utqui
536 3593 648 3648 haec
675 3593 860 3665 legens
886 3595 1069 3661 sciret,
1098 3595 1184 3649 cui
1219 3595 1430 3649 initium
1473 3596 1651 3650 carnis
1688 3596 1740 3649 in
1794 3597 1905 3650 Deo

320 3692 375 3734 et
438 3681 567 3738 Jesu
662 3686 1000 3741 advenientis
1066 3686 1430 3741 habitaculum
1486 3702 1615 3742 caro
1683 3686 1904 3741 deberet

320 3789 632 3842 agnoscere,
670 3788 832 3847 atque
866 3778 1001 3834 inse
1031 3780 1252 3834 verbum
1295 3779 1460 3843 vocis,
1521 3779 1664 3849 quod
1696 3779 1747 3833 in
1776 3795 1903 3833 cou-

320 3867 637 3922 smautibus
665 3872 998 3938 perdiderat,
1054 3872 1339 3927 inveniret.
1391 3872 1632 3942 Denique
1679 3881 1733 3925 et
1780 3886 1900 3943 per-

320 3956 448 4013 fecti
488 3959 763 4032 Evangelii
813 3979 948 4033 opus
1000 3966 1228 4029 intrans,
1254 3974 1310 4019 et
1338 3981 1367 4018 a
1389 3965 1655 4035 baptismo
1686 3965 1899 4019 Domini

320 4054 619 4121 praedicare
672 4055 839 4109 Deum
881 4057 1161 4121 inchoans,
1203 4073 1306 4109 non
1364 4058 1649 4120 laboravit,
1703 4057 1900 4110 nativi-

323 4149 488 4194 tatem
522 4143 723 4206 carnis,
763 4159 925 4212 quam
977 4144 1028 4199 in
1067 4146 1341 4213 prioribus
1392 4147 1617 4210 viderat,
1664 4147 1843 4199 dicere
1887 4162 1901 4208 ;

2014 2506 2106 2561 sed
2144 2515 2289 2561 totus
2314 2507 2366 2561 in
2405 2506 2592 2577 primis
2640 2503 3029 2575 expositionem
3066 2502 3288 2568 deserti,
3327 2503 3591 2574 jejunium

2014 2597 2224 2651 numeri
2256 2638 2269 2660 ,
2305 2597 2653 2651 tentationem
2700 2593 2917 2656 diaboli,
2957 2594 3427 2663 congregationem
3471 2597 3592 2649 bes-

2015 2687 2233 2750 tiarum,
2266 2694 2321 2740 et
2362 2685 2723 2739 ministerium
2763 2682 2985 2753 protulit
3026 2682 3336 2753 angelorum
3368 2702 3380 2736 :
3414 2694 3471 2737 ut
3513 2686 3592 2739 in-

2012 2777 2240 2831 Stituens
2287 2791 2385 2831 nos
2431 2776 2496 2830 ad
2544 2775 2967 2845 intelligendum,
3001 2790 3063 2828 ac
3096 2775 3303 2845 singula
3339 2775 3393 2829 in
3443 2777 3589 2831 brevi

2012 2867 2375 2936 cmnpingens,
2430 2882 2529 2920 nec
2578 2865 2951 2919 auctoritatem
2997 2864 3153 2919 facta:
3203 2866 3278 2920 rei
3327 2867 3589 2933 demeret,

2005 2965 2057 3010 et
2093 2955 2419 3026 perﬁciendo
2444 2955 2590 3026 operi
2627 2954 3009 3024 plenitudinem
3062 2969 3165 3008 non
3209 2962 3447 3023 negaret.
3479 2953 3587 3010 De-

2006 3050 2168 3119 nique
2208 3057 2518 3118 amputasse
2555 3048 2654 3103 sibi
2706 3057 2828 3116 post
2869 3047 3025 3102 fidem
3081 3048 3329 3116 pollicere
3369 3047 3589 3111 dicitur,

2006 3149 2066 3193 ut
2095 3139 2396 3194 sacerdotio
2450 3140 2712 3208 reprobus
2747 3139 3055 3193 haberetur.
3089 3137 3195 3193 Sed
3225 3147 3433 3193 tantum
3461 3154 3593 3193 con-

2008 3233 2245 3287 sentiens
2290 3232 2413 3287 ﬁdei
2461 3233 2840 3301 prmdcstinata
2890 3232 3061 3302 potuit
3115 3231 3328 3297 electio,
3376 3241 3434 3286 ut
3484 3245 3588 3285 nec

2010 3325 2089 3379 sic
2151 3325 2203 3378 in
2253 3340 2416 3395 opere
2443 3324 2591 3377 verbi
2636 3323 2885 3392 perderet
2930 3323 3073 3394 quod
3109 3322 3261 3393 prius
3316 3333 3590 3377 meruerat

2010 3415 2061 3468 in
2108 3430 2321 3483 genere.
2370 3414 2503 3467 Nam
2551 3414 2893 3468 Alexandria:
2934 3414 3216 3484 cpiscopus
3264 3412 3387 3476 fuit,
3437 3412 3588 3480 cujus

2006 3521 2103 3574 per
2129 3504 2333 3575 singula
2362 3521 2496 3574 opus
2535 3505 2673 3558 scire
2695 3544 2710 3568 ,
2744 3504 3017 3574 Evangelii
3050 3504 3100 3557 in
3130 3519 3189 3558 se
3221 3504 3365 3557 dicta
3406 3503 3588 3570 dispo-

2004 3613 2155 3656 nere,
2190 3606 2246 3650 et
2282 3596 2619 3661 disciplinam
2656 3596 2707 3647 in
2757 3610 2815 3648 se
2840 3594 2972 3664 legis
3009 3609 3324 3664 agnoscere,
3358 3602 3411 3648 et
3449 3593 3588 3647 (“\l-

2008 3707 2130 3745 nam
2154 3691 2208 3744 in
2260 3704 2426 3743 carne
2470 3687 2683 3741 Domini
2732 3687 3030 3757 intelligere
3068 3697 3337 3752 naturam,
3371 3680 3487 3755 qum
3531 3686 3586 3739 in

2006 3777 2107 3835 nos
2167 3780 2399 3850 primum
2470 3778 2693 3849 requiri,
2745 3779 2939 3831 dehinc
3004 3777 3259 3846 inquisita
3326 3777 3576 3829 volunms

2007 3872 2249 3943 agnosci,
2303 3871 2563 3925 habentes
2603 3870 2905 3924 mercedem
2957 3869 3388 3924 exhortationis;
3446 3883 3583 3937 quo-

2009 3964 2153 4016 niam
2200 3963 2289 4029 qui
2349 3961 2583 4029 plantat,
2623 3960 2793 4028 ctqui
2846 3959 3003 4029 rigat,
3052 3974 3215 4012 unum
3265 3967 3436 4023 sunt;
3491 3958 3584 4027 qni

2009 4065 2187 4108 autent
2230 4056 2619 4108 incrementum
2661 4060 2899 4122 praestat,
2927 4052 3067 4107 Dens
3104 4062 3202 4103 est.

2451 4143 2681 4212 Ea'plicit
2723 4156 3103 4211 argumentum.

2002 4281 2439 4291 __———_.-—_.

1066 4393 1696 4509 EJUSDEM
1786 4390 2342 4505 SEDULll
2429 4361 2843 4499 SCOTI

583 4610 874 4671 INCIPIT
916 4609 1696 4672 EXPLANATIUNCULA
1741 4609 1820 4668 IN
1865 4604 2427 4668 ARGUMENTUM
2470 4602 2892 4664 SECUNDUM
2937 4601 3296 4665 MARCUM.

393 4851 504 4905 Hoc
530 4856 907 4920 argumentum
929 4862 1098 4919 genus
1131 4846 1471 4916 oﬂiciumque
1500 4856 1553 4904 et
1580 4846 1899 4902 electionem
1926 4847 1980 4906 D
2006 4844 2406 4913 interpretatur.
2458 4862 2476 4894 ς
2506 4843 2599 4897 Dei
2647 4851 2701 4897 et
2752 4841 2899 4897 Petri
2942 4842 2995 4895 in
3053 4842 3376 4911 baptismate
3441 4840 3584 4896 ﬁlius

318 4939 483 4995 Marci
510 4938 851 5010 evangelista:
875 4938 1046 5009 prima
1074 4938 1157 4992 sui
1186 4945 1342 5007 parte
1369 4938 1629 5003 declarat,
1654 4935 1891 4991 secunda

319 5031 670 5087 intentionem
750 5030 989 5101 ejusdem
1074 5028 1418 5100 evangelista:
1497 5028 1550 5082 in
1612 5028 1896 5083 scribendo

318 5123 519 5177 Christi
559 5121 849 5193 Evangelio
879 5121 1136 5187 ostendit,
1161 5120 1320 5176 tertia
1351 5121 1520 5191 ipsius
1572 5119 1735 5173 Marci
1782 5119 1897 5187 epi—

319 5212 902 5282 scopatusdignitatem
943 5227 1067 5267 cum
1101 5211 1273 5266 laudis
1310 5210 1579 5282 praeconio
1619 5207 1893 5263 describit.

319 5301 598 5359 Postremo
642 5302 870 5373 qualiter
894 5318 991 5371 per
1037 5302 1243 5373 singula
1290 5303 1463 5373 ipsum
1499 5316 1634 5371 opus
1672 5315 1899 5369 evange-

325 5393 485 5448 licum
527 5394 828 5466 intelligere
854 5395 1146 5449 debeamus
1174 5396 1447 5450 admonet.
1479 5394 1665 5464 itaque
1699 5407 1895 5447 nomen

321 5493 377 5538 et
431 5483 662 5540 oﬁicium
722 5486 894 5556 ipsius
938 5499 1182 5555 personae
1247 5485 1301 5539 in
1352 5484 1652 5555 argumenti
1721 5482 1898 5538 fronte

323 5579 561 5653 ponitur,
615 5597 739 5636 cum
774 5582 986 5636 Marcus
1022 5579 1349 5651 evangelista
1397 5580 1511 5650 ipse
1558 5579 1889 5649 designatur.

329 5688 348 5720 ι
396 5668 607 5725 Marcus
648 5671 973 5741 evangelista
1007 5690 1019 5725 :
1053 5693 1070 5724 ι
1115 5670 1327 5726 Marcus
1376 5671 1601 5725 Hebrazo
1644 5683 1893 5723 sermone

2000 4936 2229 5006 atquein
2255 4937 2432 4990 divino
2445 4952 2692 4991 sermone
2717 4935 3030 5005 discipulus.
3064 4955 3083 4987 ι
3110 4935 3191 4991 Ob
3216 4937 3317 4990 hoc
3338 4934 3584 4990 excelsus

2001 5031 2199 5084 merito
2243 5037 2299 5082 et
2341 5029 2669 5098 evangelista
2708 5028 2825 5083 ﬁeri
2866 5029 3184 5097 promeruit,
3230 5028 3356 5097 quia
3399 5026 3582 5082 divina

2003 5131 2292 5193 prazstante
2319 5122 2491 5189 gratia
2535 5123 2686 5191 prius
2722 5122 3048 5192 baptismate
3085 5121 3139 5175 in
3175 5119 3396 5175 Christo
3427 5134 3583 5174 rena-

2005 5221 2111 5275 tus,
2148 5212 2201 5265 in
2249 5210 2428 5265 divina
2468 5210 2733 5279 sapientia
2770 5210 3068 5265 instructus
3111 5216 3214 5263 est.
3266 5207 3358 5264 Sic
3397 5216 3578 5261 autem

2001 5301 2434 5371 distinguendum
2460 5309 2560 5365 est,
2598 5308 2659 5354 ut
2699 5301 2875 5372 primo
2902 5300 3281 5369 pronuntietur
3309 5317 3330 5350 α
3365 5299 3580 5352 Marcus

1998 5392 2351 5460 evangelista,
2382 5410 2402 5442 ›
2433 5405 2495 5445 ac
2524 5391 2715 5446 deinde
2741 5388 3158 5465 subinferatur:~
3179 5409 3196 5440 ι
3229 5389 3323 5445 Dei
3349 5398 3403 5443 et
3434 5387 3579 5442 Petri

1999 5485 2051 5539 in
2091 5486 2414 5554 baptismate
2454 5484 2614 5539 ﬁlius.
2649 5505 2669 5535 ι
2702 5484 2913 5540 Marcus
2951 5484 3091 5539 ﬁlius
3130 5484 3225 5540 Dei
3263 5490 3348 5538 est
3389 5484 3441 5536 in
3478 5482 3578 5535 ba-

1996 5575 2274 5643 ptismate,
2302 5577 2428 5646 quia
2450 5577 2789 5647 baptismatis
2815 5578 2963 5637 fonte
2992 5580 3045 5634 in
3070 5581 3182 5635 Deo
3212 5585 3449 5639 renatus,
3483 5591 3580 5646 per

1994 5664 2298 5735 adeptionis
2341 5668 2569 5738 gratiam
2607 5667 2776 5723 Filius
2812 5668 2907 5724 Dei
2938 5668 3186 5725 elﬁcitur.
3226 5668 3393 5723 Filius
3429 5664 3577 5719 Petri

327 5765 572 5819 excelsus
603 5760 837 5831 dicitur;
865 5763 1190 5834 evangelista
1228 5760 1415 5816 Grzecc
1460 5764 1597 5817 bona
1643 5759 1893 5815 nuntians
1990 5758 2045 5814 iu
2082 5759 2403 5831 baptismate
2440 5779 2558 5821 esse
2585 5763 2804 5829 dicitur,
2858 5763 2985 5833 quia
3013 5764 3080 5818 ab
3119 5763 3235 5834 ipso
3269 5760 3576 5830 baptizatus
