3982 6198
236 327 336 385 εει

1100 335 1465 394 EXPOSITIU
1502 339 1569 394 lN
1607 339 2095 397 ARCUMENTUM
2133 344 2385 403 EVANG.
2428 349 2656 408 MARCI.

3393 361 3501 418 282

234 452 294 497 et
323 442 650 506 histructus,
682 451 828 498 recte
864 444 1158 513 spiritualis
1181 450 1298 520 ejus
1327 450 1470 508 ﬁlius
1498 454 1826 511 nominatur.
1855 451 1910 511 Δ
1932 454 2145 512 Domini
2187 461 2456 529 quondam
2495 462 2677 518 fuerat
2721 467 3071 534 praedictum;
3110 468 3214 524 hoc
3250 478 3332 527 est
3359 472 3504 540 quod

238 532 319 588 De
369 546 474 601 qua
521 546 584 586 re
610 532 942 601 Apostolus:
986 532 1458 609 Filiolimri,quos
1496 541 1685 595 iterum
1704 559 1831 612 par-

240 622 381 675 tiu-io
439 620 610 675 donec
647 620 905 689 formetur
944 620 1182 678 Christus
1220 626 1274 680 in
1310 627 1470 682 vobis.
1508 647 1526 679 ε
1562 628 1829 684 Sacerdo—

243 712 374 766 tium
421 711 478 764 in
536 710 704 765 Israel
751 725 919 782 agens
969 714 1270 769 secundum‘
1311 731 1530 772 carnem
1567 718 1773 773 Levita.
1805 738 1823 772 ι

242 800 539 855 Pristiuum
568 801 909 855 sacerdotale
943 802 1172 858 cincinni
1212 813 1267 860 et
1306 808 1557 863 nobilitas
1591 809 1828 863 carnalis

242 891 510 962 prosapiae
534 889 779 959 ejusdem
794 891 961 946 Marci
982 893 1306 961 ostenditur,
1342 905 1400 950 ut
1420 913 1528 952 non
1548 899 1825 956 immerito

242 984 308 1037 ad
368 983 582 1052 apicem
632 981 931 1053 spiritualis
978 991 1035 1037 et
1083 985 1483 1042 excellentioris
1541 989 1829 1045 sacerdotii

242 1072 587 1139 postmodum
610 1072 1058 1145 transcenderet,
1100 1074 1191 1143 qui
1214 1076 1363 1145 prius
1401 1079 1617 1133 carnale
1651 1095 1832 1135 sacer-

242 1160 446 1214 dotium
493 1143 639 1229 juste
684 1176 748 1215 ac
791 1160 1030 1230 legitime
1059 1162 1113 1216 in
1155 1143 1320 1219 Israel
1359 1167 1570 1236 agebat,
1606 1184 1729 1222 cum
1762 1185 1830 1224 ex

242 1248 366 1303 Levi
407 1249 736 1315 sacerdotali
788 1250 933 1315 tribu
985 1260 1137 1307 ortus
1182 1262 1285 1308 est.
1334 1253 1442 1310 Sed
1498 1260 1719 1326 quando
1762 1270 1820 1315 et

242 1342 327 1394 ubi
355 1340 710 1411 Evangelium
742 1342 1040 1412 scripserit,
1092 1344 1492 1401 demonstratur
1521 1365 1646 1404 cum
1696 1354 1828 1407 sub-

241 1432 428 1485 ditur:
490 1449 508 1483 ι
541 1447 835 1489 conversus
896 1434 964 1488 ad
1005 1433 1161 1489 fidem
1206 1434 1404 1492 Christi
1468 1440 1827 1512 Evangelium

242 1522 293 1577 in
321 1523 482 1577 italia
511 1523 749 1593 scripsit.
774 1525 948 1591 Tunc,
973 1526 1169 1596 inquit,
1199 1529 1550 1601 Evangelium
1577 1535 1824 1604 scripsit,

239 1623 528 1684 postquam
584 1614 651 1670 ad
702 1614 865 1670 ﬁdem
926 1615 1128 1672 Christi
1177 1634 1468 1678 conversus
1535 1634 1637 1680 est.
1691 1624 1828 1679 Nam

240 1711 535 1773 antequam
572 1703 733 1761 ﬁdem
764 1703 968 1761 Christi
1009 1709 1330 1780 perciperet,
1363 1713 1523 1784 digna
1560 1715 1627 1770 de
1668 1714 1827 1771 Chri-

1930 547 2002 603 sit
2023 549 2244 618 angelus
2269 559 2397 607 ante
2430 552 2623 609 faciem
2664 556 2873 611 Domini
2912 560 3259 627 praemissus,
3299 572 3357 616 et
3399 578 3505 617 vox

1929 638 2152 692 verbum
2190 639 2370 695 Patris
2395 658 2753 711 praecurrens.
2795 644 2904 699 Cur
2930 655 3110 702 autem
3140 649 3193 703 in
3223 665 3356 705 voce
3379 666 3507 721 pro-

1925 726 2156 796 pheticae
2180 728 2603 797 exclamationis,
2637 734 2847 787 initium
2878 736 3046 804 ipsius
3073 739 3321 809 principii
3351 741 3496 796 Mar-

1929 830 2027 870 cus
2050 816 2350 883 inchoaret,
2381 835 2542 874 causa
2571 823 2874 878 ostenditur
2894 840 3015 880 cum
3042 828 3289 882 subditur
3322 848 3335 883 :
3374 848 3391 881 ‹
3438 839 3499 885 ut

1876 932 1887 943 -
1927 903 2227 971 praedicans
2244 905 2680 974 praedestinatum
2698 909 2961 967 Joannem
2983 913 3151 969 filium
3172 917 3498 984 Zachariam

1929 1002 1986 1048 et
2010 994 2216 1064 reliqua
2253 1011 2425 1066 usque
2454 1017 2465 1051 :
2502 1016 2521 1049 α
2553 1001 2880 1056 ostenderet.
2919 1024 2939 1056 ι
2976 1005 3110 1059 Dum
3136 1007 3328 1064 beatus
3360 1009 3501 1065 Mar-

1929 1100 2025 1138 cus
2053 1082 2315 1140 Joannem
2358 1102 2747 1155 praecursorem
2792 1092 3003 1147 Domini
3038 1096 3324 1163 prmdicat,
3357 1101 3500 1167 quod

1928 1172 2152 1244 angelus
2178 1181 2249 1230 sit
2283 1186 2407 1230 ante
2437 1176 2648 1242 faciem,
2675 1182 2726 1234 id
2768 1191 2872 1247 est,
2913 1184 3252 1241 manifestam
3288 1190 3502 1256 appari-

1930 1263 2131 1317 tionem
2180 1266 2573 1322 incarnationis
2619 1268 2839 1337 Christi,
2894 1275 3227 1342 praemissus,
3275 1286 3331 1332 et
3365 1277 3507 1346 quod

1928 1367 2030 1408 vox
2063 1354 2134 1408 sit
2163 1356 2384 1410 verbum
2423 1358 2624 1427 Patris,
2655 1364 3026 1432 conceptione,
3069 1368 3373 1434 nativitate,
3415 1369 3507 1423 do-

1928 1442 2124 1507 ctrina,
2178 1444 2520 1515 baptismate,
2570 1446 2933 1520 praecurrens,
2989 1455 3064 1509 ibi
3107 1456 3296 1526 procul
3344 1457 3507 1512 dubio

1927 1546 2034 1585 non
2062 1529 2233 1585 solum
2262 1530 2496 1588 Verbum
2514 1576 2529 1601 ,
2562 1536 2615 1590 id
2640 1547 2727 1592 est
2751 1539 2969 1594 unicum
2994 1540 3092 1595 Dei
3119 1542 3348 1609 Filium,
3385 1559 3507 1599 car-

1926 1635 2049 1675 nem
2073 1622 2368 1690 sumpsisse
2396 1627 2654 1692 ostendit,
2680 1628 2774 1683 sed
2804 1638 2859 1683 et
2885 1644 3069 1685 veram
3093 1633 3327 1687 animam
3355 1635 3501 1689 iuse-

1926 1712 2238 1782 parabiliter
2266 1715 2516 1772 habuisse
2545 1718 2803 1774 declarat.
2836 1720 2955 1777 Non
2989 1723 3133 1777 enim
3153 1723 3308 1792 juxta
3334 1725 3506 1782 haere-

240 1804 321 1848 sto
363 1794 609 1850 scribere
641 1811 744 1850 non
774 1805 1006 1867 poterat.
1038 1798 1214 1855 Locus
1241 1804 1616 1860 conscribendi
1635 1806 1822 1861 'Evan-
1857 1789 1902 1849 Β
1931 1802 2094 1856 ticam
2116 1805 2460 1873 pravitatem,
2492 1806 2693 1863 Christi
2722 1810 2975 1868 divinitas
2994 1789 3169 1869 solam
3188 1814 3303 1870 sine
3324 1816 3504 1891 anima

238 1885 362 1953 gelii
419 1885 575 1940 Italia
623 1900 745 1941 esse
806 1897 1161 1956 monstratur,
1215 1891 1270 1945 in
1319 1908 1424 1963 qua
1467 1894 1643 1963 ipsum
1689 1911 1824 1967 opus

242 1977 505 2047 scriptum
542 1978 715 2034 fuisse
748 1981 1011 2036 traditur.-
1045 1998 1152 2037 non
1187 1986 1329 2056 quod
1369 1987 1553 2043 Italico
1605 1989 1690 2043 vel
1716 1989 1825 2044 Ro-

238 2083 421 2132 mano,
470 2068 564 2123 sed
585 2067 773 2125 Graeco
794 2085 1060 2149 sermone,
1093 2078 1458 2146 conscriptum
1494 2080 1584 2135 sit.

304 2154 419 2211 Cur
443 2165 624 2212 autem
655 2158 868 2216 Marcus
894 2160 1243 2234 Evangelium
1268 2168 1567 2239 scripserit,
1600 2172 1829 2228 demon-

234 2253 445 2300 stratur
457 2260 583 2301 cum
606 2248 949 2319 subiungitur
968 2269 981 2303 :
1005 2270 1022 2303 ι
1047 2250 1349 2330 Ostendens
1364 2257 1415 2311 in
1429 2272 1495 2312 eo
1513 2274 1679 2332 opere
1690 2263 1821 2331 quid

234 2337 422 2405 generi
454 2353 552 2392 suo
578 2338 799 2395 deberet
821 2350 877 2395 et
913 2341 1152 2401 Christo.
1187 2367 1206 2399 ι
1253 2347 1386 2403 Nam
1425 2366 1547 2406 cum
1578 2353 1694 2424 ipse
1720 2356 1823 2412 Le-

234 2427 343 2479 vita
370 2437 531 2493 erat,
562 2443 628 2483 ex
655 2445 760 2499 qua
789 2432 931 2487 tribu
960 2436 1110 2490 multi
1136 2440 1417 2507 prophetxe
1440 2443 1547 2497 orti
1579 2444 1817 2514 fuerant,

236 2530 391 2571 suum
428 2516 780 2591 Evangelium
805 2537 836 2576 a
857 2538 992 2579 voce
1011 2527 1327 2596 prophetica
1361 2531 1462 2587 rite
1499 2533 1817 2593 inchoavit:

233 2614 286 2660 et
324 2616 592 2678 tanquam
622 2609 864 2667 Levitam
886 2653 901 2679 ,
948 2614 1015 2670 de
1042 2614 1251 2671 Joanne
1288 2618 1532 2688 Baptista
1571 2622 1823 2682 similiter

230 2693 424 2750 Levita
467 2705 523 2752 et
556 2698 822 2756 Altissimi
860 2705 1148 2776 pr0pheta,
1179 2708 1354 2778 ipsum
1382 2712 1670 2780 oportebat
1695 2729 1821 2784 pro-

231 2786 453 2853 phetica
505 2803 639 2844 voce
691 2792 1059 2849 testimonium
1114 2798 1417 2867 perhibere.
1465 2800 1606 2868 Quin
1655 2804 1821 2863 etiam

234 2891 355 2930 cum
381 2875 639 2933 Christus
668 2894 776 2935 non
804 2882 977 2937 solum
1003 2899 1069 2940 ex
1100 2887 1243 2942 tribu
1265 2887 1424 2957 Juda,
1455 2891 1550 2946 sed
1574 2908 1644 2947 ex
1673 2894 1818 2950 tribu

234 2982 457 3036 quoque
506 2967 637 3024 Levi
691 2973 874 3028 carnis
921 2975 1184 3045 originem
1231 2979 1405 3046 duxit,
1451 2982 1550 3052 ipsi
1589 2983 1818 3042 Domino

1927 1907 2185 1961 carnem,
2231 1896 2324 1950 sed
2373 1905 2543 1952 totum
2590 1900 2864 1956 hominem
2894 1903 3186 1958 secundum
3222 1920 3419 1976 corpus
3447 1915 3505 1962 et

1926 1985 2164 2041 animam
2192 1989 2504 2057 assumpsit.
2537 1988 2595 2043 In
2633 2005 2698 2045 eo
2736 1999 2916 2046 autem
2954 1994 3098 2062 quod
3124 1993 3200 2048 ait
3246 2011 3267 2045 ι
3300 2009 3500 2065 corpus

1922 2078 2135 2138 Domini
2187 2079 2243 2133 in
2276 2080 2457 2135 omnia
2485 2097 2583 2151 per
2609 2084 2830 2151 verbum
2873 2084 3068 2139 divinae
3102 2085 3250 2142 vocis
3293 2089 3504 2147 anima-

1923 2178 2070 2237 tum,
2102 2191 2122 2225 ι
2165 2187 2273 2227 non
2299 2171 2444 2228 aliud
2481 2172 2555 2228 ibi
2584 2174 2810 2229 verbum
2842 2189 3002 2244 quam
3036 2174 3271 2231 divinam
3313 2189 3503 2230 vocem

1923 2258 2225 2334 intelligere
2250 2269 2485 2333 oportet,
2511 2270 2571 2316 ut
2603 2262 2675 2317 sit
2697 2276 2906 2329 sensus,
2938 2278 3036 2334 per
3058 2264 3283 2319 verbum
3304 2264 3499 2320 divina:

1921 2353 2092 2419 vocis,
2122 2368 2219 2425 per
2242 2355 2417 2425 ipsum
2446 2354 2863 2424 verbum,.quod
2896 2354 3030 2411 nihil
3051 2354 3196 2411 aliud
3219 2364 3305 2412 est
3331 2370 3497 2427 quam

1923 2442 2105 2498 divina
2120 2460 2242 2501 vox.
2259 2444 2496 2501 Verbum
2514 2460 2746 2514 namque
2756 2445 2934 2501 Patris
2958 2446 3011 2501 id
3026 2446 3198 2517 ipsum
3214 2454 3363 2501 estet
3376 2460 3499 2501 vox.

1920 2530 2121 2598 Patris,
2148 2549 2246 2604 per
2265 2533 2408 2604 quod
2428 2534 2650 2589 verbum
2675 2533 2944 2603 quomodo
2969 2534 3151 2589 omnia
3179 2532 3324 2588 facta
3352 2542 3499 2600 sunt,

1921 2622 1999 2679 sic
2019 2624 2195 2677 anima
2220 2622 2422 2679 Christi
2449 2630 2631 2678 creata
2650 2630 2753 2679 est.
2775 2622 2857 2693 Ob
2877 2625 2981 2678 hoc
3005 2639 3237 2693 namque
3260 2623 3491 2695 dicitur:

1926 2730 1945 2763 ι
1984 2728 2180 2783 corpus
2211 2713 2427 2769 Domini
2458 2714 2511 2768 in
2537 2715 2720 2769 omnia
2749 2729 2848 2783 per
2877 2715 3098 2769 verbum
3127 2713 3322 2769 divinae
3348 2714 3500 2770 vocis

1922 2804 2244 2860 animatum.
2285 2823 2304 2856 ι
2343 2802 2543 2859 Audito
2589 2804 2767 2874 itaque
2796 2803 2944 2859 verbi
2974 2802 3059 2858 vel
3086 2805 3233 2858 vocis
3259 2803 3499 2871 nomine,

1918 2910 2027 2951 non
2072 2894 2230 2949 nobis
2273 2894 2512 2950 carnalis
2562 2895 2893 2950 consuetudo
2940 2893 3253 2965 obstrepat,
3294 2900 3355 2951 ut
3395 2893 3501 2950 tale

1923 2984 2148 3040 verbum
2189 2984 2276 3040 vel
2302 2999 2490 3040 vocem
2533 2985 2713 3040 Patris
2742 2985 3061 3054 cogitemus,
3109 2983 3290 3054 qualia
3330 2984 3498 3042 verba

232 3056 514 3115 Leviticus
560 3062 893 3131 evangelista
937 3064 1150 3122 debitor
1188 3079 1307 3125 erat
1341 3079 1401 3126 ut
1436 3070 1553 3141 ejus
1582 3073 1820 3147 Evange-
1860 3145 1887 3147 _
1922 3075 2171 3129 sonantia
2198 3082 2255 3129 et
2288 3074 2599 3130 transitoria
2634 3072 2979 3144 proferimus.
3023 3072 3130 3130 Sed
3167 3075 3271 3131 hoc
3299 3074 3493 3139 melius

232 3149 362 3204 lium
409 3152 804 3207 conscriberet.
848 3154 1000 3211 Unde
1034 3159 1286 3216 subditur
1315 3180 1328 3214 :
1382 3181 1400 3212 ε
1437 3178 1562 3219 nam
1606 3145 1816 3222 initium
1846 3145 1891 3207 (λ
1924 3162 1979 3217 in
2007 3164 2355 3233 sequentibus
2378 3163 2739 3218 adverlemus-

230 3239 491 3310 principii
533 3241 588 3295 in
638 3257 769 3299 voce
818 3246 1146 3316 prophetica:
1192 3250 1605 3310 exclamationis
1658 3256 1816 3312 insti-

233 3335 419 3394 tuens,
452 3330 699 3387 ordinem
730 3334 981 3390 Leviticzn
1000 3337 1279 3395 electionis
1301 3343 1552 3398 ostendit.
1588 3364 1606 3398 ι
1641 3346 1821 3402 Claret

233 3432 474 3487 namque
524 3422 667 3490 quod
723 3423 914 3480 beatus
958 3425 1169 3483 Marcus
1215 3429 1458 3487 debitum
1504 3433 1818 3491 Levitarum

236 3506 605 3563 ministerium
631 3510 685 3564 in
715 3527 877 3584 opere
907 3517 1215 3587 evangelico
1245 3520 1658 3590 demonstravit,
1690 3526 1816 3581 dum

235 3613 341 3653 non
368 3599 502 3655 alibi
529 3604 813 3659 exardium
851 3608 933 3662 sui
963 3608 1241 3682 Evangelii
1271 3630 1435 3686 quam
1464 3618 1517 3672 in
1545 3620 1818 3688 propheti-

233 3691 312 3745 cis
345 3690 579 3761 eloquiis
624 3693 894 3753 instruere
944 3703 1289 3768 procuravit,
1341 3713 1398 3761 et
1446 3709 1600 3776 quasi
1647 3710 1820 3765 bonus

232 3782 416 3853 epifex
451 3792 509 3838 et
529 3786 861 3844 architectus
890 3806 1053 3862 super
1086 3796 1469 3869 prophetarum
1499 3798 1818 3856 fundamen-

235 3879 347 3925 tum
388 3888 526 3942 opus
552 3877 922 3946 evangelicum
950 3894 1269 3939 construere
1301 3888 1467 3956 coepit
1494 3906 1508 3942 :
1543 3903 1649 3943 non
1674 3892 1818 3959 quod

234 3967 515 4033 propheta)
534 3981 601 4020 ex
627 3968 748 4024 aliis
778 3970 1021 4028 tribubus
1044 3975 1151 4028 Ot‘li
1183 3992 1290 4032 non
1321 3985 1524 4043 essent,
1566 3980 1661 4034 sed
1689 3981 1816 4051 quia

232 4057 508 4125 praecipue
543 4057 801 4116 Leviticaa
840 4063 1004 4118 tribui
1034 4066 1329 4121 secundum
1359 4067 1682 4124 electionem
1710 4071 1818 4126 Do-

231 4146 366 4199 mini
405 4148 784 4218 propheticum
837 4153 1200 4211 ministerium
1251 4157 1431 4216 fuerat
1476 4177 1812 4220 concessum.

230 4232 351 4289 Non
380 4251 513 4306 ergo
538 4240 695 4309 quasi
721 4257 818 4311 per
844 4245 1085 4313 rapinam
1118 4247 1411 4306 indebitum
1446 4252 1546 4308 sibi
1577 4255 1817 4311 ministe-

230 4324 377 4379 rium
420 4326 631 4385 Marcus
684 4336 985 4403 usurpavit,
1031 4340 1126 4393 sed
1160 4339 1314 4408 juxta
1351 4343 1666 4401 electionem
1704 4362 1816 4403 sua:

229 4420 501 4488 prosapiae
525 4421 871 4494 Evangelium
901 4428 1138 4485 scribere
1167 4431 1441 4489 inchoavit

300 4508 459 4576 Quod
490 4527 623 4566 vero
648 4514 723 4568 ait
755 4532 773 4565 ι
804 4516 1016 4572 initium
1043 4520 1313 4590 principii,
1344 4543 1363 4575 ι
1398 4524 1611 4580 dillicile
1632 4538 1718 4584 est
1744 4529 1812 4584 ad

234 4597 668 4671 intelligendum.
703 4605 837 4660 Nam
864 4607 1026 4676 hujus
1070 4614 1374 4682 argumenti
1400 4626 1665 4683 repertor,
1696 4620 1809 4674 usi-

237 4691 409 4744 tatius
434 4691 617 4747 dicere
642 4704 854 4762 poterat
883 4716 896 4751 :
932 4699 1140 4754 initium
1167 4700 1466 4772 Evangelii,
1495 4705 1577 4759 vel
1607 4706 1811 4776 princi-

229 4779 382 4847 pium
407 4780 689 4852 Evangelii
731 4798 748 4838 :
794 4787 888 4841 sed
932 4789 1106 4860 magis
1143 4790 1390 4844 abstruse
1425 4808 1587 4862 quam
1616 4795 1814 4850 usitate

229 4870 412 4939 eloqui
442 4872 631 4927 voluit.
667 4873 955 4932 Sciendum
989 4888 1074 4934 est
1110 4881 1294 4951 itaque
1333 4883 1472 4938 hanc
1499 4884 1811 4942 distantiam

228 4976 352 5016 esse
401 4963 544 5017 inter
590 4966 914 5037 principium
942 4977 997 5024 et
1040 4972 1287 5038 initium,
1317 4974 1459 5043 quod
1487 4976 1811 5047 principium

227 5049 413 5118 plures
446 5053 501 5106 in
532 5068 591 5108 se
616 5059 914 5113 sententias
941 5062 1368 5131 comprehendit,
1396 5064 1609 5120 initium
1633 5077 1813 5122 autem

226 5154 361 5210 pars
387 5149 471 5196 est
497 5144 747 5215 principii
766 5187 780 5210 ,
828 5145 883 5202 id
920 5156 1004 5203 est
1029 5150 1283 5219 quaelibet
1310 5153 1633 5208 sententiola
1663 5155 1814 5226 prin-

226 5229 421 5299 cipalis
449 5231 591 5287 intra
620 5234 797 5304 ipsum
836 5238 1161 5308 principium
1199 5242 1472 5297 conclusa.
1502 5243 1643 5315 Ergo
1666 5245 1815 5315 prin-

223 5321 430 5390 cipium
455 5324 734 5393 Evangelii
768 5329 1061 5384 secundum
1093 5329 1333 5386 Marcum
1361 5341 1531 5387 totum
1561 5334 1689 5390 illud
1728 5337 1813 5390 in-

224 5412 534 5487 telligamus
578 5420 723 5489 quod
773 5421 826 5475 in
868 5432 1102 5493 quatuor
1141 5425 1526 5496 principalibus
1558 5429 1811 5498 capitulis

223 5505 293 5560 de
338 5504 547 5565 Joanne
584 5510 829 5581 Baptista
872 5514 1123 5569 refertur.
1169 5514 1385 5571 Initium
1414 5533 1543 5573 vero
1588 5521 1810 5577 inchoa-

224 5607 469 5655 mentum
506 5616 632 5658 esse
684 5602 851 5673 ipsius
899 5605 1171 5676 principii,
1210 5607 1262 5662 id
1311 5617 1393 5663 est
1435 5611 1808 5680 propheticum

224 5683 362 5741 illud
408 5690 728 5750 vaticinium
760 5695 902 5763 quod
945 5694 1012 5750 de
1064 5697 1180 5766 ipso
1225 5696 1429 5755 Joanne
1473 5714 1809 5770 praacursore

1836 4486 1890 4545 D

1990 3255 2124 3311 Nam
2160 3258 2436 3313 subditur:
2472 3276 2490 3308 ι
2526 3257 2597 3312 Ut
2625 3256 2718 3326 qui
2757 3256 2874 3312 haec
2909 3255 3093 3328 legens
3124 3255 3290 3311 sciret
3319 3256 3428 3330 cui,
3469 3275 3490 3309 ι

1919 3352 1974 3400 et
2000 3346 2205 3414 reliqua
2238 3361 2407 3414 usque
2436 3363 2449 3399 :
2488 3363 2505 3395 ι
2538 3346 2823 3399 inveniret.
2856 3365 2875 3397 ι
2902 3344 3048 3401 Ordo
3070 3346 3358 3400 verborum
3380 3353 3495 3401 est:

1920 3437 1991 3493 Ut
2023 3438 2115 3508 qui
2139 3439 2254 3493 haec
2278 3438 2465 3509 legens
2504 3438 2667 3493 sciret
2692 3438 2784 3508 qui
2811 3438 3034 3493 deberet
3054 3438 3193 3493 scire
3217 3444 3271 3493 et
3298 3437 3496 3509 praedi-

1917 3546 2043 3587 care
2079 3546 2372 3602 agnoscere
2399 3530 2614 3586 initium
2655 3530 2836 3585 carnis
2883 3530 2937 3584 in
2967 3529 3216 3595 Domino,
3247 3536 3303 3584 et
3341 3543 3493 3594 caro,

1918 3622 1970 3679 id
2010 3630 2095 3676 est
2133 3621 2497 3676 habitaculum
2539 3617 2666 3674 Jesu
2709 3619 3073 3684 advenientis;
3134 3625 3297 3688 atque
3332 3618 3387 3672 id
3435 3634 3495 3674 se

1916 3712 2141 3766 verbum
2169 3710 2318 3765 vocis
2348 3709 2646 3773 inveniret,
2676 3701 2823 3779 quod
2857 3708 2912 3762 in
2940 3707 3360 3763 consonantibus
3387 3708 3494 3764 sci-

1916 3801 2043 3856 licet
2088 3801 2209 3855 aliis
2252 3799 2594 3870 evangelistis
2647 3798 2974 3868 perdiderat.
3012 3797 3246 3868 Aptum,
3295 3799 3492 3870 inquit,

1916 3898 2037 3946 erat
2064 3898 2122 3944 ut
2150 3889 2364 3944 Marcus
2402 3888 2592 3942 Levita
2623 3888 2689 3942 de
2720 3887 2947 3943 Domino
2974 3886 3273 3953 Salvatore,
3303 3891 3396 3959 qui
3425 3906 3492 3948 ex

1915 3977 2043 4033 Levi
2087 3986 2239 4032 ortus
2268 3984 2371 4043 est,
2428 3976 2722 4043 scriberet,
2760 3984 2819 4031 ut
2849 3976 3098 4047 quisquis
3139 3976 3254 4032 haec
3295 3977 3491 4049 legeret

1915 4067 2296 4138 principatum,
2327 4066 2572 4122 ordinem
2598 4075 2653 4122 et
2673 4066 2940 4136 quoddam
2965 4065 3307 4139 privilegium
3335 4067 3491 4127 Levi-

1917 4160 2037 4215 ticze
2073 4160 2349 4216 electionis
2388 4166 2754 4229 pernosceret.
2785 4156 2921 4213 Nam
2959 4154 3080 4232 quae
3108 4163 3491 4233 congruentius
3590 4152 3597 4165 ί

1915 4264 2077 4319 quam
2107 4247 2307 4304 Levita:
2338 4265 2482 4315 caro,
2518 4249 2570 4302 id
2596 4257 2680 4304 est
2709 4248 2941 4305 carnalis
2966 4252 3218 4323 prosapia
3238 4260 3292 4307 et
3313 4254 3489 4324 origo,

1917 4338 2105 4395 debuit
2128 4353 2419 4410 agnoscam
2445 4338 2656 4393 initium
2683 4339 2958 4394 sumendae
2982 4341 3163 4396 carnis
3185 4341 3239 4395 in
3266 4342 3492 4398 Domino

1913 4428 2001 4485 vel
2032 4430 2086 4483 in
2115 4425 2322 4484 unitate
2345 4444 2590 4499 personae
2609 4429 2854 4485 Domini?
2878 4428 3008 4498 Qua:
3020 4429 3314 4486 Salvatoris
3339 4448 3486 4499 caro,

1917 4521 2046 4592 quid
2070 4522 2215 4577 aliud
2238 4521 2463 4578 dicenda
2489 4530 2574 4577 est
2600 4538 2763 4593 quam
2789 4520 2936 4583 Jesu.
2957 4523 3013 4578 in
3046 4522 3191 4579 hunc
3230 4524 3487 4579 mundum

1918 4613 2251 4668 advenientis
2282 4613 2667 4680 habitaculum,
2699 4614 2792 4685 qui
2818 4614 3004 4670 habitu
3035 4615 3214 4672 carnis
3241 4614 3490 4671 inventus

1917 4710 2003 4757 est
2025 4713 2084 4757 ut
2106 4704 2304 4757 homo?
2332 4702 2440 4757 lllis
2465 4704 2609 4757 enim
2637 4704 2981 4776 evangelistis
3005 4706 3096 4774 qui
3127 4719 3192 4759 ex
3221 4703 3352 4760 Levi
3381 4705 3488 4760 orti

1917 4802 2060 4861 sunt,
2097 4803 2157 4849 ut
2184 4794 2465 4851 Matthaeus
2518 4802 2574 4850 et
2613 4795 2842 4863 Marcus,
2868 4796 3083 4868 dignius
3112 4811 3275 4867 quam
3326 4804 3487 4851 caue-

1918 4885 2015 4949 ris,
2045 4885 2363 4956 mysterium
2407 4886 2791 4944 incarnationis
2818 4888 3062 4960 Domini,
3102 4902 3170 4942 ex
3203 4886 3331 4941 Levi
3355 4903 3489 4956 quo-
3545 4905 3548 4909 ’

1916 4991 2021 5046 que
2064 4978 2309 5043 oriundi,
2360 4977 2597 5034 scribere
2646 4981 2991 5051 congruebat.
3034 4979 3232 5050 Aptum
3272 4995 3487 5050 quoque

1914 5077 2031 5123 erat
2076 5077 2136 5124 ut
2173 5070 2360 5124 eadem
2392 5069 2635 5126 Levitica
2675 5087 2822 5136 caro,
2858 5071 2941 5127 vel
2984 5071 3196 5129 Marcus
3238 5072 3331 5142 qui
3365 5088 3484 5128 car-

1915 5160 2094 5216 nalem
2122 5163 2382 5233 originem
2412 5179 2477 5220 ex
2507 5165 2651 5219 tribu
2677 5164 2808 5221 Levi
2837 5173 3095 5230 traxerat,
3125 5166 3178 5221 in
3205 5182 3284 5233 se,
3319 5168 3372 5223 id
3402 5177 3488 5224 est

1915 5251 1970 5306 in
2000 5267 2099 5307 suo
2127 5253 2308 5310 animo
2332 5262 2386 5311 et
2424 5255 2721 5322 intellectu,
2767 5256 2986 5312 verbum
3025 5258 3171 5313 vocis
3198 5259 3483 5317 inveniret.

1916 5339 2018 5395 Ubi
2047 5341 2200 5395 nobis
2227 5350 2309 5397 est
2350 5343 2734 5400 advertendum
2775 5346 2919 5415 quod
2960 5348 3209 5417 quamvis
3248 5346 3486 5408 Joannes

1912 5431 2151 5502 Baptista
2194 5449 2325 5498 vox,
2369 5441 2424 5489 et
2452 5433 2700 5492 Christus
2736 5437 2963 5494 verbum
3000 5440 3327 5508 nominetur,
3375 5458 3484 5498 non

1912 5531 2093 5578 tamen
2122 5523 2367 5580 Christus
2391 5525 2541 5581 vocis
2573 5527 2658 5582 vel
2686 5526 2908 5585 Joannis
2932 5571 2946 5597 ,
2978 5531 3072 5587 sed
3101 5532 3280 5603 potius
3308 5532 3485 5591 Patris

1916 5613 2148 5670 Verbum
2172 5624 2254 5672 est
2274 5615 2355 5671 vel
2376 5616 2561 5673 Filius.
2585 5618 2874 5676 Possumus
2898 5630 3077 5679 tamen
3100 5622 3283 5678 Jesum
3308 5624 3482 5694 ipsum

1912 5705 2136 5762 verbum
2200 5707 2384 5774 vocis,
2448 5706 2629 5765 Jesum
2677 5711 2971 5781 incongrue
3023 5711 3202 5773 dicere
3260 5716 3478 5773 verbum
