3982 6198
453 346 561 403 233
1841 341 2109 399 SEDULll
2148 341 2345 400 SCOTl
3605 340 3719 397 284

454 459 692 526 Ioannis,
723 460 815 530 qui
848 476 947 515 vox
977 459 1307 523 nominatur,
1337 459 1463 529 quia
1492 458 1728 514 Verbum
1760 457 1846 514 vel
1868 457 2026 513 Chri-
2051 461 2105 521 Α
2127 470 2250 513 esse
2274 467 2588 530 agnoverat.
2622 458 2793 514 Totus
2830 456 3013 526 itaque
3041 456 3240 512 dicitur
3280 455 3369 512 vel
3414 456 3609 528 plenus
3630 463 3720 517 vel

448 561 591 607 stum
639 552 929 621 praeeundo
982 552 1328 621 prmdicabat.
1385 549 1522 604 Nam
1572 550 1799 605 verbum
1850 551 2024 615 vocis,
2127 549 2420 620 perfectus,
2452 551 2578 621 quia
2617 548 2774 622 plena
2799 557 2854 604 et
2880 548 3117 621 perfecta
3152 547 3220 602 de
3247 548 3480 603 Domino
3507 551 3715 605 retulit.

447 644 672 698 verbum
698 643 777 697 vel
818 657 1121 698 sermonem
1145 684 1160 709 ,
1212 657 1374 713 quem
1400 658 1508 697 vox
1542 641 1802 712 loquitur,
1842 642 2027 697 dicere
2126 642 2183 695 ln
2213 642 2404 712 primis
2429 642 2648 707 dicitur,
2676 640 2761 696 vel
2806 640 2860 694 in
2897 639 3289 710 principalibus
3319 639 3600 710 Evangelii
3632 644 3717 696 sui

445 749 752 804 possumus.
784 732 901 788 Non
927 733 1070 804 quod
1095 732 1329 788 Joannes
1351 733 1482 787 illud
1511 735 1731 787 verbum
1756 733 2024 804 genuerit,
2127 733 2260 787 locis
2289 751 2301 787 :
2336 750 2441 787 non
2470 733 2616 787 enim
2643 747 2742 802 per
2768 732 2954 787 omnia
2992 732 3046 786 in
3075 730 3270 785 mediis
3301 744 3479 799 neque
3508 732 3562 786 in
3587 732 3721 786 ulti-

448 825 541 879 sed
573 824 717 894 quod
761 833 1018 892 tanquam
1047 838 1170 885 vox,
1222 824 1394 892 ipsum
1428 823 1684 885 Verbum,
1732 823 1816 877 vel
1868 823 2026 878 Cbri-
2126 824 2406 888 mislocis,
2445 832 2588 878 totus
2613 832 2726 877 tota
2754 822 2996 894 protulit,
3026 836 3149 877 cum
3188 820 3359 875 multa
3402 823 3457 876 in
3488 823 3718 892 quibus-

443 923 584 970 stum
603 957 618 980 ,
662 915 1034 985 prophetando
1069 915 1443 969 antecesserit.
1480 914 1613 981 Quis
1643 916 1788 969 enim
1815 915 2025 970 dubitet
2125 914 2248 967 dam
2279 922 2393 969 tota
2421 912 2797 982 praetermisit,
2847 914 2942 968 sed
2972 912 3027 966 in
3063 912 3257 981 primis
3284 920 3433 968 totus
3458 914 3574 970 haec
3600 923 3718 970 tota

441 1007 584 1075 quod
612 1021 715 1059 vox
742 1013 927 1059 nostra
954 1005 1105 1074 prius
1136 1012 1311 1071 sonat,
1345 1013 1407 1060 ut
1429 1007 1771 1075 postmodum
1799 1008 2022 1063 verbum
2122 1001 2361 1059 breviter
2408 1004 2680 1068 narravit;
2736 1004 3130 1074 expositionem
3179 1003 3435 1059 videlicet
3483 1006 3712 1072 deserti,

449 1094 623 1149 audiri
646 1095 854 1162 possit?
2116 1093 2384 1164 jejunium
2412 1098 2645 1164 numeri,
2687 1097 3042 1153 tentationem
3085 1094 3302 1160 diaboli,
3340 1099 3720 1167 congregatio-

511 1182 645 1238 lllud
683 1190 860 1237 autem
891 1183 1032 1251 quod
1058 1181 1135 1237 ait
1185 1200 1198 1235 :
1256 1200 1276 1234 α
1330 1182 1473 1252 quod
1513 1183 1566 1237 iu
1594 1185 2021 1241 consonantibus
2123 1199 2245 1238 nem
2270 1186 2590 1252 bestiarum,
2629 1195 2684 1242 et
2712 1184 3073 1241 ministerium
3101 1184 3435 1255 angelorum.
3482 1184 3587 1241 Ubi
3613 1202 3719 1242 no-

438 1270 769 1340 perdiderat,
805 1294 822 1324 ι
877 1272 1029 1342 quasi
1080 1272 1470 1326 inextricabilis
1498 1273 1671 1328 nodus
1713 1289 1833 1328 esse
1876 1275 2023 1329 vide—
2123 1274 2343 1331 tandum
2364 1290 2532 1345 quare
2552 1277 2817 1348 jejunium
2841 1277 3075 1343 numeri,
3105 1284 3162 1332 et
3188 1291 3296 1332 non
3315 1278 3491 1346 potius
3520 1293 3717 1334 nume—
3782 1304 3804 1321 ι

440 1373 547 1417 tur.
602 1363 736 1418 Nam
781 1364 827 1418 si
864 1364 1022 1433 hujus
1058 1364 1359 1433 argumenti
1400 1363 1625 1419 eii‘ector
1666 1364 1746 1418 sic
1792 1365 2017 1431 diceret,
2122 1380 2241 1419 rum
2260 1365 2450 1434 jejunii
2480 1368 2816 1435 dixerit,nisi
2839 1370 2965 1438 quia
2988 1368 3317 1423 eminentior
3343 1377 3428 1423 est
3450 1384 3713 1425 numerus

438 1455 581 1523 quod
625 1457 1049 1511 consonantibus
1090 1454 1441 1525 prodiderat,
1499 1461 1559 1509 ut
1604 1465 1751 1511 esset
1798 1471 2014 1524 sensus,
2121 1469 2283 1523 quam
2325 1455 2611 1526 jejunium.
2651 1456 2767 1512 Non
2801 1459 2956 1512 enim
3004 1472 3263 1513 numerus
3308 1465 3529 1528 propter
3567 1456 3715 1528 jeju-

438 1548 580 1615 quod
634 1546 846 1601 Marcus
892 1548 997 1601 hoc
1053 1548 1279 1601 verbum
1333 1548 1520 1612 vocis,
1570 1547 1656 1603 vel
1706 1564 2014 1604 sermonem
2122 1545 2307 1611 nium,
2361 1548 2453 1601 sed
2501 1556 2723 1618 propter
2762 1555 3034 1603 sacratum
3076 1562 3394 1614 numerum.
3439 1545 3709 1617 ieiunium

435 1635 686 1700 Joannis,
736 1637 901 1691 etiam
930 1635 1053 1693 aliis
1093 1634 1438 1708 evangelistis
1476 1637 1636 1692 simul
1668 1653 1792 1694 cum
1837 1639 2019 1695 Marco
2120 1635 2251 1690 illud
2290 1644 2370 1690 tot
2397 1636 2605 1692 dierum
2631 1644 2685 1691 et
2710 1637 2949 1692 noctium
2977 1637 3152 1692 fuerat
3180 1645 3529 1692 transactum.
3570 1636 3709 1693 Nam

436 1726 878 1791 consonantibus,
936 1726 1398 1792 manifestaverat,
1448 1727 1623 1782 facilis
1662 1728 2016 1800 intelligentia
2045 1790 2088 1800 __
2121 1726 2582 1797 quadragenarius
2620 1741 2880 1784 numerus
2921 1744 3176 1800 magnum
3208 1729 3260 1783 in
3288 1744 3347 1784 se
3383 1730 3705 1800 mysterium

434 1827 599 1873 esset.
647 1816 752 1873 Sed
797 1790 919 1873 cum
966 1833 1072 1872 non
1117 1790 1419 1889 prodiderat
1459 1819 1553 1873 sed
1596 1790 1912 1889 perdiderat,
1961 1821 2017 1875 in
2044 1790 2092 1849 Β
2119 1790 2381 1882 continei,
2410 1826 2465 1872 et
2505 1819 2572 1872 ab
2615 1819 2718 1873 hoc
2745 1818 2873 1874 illud
2901 1790 3164 1890 jejunium
3207 1820 3413 1890 proprii
3440 1790 3587 1888 juris
3619 1829 3712 1876 est

434 1910 834 1981 exemplaribus
877 1908 1138 1977 scriptum
1183 1908 1445 1973 habetur,
1485 1909 1905 1979 perquirenduni
1935 1916 2019 1965 est
2117 1902 2286 1976 ipsius
2312 1908 2726 1977 quadragenarii
2766 1912 2997 1964 numeri.
3041 1908 3150 1964 Cur
3183 1918 3361 1966 autem
3405 1920 3550 1966 totus
3588 1913 3711 1968 haec

434 2000 703 2069 quomodo
741 1998 954 2052 Marcus
982 1999 1086 2053 hoc
1116 1999 1339 2052 verbum
1384 1998 1532 2053 vocis
1574 1998 1627 2051 in
1672 1998 2018 2054 consonanti-
2118 2007 2230 2054 tota
2259 1999 2584 2069 protulerit?
2611 2018 2629 2051 ‹
2664 2000 2736 2055 Ut
2758 2000 3066 2066 instituens,
3093 2001 3301 2070 inquit,’
3322 2017 3419 2058 nos
3452 2002 3519 2056 ad
3551 2002 3708 2058 inteL

440 2093 544 2146 laus
578 2092 700 2146 aliis
739 2090 1082 2160 evangelistis
1114 2089 1429 2160 perdiderit.
1474 2088 1553 2143 An
1604 2088 1744 2145 forte
1784 2090 1839 2144 in
1886 2091 2017 2159 ipsis
2117 2085 2389 2156 ligendum
2415 2127 2429 2152 ,
2468 2107 2487 2140 ι
2540 2097 2597 2144 et
2641 2088 2848 2157 reliqua
2899 2105 3110 2159 usque:
3168 2108 3186 2140 ‹
3238 2106 3344 2145 non
3395 2099 3637 2163 negaret.
3678 2113 3699 2145 ι

441 2182 545 2237 hoc
567 2183 790 2237 verbum
818 2182 966 2237 vocis
995 2196 1101 2235 non
1145 2182 1443 2244 invenerat,
1473 2189 1536 2236 ut
1563 2182 1668 2237 hoc
1688 2183 1758 2237 sit
1787 2182 2014 2252 perdere
2116 2175 2316 2245 Αριιιω
2346 2191 2580 2246 namque
2606 2184 2724 2232 erat
2748 2187 2807 2232 ut
2833 2178 3042 2247 singula
3066 2179 3344 2235 Dominica
3372 2192 3522 2252 gesta
3543 2184 3705 2251 quasi

440 2273 583 2341 quod
609 2281 693 2328 est,
717 2289 821 2328 non
846 2274 1122 2329 invenire?
1145 2272 1366 2329 Constat
1389 2288 1624 2343 namque
1648 2274 1791 2343 quod
1814 2282 2017 2344 myste-
2116 2265 2171 2319 in
2203 2265 2351 2319 brevi
2389 2265 2593 2336 pugillo
2621 2267 2737 2323 sive
2766 2267 2955 2322 tabella
2986 2269 3340 2339 astringeret,
3387 2272 3514 2341 quia
3561 2274 3708 2329 sicut

436 2365 579 2418 rium
632 2364 1018 2419 incarnationis
1071 2362 1276 2419 Christi
1322 2363 1535 2418 Marcus
1586 2363 1734 2417 Petri
1787 2361 2014 2433 apostoli
2114 2356 2249 2411 nihil
2282 2366 2368 2413 est
2395 2356 2726 2414 fastidiosius
2755 2359 3090 2429 prolixitate,
3126 2360 3202 2415 ita
3235 2362 3366 2417 nihil
3392 2372 3475 2419 est
3495 2365 3709 2436 gratius

432 2452 750 2523 discipulus,
803 2462 915 2507 tam
943 2468 1011 2508 ex
1048 2454 1361 2524 prophetica
1392 2469 1554 2523 quam
1603 2469 1671 2508 ex
1717 2453 2013 2523 apostolica
2114 2445 2292 2501 lucida
2327 2447 2616 2502 brevitate.
2648 2447 2719 2502 Ut
2758 2464 2858 2503 nec
2899 2449 2978 2503 sic
3013 2451 3391 2507 auctoritatem
3427 2452 3584 2508 facta:
3617 2455 3703 2512 rei

431 2544 675 2599 doctrina
717 2551 1049 2613 perceperat.
1092 2543 1294 2598 Tamen
1328 2545 1554 2598 verbum
1603 2543 1797 2599 divina:
1839 2545 2009 2611 vocis,
2114 2536 2377 2593 demeret.
2420 2537 2810 2595 Auctoritatem
2853 2542 3097 2597 nominat
3133 2545 3408 2600 auctorale
3439 2548 3701 2618 magiste-

433 2635 517 2691 vel
547 2635 842 2701 Christum,
877 2635 1172 2691 secundum
1202 2635 1457 2690 deitatem
1486 2633 1718 2691 Verbum
1749 2649 1870 2689 esse
1909 2633 2012 2689 Pa-
2113 2627 2274 2693 rium,
2302 2644 2409 2697 quo
2454 2645 2519 2683 ex
2559 2644 2654 2685 ore
2694 2630 2838 2685 Petri
2879 2634 3111 2702 apostoli
3157 2636 3221 2690 de
3245 2636 3403 2692 dictis
3436 2646 3490 2691 et
3537 2638 3703 2699 factis

433 2729 570 2792 iris,
614 2727 669 2781 in
722 2727 1148 2801 consonantibus
1196 2726 1541 2797 evangelistis
1568 2767 1583 2790 ,
1629 2725 1715 2780 vel
1759 2724 2012 2780 Malthmo
2112 2717 2406 2773 Dominicis
2450 2719 2663 2776 Marcus
2699 2720 2875 2777 fuerat
2922 2724 3237 2781 instructus.
3284 2727 3425 2798 Ergo
3459 2730 3595 2784 sicut
3622 2746 3695 2788 ex

432 2825 488 2871 et
534 2817 701 2884 Luca,
733 2818 825 2887 qui
873 2817 1167 2872 secundum
1212 2817 1498 2886 quosdam,
1541 2823 1599 2871 nt
1642 2815 2009 2871 ecclesiastica
2112 2809 2420 2879 magisterio
2457 2810 2601 2865 Petri
2633 2814 2863 2882 apostoli
2894 2816 3064 2884 ipsam
3102 2816 3301 2873 factam
3329 2834 3465 2887 rem,
3496 2822 3548 2877 id
3585 2831 3693 2888 est,

433 2907 565 2961 dicit
597 2906 845 2970 historia,
877 2915 1001 2961 ante
1041 2905 1279 2961 Marcum
1308 2907 1483 2976 primo
1511 2920 1608 2960 sua
1637 2906 2011 2976 conscripsere
2112 2908 2316 2968 gestam
2343 2903 2678 2959 Dominieam
2710 2906 2992 2961 historiam
3026 2906 3238 2975 didicit,
3270 2911 3347 2966 sic
3370 2913 3681 2980 decurtans,

436 2998 746 3069 Evangelia,
777 3005 1134 3053 monstratum
1161 3013 1267 3053 non
1296 3000 1593 3062 invenerat,
1614 2997 1879 3067 siquidem
1904 2999 2009 3054 hoc
2110 3000 2272 3061 ριόιιι
2317 2992 2552 3064 Spiritus
2585 3006 2804 3052 sanctus
2835 2997 2949 3066 ejus
2980 2999 3309 3056 intellectum
3336 3004 3691 3075 gubernabat,

433 3088 583 3142 verbi
606 3088 920 3159 mysterium
946 3086 1235 3157 aliquando
1254 3087 1662 3145 monstrandum
1689 3087 1787 3142 soli
1810 3086 2005 3143 Joanni
2033 3133 2077 3164 ρ
2112 3083 2361 3137 eamdem
2385 3084 2667 3139 historiam
2688 3085 2882 3142 litteris
2911 3089 3165 3154 tradidit,
3196 3102 3250 3145 et
3270 3099 3446 3147 tamen
3473 3093 3536 3149 de
3559 3095 3696 3164 ipsis

434 3190 691 3250 tanquam
720 3179 879 3235 altius
920 3179 1121 3235 volanti
1156 3179 1347 3248 aquilae
1384 3179 1559 3234 fuerat
1595 3180 2002 3236 reservandum.
2034 3174 2077 3195 ν
2109 3189 2229 3243 qua!
2260 3174 2575 3243 scripserat.
2617 3178 2845 3232 tacendo
2871 3187 2925 3233 et
2946 3179 3172 3235 celan‘do
3198 3182 3331 3235 nihil
3354 3183 3687 3254 dempserat.

432 3270 499 3325 Et
522 3286 644 3325 cum
686 3268 899 3325 Marcus
922 3284 1107 3324 vocem
1137 3269 1441 3333 clamantis,
1472 3270 1575 3324 hoc
1606 3278 1689 3325 est
1716 3269 2001 3336 Joannem,
2107 3263 2304 3333 Sicque
2322 3279 2422 3319 suo
2441 3268 2590 3335 operi
2614 3269 2923 3338 evangeliea
2950 3270 3277 3339 perficiendo
3304 3273 3693 3344 plenitudinem

428 3374 615 3414 vocem
647 3358 812 3413 fuisse
843 3356 1065 3421 dictum,
1095 3358 1254 3412 etiam
1281 3357 1402 3413 aliis
1430 3358 1776 3430 evangelistis
1804 3374 2001 3414 conso-
2105 3370 2212 3409 non
2258 3359 2512 3426 negavit,
2553 3359 2680 3413 dum
2719 3360 2939 3429 plenum
2982 3378 3118 3432 opus
3164 3380 3230 3418 ex
3276 3367 3526 3423 omnibus
3568 3384 3694 3438 quae

427 3451 700 3517 nantibus,
725 3451 1021 3526 invenerat,
1046 3450 1318 3506 Christum
1343 3465 1554 3522 quoque
1581 3453 1805 3506 verbum
1832 3453 2001 3518 vocis,
2113 3448 2356 3503 scribere
2380 3458 2638 3519 coeperat,
2668 3451 2795 3506 licet
2821 3453 2971 3507 brevi
2996 3470 3265 3520 sermone,
3298 3457 3539 3526 perfecit:

426 3544 553 3599 licet
582 3558 689 3598 non
720 3524 771 3597 in
801 3542 1028 3597 aliorum
1071 3542 1310 3613 scriptis,
1354 3551 1533 3598 tamen
1568 3543 1622 3597 in
1646 3558 1726 3610 se,
1764 3543 1818 3599 id
1840 3552 1924 3599 est
1948 3544 2003 3600 in
2176 3538 2412 3593 Marcum
2443 3540 2622 3611 itaque
2660 3543 2727 3596 ad
2757 3558 2890 3613 opus
2925 3524 3511 3616 evangelicum—divina
3546 3566 3694 3621 prae-

426 3653 522 3692 gua
567 3644 770 3702 mente,
816 3636 1000 3707 procul
1042 3637 1205 3693 dubio
1246 3637 1470 3693 invenit,
1519 3638 1776 3706 Quamvis
1823 3639 2004 3709 itaque
2102 3627 2457 3685 destinatione
2482 3630 2647 3686 fuisse
2672 3632 2937 3700 electum,
2971 3644 3026 3691 et
3060 3638 3202 3708 quod
3229 3638 3372 3694 nulla
3402 3643 3692 3698 occasione

426 3727 641 3782 Marcus
684 3728 735 3781 in
764 3728 1187 3783 consonantibus
1228 3728 1596 3799 evangelistis,
1625 3728 1710 3783 vel
1751 3728 1998 3787 Matthzeo

2118 3722 2503 3787 artedestinatio
2549 3722 2759 3779 Domini
2807 3728 2978 3796 possit
3022 3730 3293 3800 impediri,
3344 3736 3690 3793 attendamus

424 3828 479 3873 et
504 3818 676 3883 Luca,
710 3819 883 3889 ipsum
911 3817 1171 3875 Joannem
1201 3819 1422 3874 nomine
1457 3818 1605 3873 vocis
1633 3827 2002 3889 nuncupatum
2102 3812 2157 3867 in
2186 3828 2251 3868 eo
2291 3816 2436 3883 Quod
2468 3816 2732 3885 sequitur.
2771 3836 2789 3868 ι
2825 3818 3066 3890 Denique
3098 3833 3404 3892 amputasse
3430 3826 3528 3881 sibi
3557 3836 3688 3896 post

425 3927 545 3965 esse
572 3911 868 3975 invenerat,
899 3918 1077 3966 tamen
1102 3912 1324 3966 verbum
1351 3913 1518 3977 vocis,
1547 3912 1631 3967 vel
1656 3914 1874 3968 unicum
1904 3912 1999 3969 Dei
2102 3903 2262 3959 ﬁdem
2278 3905 2523 3976 pollicem
2548 3906 2765 3972 dieitur.
2794 3928 2812 3960 ι
2831 3917 2887 3962 et
2907 3909 3110 3979 relimla
3133 3928 3336 3982 usque:
3360 3934 3378 3965 ι
3400 3916 3691 3987 episcopus

426 4001 645 4065 Filium,
674 4001 892 4055 nomine
923 4001 1083 4055 Verbi
1109 4003 1468 4072 designatum,
1500 4003 1554 4056 in
1580 4003 1998 4058 consonantibus

2116 3992 2220 4048 :‘uit.
2260 4014 2277 4045 ι
2317 3995 2428 4050 Mos
2460 3995 2636 4051 fuerat
2678 3997 2929 4054 Hebraici
2960 4000 3139 4069 populi
3189 4012 3249 4056 ut
3294 4004 3473 4060 nullus
3530 4005 3688 4062 inbo-

424 4090 767 4161 evangelistis
795 4104 901 4142 non
941 4089 1174 4159 legerat,
1212 4091 1336 4144 dum
1373 4106 1547 4160 neque
1586 4093 1761 4148 adhuc
1809 4092 2001 4147 beatus
2101 4094 2311 4139 uestem
2358 4085 2565 4142 habens
2614 4088 2667 4142 in
2712 4104 2939 4158 corpore
2968 4090 3250 4157 maculam,
3308 4090 3376 4148 ad
3426 4097 3689 4153 sacerdo.

424 4178 662 4234 Joannes
702 4192 959 4233 arcanum
1012 4179 1181 4248 ipsius
1217 4180 1381 4235 Verbi
1426 4183 1739 4251 mysterium
1782 4185 1999 4253 scriptis
2101 4174 2234 4228 ῑῖιιω
2281 4176 2604 4244 Peﬂ'etliret-
2654 4177 2771 4245 Quo
2821 4182 3046 4251 mystice
3110 4182 3439 4239 insinuatum
3494 4196 3579 4243 est
3619 4198 3690 4245 ut

427 4277 852 4336 monstraverat;
886 4270 1028 4341 quod
1060 4279 1236 4326 tamen
1258 4271 1493 4326 verbum
1525 4272 1575 4325 in
1604 4289 1683 4337 se,
1717 4274 1769 4328 id
1799 4284 1900 4342 ρει,
1942 4277 1995 4331 in
2100 4278 2259 4318 nemo
2302 4276 2646 4335 peccatorum
2684 4269 2908 4324 maculis
2941 4272 3339 4327 contaminatus
3369 4277 3684 4335 sacerdotio

428 4375 528 4415 suo
573 4359 865 4427 intellectu,
897 4362 1073 4421 divina
1103 4361 1371 4416 revelante
1395 4363 1587 4433 gratia,
1637 4364 1846 4420 Marcus
1874 4382 1995 4437 pro-
2099 4353 2292 4432 ἀίίῦηιὲε
2326 4355 2416 4410 δίῑ·
2470 4356 2622 4423 Ουοά
2653 4358 2866 4413 Marcus
2900 4361 3191 4415 secundum
3233 4358 3472 4419 litteram
3504 4375 3688 4424 atten-

424 4451 512 4506 cul
539 4451 704 4508 dubio
744 4453 1043 4508 invenerat.
1091 4451 1273 4521 Neque
1316 4453 1459 4507 enim
1489 4462 1730 4508 sanctum
1764 4470 1993 4528 evange-
2018 4478 2071 4537 D
2097 4445 2254 4511 dens.
2275 4455 2494 4517 ριόριετ
2540 4449 2896 4503 humilitatem
2942 4454 3239 4522 amputavit
3269 4455 3370 4509 sibi
3406 4456 3681 4526 pollicem,

422 4541 602 4597 listam
629 4581 644 4605 ,
690 4542 783 4611 qui
814 4541 1070 4611 templum
1100 4540 1194 4595 Dei
1227 4540 1455 4595 electum
1489 4551 1636 4606 erat,
1678 4543 1989 4613 mysterium
2019 4535 2052 4537 “
2095 4550 2164 4589 ne
2187 4535 2456 4606 fastigium
2493 4537 2734 4593 melioris
2774 4541 3061 4596 sacerdotii
3094 4545 3246 4612 quasi
3272 4543 3386 4613 jam
3416 4548 3685 4616 reprobus

422 4630 573 4685 verbi
605 4628 797 4685 divinae
823 4628 973 4683 vocis
996 4627 1218 4694 latebat,
1239 4629 1484 4698 quamvis
1508 4629 1733 4683 aliorum
1757 4646 1990 4702 evange-
2094 4627 2432 4682 ascenderet.
2460 4626 2564 4683 Sed
2592 4629 2645 4682 in
2668 4644 2732 4684 eo
2760 4631 2875 4701 ipso
2898 4647 3005 4701 quo
3043 4647 3102 4687 se
3125 4632 3399 4706 indignum
3424 4639 3683 4694 sacerdo-

420 4722 668 4776 listarum
694 4718 912 4802 scriptis
938 4719 1042 4774 hoc
1063 4720 1285 4774 verbum
1313 4735 1419 4775 non
1446 4720 1725 4775 didicerat.
2098 4718 2171 4772 tio
2206 4720 2532 4786 aestimavit,
2578 4722 2750 4792 magis
2794 4722 2968 4777 factus
3012 4733 3097 4779 est
3137 4727 3350 4796 dignus.
3390 4726 3526 4783 Nam
3585 4746 3679 4786 se-

491 4816 795 4887 Sequitur:
839 4832 859 4867 t
900 4814 1140 4886 Denique
1176 4823 1231 4871 et
1273 4815 1500 4886 perfecti
1538 4808 1993 4890 Evangelii’opus
2097 4812 2330 4866 cundum
2379 4811 2613 4867 divinam
2673 4814 3201 4882 praedestinationem
3247 4832 3355 4872 non
3401 4828 3678 4891 utcunque

417 4907 649 4975 intrans,
686 4924 706 4961 ι
747 4913 804 4963 et
827 4906 1030 4977 reliqua
1060 4923 1267 4978 usque:
1303 4898 1325 4961 ἑ
1357 4909 1580 4979 protulit
1602 4912 1927 4983 angelorum.
1969 4933 1986 4964 ι
2097 4903 2354 4955 sacerdos
2388 4902 2470 4956 νει
2501 4903 2708 4968 ἀοοῑοΐν
2750 4903 2844 4958 80d
2892 4906 3055 4958 etiam
3108 4907 3537 4976 μηθείιιτίεείπιω
3583 4927 3679 4968 ur-

416 4997 722 5054 Perfectum
745 4998 1096 5070 Evangelium
1117 5000 1316 5055 dicitur
1343 5002 1485 5070 quod
1514 5018 1612 5072 per
1636 5005 1924 5059 triennium
1941 5014 1995 5059 et
2094 4989 2178 5044 bis
2204 4989 2544 5047 Alexandria?
2568 4993 2853 5064 episcopus
2879 4997 3109 5063 θκδῑίῑίῑν
3142 5007 3202 5053 υῑ
3225 5002 3318 5069 (Illi
3345 5000 3533 5057 σικυοί)
3558 5016 3678 5057 581'-

417 5090 581 5145 semis
608 5098 731 5160 post
766 5098 1077 5161 perceptum
1113 5089 1183 5147 ab
1211 5089 1416 5147 Joanne
1455 5094 1778 5162 baptismum
1820 5110 1991 5165 usque
2097 5095 2254 5135 mone
2308 5082 2655 5153 Evangelium
2714 5085 3005 5155 scripserat
3065 5086 3271 5144 Graecis
3330 5091 3525 5146 ibidem
3575 5091 3676 5145 ha-

418 5179 487 5233 nd
518 5188 729 5250 tempus
760 5196 871 5237 sum
909 5182 1177 5253 passionis
1215 5193 1272 5236 ei
1311 5183 1723 5239 resurrectionis
1763 5184 1830 5239 ab
1875 5185 1992 5255 ipso
2098 5173 2391 5227 lzitantibns
2426 5181 2480 5228 et
2528 5175 2739 5229 cunctis
2784 5174 2981 5230 Africae.
3009 5177 3283 5246 gentibus,
3315 5179 3469 5249 quasi
3510 5186 3675 5235 teri-ce

418 5266 647 5323 Domino
689 5266 868 5325 fuerat
914 5270 1287 5341 praedicatum.
1346 5271 1574 5341 Ideoque
1618 5285 1715 5342 per
1759 5273 1991 5329 hominis
2098 5267 2400 5335 inaqutosm,
2432 5268 2594 5321 divini
2634 5264 2902 5336 dogmatis
2940 5267 3139 5323 fluenta
3172 5270 3524 5325 ministraret.

418 5357 648 5416 formam
697 5359 910 5417 Marcus
937 5362 1268 5434 designatur,
1311 5379 1433 5419 cum
1475 5379 1536 5419 ea
1569 5366 1836 5436 pmcipne
1872 5381 1991 5436 qua;
2167 5357 2261 5413 llis
2291 5360 2569 5429 expositis,
2611 5359 2789 5415 brevis
2825 5362 3131 5431 argumenti
3168 5361 3444 5417 conclusio
3485 5361 3676 5416 subdi-

417 5451 579 5508 bomo
605 5451 855 5533 Christus
883 5453 937 5508 in
959 5468 1122 5509 carne
1142 5463 1404 5525 gesserat,
1436 5456 1672 5511 breviter
1696 5457 1987 5521 enarravit,
2095 5457 2213 5504 tur:
2238 5470 2253 5501 ‹
2277 5450 2427 5520 cujus
2448 5466 2543 5520 per
2559 5450 2764 5521 singula
2782 5467 2917 5520 opus
2934 5451 3093 5517 scire,
3119 5472 3135 5504 ι
3163 5458 3216 5507 et
3239 5452 3444 5521 reliqua
3462 5465 3634 5519 usque
3658 5470 3669 5503 :

416 5541 620 5597 omisso
669 5543 876 5598 scilicet
919 5543 1102 5610 Verbi,
1135 5544 1276 5613 quod
1302 5554 1385 5600 est
1412 5547 1679 5613 Christus,
1711 5550 1987 5620 mysterio,
2102 5557 2119 5591 ε
2141 5542 2383 5596 volumus
2404 5542 2639 5612 agnosci.
2664 5561 2680 5592 ι
2704 5540 2796 5594 llis
2824 5541 3157 5597 sententiolis
3178 5542 3426 5597 omnibus
3444 5542 3673 5595 verbum

418 5641 580 5700 atque
605 5632 787 5686 carnis
811 5633 1123 5703 genealogia
1158 5650 1319 5703 quam
1351 5636 1403 5689 in
1432 5637 1701 5711 prioribus
1726 5639 1990 5711 evangeli-
2096 5636 2235 5706 quod
2289 5644 2372 5689 est
2415 5634 2649 5689 volumus
2683 5651 2776 5704 per
2816 5650 3038 5705 zeugma
3091 5635 3511 5689 subnectendum
3561 5642 3668 5685 est.

418 5723 534 5785 slis,
581 5722 634 5779 id
677 5729 777 5787 est,
825 5721 1073 5776 Matthmo
1103 5733 1156 5777 ct
1185 5722 1348 5789 Luca,
1397 5726 1624 5793 pleniter
1661 5727 1985 5799 descriptam
2097 5729 2165 5785 Ut
2196 5731 2265 5783 sit
2293 5744 2501 5793 sensus,
2533 5727 2684 5795 cuiius
2713 5740 2809 5795 per
2829 5727 3036 5797 singula
3066 5743 3201 5797 Opus
3229 5725 3366 5780 scire
3394 5723 3667 5785 volumus,
