3982 6198
280 359 388 416 285
1170 357 1531 416 EXPOSlTlO
1568 361 1636 417 ΙΝ
1672 361 2159 422 ARGUMENTUM
2198 366 2452 424 EVANG.
2496 366 2724 425 LUCIE.
3428 378 3534 438 286

273 482 334 528 et
371 471 652 542 Evangelii
683 471 736 524 in
761 485 819 525 se
845 470 990 526 dicta
1021 469 1308 541 disponere
1347 474 1612 538 volumus,
1643 484 1698 530 et
1737 476 1867 530 divi-
1892 481 1942 541 Α
1968 485 2222 545 praestat,
2272 480 2412 534 Deus
2448 489 2549 534 est.
2585 499 2602 533 ι
2645 481 2799 536 Hunc
2844 498 3061 539 sensum
3119 484 3408 555 Apostolus
3459 489 3534 543 ita

272 579 399 616 nam
444 563 498 616 in
527 576 695 616 carne
719 560 814 615 Dei
840 561 1143 631 intelligere
1170 571 1417 616 naturam
1441 563 1707 628 volumus,
1737 579 1857 634 qua:
1960 565 2147 618 scribit
2189 583 2202 619 :
2248 566 2360 635 Ego
2404 567 2657 637 plantavi,
2683 569 2870 640 Apollo
2925 573 3133 642 rigavit,
3169 573 3313 628 Deus
3358 584 3533 631 autem

272 667 374 708 nos
444 653 681 722 primum
736 652 942 721 requiri
1001 651 1290 714 volumus,
1350 653 1548 708 dehinc
1601 655 1854 724 inquisita
1956 655 2332 710 incrementum
2369 658 2532 711 dedit.
2573 659 2862 728 Apostolus
2889 662 3114 731 plantat,
3145 663 3271 718 dum
3293 665 3346 719 in
3374 665 3531 722 vinea

272 743 495 815 agnosci
541 742 810 796 volumus.
840 741 992 808 Quod
1033 755 1163 797 vero
1193 743 1290 807 ait,
1340 743 1675 813 disciplinam
1726 744 1858 814 legis
1959 743 2266 811 Dominica,
2300 747 2385 802 vel
2415 748 2469 801 in
2509 748 2709 804 Christi
2749 749 2990 806 Ecclesia
3014 793 3028 817 ,
3060 754 3215 808 [idem
3243 757 3533 812 radicando

272 850 374 890 nos
409 835 463 888 in
498 833 683 888 Marco
725 848 1036 904 agnoscere,
1081 842 1191 887 tam
1244 835 1588 904 propheticas
1636 843 1855 890 senten-
1958 835 2170 891 laborat
2195 855 2207 891 :
2234 839 2426 907 Apollo
2467 856 2617 906 vero,
2651 851 2760 896 tam
2789 844 3108 912 baptismate
3150 862 3310 916 quam
3345 851 3533 904 subsc-

273 927 374 981 tias
405 941 569 996 quam
605 925 915 980 testimonia
962 940 1028 978 ex
1071 925 1248 979 divina
1298 925 1412 996 lege
1469 937 1699 998 sumpta,
1731 929 1856 984 ubi-
1959 927 2143 993 quenti
2167 928 2564 984 exhortationis
2592 931 2856 997 doctrina,
2891 934 3106 988 eosdem
3131 935 3320 1004 irrigat
3346 956 3358 990 :
3388 937 3531 992 Deus

271 1031 484 1085 cunque
512 1017 566 1070 in
611 1014 906 1084 Evangelio
944 1014 1112 1069 Marci
1161 1016 1595 1082 introducuntur,
1633 1035 1740 1072 non
1772 1019 1854 1074 in-
1956 1027 2136 1072 tamen
2172 1020 2566 1075 incrementum
2596 1022 2719 1076 ﬁdei
2747 1024 2858 1078 suis
2884 1024 3127 1079 ﬁdelibus
3149 1027 3352 1081 tribuit.
3386 1029 3529 1096 Ergo

269 1123 508 1178 congrue
537 1106 854 1175 accipimus.
887 1105 1040 1174 Stepe
1093 1121 1326 1175 namque
1375 1108 1591 1162 nomine
1629 1109 1762 1179 legis
1797 1117 1852 1164 et
1955 1115 2008 1159 et
2037 1109 2126 1176 qui
2174 1108 2381 1178 plantat
2430 1118 2484 1166 et
2539 1112 2629 1180 qui
2695 1112 2855 1183 rigat,
2912 1130 3076 1168 unum
3129 1125 3272 1182 sunt,
3313 1117 3436 1186 quia
3463 1119 3530 1179 .itl

270 1201 505 1255 Mosaica
545 1199 654 1262 lex,
679 1205 734 1252 et
764 1197 1072 1265 prophetia,
1109 1207 1165 1252 et
1194 1198 1450 1266 psalmus,
1481 1200 1850 1270 designantur.
1955 1197 2129 1266 ipsum
2166 1201 2411 1266 credunt,
2442 1200 2494 1254 id
2536 1202 2710 1270 ipsum
2744 1203 3090 1258 desiderant:
3117 1205 3164 1258 si
3201 1207 3416 1274 quidem
3447 1207 3530 1260 itt-

267 1294 456 1362 ltaque
484 1290 646 1358 hujus
685 1289 990 1359 argumenti
1041 1299 1285 1358 repertor
1309 1305 1408 1359 pro
1451 1305 1550 1344 suo
1581 1291 1764 1346 labore
1794 1306 1852 1346 se
1953 1290 2236 1357 quirendo,
2275 1293 2618 1360 inveniendo,
2671 1297 3042 1363 exhortando,
3086 1299 3346 1366 docendo,
3388 1303 3531 1355 veri-

269 1386 578 1439 mercedem
635 1389 988 1450 accepturum
1066 1388 1284 1450 sperat,
1347 1381 1421 1434 ita
1477 1381 1848 1452 subjungcns:
1953 1387 2117 1434 tatem
2168 1383 2570 1451 apprehendere
2635 1386 3067 1444 desiderabiliter
3122 1400 3396 1460 exoptant.
3449 1391 3527 1446 Ex

274 1493 290 1525 ι
331 1473 441 1528 hab
461 1482 597 1527 'ntes
633 1473 936 1526 mercedem
980 1471 1374 1538 exhortationis
1402 1485 1416 1523 :
1447 1471 1537 1540 qui
1565 1471 1848 1539 plantatet
1954 1469 2150 1539 quibus
2193 1481 2249 1526 et
2294 1489 2435 1528 unus
2473 1473 2574 1528 fuit
2618 1475 2776 1544 hujus
2805 1481 3111 1548 argumenti
3152 1490 3411 1550 repertor.

265 1564 354 1634 qui
407 1563 589 1634 rigat,
639 1577 806 1615 unum
853 1571 1016 1624 sunt,
1075 1561 1167 1631 qui
1223 1569 1402 1614 autem
1448 1563 1846 1618 incrementum
2107 1560 2252 1616 Finit
2282 1564 2338 1617 in
2376 1575 2738 1634 argumentum
2771 1569 3060 1622 secundum
3089 1569 3352 1624 Marcum.

2798 1707 3514 1732 ———-————-——

1212 1808 1935 1886 ARGUMENTUM
2014 1811 2123 1889 1N
2204 1770 2580 1889 LUCAM.

1746 1961 1904 2023 (Μαίη
1928 1959 2074 2025 ibid.)

331 2137 507 2192 Lucas
532 2137 751 2191 natione
776 2135 964 2206 Syrus,
1003 2136 1406 2201 Antiochensis,
1433 2144 1552 2190 arte
1581 2136 1841 2201 medicus,
1873 2136 1922 2196 B
1951 2132 2114 2190 tionis
2151 2133 2206 2189 in
2227 2131 2464 2192 'Christo
2501 2135 2762 2208 impletae,
2825 2141 3127 2210 repetendae
3178 2159 3210 2196 a
3252 2145 3523 2217 principio

263 2229 560 2298 discipulus
583 2227 972 2296 apostolorum,
995 2237 1182 2296 postea
1205 2241 1333 2282 vero
1362 2226 1585 2282 Paulum
1629 2235 1846 2282 secutus
1950 2226 2253 2280 nativitatis
2274 2227 2524 2282 humanae
2543 2237 2784 2298 potestas
2807 2231 3071 2299 permissa
3100 2240 3184 2287 est
3208 2247 3222 2286 :
3246 2242 3307 2288 ut
3336 2237 3523 2308 requi-

262 2335 432 2390 usque
461 2319 530 2374 ad
558 2319 866 2388 passionem
894 2318 1030 2388 ejus,
1056 2319 1298 2373 serviens
1325 2318 1553 2374 Domino
1583 2319 1703 2374 sine
1736 2319 1846 2373 cri-
1948 2318 2193 2373 rentibus
2235 2319 2630 2374 demonstraret
2680 2321 2732 2374 in
2776 2337 2884 2391 quo
2925 2323 3336 2392 apprehendens
3383 2336 3522 2394 erat,

262 2414 406 2467 mine
457 2413 608 2482 (nam
643 2425 820 2480 neque
868 2424 1090 2463 uxorem
1122 2425 1358 2478 unquam
1391 2409 1614 2474 habuit,
1667 2423 1846 2477 neque
1945 2425 2045 2480 per
2072 2408 2284 2464 Nathan
2315 2410 2511 2464 Filium
2552 2411 2774 2465 introitu
2801 2413 3131 2469 recurrentis
3156 2415 3212 2469 in
3235 2416 3405 2470 Deum
3431 2432 3522 2486 ge-
3580 2407 3592 2418 ’

260 2504 468 2575 ﬁlios),
518 2502 861 2573 septuaginta
907 2508 963 2553 et
1013 2509 1246 2570 quatuor
1290 2515 1555 2554 annorum
1601 2500 1735 2554 obiit
1789 2501 1841 2554 in
1946 2500 2246 2555 nerationis
2270 2501 2527 2565 admisso,
2557 2501 2954 2570 indisparabilis
2984 2503 3201 2558 Deizut
3219 2507 3525 2573 praedicans

259 2596 512 2668 Bithynia
543 2595 733 2664 plenus
783 2593 988 2662 Spiritu
1017 2600 1221 2646 sancto.
1266 2590 1387 2657 Qui,
1422 2606 1542 2645 cum
1567 2589 1680 2658 jam
1711 2591 1843 2645 scri-
1945 2592 1999 2646 in
2036 2591 2346 2647 hominibus
2373 2590 2647 2646 Christum
2681 2607 2859 2657 suum,
2907 2593 3136 2660 perfecti
3184 2611 3320 2664 opus
3349 2596 3526 2652 homi-

256 2697 342 2757 pta
399 2697 586 2742 essent
639 2685 960 2756 Evangelia;
1014 2699 1109 2754 per
1162 2683 1472 2737 Mattlueum
1524 2682 1740 2752 quidem
1789 2683 1843 2736 in
1943 2683 2028 2737 nis
2056 2683 2234 2738 redire
2286 2683 2340 2736 in
2381 2697 2440 2737 se
2471 2695 2568 2752 per
2601 2680 2772 2736 ﬁlium
2815 2681 3041 2748 faceret,
3093 2685 3183 2752 qui
3223 2699 3324 2753 per
3353 2685 3525 2741 David

257 2777 468 2843 Iudaea,
497 2794 595 2848 per
626 2778 866 2830 Marcum
912 2783 1092 2828 autem
1123 2774 1176 2828 in
1224 2773 1415 2838 Italia,
1467 2779 1654 2828 sancto
1692 2772 1844 2825 insti-
1941 2784 2152 2842 patrem
2198 2774 2535 2828 venientibus
2582 2773 2687 2828 iter
2726 2773 2998 2843 praebebat
3046 2775 3100 2828 in
3141 2773 3378 2830 Christo.
3422 2776 3521 2832 Cui

256 2879 422 2942 gante
478 2868 687 2936 Spiritu
717 2908 730 2932 ,
781 2867 835 2920 in
892 2864 1111 2919 Achaia:
1160 2863 1406 2932 partibus
1464 2863 1569 2916 hoc
1626 2862 1845 2930 scripsit
1944 2865 2101 2919 Luca:
2126 2882 2231 2918 non
2274 2867 2540 2921 immerito
2563 2869 2724 2921 etiam
2755 2869 3167 2924 scribendorum
3198 2872 3524 2941 apostolico-

258 2960 614 3032 Evangelium
641 2976 654 3011 :
683 2956 994 3028 signiﬁcans
1025 2955 1187 3010 etiam
1211 2954 1324 3024 ipse
1347 2954 1397 3007 in
1428 2951 1695 3023 principio
1719 2964 1843 3007 ante
1943 2975 2062 3013 rum
2089 2959 2318 3014 Actuum
2347 2967 2586 3028 potestas
2617 2961 2670 3013 in
2702 2963 2959 3031 mysterio
2983 2964 3144 3017 datur
3171 2983 3184 3016 :
3225 2973 3285 3018 ut
3311 2965 3422 3020 Deo
3464 2967 3521 3021 in

257 3055 358 3108 alia
389 3067 518 3107 esse
558 3050 850 3119 descripta.
896 3048 1026 3112 Cui,
1053 3058 1209 3102 extra
1238 3061 1302 3100 ea
1336 3063 1456 3116 quae
1505 3047 1640 3100 ordo
1679 3061 1843 3100 evan-
1941 3050 2114 3105 Deum
2150 3051 2326 3121 pleno,
2365 3060 2419 3106 et
2441 3052 2550 3107 ﬁlio
2575 3055 2892 3124 perditionis
2932 3058 3233 3124 exstincto,
3273 3063 3521 3115 oratione

257 3146 445 3217 gelicm
471 3142 842 3212 dispositionis
867 3140 1131 3210 exposcit,
1171 3155 1235 3194 ea
1269 3139 1501 3194 maxime
1545 3141 1842 3196 necessitas
1943 3142 2009 3195 ab
2035 3141 2292 3212 apostolis
2321 3143 2486 3208 facta,
2515 3153 2660 3199 sorte
2697 3144 2909 3200 Domini
2943 3147 3224 3217 electionis
3263 3165 3520 3204 numerus

257 3239 466 3293 laboris
507 3237 628 3302 fuit,
658 3247 716 3291 ut
743 3238 975 3306 primum
1014 3234 1217 3290 Graecis
1258 3233 1502 3289 ﬁdelibus
1540 3235 1686 3288 omni
1718 3251 1841 3304 pro-
1942 3234 2336 3305 compleretur;
2387 3236 2572 3305 sicque
2605 3236 2804 3296 Paulus
2832 3241 3351 3295 consummationem
3397 3256 3521 3312 apo-

254 3332 572 3402 phetatione
598 3329 804 3384 venturi
827 3331 879 3383 in
901 3344 1120 3384 carnem
1152 3327 1243 3381 Dei
1266 3327 1467 3382 Christi
1498 3328 1840 3382 manifestata
1940 3325 2148 3378 stolicis
2169 3324 2394 3379 Actibus
2422 3326 2594 3390 daret,
2610 3343 2769 3398 quem
2797 3327 2887 3382 diu
2915 3338 3106 3384 contra
3131 3330 3407 3384 stimulum
3432 3345 3520 3386 re-

255 3423 624 3487 humanitate,
648 3436 716 3476 ne
755 3418 994 3474 Judaicis
1031 3419 1227 3475 fabulis
1250 3421 1439 3474 attenti
1469 3419 1520 3473 iu
1554 3419 1669 3473 solo
1707 3419 1840 3491 legis
1874 3481 1908 3491 ﬂ
1941 3414 2309 3468 calcitrantcm
2348 3415 2605 3470 Dominus
2630 3417 2898 3487 elegisset.
2931 3419 3086 3485 Quod
3126 3418 3427 3489 legentibus
3457 3434 3521 3474 ac

257 3514 532 3570 desiderio
576 3519 911 3573 tenerentur,
962 3526 1031 3564 ne
1081 3509 1164 3565 vel
1212 3510 1482 3565 htereticis
1535 3508 1731 3564 fabulis
1784 3517 1838 3563 et
1866 3481 1909 3542 Ο
1946 3505 2342 3573 requirentibus
2373 3505 2540 3558 Deum
2568 3507 2670 3560 etsi
2711 3523 2808 3576 per
2842 3509 3054 3578 singula
3097 3509 3338 3578 expediri
3365 3524 3394 3561 a
3422 3523 3522 3564 no—

256 3605 436 3659 stultis
457 3601 929 3658 sollicitationibus
951 3601 1155 3655 seducti
1184 3601 1493 3655 exciderent
1523 3615 1553 3654 a
1586 3602 1834 3665 veritate,
1944 3597 2028 3651 bis
2064 3597 2194 3651 utile
2241 3596 2436 3660 fuerat,
2470 3597 2647 3651 sciens
2682 3607 2861 3652 tamen
2887 3613 2996 3666 quo
3035 3606 3345 3665 operantem
3375 3598 3522 3668 agri-

257 3696 567 3750 elaboraret
595 3713 606 3746 :
633 3694 830 3748 dehinc
854 3702 910 3746 ut
937 3693 986 3746 in
1013 3693 1279 3762 principio
1302 3692 1838 3761 Evangelii,Joanuis
1941 3687 2112 3741 colam
2142 3693 2388 3757 oporteat
2433 3687 2497 3740 de
2541 3685 2808 3741 fructibus
2856 3687 2968 3741 suis
3015 3688 3197 3751 edere,
3229 3687 3520 3744 vitavitnus

259 3788 541 3841 nativitate
571 3793 916 3856 prmsumpta,
957 3785 1042 3840 cui
1074 3783 1418 3854 Evangelium
1467 3784 1751 3849 scriberet,
1782 3795 1831 3840 el

1984 3776 2206 3830 ublicam
2233 3777 2623 3841 curiositatem,
2646 3790 2713 3829 ne
2748 3791 2854 3830 non
2885 3783 2993 3829 tam
3017 3775 3320 3830 volentibus
3346 3777 3516 3832 Deum
3548 3812 3556 3819 -

260 3894 311 3931 tn
359 3893 468 3946 quo
512 3876 715 3930 electus
748 3876 1029 3941 scriberet,
1077 3875 1342 3930 indicaret
1380 3893 1391 3929 :
1425 3883 1738 3930 contestans
1778 3876 1833 3930 in
1939 3866 2266 3932 νίιίθνθιιιυν,
2295 3880 2454 3934 quam
2479 3866 2884 3920 fastidientibus
2909 3869 3180 3936 prodesse.

249 3984 317 4022 se
346 3969 608 4036 et’vmpleta
657 3983 775 4022 esse
804 3983 923 4036 quae
969 3975 1156 4021 essent
1181 3967 1249 4021 ab
1279 3965 1398 4020 aliis
1431 3967 1696 4020 inchoata.
1739 3965 1815 4022 Cu

1472 3967 1696 4020 tchoata.
1739 3965 1836 4022 Cui
2396 3977 2624 4049 Explicit
2662 3987 3044 4048 argumentum.

262 4059 385 4112 idco
411 4069 531 4128 post
563 4059 888 4131 baptismum
910 4058 1032 4114 Filii
1062 4059 1180 4124 Dei,
1207 4075 1236 4112 a
1265 4057 1597 4128 perfectione
1616 4074 1839 4128 genera-

993 4322 1623 4437 EJUSDEM
1714 4324 2266 4440 SEDULII
2357 4322 2774 4438 SCOTI

773 4535 1461 4606 EXPOSITIUNCULA‘
1501 4543 1583 4604 IN
1634 4542 2194 4604 ARGUMENTUM
2240 4542 2658 4604 SECUNDUM
2704 4539 2996 4604 LUCAM.

1745 4685 1910 4747 (Mat,
1930 4683 2073 4745 ibid.)

337 4865 390 4921 ln
439 4865 595 4934 hujus
641 4865 942 4936 argumenti
974 4865 1219 4931 exordio,
1250 4863 1590 4935 evangelista:
1617 4878 1833 4927 nomen,
1863 4866 1915 4925 D
1941 4861 2289 4915 eminentiam
2319 4863 2743 4916 transcenderat.
2786 4860 2938 4916 Unde
2965 4869 3020 4914 et
3059 4860 3230 4930 Syrus
3278 4860 3526 4914 nomina-

257 4973 451 5029 genus,
471 4957 668 5026 patria,
684 4965 740 5012 et
766 4971 855 5010 ars
873 4957 1128 5020 humana,
1162 4954 1510 5024 caelestisque
1532 4953 1834 5022 disciplina,
1943 4958 2049 5016 tus,
2094 4951 2237 5022 quod
2268 4952 2655 5021 interpretatur
2687 4951 2932 5006 sublimis
2952 4991 2966 5016 ,
2998 4950 3205 5004 scilicet
3237 4949 3357 5004 ﬁdei
3403 4964 3519 5006 me-

256 5049 498 5104 breviter
531 5047 837 5104 ostenditur
863 5062 984 5101 cum
1011 5047 1212 5101 dictum
1237 5054 1359 5100 est:
1395 5063 1413 5096 c
1449 5045 1619 5099 Lucas
1647 5044 1837 5115 Syrus,
1941 5041 2060 5097 ritis
2090 5043 2427 5098 sublimatus.
2469 5041 2568 5097 Hic
2616 5057 2684 5096 ex
2734 5041 3067 5110 paupertatis
3113 5040 3344 5107 silentio,
3376 5043 3519 5110 quod

255 5127 662 5204 Antiochensis,
705 5149 819 5194 arte
850 5139 1113 5202 medicus,
1135 5138 1427 5207 discipulus
1453 5137 1838 5205 apostolorum,
1943 5135 2228 5190 Antiochia
2274 5143 2450 5196 sonat,
2479 5135 2549 5189 ad
2594 5132 2934 5202 evangelicas
2981 5131 3204 5185 delicias
3230 5131 3521 5186 translatus

257 5241 445 5298 postea
491 5231 717 5285 Paulum
774 5241 992 5285 secutus
1021 5243 1192 5298 usque
1232 5231 1300 5283 ad
1349 5229 1650 5299 passionem
1701 5229 1837 5297 ejus,
1943 5237 2049 5291 est,
2093 5236 2151 5279 ut
2201 5227 2343 5295 quod
2380 5226 2530 5294 prius
2556 5236 2778 5294 propter
2821 5222 3056 5293 inopiam
3095 5223 3335 5277 scientiae
3364 5223 3522 5292 longo

258 5321 505 5375 serviens
537 5320 767 5376 Domino
818 5320 936 5374 sine
987 5319 1233 5373 crimine.
1290 5339 1306 5369 ι
1358 5316 1480 5372 Haec
1515 5317 1690 5370 omnia
1727 5333 1839 5370 ma-
1943 5319 2160 5374 silentio
2205 5319 2489 5388 propalare
2518 5334 2624 5372 non
2666 5326 2897 5386 poterat,
2928 5317 3268 5386 postmodum
3312 5315 3518 5370 caelesti
3563 5353 3570 5358 ς

256 5427 421 5482 gnam
447 5412 794 5483 evangelista:
837 5411 1050 5466 laudem
1075 5408 1384 5464 ostendunt.
1412 5407 1565 5462 Unde
1587 5420 1640 5462 et
1669 5408 1842 5462 Lucas
1945 5409 2188 5464 doctrina
2232 5409 2516 5478 Opulentus
2563 5406 2806 5471 ellectus,
2860 5408 3145 5462 thesauros
3196 5405 3520 5477 evangelica:

257 5501 483 5557 elevans
520 5502 602 5558 vel
653 5516 984 5572 consurgens
1032 5501 1435 5568 interpretatur,
1490 5498 1841 5567 quia,divina
1946 5499 2205 5554 doctrina:
2235 5499 2455 5570 largiter
2482 5499 2838 5569 dispensaret.
2868 5498 2967 5554 Hic
3010 5499 3261 5570 primitus
3308 5506 3521 5569 aposto-

257 5599 556 5661 pmstante
580 5593 777 5663 gratia,
806 5591 872 5646 de
904 5590 1050 5645 vitiis
1073 5589 1139 5643 ad
1161 5590 1419 5642 virtutum
1453 5587 1684 5641 culmina
1717 5603 1844 5640 con-
1946 5591 2121 5644 lorum
2161 5591 2485 5661 discipulus,
2535 5600 2717 5661 postea
2769 5591 2992 5645 Paulum
3043 5591 3359 5662 magistrum
3392 5606 3521 5660 geu-

258 5698 514 5753 surgens,
547 5699 611 5738 ac
649 5685 894 5739 veritatis
937 5683 1110 5737 lucem
1161 5681 1386 5736 elevatis
1434 5679 1630 5732 mentis
1676 5679 1844 5733 oculis
1949 5682 2102 5744 tittm,
2135 5683 2287 5753 quasi
2315 5683 2558 5752 gentilis,
2590 5691 2640 5736 ct
2675 5684 2825 5752 virgo
2857 5683 3119 5752 virginem
3151 5690 3371 5738 secutus
3415 5681 3521 5734 fue-

261 5773 479 5840 vidcns,
513 5789 580 5829 ex
620 5776 884 5846 corporali
919 5774 1159 5840 medico,
1210 5776 1263 5829 in
1323 5773 1620 5846 spiritualis
1654 5773 1845 5827 medici
1951 5782 2053 5839 rat,
2095 5791 2202 5829 non
2235 5782 2440 5828 tantum
2489 5773 2552 5828 ad
2586 5774 2858 5843 Evangelii
2910 5773 3375 5842 praedicationem.
3424 5776 3517 5825 scd
