3982 6198
390 348 496 405 287

395 550 548 605 Pauli
572 549 677 603 sub
720 546 931 603 Nerone
956 546 1201 616 principe
1231 545 1646 601 confessionem.
1692 543 1848 612 Quod
1886 543 1969 598 di—

391 647 536 701 citur
577 663 597 695 ι
643 644 887 699 serviens
923 644 1153 700 Domino
1191 644 1309 699 sine
1345 644 1591 708 crimine,
1628 662 1649 698 ο
1694 642 1969 715 signiﬁcat

392 739 536 806 quod
564 737 715 807 virgo
745 737 999 801 intactus,
1029 736 1147 790 sine
1188 735 1561 791 fornicationis
1583 735 1735 801 vitio,
1761 743 1967 791 castam

394 830 610 885 duxerit
642 831 832 884 vitam.
881 829 1019 884 Hinc
1071 835 1198 898 apte
1246 827 1526 898 sequitur:
1562 844 1584 879 ‹
1615 842 1742 882 nam
1791 842 1968 896 neque

394 934 620 974 uxorem
661 933 898 988 unquam
949 919 1158 973 habens
1199 932 1376 986 neque
1411 917 1580 982 ﬁlios,
1626 918 1968 988 septuaginta

393 1019 445 1067 et
474 1022 706 1081 quatuor
749 1022 1016 1065 annorum
1057 1007 1193 1063 obiit
1232 1008 1287 1061 in
1328 1007 1580 1078 Bithynia
1617 1007 1809 1077 plenus
1839 1007 1966 1078 Spi-

392 1104 503 1157 ritu
560 1110 769 1157 saneto.
824 1121 844 1155 ι
906 1100 1072 1156 Valde
1128 1114 1466 1168 consequens
1532 1113 1654 1154 esse
1712 1100 1963 1166 videtur,

392 1203 452 1246 ut
486 1193 530 1247 si
570 1207 793 1246 uxorem
846 1206 956 1246 non
1008 1190 1233 1256 habuit,
1276 1178 1416 1246 ﬁlios
1460 1205 1677 1261 quoque
1712 1206 1821 1246 non
1864 1193 1965 1247 ha-

393 1281 554 1337 beret
627 1281 781 1348 Quod
829 1289 1012 1337 certus
1060 1295 1323 1335 annorum
1384 1279 1502 1349 ejus
1558 1296 1817 1337 numerus
1870 1283 1966 1338 de-

394 1374 687 1439 scribitur,
741 1388 851 1428 non
895 1380 1054 1427 vacat
1106 1387 1135 1425 a
1186 1373 1464 1443 mysterio.
1515 1371 1648 1426 Nam
1713 1374 1968 1430 denarius

396 1478 654 1518 nmnerus
687 1471 910 1534 propter
936 1462 1248 1534 decalogum
1287 1462 1673 1533 perfectionem
1700 1465 1962 1537 designat.

393 1550 748 1621 Septenarius
796 1567 1056 1607 numerus
1102 1551 1473 1623 septiformem
1517 1554 1750 1625 Spiritus
1793 1559 1966 1612 sancti

395 1642 624 1710 gratiam
653 1644 928 1712 exprimit.
974 1643 1161 1713 Itaque
1204 1644 1332 1712 quia
1372 1643 1548 1699 Lucas
1587 1645 1723 1715 legis
1750 1647 1968 1703 dccalo-

394 1746 541 1802 gum,
580 1740 872 1802 praestante
905 1732 1142 1802 Spiritus
1187 1734 1359 1789 sancti
1400 1735 1592 1805 gratia,
1626 1736 1962 1806 impleverat,

391 1828 539 1876 recte
568 1821 622 1875 in
649 1821 766 1892 ejus
799 1829 960 1876 aetate
990 1822 1078 1877 hic
1114 1838 1375 1878 ntmlcrus
1415 1832 1740 1894 supputetur
1771 1845 1784 1880 :
1821 1828 1966 1884 unde

387 1919 445 1966 et
471 1910 675 1981 Spiritu
704 1920 892 1968 sancto
916 1914 1110 1983 plenus
1140 1929 1259 1969 esse
1288 1913 1542 1970 refertur.

461 2001 579 2068 Quo
622 2018 752 2058 vero
804 2010 1077 2074 tempore,
1109 2003 1194 2058 vel
1225 2019 1333 2073 quo
1384 2004 1532 2073 loco,
1578 2019 1673 2062 seu
1716 2020 1817 2076 pro
1859 2022 1966 2078 qua

389 2109 577 2161 causa,
615 2111 771 2161 suum
821 2097 1098 2166 scripserit
1142 2096 1514 2167 Evangelium,
1563 2114 1694 2159 mox
1724 2099 1968 2157 declara-

388 2196 480 2243 tur
524 2201 647 2241 cum
697 2185 986 2245 subditur:
1018 2206 1038 2239 c
1071 2188 1164 2257 qui
1205 2202 1327 2243 cum
1371 2186 1488 2258 jam
1537 2190 1742 2259 scripta
1786 2199 1968 2246 mut

393 2277 703 2349 Evangelia,
754 2295 851 2349 per
901 2278 1211 2337 Matthteum
1245 2280 1466 2349 quidem
1506 2281 1561 2335 in
1612 2279 1819 2347 Iudaea,
1869 2297 1968 2353 per

394 2368 633 2433 Marcum
672 2379 852 2434 autem
879 2369 935 2426 in
963 2369 1138 2437 Italia,
1172 2378 1360 2427 sancto
1396 2371 1687 2443 instigante
1735 2371 1965 2443 Spiritu,

391 2459 447 2514 in
470 2459 686 2522 Achaiae
724 2462 965 2531 partibus
994 2462 1097 2519 hoc
1132 2462 1351 2532 scripsit
1371 2462 1727 2534 Evangelium
1750 2504 1763 2527 ,
1792 2466 1964 2536 signi-

389 2547 560 2613 ﬁcans
589 2550 752 2615 etiam
792 2552 927 2621 ipse,
970 2552 1023 2612 in
1073 2552 1338 2622 principio
1374 2561 1502 2608 ante
1546 2553 1774 2610 aliorum
1803 2569 1968 2611 evan-

393 2641 704 2710 gelistal’ttm
743 2642 1035 2715 Evangelia
1063 2644 1168 2701 alia
1189 2660 1312 2701 esse
1347 2647 1638 2717 descripta.
1676 2667 1694 2700 ι
1733 2647 1967 2718 Tempus

393 2739 450 2784 et
490 2731 642 2791 locus
667 2734 1044 2797 conscribendi
1072 2734 1348 2806 Evangelii
1393 2744 1492 2801 est,
1526 2736 1651 2806 quia
1681 2748 1805 2806 post
1832 2738 1965 2794 Mat-

393 2823 593 2888 lhxum
630 2833 688 2880 et
714 2825 973 2893 Marcum,
1004 2829 1060 2885 in
1084 2828 1289 2883 Achaia
1319 2844 1477 2884 suum
1528 2830 1745 2899 scripsit
1788 2830 1967 2886 Evan-

391 2913 613 2984 gelium.
639 2915 812 2979 Causa
838 2918 1214 2977 conscribendi
1246 2918 1521 2990 Evangelii
1551 2927 1634 2974 est
1659 2920 1805 2989 quod
1830 2936 1963 2975 non-

388 3005 492 3059 nisi
532 3005 821 3077 iustigante
848 3017 1036 3064 sancto
1085 3009 1290 3079 Spiritu
1318 3010 1450 3066 illud
1493 3026 1629 3081 opus
1676 3011 1962 3081 scripsisse

387 3098 815 3154 commendatur.
844 3098 951 3155 Sed
984 3108 1040 3156 et
1074 3100 1233 3156 aliam
1268 3102 1617 3172 multiplicem
1643 3102 1813 3162 fuisse
1834 3122 1962 3164 cau-
1988 3138 2032 3202 Ο

391 3202 506 3243 sam
548 3186 790 3257 ejusdem
820 3191 1000 3260 operis
1025 3191 1201 3247 adhuc
1248 3192 1517 3260 declarat,
1544 3194 1620 3248 ita
1672 3196 1909 3252 subdens
1943 3216 1956 3252 :

393 3292 414 3333 ς
451 3274 557 3339 cui,
603 3283 757 3330 extra
797 3292 862 3331 ea
896 3292 1017 3347 quae
1048 3279 1182 3335 ordo
1224 3282 1549 3353 evangelicae
1595 3281 1963 3355 dispositionis

387 3365 663 3435 exposcit,
708 3386 727 3419 ι
758 3375 814 3423 et
837 3368 1043 3440 reliqua
1071 3384 1242 3441 usque
1274 3388 1288 3426 :
1329 3390 1350 3424 ι
1403 3372 1728 3429 elaboraret.
1764 3395 1783 3429 ι
1817 3375 1962 3433 Ordo

387 3455 473 3512 vel
494 3457 633 3513 ratio
663 3458 986 3529 evangelicae
1037 3461 1404 3531 dispositionis
1453 3463 1584 3520 illud
1630 3467 1963 3536 exposcehat

388 3552 450 3601 ut
487 3561 594 3601 non
643 3546 818 3603 solum
863 3556 1009 3615 tres,
1058 3550 1114 3605 id
1159 3559 1243 3607 est
1279 3551 1562 3610 Matthteus
1590 3594 1607 3620 ,
1657 3554 1870 3612 Marcus
1906 3566 1964 3613 et

384 3637 645 3707 Joannes,
688 3643 782 3697 sed
808 3645 991 3713 potius
1036 3655 1266 3715 quatuor
1288 3648 1666 3718 evangelistae,
1706 3650 1961 3721 adjuncto

385 3729 592 3787 scilicet
645 3731 813 3800 Luca,
867 3734 1067 3799 Christi
1130 3737 1476 3810 Evangelium
1528 3743 1956 3800 conscriberent.

390 3818 507 3877 Hoc
557 3838 791 3895 namque
838 3828 981 3896 apud
1033 3828 1203 3884 Deum
1244 3839 1371 3886 ante
1401 3839 1644 3901 tempora
1680 3835 1961 3891 saecularia

389 3911 567 3968 fuerat
597 3916 1058 3984 praedestinatum,
1086 3921 1191 3976 hoc
1218 3923 1562 3990 postmodum
1603 3939 1704 3995 per
1728 3936 1962 3995 quatuor

381 4003 695 4058 animalium
743 4004 947 4061 formas
973 4008 1375 4079 prteﬁguratum
1423 4012 1525 4067 fuit
1566 4023 1620 4068 et
1660 4024 1957 4072 ostensum.

391 4092 497 4148 Sed
535 4102 734 4163 praeter
771 4095 861 4147 illa
890 4097 1296 4165 praedestinata,
1333 4102 1678 4171 praeﬁgurata
1700 4114 1756 4161 et
1781 4117 1961 4162 osten-

391 4196 453 4235 sa
471 4222 485 4246 ,
525 4198 645 4250 qua:
665 4182 733 4237 ad
755 4183 998 4240 ordinem
1027 4188 1350 4259 evangelicae
1375 4190 1746 4261 dispositionis
1787 4197 1959 4267 perti-

386 4279 539 4337 nent,
562 4286 624 4326 ea
661 4274 897 4331 maxime
925 4279 1231 4335 necessaria
1267 4289 1323 4343 et
1368 4282 1645 4354 multiplex
1672 4301 1836 4343 causa
1862 4289 1962 4345 hu-

375 4359 469 4431 jus
492 4363 787 4436 evangelici
813 4365 1015 4424 laboris
1042 4370 1271 4437 exstitit,
1304 4380 1570 4443 quatenus
1592 4375 1795 4433 Graecis
1828 4379 1959 4437 ﬁde-

1771 336 1947 397 SEDU
1955 336 2043 392 ιιι
2082 336 2278 398 εεοτι
3528 336 3557 395 ε

389 460 578 524 etiam,
609 458 753 529 quod
783 465 870 513 est
908 456 1067 513 laude
1098 456 1431 527 praeclarius,
1461 469 1638 527 usque
1681 454 1752 511 ad
1790 452 1963 524 ipsius
1988 451 2044 512 Α
2065 450 2448 524 Evangelium',
2489 451 2589 511 sed
2639 450 2750 510 sola
2793 452 2927 522 legis
2968 453 3259 516 constituta
3307 450 3638 522 persuadent

3528 333 3637 393 288

2063 552 2185 597 esse
2204 542 2482 599 sectanda.
2512 541 2714 599 Contra
2746 544 2847 600 hos
2873 542 3202 611 evangelista
3220 540 3499 599 Christum
3519 539 3639 609 jam

2064 637 2251 687 natum
2274 629 2443 689 fuisse
2466 634 2718 699 ostendit,
2741 634 2921 689 ethoc
2955 648 3062 688 non
3092 634 3211 689 sine
3240 634 3450 690 idoneis
3474 635 3624 689 testi-

2062 716 2165 774 bus
2192 719 2409 786 astruit,
2451 723 2544 776 sed
2569 722 2718 778 omni
2750 722 3165 793 prophetatione
3207 721 3639 779 indubitabiliter

2065 808 2350 876 approbat,
2380 816 2442 863 ut
2468 822 2630 864 omne
2654 825 2717 867 os
2746 812 3034 882 reprobum
3061 809 3395 867 obstruatur.
3419 811 3488 866 Et
3512 828 3639 868 cum

2065 895 2310 950 nonnulli
2330 895 2576 952 haeretici
2601 897 2875 955 Christum
2900 899 2957 955 ih
2981 900 3241 955 mundum
3263 900 3500 967 venisse,
3526 917 3640 958 non

2065 993 2246 1041 tamen
2270 1003 2455 1043 veram
2484 1004 2706 1044 carnem
2754 990 3021 1057 habuisse,
3052 992 3150 1048 sed
3171 993 3469 1047 aethereum
3513 1008 3642 1049 cor-

2063 1090 2164 1145 pus
2198 1092 2357 1133 suum
2406 1079 2475 1134 de
2516 1080 2830 1136 coelestibus
2877 1082 3109 1137 traxisse
3156 1082 3596 1152 dogmatizabant
3620 1123 3636 1149 ,

2067 1181 2175 1220 non
2224 1167 2404 1223 minus
2425 1169 2524 1224 hos
2550 1184 2710 1238 quam
2732 1170 2853 1226 illos
2880 1171 3023 1226 idem
3043 1171 3244 1227 vitulus
3270 1172 3640 1241 spiritualibus

2065 1255 2319 1312 cornibus
2354 1253 2646 1326 cenvincit,
2672 1261 2801 1315 dum
2844 1259 3120 1317 Christum
3165 1264 3457 1318 secundum
3516 1278 3641 1318 car-

2065 1360 2192 1400 nem
2213 1355 2267 1402 et
2293 1359 2614 1420 wneeptum
2639 1360 2693 1407 et
2713 1367 2780 1408 ex
2814 1353 2984 1409 Maria
3024 1355 3233 1426 virgine
3256 1363 3444 1411 natum
3469 1356 3639 1414 fuisse

2067 1439 2283 1493 asserit.
2315 1439 2397 1495 Ob
2439 1442 2541 1498 hoc
2565 1445 2747 1514 itaque
2773 1454 3032 1502 cornutas
3060 1448 3389 1519 evangelista
3425 1449 3639 1506 labora—

2068 1527 2166 1593 vit,
2196 1544 2265 1584 ne
2300 1530 2390 1584 alii
2412 1530 2676 1589 laborent.
2702 1534 2809 1591 Bos
2831 1537 3095 1607 spirituali
3120 1538 3259 1610 stylo
3281 1548 3536 1595 exarante
3560 1539 3638 1594 la-

2066 1620 2298 1686 boravit,
2338 1636 2407 1676 ne
2450 1621 2622 1678 Graeci
2680 1626 2864 1682 ﬁdeles
2910 1642 2941 1681 a
2989 1628 3221 1685 veritate
3274 1631 3636 1709 discederent,

2068 1707 2472 1781 Christumque,
2524 1714 2615 1783 qui
2650 1722 2734 1769 est
2775 1716 2996 1782 veritas,
3037 1717 3442 1787 relinquerent,
3483 1728 3537 1775 et
3581 1707 3638 1775 in

1995 1779 2041 1839 Β
2067 1801 2268 1856 erroris
2296 1779 2523 1859 ﬂexibus
2540 1779 2887 1861 ﬁlaborarent.

2135 1888 2256 1945 Alia
2281 1906 2494 1963 quoque
2528 1910 2657 1965 pars
2684 1911 2861 1951 causa:
2881 1898 3184 1953 ostenditur
3210 1914 3332 1955 cum
3353 1903 3598 1957 subditur
3623 1923 3636 1956 :

2072 1997 2093 2030 ι
2124 1981 2320 2037 dehinc
2342 1984 2473 2038 utin
2494 1986 2760 2057 principio
2781 1988 3077 2061 Evangelii,
3102 2012 3121 2045 ι
3136 1999 3193 2047 et
3211 1992 3413 2063 reliqua
3434 2009 3603 2063 usque
3622 2015 3636 2049 :

2073 2088 2092 2121 ι
2122 2070 2394 2128 inchoata.
2408 2151 2413 2153 Α
2428 2094 2447 2127 ι
2472 2075 2590 2130 Non
2612 2077 2805 2143 solum,
2826 2079 3018 2149 inquit,
3034 2064 3259 2153 propter
3276 2082 3490 2140 Graecos
3511 2085 3642 2147 ﬁde-

2066 2160 2146 2216 les
2169 2160 2344 2217 Lucas
2382 2151 2436 2219 iii
2473 2180 2637 2236 Opere
2675 2168 2983 2239 evangelico
3011 2151 3306 2240 laboravit,
3338 2175 3430 2230 sed
3457 2184 3510 2230 et
3535 2175 3640 2233 alia

2069 2270 2236 2309 causa
2266 2254 2509 2327 ejusdem
2555 2259 2733 2329 operis
2766 2261 2989 2326 existitit,
3038 2262 3141 2318 hoc
3189 2272 3293 2331 est,
3337 2267 3478 2337 quod
3525 2267 3642 2337 ipse

2066 2346 2242 2403 Lucas
2270 2364 2302 2401 a
2329 2349 2489 2404 beato
2519 2350 2814 2422 Theophilo
2855 2355 3157 2424 postulatus
3193 2365 3329 2424 erat,
3374 2368 3644 2433 quatenus

2065 2437 2268 2494 Christi
2290 2439 2636 2513 Evangelium
2673 2446 3069 2512 conscriberet,
3097 2449 3239 2518 quod
3276 2457 3333 2504 et
3368 2449 3543 2506 Lucas
3585 2454 3641 2508 in

2064 2535 2329 2603 prooemio
2348 2538 2433 2590 sui
2464 2536 2735 2608 Evangelii
2772 2539 2991 2606 indicat,
3021 2540 3074 2594 id
3098 2549 3180 2597 est
3208 2541 3553 2615 Evangelinm
3583 2561 3644 2600 se

2066 2626 2365 2696 Theophilo
2390 2639 2646 2696 poscente
2670 2628 2921 2696 edidisse,
2949 2639 3002 2685 et
3029 2632 3170 2701 quod
3193 2632 3245 2686 in
3272 2630 3475 2703 Spiritu
3512 2649 3643 2688 sau-

2065 2723 2152 2770 cto
2175 2715 2242 2770 ad
2264 2716 2367 2770 hoc
2397 2716 2755 2772 ministerium
2785 2719 2990 2775 electus
3018 2719 3217 2788 fuerat,
3242 2731 3553 2778 contestans
3584 2726 3640 2778 in

2063 2822 2123 2863 se
2156 2808 2420 2877 completa
2459 2824 2581 2865 esse
2625 2811 2935 2882 Evangelia,
2973 2829 3092 2884 quae
3137 2814 3206 2869 ab
3251 2813 3370 2871 aliis
3410 2819 3641 2886 pseudo-

2064 2900 2407 2971 evangelistis
2432 2910 2589 2956 erant
2624 2919 2730 2959 non
2758 2903 3026 2972 perfecta,
3059 2905 3152 2961 sed
3179 2920 3342 2975 prave
3364 2907 3636 2963 inchoata.

2065 2990 2171 3047 Sed
2214 2993 2268 3046 in
2294 2993 2559 3063 principio
2589 2995 2669 3049 sui
2699 2993 2974 3066 Evangelii
3006 3013 3113 3052 non
3152 2996 3354 3053 Christi
3388 2999 3642 3070 genealo-

2064 3082 2209 3154 giam
2254 3086 2564 3153 proposuit,
2619 3086 2886 3155 quomodo
2932 3085 3210 3143 Matthmus
3258 3089 3314 3143 in
3356 3104 3453 3144 suo
3507 3089 3642 3146 fecit

2064 3174 2373 3246 Evangelio,
2398 3177 2489 3231 sed
2517 3176 2694 3248 potius
2730 3175 2954 3233 Joannis
2994 3188 3246 3248 tanquam
3287 3184 3643 3250 pmcursoris

2064 3266 2279 3323 Domini
2300 3268 2605 3335 nativitate,
2628 3285 2789 3338 quam
2816 3268 2872 3324 in
2899 3269 3021 3327 aliis
3042 3270 3363 3344 descriptam
3389 3289 3504 3331 esse
3529 3292 3639 3332 nun

2062 3355 2292 3423 viderat,
2311 3369 2660 3429 praesumpta,
2682 3360 2759 3415 sic
2788 3362 3005 3416 tandem
3032 3372 3156 3434 apto
3179 3366 3432 3435 temporis
3452 3368 3642 3422 ordine

2063 3458 2402 3517 conservato,
2430 3451 2634 3506 Christi
2660 3452 2996 3508 nativitatem
3023 3463 3116 3510 aut
3143 3458 3506 3530 genealogiam
3522 3459 3641 3529 ple-

2062 3542 2205 3596 niter
2231 3543 2525 3596 enarravit.
2563 3542 2713 3599 Unde
2741 3547 3014 3614 sequitur:
3044 3564 3063 3597 ‹
3100 3547 3186 3601 cui
3230 3548 3350 3604 ideo
3395 3558 3514 3619 post
3541 3549 3640 3604 ba-

2060 3634 2316 3703 ptismum
2349 3633 2474 3688 Filii
2522 3633 2638 3701 Dei,
2670 3656 2689 3689 »
2723 3644 2778 3690 ct
2806 3636 3013 3708 reliqua
3053 3653 3254 3709 usque:
3308 3659 3327 3691 ι
3371 3642 3638 3712 permissa

2061 3737 2161 3782 est.
2188 3746 2206 3779 ι
2232 3727 2349 3782 Non
2374 3737 2524 3783 caret
2547 3730 2754 3784 ratione
2775 3733 2916 3800 quod
2945 3739 3065 3800 post
3086 3730 3288 3787 Christi
3312 3734 3636 3803 baptismum

2058 3817 2235 3875 Lucas
2254 3820 2493 3892 ejusdem
2518 3819 2814 3877 Salvatoris
2832 3823 3197 3893 genealogiam
3218 3827 3482 3882 edisserit.
3507 3827 3637 3883 [ltro

2061 3926 2293 3980 namque
2314 3911 2540 3966 facultas
2559 3914 2860 3982 repetenda:
2884 3914 3176 3969 nativitatis
3199 3915 3460 3979 humanae,
3478 3932 3639 3971 evan-

2061 4000 2267 4068 gelistzr.
2315 4016 2343 4054 a
2384 4002 2609 4056 Domino
2650 4017 2904 4057 concessa
2934 4013 3037 4069 est,
3071 4013 3127 4059 et
3155 4008 3397 4075 quamvis
3445 4022 3474 4060 a
3527 4008 3637 4061 ﬁne

2061 4092 2469 4162 septuagesima:
2490 4102 2545 4147 et
2572 4092 2813 4163 septima:
2841 4095 3198 4165 generationis
3219 4097 3271 4149 in
3294 4095 3510 4152 Christo
3532 4099 3636 4152 im-

2057 4173 2252 4251 pletae,
2290 4182 2409 4251 ipsa
2455 4183 2626 4237 series
2666 4183 2990 4252 genealogiae
3036 4200 3131 4255 per
3168 4182 3303 4239 ﬁlios
3347 4185 3402 4239 in
3448 4195 3636 4257 patres

2059 4270 2395 4326 ascendendo
2441 4270 2703 4337 recurrit,
2746 4287 2853 4328 non
2900 4275 3113 4345 proprio
3145 4283 3324 4329 tamen
3361 4276 3633 4347 prin¢ipio

2059 4371 2227 4416 caret.
2255 4361 2470 4417 Etenim
2500 4378 2530 4418 a
2558 4365 2845 4436 principio,
2874 4366 2928 4422 id
2953 4375 3036 4422 est
3061 4367 3293 4434 Christo,
3320 4370 3413 4439 qui
3441 4378 3525 4425 est
3552 4379 3634 4424 to-

387 4452 530 4508 libus
542 4456 755 4511 venturi
778 4457 833 4513 in
860 4473 1077 4516 carnem
1101 4462 1194 4519 Dei
1223 4463 1423 4521 Christi
1446 4467 1787 4527 manifestata
1811 4482 1955 4530 esset

2064 4453 2170 4507 tius
2216 4453 2503 4509 creationis
2550 4455 2908 4525 principium,
2958 4457 3271 4539 retrograda
3319 4459 3630 4531 genealogia

384 4543 721 4603 humanitas.

460 4636 567 4693 Sed
614 4640 757 4695 unde
799 4640 891 4697 illa
945 4643 1420 4703 manifestaretur?
1450 4667 1468 4699 ί
1505 4648 1694 4717 Omni,
1744 4651 1951 4722 inquit,

378 4730 824 4800 prophetatione,
858 4752 877 4786 ι
910 4734 962 4788 id
990 4744 1092 4801 est,
1124 4752 1222 4806 per
1242 4754 1455 4821 omnem
1483 4742 1952 4810 prophetationem

380 4820 473 4875 illa
526 4820 703 4877 fuerat
753 4822 1117 4879 manifestata.
1148 4825 1303 4893 Nam,
1352 4838 1414 4883 ut
1462 4829 1652 4886 beatus
1690 4828 1866 4889 Lucas
1898 4834 1953 4889 in

383 4913 609 4968 exordio
647 4915 730 4969 sui
759 4915 1038 4986 Evangelii
1077 4917 1308 4987 pleniter
1337 4929 1544 4985 narrat,
1579 4926 1861 4995 conceptio
1899 4940 1954 4982 et

383 5004 641 5061 nativitas
684 5005 985 5073 Dominica,
1016 5015 1073 5062 et
1100 5008 1169 5063 ah
1198 5009 1520 5081 archangelo
1569 5014 1950 5082 praenuntiata,

379 5098 437 5147 et
467 5093 534 5148 ab
559 5095 705 5150 omni
748 5111 901 5159 sexu.
959 5108 1069 5159 tam
1120 5098 1251 5155 viris
1302 5114 1466 5169 quam
1500 5100 1737 5168 feminis,
1773 5111 1829 5157 et
1882 5105 1952 5160 ah

378 5182 584 5252 angelis
607 5185 1055 5258 hominibusque,
1098 5190 1467 5249 demonstrata
1498 5199 1601 5246 est.
1644 5191 1748 5247 Sed
1773 5195 1828 5248 in
1865 5194 1952 5249 his

330 5318 337 5323 .
378 5273 631 5333 omnibus
673 5276 743 5330 ob
772 5276 875 5333 hoc
900 5279 1229 5350 evangelista
1261 5295 1361 5351 pro
1407 5281 1586 5340 studio
1629 5283 1945 5350 elaboravit,

380 5377 451 5420 ne
483 5366 625 5423 idem
674 5367 849 5427 (ἓνωοί
889 5369 1073 5429 ﬁdeles
1098 5387 1271 5442 nuper
1293 5374 1349 5431 in
1392 5372 1609 5432 Christo
1634 5376 1827 5442 renati,
1850 5375 1941 5432 Ju-

380 5456 551 5514 daicis
604 5458 800 5516 fabulis
855 5460 1253 5532 deciperentur.
1313 5464 1541 5522 Constat
1595 5466 1743 5521 enim
1808 5467 1951 5538 quod

380 5561 555 5618 usque
581 5550 760 5608 adhuc
798 5554 1009 5622 reprobi
1049 5552 1219 5611 Judaei
1261 5556 1536 5612 Christum
1565 5560 1622 5612 in
1648 5573 1815 5614 carne
1856 5574 1948 5611 vc-

375 5638 521 5697 nisse
549 5640 850 5712 deuegant,
878 5651 934 5699 et
976 5645 1139 5701 alium
1171 5645 1446 5700 Christum
1500 5654 1785 5703 venturum
1828 5663 1948 5703 esse

266 5718 273 5725 ί
373 5730 692 5801 conﬁngunt
709 5746 723 5786 :
739 5730 963 5801 ideoque
987 5742 1163 5802 spreta
1190 5734 1390 5790 Christi
1414 5736 1588 5804 gratia
1609 5752 1945 5808 nequaquam

2061 4542 2267 4614 incipit,
2304 4551 2363 4598 ut
2397 4545 2666 4614 quomodo
2690 4546 2754 4600 ad
2775 4554 2982 4615 patrem
3010 4548 3331 4618 principium
3366 4549 3625 4615 recurrit,

2059 4635 2140 4689 sic
2167 4650 2199 4689 a
2227 4636 2442 4691 Christo
2468 4638 2734 4709 principio
2770 4637 3050 4694 exordium
3080 4639 3193 4710 ipsa
3222 4642 3627 4711 generationum

2059 4727 2229 4781 series
2255 4735 2449 4780 sumat.

2130 4814 2423 4884 Sequitur:
2470 4835 2488 4867 ι
2520 4825 2580 4871 ut
2608 4818 3004 4886 requirentibus
3040 4819 3467 4887 demonstraret,
3506 4840 3525 4873 ι
3570 4830 3629 4876 et

2058 4904 2267 4976 reliqua
2315 4921 2520 4977 usque:
2562 4925 2580 4958 ι
2622 4908 3020 4976 indisparabilis
3065 4909 3179 4966 Dei.
3219 4931 3239 4964 ι
3281 4910 3544 4967 Studiosis
3572 4921 3628 4966 et

2054 4997 2405 5065 prudentibus
2432 4997 2757 5070 evangelista
2796 4999 3047 5056 intimare
3081 5002 3291 5056 curavit
3322 5003 3374 5056 in
3404 5017 3510 5072 quo
3537 5019 3628 5056 ar-

2054 5102 2190 5142 cano
2212 5089 2470 5159 mysterio
2504 5104 2610 5149 non
2646 5106 2746 5161 per
2787 5089 3163 5160 Salomonem,
3192 5094 3458 5162 quomodo
3486 5093 3627 5147 Mat-

2054 5179 2245 5246 thaeus,
2272 5180 2365 5236 sed
2385 5194 2482 5250 per
2499 5179 2709 5238 Nathan
2734 5182 2900 5238 ﬁlium
2928 5184 3115 5249 David,
3135 5185 3421 5257 introitum
3442 5200 3628 5239 recur-

2052 5270 2221 5324 rentis
2241 5270 2296 5324 in
2316 5270 2482 5325 Deum
2504 5275 2866 5343 generationis
2893 5274 3339 5343 apprehenderat.
3363 5272 3470 5329 Sed
3490 5289 3627 5343 quo-

2052 5359 2213 5415 modo
2254 5359 2371 5429 ipsa
2415 5362 2726 5433 genealogis
2771 5364 2825 5420 in
2870 5363 3038 5419 Deum
3071 5363 3330 5431 recurrit,
3376 5363 3626 5435 protinus

2050 5449 2354 5506 declaratur
2373 5468 2497 5507 cum
2520 5455 2799 5511 subditur:
2827 5473 2846 5507 ‹
2882 5456 3145 5523 admisso;
3184 5475 3203 5509 ι
3239 5455 3342 5511 hoc
3370 5463 3476 5520 est,
3497 5470 3625 5509 cum

2049 5545 2376 5602 admissione
2400 5560 2494 5600 seu
2523 5547 2831 5616 receptione
2862 5548 2915 5603 in
2954 5548 3123 5617 ipsam
3146 5546 3511 5618 genealogiam
3539 5545 3629 5598 in-

2047 5636 2398 5708 dispcrtibilis
2421 5636 2540 5702 Dei,
2564 5637 2617 5693 id
2642 5646 2727 5693 est
2749 5638 2941 5693 summi
2967 5636 3164 5704 Patris,
3195 5639 3283 5707 qui
3306 5649 3392 5693 est
3418 5651 3446 5688 a
3484 5633 3629 5688 Filio

2048 5732 2443 5804 inseparabilis.
2483 5731 2760 5800 Tanquam
2788 5731 3028 5801 apertius
3051 5730 3250 5786 diceret
3275 5749 3286 5784 :
3320 5727 3457 5796 Apte
3479 5726 3625 5782 Deus
