  <div class='ocr_page' id='page_1' title='image "/cluster/home/n/w/nwhite01/storage/ocr_20150623/103/hvd.32044054759691/150.png"; bbox 0 0 3982 6198; ppageno 0'>
   <div class='ocr_carea' id='block_1_1' title="bbox 295 340 434 400">
    <p class='ocr_par' dir='ltr' id='par_1_1' title="bbox 295 340 434 400">
     <span class='ocr_line' id='line_1_1' title="bbox 295 340 434 400; baseline -0.007 0"><span class='ocrx_word' id='word_1_1' title='bbox 295 340 434 400; x_wconf 74' lang='grc'><strong>289’</strong></span> 
     </span>
    </p>
   </div>
   <div class='ocr_carea' id='block_1_2' title="bbox 960 340 1881 408">
    <p class='ocr_par' dir='ltr' id='par_1_2' title="bbox 960 340 1881 400">
     <span class='ocr_line' id='line_1_2' title="bbox 960 340 1881 400; baseline 0.003 -5"><span class='ocrx_word' id='word_1_2' title='bbox 960 340 1167 396; x_wconf 83' lang='lat' dir='ltr'><strong>LIBER</strong></span> <span class='ocrx_word' id='word_1_3' title='bbox 1206 340 1294 396; x_wconf 86' lang='lat' dir='ltr'><strong>DE</strong></span> <span class='ocrx_word' id='word_1_4' title='bbox 1332 340 1773 400; x_wconf 78' lang='lat' dir='ltr'><strong>RECTOBIBUS</strong></span> <span class='ocrx_word' id='word_1_5' title='bbox 1812 341 1881 399; x_wconf 82' lang='lat' dir='ltr'><strong>CI</strong></span> 
     </span>
    </p>
   </div>
   <div class='ocr_carea' id='block_1_3' title="bbox 1982 340 2951 408">
    <p class='ocr_par' dir='ltr' id='par_1_3' title="bbox 1982 342 2951 408">
     <span class='ocr_line' id='line_1_3' title="bbox 1982 342 2951 408; baseline 0.006 -8"><span class='ocrx_word' id='word_1_6' title='bbox 1982 342 2247 401; x_wconf 82' lang='lat' dir='ltr'><strong>STIANIS</strong></span> <span class='ocrx_word' id='word_1_7' title='bbox 2288 345 2428 402; x_wconf 76' lang='lat' dir='ltr'><strong>MAI.</strong></span> <span class='ocrx_word' id='word_1_8' title='bbox 2460 378 2528 386; x_wconf 89' lang='lat'><strong>—</strong></span> <span class='ocrx_word' id='word_1_9' title='bbox 2565 347 2951 408; x_wconf 68' lang='grc' dir='ltr'><strong>ΡΒᾸΞΡΛΤΙΟ.</strong></span> 
     </span>
    </p>
   </div>
   <div class='ocr_carea' id='block_1_4' title="bbox 3454 360 3561 417">
    <p class='ocr_par' dir='ltr' id='par_1_4' title="bbox 3454 360 3561 417">
     <span class='ocr_line' id='line_1_4' title="bbox 3454 360 3561 417; baseline 0.019 -2"><span class='ocrx_word' id='word_1_10' title='bbox 3454 360 3561 417; x_wconf 72' lang='lat'><strong>290</strong></span> 
     </span>
    </p>
   </div>
   <div class='ocr_carea' id='block_1_5' title="bbox 295 450 3563 537">
    <p class='ocr_par' dir='ltr' id='par_1_5' title="bbox 295 450 3563 537">
     <span class='ocr_line' id='line_1_5' title="bbox 295 450 3563 537; baseline 0.007 -28"><span class='ocrx_word' id='word_1_11' title='bbox 295 454 456 509; x_wconf 86' lang='lat' dir='ltr'><strong>Pater</strong></span> <span class='ocrx_word' id='word_1_12' title='bbox 482 451 540 506; x_wconf 87' lang='lat' dir='ltr'><strong>in</strong></span> <span class='ocrx_word' id='word_1_13' title='bbox 569 450 774 506; x_wconf 91' lang='lat' dir='ltr'><strong>Christi</strong></span> <span class='ocrx_word' id='word_1_14' title='bbox 816 450 1130 524; x_wconf 85' lang='lat' dir='ltr'><strong>genealogia</strong></span> <span class='ocrx_word' id='word_1_15' title='bbox 1174 452 1512 519; x_wconf 72' lang='lat' dir='ltr'><strong>admittitur,</strong></span> <span class='ocrx_word' id='word_1_16' title='bbox 1542 469 1666 510; x_wconf 88' lang='lat' dir='ltr'><strong>cum</strong></span> <span class='ocrx_word' id='word_1_17' title='bbox 1706 454 1876 511; x_wconf 84' lang='lat' dir='ltr'><strong>Adam</strong></span> <span class='ocrx_word' id='word_1_18' title='bbox 1905 459 1954 519; x_wconf 79' lang='grc' dir='ltr'>Α</span> <span class='ocrx_word' id='word_1_19' title='bbox 1982 456 2158 513; x_wconf 91' lang='lat' dir='ltr'><strong>locum</strong></span> <span class='ocrx_word' id='word_1_20' title='bbox 2194 458 2345 514; x_wconf 63' lang='lat' dir='ltr'><strong>Iudae</strong></span> <span class='ocrx_word' id='word_1_21' title='bbox 2376 461 2667 529; x_wconf 79' lang='lat' dir='ltr'><strong>proditoris</strong></span> <span class='ocrx_word' id='word_1_22' title='bbox 2690 465 3053 537; x_wconf 79' lang='lat' dir='ltr'><strong>suppleverat.</strong></span> <span class='ocrx_word' id='word_1_23' title='bbox 3095 469 3249 527; x_wconf 84' lang='lat' dir='ltr'><strong>Unde</strong></span> <span class='ocrx_word' id='word_1_24' title='bbox 3288 474 3563 533; x_wconf 86' lang='lat' dir='ltr'><strong>duodena-</strong></span> 
     </span>
    </p>
   </div>
   <div class='ocr_carea' id='block_1_6' title="bbox 297 541 1890 616">
    <p class='ocr_par' dir='ltr' id='par_1_6' title="bbox 297 541 1890 616">
     <span class='ocr_line' id='line_1_6' title="bbox 297 541 1890 616; baseline 0.001 -18"><span class='ocrx_word' id='word_1_25' title='bbox 297 543 440 598; x_wconf 79' lang='lat' dir='ltr'><strong>filius</strong></span> <span class='ocrx_word' id='word_1_26' title='bbox 486 543 544 596; x_wconf 91' lang='lat' dir='ltr'><strong>in</strong></span> <span class='ocrx_word' id='word_1_27' title='bbox 586 541 778 596; x_wconf 87' lang='lat' dir='ltr'><strong>eadem</strong></span> <span class='ocrx_word' id='word_1_28' title='bbox 828 542 1145 613; x_wconf 87' lang='lat' dir='ltr'><strong>genealogia</strong></span> <span class='ocrx_word' id='word_1_29' title='bbox 1190 544 1596 613; x_wconf 83' lang='lat' dir='ltr'><strong>pronuntiatur,</strong></span> <span class='ocrx_word' id='word_1_30' title='bbox 1634 545 1890 616; x_wconf 88' lang='lat' dir='ltr'><strong>quoniam</strong></span> 
     </span>
    </p>
   </div>
   <div class='ocr_carea' id='block_1_7' title="bbox 297 630 1892 704">
    <p class='ocr_par' dir='ltr' id='par_1_7' title="bbox 297 630 1892 704">
     <span class='ocr_line' id='line_1_7' title="bbox 297 630 1892 704; baseline 0.001 -16"><span class='ocrx_word' id='word_1_31' title='bbox 297 633 411 704; x_wconf 87' lang='lat' dir='ltr'><strong>ipse</strong></span> <span class='ocrx_word' id='word_1_32' title='bbox 435 630 603 685; x_wconf 90' lang='lat' dir='ltr'><strong>Pater</strong></span> <span class='ocrx_word' id='word_1_33' title='bbox 630 646 661 684; x_wconf 91' lang='lat' dir='ltr'><strong>a</strong></span> <span class='ocrx_word' id='word_1_34' title='bbox 684 630 824 685; x_wconf 86' lang='lat' dir='ltr'><strong>Filio</strong></span> <span class='ocrx_word' id='word_1_35' title='bbox 855 631 1233 701; x_wconf 86' lang='lat' dir='ltr'><strong>inseparabilis</strong></span> <span class='ocrx_word' id='word_1_36' title='bbox 1275 640 1377 688; x_wconf 91' lang='lat' dir='ltr'><strong>est.</strong></span> <span class='ocrx_word' id='word_1_37' title='bbox 1423 632 1527 688; x_wconf 86' lang='lat' dir='ltr'><strong>Alii</strong></span> <span class='ocrx_word' id='word_1_38' title='bbox 1572 648 1805 704; x_wconf 87' lang='lat' dir='ltr'><strong>namque</strong></span> <span class='ocrx_word' id='word_1_39' title='bbox 1834 642 1892 689; x_wconf 89' lang='lat' dir='ltr'><strong>et</strong></span> 
     </span>
    </p>
   </div>
   <div class='ocr_carea' id='block_1_8' title="bbox 296 721 1889 794">
    <p class='ocr_par' dir='ltr' id='par_1_8' title="bbox 296 721 1889 794">
     <span class='ocr_line' id='line_1_8' title="bbox 296 721 1889 794; baseline 0 -15"><span class='ocrx_word' id='word_1_40' title='bbox 296 723 419 779; x_wconf 87' lang='lat' dir='ltr'><strong>loco</strong></span> <span class='ocrx_word' id='word_1_41' title='bbox 439 731 496 777; x_wconf 89' lang='lat' dir='ltr'><strong>et</strong></span> <span class='ocrx_word' id='word_1_42' title='bbox 524 731 771 794; x_wconf 88' lang='lat' dir='ltr'><strong>tempore</strong></span> <span class='ocrx_word' id='word_1_43' title='bbox 808 736 839 776; x_wconf 88' lang='lat' dir='ltr'><strong>a</strong></span> <span class='ocrx_word' id='word_1_44' title='bbox 883 721 1008 778; x_wconf 87' lang='lat' dir='ltr'><strong>ﬁliis</strong></span> <span class='ocrx_word' id='word_1_45' title='bbox 1034 722 1148 778; x_wconf 84' lang='lat' dir='ltr'><strong>suis</strong></span> <span class='ocrx_word' id='word_1_46' title='bbox 1178 731 1306 777; x_wconf 91' lang='lat' dir='ltr'><strong>sunt</strong></span> <span class='ocrx_word' id='word_1_47' title='bbox 1330 722 1711 793; x_wconf 87' lang='lat' dir='ltr'><strong>dispertibiles.</strong></span> <span class='ocrx_word' id='word_1_48' title='bbox 1751 724 1889 791; x_wconf 83' lang='lat' dir='ltr'><strong>Quia</strong></span> 
     </span>
    </p>
   </div>
   <div class='ocr_carea' id='block_1_9' title="bbox 296 815 1888 885">
    <p class='ocr_par' dir='ltr' id='par_1_9' title="bbox 296 815 1888 885">
     <span class='ocr_line' id='line_1_9' title="bbox 296 815 1888 885; baseline 0.002 -16"><span class='ocrx_word' id='word_1_49' title='bbox 296 832 425 872; x_wconf 83' lang='lat' dir='ltr'><strong>vero</strong></span> <span class='ocrx_word' id='word_1_50' title='bbox 446 830 698 871; x_wconf 90' lang='lat' dir='ltr'><strong>summus</strong></span> <span class='ocrx_word' id='word_1_51' title='bbox 719 815 879 870; x_wconf 82' lang='lat' dir='ltr'><strong>Pater</strong></span> <span class='ocrx_word' id='word_1_52' title='bbox 903 829 1119 885; x_wconf 87' lang='lat' dir='ltr'><strong>semper</strong></span> <span class='ocrx_word' id='word_1_53' title='bbox 1141 815 1194 869; x_wconf 93' lang='lat' dir='ltr'><strong>in</strong></span> <span class='ocrx_word' id='word_1_54' title='bbox 1214 815 1372 881; x_wconf 90' lang='lat' dir='ltr'><strong>Filio,</strong></span> <span class='ocrx_word' id='word_1_55' title='bbox 1393 824 1446 871; x_wconf 90' lang='lat' dir='ltr'><strong>et</strong></span> <span class='ocrx_word' id='word_1_56' title='bbox 1464 815 1633 871; x_wconf 86' lang='lat' dir='ltr'><strong>Filius</strong></span> <span class='ocrx_word' id='word_1_57' title='bbox 1653 818 1706 871; x_wconf 92' lang='lat' dir='ltr'><strong>in</strong></span> <span class='ocrx_word' id='word_1_58' title='bbox 1728 817 1888 873; x_wconf 84' lang='lat' dir='ltr'><strong>Patre</strong></span> 
     </span>
    </p>
   </div>
   <div class='ocr_carea' id='block_1_10' title="bbox 296 907 1886 977">
    <p class='ocr_par' dir='ltr' id='par_1_10' title="bbox 296 907 1886 977">
     <span class='ocr_line' id='line_1_10' title="bbox 296 907 1886 977; baseline 0.003 -15"><span class='ocrx_word' id='word_1_59' title='bbox 296 907 734 977; x_wconf 85' lang='lat' dir='ltr'><strong>inseparabiliter</strong></span> <span class='ocrx_word' id='word_1_60' title='bbox 759 916 961 973; x_wconf 87' lang='lat' dir='ltr'><strong>manet,</strong></span> <span class='ocrx_word' id='word_1_61' title='bbox 987 908 1041 961; x_wconf 89' lang='lat' dir='ltr'><strong>in</strong></span> <span class='ocrx_word' id='word_1_62' title='bbox 1062 908 1251 963; x_wconf 86' lang='lat' dir='ltr'><strong>eadem</strong></span> <span class='ocrx_word' id='word_1_63' title='bbox 1278 907 1370 963; x_wconf 90' lang='lat' dir='ltr'><strong>ﬁlii</strong></span> <span class='ocrx_word' id='word_1_64' title='bbox 1396 910 1560 965; x_wconf 89' lang='lat' dir='ltr'><strong>etiam</strong></span> <span class='ocrx_word' id='word_1_65' title='bbox 1592 910 1886 966; x_wconf 90' lang='lat' dir='ltr'><strong>secundum</strong></span> 
     </span>
    </p>
   </div>
   <div class='ocr_carea' id='block_1_11' title="bbox 296 1001 1888 1073">
    <p class='ocr_par' dir='ltr' id='par_1_11' title="bbox 296 1001 1888 1073">
     <span class='ocr_line' id='line_1_11' title="bbox 296 1001 1888 1073; baseline -0.001 -14"><span class='ocrx_word' id='word_1_66' title='bbox 296 1017 518 1059; x_wconf 88' lang='lat' dir='ltr'><strong>carnem</strong></span> <span class='ocrx_word' id='word_1_67' title='bbox 551 1001 868 1073; x_wconf 86' lang='lat' dir='ltr'><strong>genealogia</strong></span> <span class='ocrx_word' id='word_1_68' title='bbox 896 1010 1051 1070; x_wconf 89' lang='lat' dir='ltr'><strong>pater</strong></span> <span class='ocrx_word' id='word_1_69' title='bbox 1075 1001 1288 1056; x_wconf 87' lang='lat' dir='ltr'><strong>admitti</strong></span> <span class='ocrx_word' id='word_1_70' title='bbox 1314 1002 1522 1057; x_wconf 86' lang='lat' dir='ltr'><strong>debuit.</strong></span> <span class='ocrx_word' id='word_1_71' title='bbox 1564 1002 1888 1072; x_wconf 58' lang='lat' dir='ltr'><strong>Perquirenc</strong></span> 
     </span>
    </p>
   </div>
   <div class='ocr_carea' id='block_1_12' title="bbox 294 1090 1886 1159">
    <p class='ocr_par' dir='ltr' id='par_1_12' title="bbox 294 1090 1886 1159">
     <span class='ocr_line' id='line_1_12' title="bbox 294 1090 1886 1159; baseline -0.001 -11"><span class='ocrx_word' id='word_1_72' title='bbox 294 1093 421 1148; x_wconf 87' lang='lat' dir='ltr'><strong>dum</strong></span> <span class='ocrx_word' id='word_1_73' title='bbox 449 1101 636 1147; x_wconf 87' lang='lat' dir='ltr'><strong>tamen</strong></span> <span class='ocrx_word' id='word_1_74' title='bbox 661 1100 747 1146; x_wconf 89' lang='lat' dir='ltr'><strong>est</strong></span> <span class='ocrx_word' id='word_1_75' title='bbox 779 1105 877 1148; x_wconf 89' lang='lat' dir='ltr'><strong>cur</strong></span> <span class='ocrx_word' id='word_1_76' title='bbox 906 1105 1005 1159; x_wconf 89' lang='lat' dir='ltr'><strong>per</strong></span> <span class='ocrx_word' id='word_1_77' title='bbox 1028 1090 1240 1145; x_wconf 86' lang='lat' dir='ltr'><strong>Nathan</strong></span> <span class='ocrx_word' id='word_1_78' title='bbox 1271 1090 1439 1145; x_wconf 84' lang='lat' dir='ltr'><strong>tilium</strong></span> <span class='ocrx_word' id='word_1_79' title='bbox 1479 1092 1669 1156; x_wconf 84' lang='lat' dir='ltr'><strong>David,</strong></span> <span class='ocrx_word' id='word_1_80' title='bbox 1716 1093 1886 1146; x_wconf 89' lang='lat' dir='ltr'><strong>intro-</strong></span> 
     </span>
    </p>
   </div>
   <div class='ocr_carea' id='block_1_13' title="bbox 295 1182 1880 1255">
    <p class='ocr_par' dir='ltr' id='par_1_13' title="bbox 295 1182 1880 1255">
     <span class='ocr_line' id='line_1_13' title="bbox 295 1182 1880 1255; baseline 0.001 -16"><span class='ocrx_word' id='word_1_81' title='bbox 295 1185 402 1240; x_wconf 84' lang='lat' dir='ltr'><strong>itus</strong></span> <span class='ocrx_word' id='word_1_82' title='bbox 430 1184 766 1240; x_wconf 86' lang='lat' dir='ltr'><strong>recurrentis</strong></span> <span class='ocrx_word' id='word_1_83' title='bbox 788 1184 841 1238; x_wconf 90' lang='lat' dir='ltr'><strong>in</strong></span> <span class='ocrx_word' id='word_1_84' title='bbox 856 1182 1025 1237; x_wconf 90' lang='lat' dir='ltr'><strong>Deum</strong></span> <span class='ocrx_word' id='word_1_85' title='bbox 1050 1183 1413 1255; x_wconf 79' lang='lat' dir='ltr'><strong>generationis</strong></span> <span class='ocrx_word' id='word_1_86' title='bbox 1432 1184 1668 1239; x_wconf 80' lang='lat' dir='ltr'><strong>exordiri</strong></span> <span class='ocrx_word' id='word_1_87' title='bbox 1689 1184 1880 1253; x_wconf 84' lang='lat' dir='ltr'><strong>fertur,</strong></span> 
     </span>
    </p>
   </div>
   <div class='ocr_carea' id='block_1_14' title="bbox 294 1274 1884 1347">
    <p class='ocr_par' dir='ltr' id='par_1_14' title="bbox 294 1274 1884 1347">
     <span class='ocr_line' id='line_1_14' title="bbox 294 1274 1884 1347; baseline 0.003 -16"><span class='ocrx_word' id='word_1_88' title='bbox 294 1293 414 1332; x_wconf 84' lang='lat' dir='ltr'><strong>cum</strong></span> <span class='ocrx_word' id='word_1_89' title='bbox 445 1292 555 1331; x_wconf 91' lang='lat' dir='ltr'><strong>non</strong></span> <span class='ocrx_word' id='word_1_90' title='bbox 588 1277 657 1331; x_wconf 90' lang='lat' dir='ltr'><strong>ab</strong></span> <span class='ocrx_word' id='word_1_91' title='bbox 688 1276 804 1346; x_wconf 88' lang='lat' dir='ltr'><strong>ipso</strong></span> <span class='ocrx_word' id='word_1_92' title='bbox 828 1274 1062 1341; x_wconf 86' lang='lat' dir='ltr'><strong>Nathan,</strong></span> <span class='ocrx_word' id='word_1_93' title='bbox 1092 1277 1183 1330; x_wconf 88' lang='lat' dir='ltr'><strong>sed</strong></span> <span class='ocrx_word' id='word_1_94' title='bbox 1215 1277 1392 1347; x_wconf 86' lang='lat' dir='ltr'><strong>potius</strong></span> <span class='ocrx_word' id='word_1_95' title='bbox 1417 1293 1449 1331; x_wconf 89' lang='lat' dir='ltr'><strong>a</strong></span> <span class='ocrx_word' id='word_1_96' title='bbox 1475 1277 1692 1333; x_wconf 86' lang='lat' dir='ltr'><strong>Christo</strong></span> <span class='ocrx_word' id='word_1_97' title='bbox 1715 1280 1884 1335; x_wconf 89' lang='lat' dir='ltr'><strong>series</strong></span> 
     </span>
    </p>
   </div>
   <div class='ocr_carea' id='block_1_15' title="bbox 240 1366 1879 1437">
    <p class='ocr_par' dir='ltr' id='par_1_15' title="bbox 240 1366 1879 1437">
     <span class='ocr_line' id='line_1_15' title="bbox 240 1366 1879 1437; baseline 0.002 -16"><span class='ocrx_word' id='word_1_98' title='bbox 240 1400 246 1405; x_wconf 65' lang='grc' dir='ltr'><strong>ι</strong></span> <span class='ocrx_word' id='word_1_99' title='bbox 293 1367 709 1437; x_wconf 86' lang='lat' dir='ltr'><strong>generationum</strong></span> <span class='ocrx_word' id='word_1_100' title='bbox 733 1380 1017 1421; x_wconf 87' lang='lat' dir='ltr'><strong>recurrere</strong></span> <span class='ocrx_word' id='word_1_101' title='bbox 1044 1367 1249 1435; x_wconf 87' lang='lat' dir='ltr'><strong>incipit.</strong></span> <span class='ocrx_word' id='word_1_102' title='bbox 1281 1366 1397 1421; x_wconf 87' lang='lat' dir='ltr'><strong>Nisi</strong></span> <span class='ocrx_word' id='word_1_103' title='bbox 1417 1367 1557 1422; x_wconf 86' lang='lat' dir='ltr'><strong>forte</strong></span> <span class='ocrx_word' id='word_1_104' title='bbox 1578 1368 1879 1436; x_wconf 85' lang='lat' dir='ltr'><strong>introitum,</strong></span> 
     </span>
    </p>
   </div>
   <div class='ocr_carea' id='block_1_16' title="bbox 292 1456 1882 1528">
    <p class='ocr_par' dir='ltr' id='par_1_16' title="bbox 292 1456 1882 1528">
     <span class='ocr_line' id='line_1_16' title="bbox 292 1456 1882 1528; baseline 0.001 -15"><span class='ocrx_word' id='word_1_105' title='bbox 292 1474 399 1513; x_wconf 90' lang='lat' dir='ltr'><strong>non</strong></span> <span class='ocrx_word' id='word_1_106' title='bbox 436 1459 604 1527; x_wconf 78' lang='lat' dir='ltr'><strong>totius</strong></span> <span class='ocrx_word' id='word_1_107' title='bbox 632 1456 955 1528; x_wconf 75' lang='lat' dir='ltr'><strong>genealogiae</strong></span> <span class='ocrx_word' id='word_1_108' title='bbox 985 1457 1197 1511; x_wconf 90' lang='lat' dir='ltr'><strong>initium</strong></span> <span class='ocrx_word' id='word_1_109' title='bbox 1219 1498 1233 1521; x_wconf 95' lang='lat'><strong>,</strong></span> <span class='ocrx_word' id='word_1_110' title='bbox 1268 1458 1361 1513; x_wconf 91' lang='lat' dir='ltr'><strong>sed</strong></span> <span class='ocrx_word' id='word_1_111' title='bbox 1399 1458 1638 1528; x_wconf 87' lang='lat' dir='ltr'><strong>quolibet</strong></span> <span class='ocrx_word' id='word_1_112' title='bbox 1678 1459 1732 1514; x_wconf 93' lang='lat' dir='ltr'><strong>in</strong></span> <span class='ocrx_word' id='word_1_113' title='bbox 1761 1460 1882 1515; x_wconf 87' lang='lat' dir='ltr'><strong>loco</strong></span> 
     </span>
    </p>
   </div>
   <div class='ocr_carea' id='block_1_17' title="bbox 294 1546 1882 1618">
    <p class='ocr_par' dir='ltr' id='par_1_17' title="bbox 294 1546 1882 1618">
     <span class='ocr_line' id='line_1_17' title="bbox 294 1546 1882 1618; baseline 0 -16"><span class='ocrx_word' id='word_1_114' title='bbox 294 1548 344 1602; x_wconf 90' lang='lat' dir='ltr'><strong>in</strong></span> <span class='ocrx_word' id='word_1_115' title='bbox 375 1546 680 1617; x_wconf 87' lang='lat' dir='ltr'><strong>quemlibet</strong></span> <span class='ocrx_word' id='word_1_116' title='bbox 706 1554 938 1616; x_wconf 88' lang='lat' dir='ltr'><strong>patrem,</strong></span> <span class='ocrx_word' id='word_1_117' title='bbox 988 1547 1348 1617; x_wconf 80' lang='lat' dir='ltr'><strong>generationis</strong></span> <span class='ocrx_word' id='word_1_118' title='bbox 1394 1547 1696 1618; x_wconf 85' lang='lat' dir='ltr'><strong>ingressum</strong></span> <span class='ocrx_word' id='word_1_119' title='bbox 1724 1549 1882 1605; x_wconf 89' lang='lat' dir='ltr'><strong>intel-</strong></span> 
     </span>
    </p>
   </div>
   <div class='ocr_carea' id='block_1_18' title="bbox 292 1636 1882 1710">
    <p class='ocr_par' dir='ltr' id='par_1_18' title="bbox 292 1636 1882 1710">
     <span class='ocr_line' id='line_1_18' title="bbox 292 1636 1882 1710; baseline 0.002 -18"><span class='ocrx_word' id='word_1_120' title='bbox 292 1638 461 1710; x_wconf 86' lang='lat' dir='ltr'><strong>ligere</strong></span> <span class='ocrx_word' id='word_1_121' title='bbox 481 1639 761 1693; x_wconf 83' lang='lat' dir='ltr'><strong>debemus.</strong></span> <span class='ocrx_word' id='word_1_122' title='bbox 797 1636 1094 1708; x_wconf 81' lang='lat' dir='ltr'><strong>Sequitur:</strong></span> <span class='ocrx_word' id='word_1_123' title='bbox 1135 1647 1195 1692; x_wconf 88' lang='lat' dir='ltr'><strong>ut</strong></span> <span class='ocrx_word' id='word_1_124' title='bbox 1235 1657 1254 1689; x_wconf 72' lang='grc' dir='ltr'><strong>ι</strong></span> <span class='ocrx_word' id='word_1_125' title='bbox 1292 1641 1594 1709; x_wconf 69' lang='lat' dir='ltr'><strong>przedicans</strong></span> <span class='ocrx_word' id='word_1_126' title='bbox 1623 1641 1677 1695; x_wconf 93' lang='lat' dir='ltr'><strong>in</strong></span> <span class='ocrx_word' id='word_1_127' title='bbox 1709 1641 1882 1695; x_wconf 92' lang='lat' dir='ltr'><strong>homi-</strong></span> 
     </span>
    </p>
   </div>
   <div class='ocr_carea' id='block_1_19' title="bbox 292 1726 1882 1798">
    <p class='ocr_par' dir='ltr' id='par_1_19' title="bbox 292 1726 1882 1798">
     <span class='ocr_line' id='line_1_19' title="bbox 292 1726 1882 1798; baseline 0.001 -15"><span class='ocrx_word' id='word_1_128' title='bbox 292 1729 456 1783; x_wconf 89' lang='lat' dir='ltr'><strong>nibus</strong></span> <span class='ocrx_word' id='word_1_129' title='bbox 476 1726 756 1782; x_wconf 86' lang='lat' dir='ltr'><strong>Christum</strong></span> <span class='ocrx_word' id='word_1_130' title='bbox 779 1742 953 1789; x_wconf 90' lang='lat' dir='ltr'><strong>suum,</strong></span> <span class='ocrx_word' id='word_1_131' title='bbox 987 1747 1005 1780; x_wconf 77' lang='grc' dir='ltr'><strong>ι</strong></span> <span class='ocrx_word' id='word_1_132' title='bbox 1036 1734 1090 1781; x_wconf 90' lang='lat' dir='ltr'><strong>et</strong></span> <span class='ocrx_word' id='word_1_133' title='bbox 1111 1727 1318 1798; x_wconf 86' lang='lat' dir='ltr'><strong>reliqua</strong></span> <span class='ocrx_word' id='word_1_134' title='bbox 1347 1743 1517 1798; x_wconf 90' lang='lat' dir='ltr'><strong>usque</strong></span> <span class='ocrx_word' id='word_1_135' title='bbox 1541 1747 1554 1782; x_wconf 92' lang='lat'><strong>:</strong></span> <span class='ocrx_word' id='word_1_136' title='bbox 1589 1747 1608 1781; x_wconf 73' lang='grc' dir='ltr'><strong>ι</strong></span> <span class='ocrx_word' id='word_1_137' title='bbox 1642 1730 1699 1784; x_wconf 91' lang='lat' dir='ltr'><strong>in</strong></span> <span class='ocrx_word' id='word_1_138' title='bbox 1724 1729 1882 1785; x_wconf 85' lang='lat' dir='ltr'><strong>Chri-</strong></span> 
     </span>
    </p>
   </div>
   <div class='ocr_carea' id='block_1_20' title="bbox 1993 548 3574 635">
    <p class='ocr_par' dir='ltr' id='par_1_20' title="bbox 1993 548 3574 635">
     <span class='ocr_line' id='line_1_20' title="bbox 1993 548 3574 635; baseline 0.013 -33"><span class='ocrx_word' id='word_1_139' title='bbox 1993 548 2108 604; x_wconf 92' lang='lat' dir='ltr'><strong>rius</strong></span> <span class='ocrx_word' id='word_1_140' title='bbox 2146 566 2421 616; x_wconf 90' lang='lat' dir='ltr'><strong>numerus,</strong></span> <span class='ocrx_word' id='word_1_141' title='bbox 2461 555 2555 623; x_wconf 87' lang='lat' dir='ltr'><strong>qui</strong></span> <span class='ocrx_word' id='word_1_142' title='bbox 2583 556 2843 626; x_wconf 77' lang='lat' dir='ltr'><strong>mysticus</strong></span> <span class='ocrx_word' id='word_1_143' title='bbox 2872 567 2985 625; x_wconf 88' lang='lat' dir='ltr'><strong>est,</strong></span> <span class='ocrx_word' id='word_1_144' title='bbox 3034 560 3212 616; x_wconf 85' lang='lat' dir='ltr'><strong>divina</strong></span> <span class='ocrx_word' id='word_1_145' title='bbox 3255 563 3574 635; x_wconf 85' lang='lat' dir='ltr'><strong>disponente</strong></span> 
     </span>
    </p>
   </div>
   <div class='ocr_carea' id='block_1_21' title="bbox 1993 637 3575 717">
    <p class='ocr_par' dir='ltr' id='par_1_21' title="bbox 1993 637 3575 717">
     <span class='ocr_line' id='line_1_21' title="bbox 1993 637 3575 717; baseline 0.013 -23"><span class='ocrx_word' id='word_1_146' title='bbox 1993 637 2287 710; x_wconf 88' lang='lat' dir='ltr'><strong>Sapientia,</strong></span> <span class='ocrx_word' id='word_1_147' title='bbox 2321 642 2424 699; x_wconf 90' lang='lat' dir='ltr'><strong>fuit</strong></span> <span class='ocrx_word' id='word_1_148' title='bbox 2462 647 2793 717; x_wconf 88' lang='lat' dir='ltr'><strong>completus;</strong></span> <span class='ocrx_word' id='word_1_149' title='bbox 2837 658 2897 704; x_wconf 91' lang='lat' dir='ltr'><strong>ut</strong></span> <span class='ocrx_word' id='word_1_150' title='bbox 2939 666 3044 705; x_wconf 91' lang='lat' dir='ltr'><strong>non</strong></span> <span class='ocrx_word' id='word_1_151' title='bbox 3085 660 3293 710; x_wconf 86' lang='lat' dir='ltr'><strong>tantum</strong></span> <span class='ocrx_word' id='word_1_152' title='bbox 3322 657 3575 715; x_wconf 87' lang='lat' dir='ltr'><strong>undecim</strong></span> 
     </span>
    </p>
   </div>
   <div class='ocr_carea' id='block_1_22' title="bbox 1989 730 3570 808">
    <p class='ocr_par' dir='ltr' id='par_1_22' title="bbox 1989 730 3570 808">
     <span class='ocr_line' id='line_1_22' title="bbox 1989 730 3570 808; baseline 0.011 -23"><span class='ocrx_word' id='word_1_153' title='bbox 1989 730 2086 785; x_wconf 86' lang='lat' dir='ltr'><strong>sed</strong></span> <span class='ocrx_word' id='word_1_154' title='bbox 2124 733 2304 801; x_wconf 90' lang='lat' dir='ltr'><strong>potius</strong></span> <span class='ocrx_word' id='word_1_155' title='bbox 2344 735 2627 792; x_wconf 87' lang='lat' dir='ltr'><strong>duodecim</strong></span> <span class='ocrx_word' id='word_1_156' title='bbox 2672 741 2901 808; x_wconf 86' lang='lat' dir='ltr'><strong>apostoli</strong></span> <span class='ocrx_word' id='word_1_157' title='bbox 2940 752 3140 797; x_wconf 84' lang='lat' dir='ltr'><strong>essent.</strong></span> <span class='ocrx_word' id='word_1_158' title='bbox 3194 744 3570 803; x_wconf 85' lang='lat' dir='ltr'><strong>Duodenarius</strong></span> 
     </span>
    </p>
   </div>
   <div class='ocr_carea' id='block_1_23' title="bbox 1988 821 3571 907">
    <p class='ocr_par' dir='ltr' id='par_1_23' title="bbox 1988 821 3571 907">
     <span class='ocr_line' id='line_1_23' title="bbox 1988 821 3571 907; baseline 0.013 -32"><span class='ocrx_word' id='word_1_159' title='bbox 1988 821 2187 892; x_wconf 89' lang='lat' dir='ltr'><strong>quippe</strong></span> <span class='ocrx_word' id='word_1_160' title='bbox 2212 839 2468 880; x_wconf 89' lang='lat' dir='ltr'><strong>numerus</strong></span> <span class='ocrx_word' id='word_1_161' title='bbox 2496 842 2750 899; x_wconf 87' lang='lat' dir='ltr'><strong>magnum</strong></span> <span class='ocrx_word' id='word_1_162' title='bbox 2778 830 2830 884; x_wconf 91' lang='lat' dir='ltr'><strong>in</strong></span> <span class='ocrx_word' id='word_1_163' title='bbox 2869 844 2928 884; x_wconf 88' lang='lat' dir='ltr'><strong>se</strong></span> <span class='ocrx_word' id='word_1_164' title='bbox 2956 834 3195 888; x_wconf 89' lang='lat' dir='ltr'><strong>continet</strong></span> <span class='ocrx_word' id='word_1_165' title='bbox 3230 840 3571 907; x_wconf 84' lang='lat' dir='ltr'><strong>mysterium,</strong></span> 
     </span>
    </p>
   </div>
   <div class='ocr_carea' id='block_1_24' title="bbox 1987 923 3570 990">
    <p class='ocr_par' dir='ltr' id='par_1_24' title="bbox 1987 923 3570 990">
     <span class='ocr_line' id='line_1_24' title="bbox 1987 923 3570 990; baseline 0.011 -22"><span class='ocrx_word' id='word_1_166' title='bbox 1987 929 2147 983; x_wconf 87' lang='lat' dir='ltr'><strong>quem</strong></span> <span class='ocrx_word' id='word_1_167' title='bbox 2176 923 2284 971; x_wconf 86' lang='lat' dir='ltr'><strong>tres</strong></span> <span class='ocrx_word' id='word_1_168' title='bbox 2326 926 2551 986; x_wconf 81' lang='lat' dir='ltr'><strong>quater,</strong></span> <span class='ocrx_word' id='word_1_169' title='bbox 2596 928 2689 973; x_wconf 88' lang='lat' dir='ltr'><strong>aut</strong></span> <span class='ocrx_word' id='word_1_170' title='bbox 2729 930 2959 990; x_wconf 85' lang='lat' dir='ltr'><strong>quatuor</strong></span> <span class='ocrx_word' id='word_1_171' title='bbox 3006 931 3119 990; x_wconf 90' lang='lat' dir='ltr'><strong>ter,</strong></span> <span class='ocrx_word' id='word_1_172' title='bbox 3169 940 3570 987; x_wconf 84' lang='lat' dir='ltr'><strong>consummant.</strong></span> 
     </span>
    </p>
   </div>
   <div class='ocr_carea' id='block_1_25' title="bbox 1986 1005 3573 1081">
    <p class='ocr_par' dir='ltr' id='par_1_25' title="bbox 1986 1005 3573 1081">
     <span class='ocr_line' id='line_1_25' title="bbox 1986 1005 3573 1081; baseline 0.011 -23"><span class='ocrx_word' id='word_1_173' title='bbox 1986 1005 2226 1075; x_wconf 88' lang='lat' dir='ltr'><strong>llludque</strong></span> <span class='ocrx_word' id='word_1_174' title='bbox 2272 1008 2526 1062; x_wconf 87' lang='lat' dir='ltr'><strong>nimirum</strong></span> <span class='ocrx_word' id='word_1_175' title='bbox 2575 1011 2817 1065; x_wconf 86' lang='lat' dir='ltr'><strong>insinuat</strong></span> <span class='ocrx_word' id='word_1_176' title='bbox 2852 1014 2994 1081; x_wconf 85' lang='lat' dir='ltr'><strong>quod</strong></span> <span class='ocrx_word' id='word_1_177' title='bbox 3040 1025 3241 1071; x_wconf 67' lang='lat' dir='ltr'><strong>sanctae</strong></span> <span class='ocrx_word' id='word_1_178' title='bbox 3288 1018 3573 1076; x_wconf 79' lang='lat' dir='ltr'><strong>Trinitatis</strong></span> 
     </span>
    </p>
   </div>
   <div class='ocr_carea' id='block_1_26' title="bbox 1985 1095 3569 1180">
    <p class='ocr_par' dir='ltr' id='par_1_26' title="bbox 1985 1095 3569 1180">
     <span class='ocr_line' id='line_1_26' title="bbox 1985 1095 3569 1180; baseline 0.011 -31"><span class='ocrx_word' id='word_1_179' title='bbox 1985 1095 2117 1150; x_wconf 88' lang='lat' dir='ltr'><strong>ﬁdes</strong></span> <span class='ocrx_word' id='word_1_180' title='bbox 2141 1112 2237 1166; x_wconf 88' lang='lat' dir='ltr'><strong>per</strong></span> <span class='ocrx_word' id='word_1_181' title='bbox 2267 1108 2499 1167; x_wconf 90' lang='lat' dir='ltr'><strong>quatuor</strong></span> <span class='ocrx_word' id='word_1_182' title='bbox 2533 1102 2715 1156; x_wconf 91' lang='lat' dir='ltr'><strong>mundi</strong></span> <span class='ocrx_word' id='word_1_183' title='bbox 2745 1102 2933 1174; x_wconf 80' lang='lat' dir='ltr'><strong>plagas</strong></span> <span class='ocrx_word' id='word_1_184' title='bbox 2968 1118 3063 1158; x_wconf 91' lang='lat' dir='ltr'><strong>ore</strong></span> <span class='ocrx_word' id='word_1_185' title='bbox 3105 1107 3401 1175; x_wconf 89' lang='lat' dir='ltr'><strong>apostolico</strong></span> <span class='ocrx_word' id='word_1_186' title='bbox 3430 1126 3569 1180; x_wconf 72' lang='lat' dir='ltr'><strong>pra:-</strong></span> 
     </span>
    </p>
   </div>
   <div class='ocr_carea' id='block_1_27' title="bbox 1984 1186 3566 1261">
    <p class='ocr_par' dir='ltr' id='par_1_27' title="bbox 1984 1186 3566 1261">
     <span class='ocr_line' id='line_1_27' title="bbox 1984 1186 3566 1261; baseline 0.008 -20"><span class='ocrx_word' id='word_1_187' title='bbox 1984 1186 2153 1242; x_wconf 90' lang='lat' dir='ltr'><strong>dicari</strong></span> <span class='ocrx_word' id='word_1_188' title='bbox 2198 1188 2445 1255; x_wconf 87' lang='lat' dir='ltr'><strong>deberet,</strong></span> <span class='ocrx_word' id='word_1_189' title='bbox 2488 1191 2578 1261; x_wconf 89' lang='lat' dir='ltr'><strong>qui</strong></span> <span class='ocrx_word' id='word_1_190' title='bbox 2623 1192 2990 1249; x_wconf 87' lang='lat' dir='ltr'><strong>duodenarius</strong></span> <span class='ocrx_word' id='word_1_191' title='bbox 3039 1212 3296 1253; x_wconf 89' lang='lat' dir='ltr'><strong>numerus</strong></span> <span class='ocrx_word' id='word_1_192' title='bbox 3340 1207 3468 1254; x_wconf 89' lang='lat' dir='ltr'><strong>tunc</strong></span> <span class='ocrx_word' id='word_1_193' title='bbox 3511 1202 3566 1254; x_wconf 92' lang='lat' dir='ltr'><strong>in</strong></span> 
     </span>
    </p>
   </div>
   <div class='ocr_carea' id='block_1_28' title="bbox 1982 1278 3563 1353">
    <p class='ocr_par' dir='ltr' id='par_1_28' title="bbox 1982 1278 3563 1353">
     <span class='ocr_line' id='line_1_28' title="bbox 1982 1278 3563 1353; baseline 0.009 -22"><span class='ocrx_word' id='word_1_194' title='bbox 1982 1278 2237 1346; x_wconf 86' lang='lat' dir='ltr'><strong>apostolis</strong></span> <span class='ocrx_word' id='word_1_195' title='bbox 2266 1279 2498 1349; x_wconf 87' lang='lat' dir='ltr'><strong>pleniter</strong></span> <span class='ocrx_word' id='word_1_196' title='bbox 2539 1281 2717 1337; x_wconf 88' lang='lat' dir='ltr'><strong>fuerat</strong></span> <span class='ocrx_word' id='word_1_197' title='bbox 2757 1285 3091 1353; x_wconf 83' lang='lat' dir='ltr'><strong>completus,</strong></span> <span class='ocrx_word' id='word_1_198' title='bbox 3139 1287 3251 1342; x_wconf 87' lang='lat' dir='ltr'><strong>Deo</strong></span> <span class='ocrx_word' id='word_1_199' title='bbox 3292 1288 3347 1342; x_wconf 92' lang='lat' dir='ltr'><strong>in</strong></span> <span class='ocrx_word' id='word_1_200' title='bbox 3392 1290 3563 1346; x_wconf 87' lang='lat' dir='ltr'><strong>Deum</strong></span> 
     </span>
    </p>
   </div>
   <div class='ocr_carea' id='block_1_29' title="bbox 1981 1367 3565 1446">
    <p class='ocr_par' dir='ltr' id='par_1_29' title="bbox 1981 1367 3565 1446">
     <span class='ocr_line' id='line_1_29' title="bbox 1981 1367 3565 1446; baseline 0.009 -27"><span class='ocrx_word' id='word_1_201' title='bbox 1981 1367 2160 1437; x_wconf 89' lang='lat' dir='ltr'><strong>pleno,</strong></span> <span class='ocrx_word' id='word_1_202' title='bbox 2188 1375 2242 1421; x_wconf 90' lang='lat' dir='ltr'><strong>et</strong></span> <span class='ocrx_word' id='word_1_203' title='bbox 2270 1369 2381 1423; x_wconf 85' lang='lat' dir='ltr'><strong>ﬁlio</strong></span> <span class='ocrx_word' id='word_1_204' title='bbox 2408 1372 2730 1439; x_wconf 87' lang='lat' dir='ltr'><strong>proditionis</strong></span> <span class='ocrx_word' id='word_1_205' title='bbox 2764 1376 3052 1438; x_wconf 85' lang='lat' dir='ltr'><strong>exstincto,</strong></span> <span class='ocrx_word' id='word_1_206' title='bbox 3085 1391 3209 1431; x_wconf 87' lang='lat' dir='ltr'><strong>cum</strong></span> <span class='ocrx_word' id='word_1_207' title='bbox 3236 1385 3356 1446; x_wconf 81' lang='lat' dir='ltr'><strong>post</strong></span> <span class='ocrx_word' id='word_1_208' title='bbox 3378 1380 3565 1434; x_wconf 86' lang='lat' dir='ltr'><strong>trium-</strong></span> 
     </span>
    </p>
   </div>
   <div class='ocr_carea' id='block_1_30' title="bbox 1981 1455 3564 1539">
    <p class='ocr_par' dir='ltr' id='par_1_30' title="bbox 1981 1455 3564 1539">
     <span class='ocr_line' id='line_1_30' title="bbox 1981 1455 3564 1539; baseline 0.008 -30"><span class='ocrx_word' id='word_1_209' title='bbox 1981 1455 2194 1525; x_wconf 87' lang='lat' dir='ltr'><strong>phalem</strong></span> <span class='ocrx_word' id='word_1_210' title='bbox 2222 1459 2636 1514; x_wconf 89' lang='lat' dir='ltr'><strong>resurrectionis</strong></span> <span class='ocrx_word' id='word_1_211' title='bbox 2665 1471 2721 1515; x_wconf 89' lang='lat' dir='ltr'><strong>et</strong></span> <span class='ocrx_word' id='word_1_212' title='bbox 2746 1463 3080 1518; x_wconf 86' lang='lat' dir='ltr'><strong>ascensionis</strong></span> <span class='ocrx_word' id='word_1_213' title='bbox 3108 1465 3403 1520; x_wconf 61' lang='lat' dir='ltr'><strong>Dominicaz</strong></span> <span class='ocrx_word' id='word_1_214' title='bbox 3444 1468 3564 1539; x_wconf 89' lang='lat' dir='ltr'><strong>glo-</strong></span> 
     </span>
    </p>
   </div>
   <div class='ocr_carea' id='block_1_31' title="bbox 1982 1544 3570 1626">
    <p class='ocr_par' dir='ltr' id='par_1_31' title="bbox 1982 1544 3570 1626">
     <span class='ocr_line' id='line_1_31' title="bbox 1982 1544 3570 1626; baseline 0.011 -29"><span class='ocrx_word' id='word_1_215' title='bbox 1982 1544 2118 1599; x_wconf 88' lang='lat' dir='ltr'><strong>riam</strong></span> <span class='ocrx_word' id='word_1_216' title='bbox 2148 1544 2398 1602; x_wconf 85' lang='lat' dir='ltr'><strong>Christus</strong></span> <span class='ocrx_word' id='word_1_217' title='bbox 2431 1547 2537 1603; x_wconf 87' lang='lat' dir='ltr'><strong>Deo</strong></span> <span class='ocrx_word' id='word_1_218' title='bbox 2565 1548 2777 1619; x_wconf 89' lang='lat' dir='ltr'><strong>plenus,</strong></span> <span class='ocrx_word' id='word_1_219' title='bbox 2804 1552 3082 1622; x_wconf 86' lang='lat' dir='ltr'><strong>discipulis</strong></span> <span class='ocrx_word' id='word_1_220' title='bbox 3108 1554 3322 1620; x_wconf 79' lang='lat' dir='ltr'><strong>claruit,</strong></span> <span class='ocrx_word' id='word_1_221' title='bbox 3353 1560 3570 1626; x_wconf 88' lang='lat' dir='ltr'><strong>quando</strong></span> 
     </span>
    </p>
   </div>
   <div class='ocr_carea' id='block_1_32' title="bbox 1980 1636 3567 1716">
    <p class='ocr_par' dir='ltr' id='par_1_32' title="bbox 1980 1636 3567 1716">
     <span class='ocr_line' id='line_1_32' title="bbox 1980 1636 3567 1716; baseline 0.009 -27"><span class='ocrx_word' id='word_1_222' title='bbox 1980 1636 2143 1690; x_wconf 90' lang='lat' dir='ltr'><strong>iidem</strong></span> <span class='ocrx_word' id='word_1_223' title='bbox 2165 1636 2434 1707; x_wconf 89' lang='lat' dir='ltr'><strong>discipuli,</strong></span> <span class='ocrx_word' id='word_1_224' title='bbox 2460 1639 2573 1694; x_wconf 89' lang='lat' dir='ltr'><strong>viso</strong></span> <span class='ocrx_word' id='word_1_225' title='bbox 2593 1640 2821 1696; x_wconf 91' lang='lat' dir='ltr'><strong>Domino</strong></span> <span class='ocrx_word' id='word_1_226' title='bbox 2841 1642 2982 1710; x_wconf 89' lang='lat' dir='ltr'><strong>pleni</strong></span> <span class='ocrx_word' id='word_1_227' title='bbox 3013 1652 3169 1698; x_wconf 90' lang='lat' dir='ltr'><strong>erant</strong></span> <span class='ocrx_word' id='word_1_228' title='bbox 3195 1645 3403 1711; x_wconf 71' lang='lat' dir='ltr'><strong>lmtitia,</strong></span> <span class='ocrx_word' id='word_1_229' title='bbox 3422 1647 3567 1716; x_wconf 89' lang='lat' dir='ltr'><strong>pleni</strong></span> 
     </span>
    </p>
   </div>
   <div class='ocr_carea' id='block_1_33' title="bbox 1981 1726 3567 1806">
    <p class='ocr_par' dir='ltr' id='par_1_33' title="bbox 1981 1726 3567 1806">
     <span class='ocr_line' id='line_1_33' title="bbox 1981 1726 3567 1806; baseline 0.006 -25"><span class='ocrx_word' id='word_1_230' title='bbox 1981 1726 2385 1797; x_wconf 88' lang='lat' dir='ltr'><strong>Scripturarum</strong></span> <span class='ocrx_word' id='word_1_231' title='bbox 2416 1730 2661 1796; x_wconf 90' lang='lat' dir='ltr'><strong>scientia,</strong></span> <span class='ocrx_word' id='word_1_232' title='bbox 2690 1730 2832 1800; x_wconf 89' lang='lat' dir='ltr'><strong>pleni</strong></span> <span class='ocrx_word' id='word_1_233' title='bbox 2863 1747 3075 1801; x_wconf 87' lang='lat' dir='ltr'><strong>quoque</strong></span> <span class='ocrx_word' id='word_1_234' title='bbox 3110 1744 3289 1788; x_wconf 89' lang='lat' dir='ltr'><strong>musto</strong></span> <span class='ocrx_word' id='word_1_235' title='bbox 3314 1737 3567 1806; x_wconf 83' lang='lat' dir='ltr'><strong>spiritua-</strong></span> 
     </span>
    </p>
   </div>
   <div class='ocr_carea' id='block_1_34' title="bbox 293 1815 3566 1891">
    <p class='ocr_par' dir='ltr' id='par_1_34' title="bbox 293 1815 3566 1891">
     <span class='ocr_line' id='line_1_34' title="bbox 293 1815 3566 1891; baseline 0.001 -18"><span class='ocrx_word' id='word_1_236' title='bbox 293 1827 397 1873; x_wconf 86' lang='lat' dir='ltr'><strong>sto.</strong></span> <span class='ocrx_word' id='word_1_237' title='bbox 444 1836 465 1870; x_wconf 69' lang='grc' dir='ltr'><strong>ι</strong></span> <span class='ocrx_word' id='word_1_238' title='bbox 498 1817 826 1873; x_wconf 87' lang='lat' dir='ltr'><strong>Paterinter</strong></span> <span class='ocrx_word' id='word_1_239' title='bbox 854 1818 1100 1873; x_wconf 84' lang='lat' dir='ltr'><strong>homines</strong></span> <span class='ocrx_word' id='word_1_240' title='bbox 1126 1817 1401 1873; x_wconf 75' lang='lat' dir='ltr'><strong>Christum</strong></span> <span class='ocrx_word' id='word_1_241' title='bbox 1428 1834 1582 1874; x_wconf 92' lang='lat' dir='ltr'><strong>suum</strong></span> <span class='ocrx_word' id='word_1_242' title='bbox 1601 1821 1875 1890; x_wconf 82' lang='lat' dir='ltr'><strong>praedicat,</strong></span> <span class='ocrx_word' id='word_1_243' title='bbox 1906 1816 1955 1877; x_wconf 92' lang='lat' dir='ltr'><strong>B</strong></span> <span class='ocrx_word' id='word_1_244' title='bbox 1982 1815 2052 1871; x_wconf 86' lang='lat' dir='ltr'><strong>lis</strong></span> <span class='ocrx_word' id='word_1_245' title='bbox 2078 1816 2298 1887; x_wconf 73' lang='lat' dir='ltr'><strong>gratiae;</strong></span> <span class='ocrx_word' id='word_1_246' title='bbox 2329 1832 2433 1887; x_wconf 83' lang='lat' dir='ltr'><strong>qua</strong></span> <span class='ocrx_word' id='word_1_247' title='bbox 2469 1818 2803 1887; x_wconf 77' lang='lat' dir='ltr'><strong>plenitudine</strong></span> <span class='ocrx_word' id='word_1_248' title='bbox 2848 1821 3014 1875; x_wconf 88' lang='lat' dir='ltr'><strong>miser</strong></span> <span class='ocrx_word' id='word_1_249' title='bbox 3055 1819 3222 1877; x_wconf 73' lang='lat' dir='ltr'><strong>ludas</strong></span> <span class='ocrx_word' id='word_1_250' title='bbox 3263 1825 3470 1891; x_wconf 84' lang='lat' dir='ltr'><strong>caruit,</strong></span> <span class='ocrx_word' id='word_1_251' title='bbox 3505 1835 3566 1880; x_wconf 89' lang='lat' dir='ltr'><strong>ut</strong></span> 
     </span>
    </p>
   </div>
   <div class='ocr_carea' id='block_1_35' title="bbox 293 1907 1874 1980">
    <p class='ocr_par' dir='ltr' id='par_1_35' title="bbox 293 1907 1874 1980">
     <span class='ocr_line' id='line_1_35' title="bbox 293 1907 1874 1980; baseline 0.001 -16"><span class='ocrx_word' id='word_1_252' title='bbox 293 1924 399 1964; x_wconf 87' lang='lat' dir='ltr'><strong>non</strong></span> <span class='ocrx_word' id='word_1_253' title='bbox 431 1907 609 1963; x_wconf 90' lang='lat' dir='ltr'><strong>solum</strong></span> <span class='ocrx_word' id='word_1_254' title='bbox 654 1923 777 1962; x_wconf 90' lang='lat' dir='ltr'><strong>cum</strong></span> <span class='ocrx_word' id='word_1_255' title='bbox 809 1908 875 1962; x_wconf 91' lang='lat' dir='ltr'><strong>ad</strong></span> <span class='ocrx_word' id='word_1_256' title='bbox 912 1908 1102 1962; x_wconf 88' lang='lat' dir='ltr'><strong>horam</strong></span> <span class='ocrx_word' id='word_1_257' title='bbox 1136 1908 1476 1977; x_wconf 89' lang='lat' dir='ltr'><strong>baptismatis</strong></span> <span class='ocrx_word' id='word_1_258' title='bbox 1505 1925 1608 1964; x_wconf 85' lang='lat' dir='ltr'><strong>vox</strong></span> <span class='ocrx_word' id='word_1_259' title='bbox 1649 1921 1874 1980; x_wconf 84' lang='lat' dir='ltr'><strong>paterna</strong></span> 
     </span>
    </p>
   </div>
   <div class='ocr_carea' id='block_1_36' title="bbox 293 1998 1875 2069">
    <p class='ocr_par' dir='ltr' id='par_1_36' title="bbox 293 1998 1875 2069">
     <span class='ocr_line' id='line_1_36' title="bbox 293 1998 1875 2069; baseline 0.001 -14"><span class='ocrx_word' id='word_1_260' title='bbox 293 2000 356 2055; x_wconf 87' lang='lat' dir='ltr'><strong>de</strong></span> <span class='ocrx_word' id='word_1_261' title='bbox 379 1999 525 2055; x_wconf 90' lang='lat' dir='ltr'><strong>nube</strong></span> <span class='ocrx_word' id='word_1_262' title='bbox 552 1998 787 2053; x_wconf 86' lang='lat' dir='ltr'><strong>intonuit</strong></span> <span class='ocrx_word' id='word_1_263' title='bbox 814 1999 1029 2054; x_wconf 89' lang='lat' dir='ltr'><strong>dicens:</strong></span> <span class='ocrx_word' id='word_1_264' title='bbox 1060 1999 1139 2053; x_wconf 87' lang='lat' dir='ltr'><strong>Tu</strong></span> <span class='ocrx_word' id='word_1_265' title='bbox 1169 2013 1229 2054; x_wconf 90' lang='lat' dir='ltr'><strong>es</strong></span> <span class='ocrx_word' id='word_1_266' title='bbox 1256 1998 1424 2054; x_wconf 86' lang='lat' dir='ltr'><strong>Filius</strong></span> <span class='ocrx_word' id='word_1_267' title='bbox 1450 2013 1602 2055; x_wconf 89' lang='lat' dir='ltr'><strong>meus</strong></span> <span class='ocrx_word' id='word_1_268' title='bbox 1629 2001 1875 2069; x_wconf 88' lang='lat' dir='ltr'><strong>dilectus,</strong></span> 
     </span>
    </p>
   </div>
   <div class='ocr_carea' id='block_1_37' title="bbox 290 2091 1879 2162">
    <p class='ocr_par' dir='ltr' id='par_1_37' title="bbox 290 2091 1879 2162">
     <span class='ocr_line' id='line_1_37' title="bbox 290 2091 1879 2162; baseline 0.002 -15"><span class='ocrx_word' id='word_1_269' title='bbox 290 2091 344 2147; x_wconf 90' lang='lat' dir='ltr'><strong>in</strong></span> <span class='ocrx_word' id='word_1_270' title='bbox 372 2100 428 2147; x_wconf 87' lang='lat' dir='ltr'><strong>te</strong></span> <span class='ocrx_word' id='word_1_271' title='bbox 453 2091 586 2145; x_wconf 90' lang='lat' dir='ltr'><strong>mihi</strong></span> <span class='ocrx_word' id='word_1_272' title='bbox 615 2091 959 2161; x_wconf 86' lang='lat' dir='ltr'><strong>complacuit,</strong></span> <span class='ocrx_word' id='word_1_273' title='bbox 988 2091 1081 2146; x_wconf 92' lang='lat' dir='ltr'><strong>sed</strong></span> <span class='ocrx_word' id='word_1_274' title='bbox 1110 2099 1165 2146; x_wconf 92' lang='lat' dir='ltr'><strong>et</strong></span> <span class='ocrx_word' id='word_1_275' title='bbox 1190 2092 1428 2161; x_wconf 90' lang='lat' dir='ltr'><strong>quotidie</strong></span> <span class='ocrx_word' id='word_1_276' title='bbox 1458 2108 1628 2162; x_wconf 91' lang='lat' dir='ltr'><strong>usque</strong></span> <span class='ocrx_word' id='word_1_277' title='bbox 1654 2094 1722 2148; x_wconf 91' lang='lat' dir='ltr'><strong>ad</strong></span> <span class='ocrx_word' id='word_1_278' title='bbox 1751 2110 1879 2150; x_wconf 91' lang='lat' dir='ltr'><strong>con-</strong></span> 
     </span>
    </p>
   </div>
   <div class='ocr_carea' id='block_1_38' title="bbox 289 2182 1877 2254">
    <p class='ocr_par' dir='ltr' id='par_1_38' title="bbox 289 2182 1877 2254">
     <span class='ocr_line' id='line_1_38' title="bbox 289 2182 1877 2254; baseline 0.001 -14"><span class='ocrx_word' id='word_1_279' title='bbox 289 2184 710 2240; x_wconf 82' lang='lat' dir='ltr'><strong>summationem</strong></span> <span class='ocrx_word' id='word_1_280' title='bbox 739 2182 955 2249; x_wconf 70' lang='lat' dir='ltr'><strong>saeculi,</strong></span> <span class='ocrx_word' id='word_1_281' title='bbox 998 2183 1330 2254; x_wconf 73' lang='lat' dir='ltr'><strong>unigenitum</strong></span> <span class='ocrx_word' id='word_1_282' title='bbox 1371 2182 1566 2238; x_wconf 88' lang='lat' dir='ltr'><strong>Filium</strong></span> <span class='ocrx_word' id='word_1_283' title='bbox 1606 2194 1721 2240; x_wconf 89' lang='lat' dir='ltr'><strong>toto</strong></span> <span class='ocrx_word' id='word_1_284' title='bbox 1746 2187 1877 2242; x_wconf 83' lang='lat' dir='ltr'><strong>orbe</strong></span> 
     </span>
    </p>
   </div>
   <div class='ocr_carea' id='block_1_39' title="bbox 289 2275 1876 2346">
    <p class='ocr_par' dir='ltr' id='par_1_39' title="bbox 289 2275 1876 2346">
     <span class='ocr_line' id='line_1_39' title="bbox 289 2275 1876 2346; baseline 0.001 -15"><span class='ocrx_word' id='word_1_285' title='bbox 289 2285 560 2333; x_wconf 85' lang='lat' dir='ltr'><strong>terrarum</strong></span> <span class='ocrx_word' id='word_1_286' title='bbox 607 2289 706 2345; x_wconf 86' lang='lat' dir='ltr'><strong>per</strong></span> <span class='ocrx_word' id='word_1_287' title='bbox 733 2289 831 2328; x_wconf 90' lang='lat' dir='ltr'><strong>ora</strong></span> <span class='ocrx_word' id='word_1_288' title='bbox 866 2275 1147 2329; x_wconf 91' lang='lat' dir='ltr'><strong>doctorum</strong></span> <span class='ocrx_word' id='word_1_289' title='bbox 1191 2276 1559 2346; x_wconf 87' lang='lat' dir='ltr'><strong>evangelizat,</strong></span> <span class='ocrx_word' id='word_1_290' title='bbox 1606 2285 1876 2346; x_wconf 83' lang='lat' dir='ltr'><strong>quatenus</strong></span> 
     </span>
    </p>
   </div>
   <div class='ocr_carea' id='block_1_40' title="bbox 286 2364 1880 2439">
    <p class='ocr_par' dir='ltr' id='par_1_40' title="bbox 286 2364 1880 2439">
     <span class='ocr_line' id='line_1_40' title="bbox 286 2364 1880 2439; baseline 0.001 -19"><span class='ocrx_word' id='word_1_291' title='bbox 286 2381 422 2439; x_wconf 84' lang='lat' dir='ltr'><strong>opus</strong></span> <span class='ocrx_word' id='word_1_292' title='bbox 449 2365 679 2437; x_wconf 75' lang='lat' dir='ltr'><strong>perfecti</strong></span> <span class='ocrx_word' id='word_1_293' title='bbox 708 2364 968 2429; x_wconf 86' lang='lat' dir='ltr'><strong>hominis,</strong></span> <span class='ocrx_word' id='word_1_294' title='bbox 1011 2364 1064 2418; x_wconf 86' lang='lat' dir='ltr'><strong>id</strong></span> <span class='ocrx_word' id='word_1_295' title='bbox 1114 2372 1215 2429; x_wconf 89' lang='lat' dir='ltr'><strong>est,</strong></span> <span class='ocrx_word' id='word_1_296' title='bbox 1266 2381 1400 2436; x_wconf 85' lang='lat' dir='ltr'><strong>opus</strong></span> <span class='ocrx_word' id='word_1_297' title='bbox 1438 2364 1555 2430; x_wconf 89' lang='lat' dir='ltr'><strong>Dei,</strong></span> <span class='ocrx_word' id='word_1_298' title='bbox 1606 2366 1749 2435; x_wconf 88' lang='lat' dir='ltr'><strong>quod</strong></span> <span class='ocrx_word' id='word_1_299' title='bbox 1793 2375 1880 2422; x_wconf 89' lang='lat' dir='ltr'><strong>est</strong></span> 
     </span>
    </p>
   </div>
   <div class='ocr_carea' id='block_1_41' title="bbox 287 2456 1877 2528">
    <p class='ocr_par' dir='ltr' id='par_1_41' title="bbox 287 2456 1877 2528">
     <span class='ocr_line' id='line_1_41' title="bbox 287 2456 1877 2528; baseline 0 -16"><span class='ocrx_word' id='word_1_300' title='bbox 287 2457 562 2528; x_wconf 84' lang='lat' dir='ltr'><strong>perfectus</strong></span> <span class='ocrx_word' id='word_1_301' title='bbox 593 2458 757 2511; x_wconf 89' lang='lat' dir='ltr'><strong>homo</strong></span> <span class='ocrx_word' id='word_1_302' title='bbox 786 2457 850 2511; x_wconf 93' lang='lat' dir='ltr'><strong>ad</strong></span> <span class='ocrx_word' id='word_1_303' title='bbox 887 2456 1176 2526; x_wconf 85' lang='lat' dir='ltr'><strong>imaginem</strong></span> <span class='ocrx_word' id='word_1_304' title='bbox 1214 2456 1295 2511; x_wconf 94' lang='lat' dir='ltr'><strong>sui</strong></span> <span class='ocrx_word' id='word_1_305' title='bbox 1338 2456 1637 2512; x_wconf 86' lang='lat' dir='ltr'><strong>conditoris</strong></span> <span class='ocrx_word' id='word_1_306' title='bbox 1666 2474 1877 2512; x_wconf 86' lang='lat' dir='ltr'><strong>recrea-</strong></span> 
     </span>
    </p>
   </div>
   <div class='ocr_carea' id='block_1_42' title="bbox 287 2545 1877 2616">
    <p class='ocr_par' dir='ltr' id='par_1_42' title="bbox 287 2545 1877 2616">
     <span class='ocr_line' id='line_1_42' title="bbox 287 2545 1877 2616; baseline -0.003 -11"><span class='ocrx_word' id='word_1_307' title='bbox 287 2559 389 2611; x_wconf 82' lang='lat' dir='ltr'><strong>tus,</strong></span> <span class='ocrx_word' id='word_1_308' title='bbox 422 2549 603 2603; x_wconf 86' lang='lat' dir='ltr'><strong>redire</strong></span> <span class='ocrx_word' id='word_1_309' title='bbox 625 2548 677 2601; x_wconf 92' lang='lat' dir='ltr'><strong>in</strong></span> <span class='ocrx_word' id='word_1_310' title='bbox 706 2561 765 2602; x_wconf 90' lang='lat' dir='ltr'><strong>se</strong></span> <span class='ocrx_word' id='word_1_311' title='bbox 796 2563 891 2616; x_wconf 89' lang='lat' dir='ltr'><strong>per</strong></span> <span class='ocrx_word' id='word_1_312' title='bbox 916 2547 1110 2601; x_wconf 87' lang='lat' dir='ltr'><strong>Filium</strong></span> <span class='ocrx_word' id='word_1_313' title='bbox 1148 2545 1333 2612; x_wconf 87' lang='lat' dir='ltr'><strong>faciat,</strong></span> <span class='ocrx_word' id='word_1_314' title='bbox 1363 2546 1492 2601; x_wconf 90' lang='lat' dir='ltr'><strong>dum</strong></span> <span class='ocrx_word' id='word_1_315' title='bbox 1533 2563 1692 2603; x_wconf 91' lang='lat' dir='ltr'><strong>nemo</strong></span> <span class='ocrx_word' id='word_1_316' title='bbox 1729 2548 1877 2603; x_wconf 90' lang='lat' dir='ltr'><strong>venit</strong></span> 
     </span>
    </p>
   </div>
   <div class='ocr_carea' id='block_1_43' title="bbox 286 2639 1876 2711">
    <p class='ocr_par' dir='ltr' id='par_1_43' title="bbox 286 2639 1876 2711">
     <span class='ocr_line' id='line_1_43' title="bbox 286 2639 1876 2711; baseline 0 -16"><span class='ocrx_word' id='word_1_317' title='bbox 286 2642 350 2696; x_wconf 82' lang='lat' dir='ltr'><strong>ad</strong></span> <span class='ocrx_word' id='word_1_318' title='bbox 380 2640 628 2705; x_wconf 87' lang='lat' dir='ltr'><strong>Patrem,</strong></span> <span class='ocrx_word' id='word_1_319' title='bbox 659 2640 764 2694; x_wconf 88' lang='lat' dir='ltr'><strong>nisi</strong></span> <span class='ocrx_word' id='word_1_320' title='bbox 796 2655 891 2711; x_wconf 90' lang='lat' dir='ltr'><strong>per</strong></span> <span class='ocrx_word' id='word_1_321' title='bbox 918 2639 1135 2705; x_wconf 83' lang='lat' dir='ltr'><strong>Filium,</strong></span> <span class='ocrx_word' id='word_1_322' title='bbox 1164 2640 1432 2709; x_wconf 90' lang='lat' dir='ltr'><strong>quomodo</strong></span> <span class='ocrx_word' id='word_1_323' title='bbox 1459 2653 1616 2695; x_wconf 91' lang='lat' dir='ltr'><strong>nemo</strong></span> <span class='ocrx_word' id='word_1_324' title='bbox 1638 2640 1787 2695; x_wconf 90' lang='lat' dir='ltr'><strong>venit</strong></span> <span class='ocrx_word' id='word_1_325' title='bbox 1808 2641 1876 2695; x_wconf 91' lang='lat' dir='ltr'><strong>ad</strong></span> 
     </span>
    </p>
   </div>
   <div class='ocr_carea' id='block_1_44' title="bbox 287 2731 1878 2797">
    <p class='ocr_par' dir='ltr' id='par_1_44' title="bbox 287 2731 1878 2797">
     <span class='ocr_line' id='line_1_44' title="bbox 287 2731 1878 2797; baseline 0 -10"><span class='ocrx_word' id='word_1_326' title='bbox 287 2732 508 2797; x_wconf 77' lang='lat' dir='ltr'><strong>Filium,</strong></span> <span class='ocrx_word' id='word_1_327' title='bbox 534 2733 637 2787; x_wconf 87' lang='lat' dir='ltr'><strong>nisi</strong></span> <span class='ocrx_word' id='word_1_328' title='bbox 669 2731 826 2786; x_wconf 89' lang='lat' dir='ltr'><strong>Pater</strong></span> <span class='ocrx_word' id='word_1_329' title='bbox 860 2732 1088 2787; x_wconf 76' lang='lat' dir='ltr'><strong>traxerit</strong></span> <span class='ocrx_word' id='word_1_330' title='bbox 1110 2746 1253 2785; x_wconf 91' lang='lat' dir='ltr'><strong>cum.</strong></span> <span class='ocrx_word' id='word_1_331' title='bbox 1285 2731 1365 2787; x_wconf 77' lang='lat' dir='ltr'><strong>Ad</strong></span> <span class='ocrx_word' id='word_1_332' title='bbox 1389 2733 1492 2787; x_wconf 90' lang='lat' dir='ltr'><strong>hoc</strong></span> <span class='ocrx_word' id='word_1_333' title='bbox 1513 2732 1656 2787; x_wconf 86' lang='lat' dir='ltr'><strong>enim</strong></span> <span class='ocrx_word' id='word_1_334' title='bbox 1683 2733 1878 2787; x_wconf 80' lang='lat' dir='ltr'><strong>attinet</strong></span> 
     </span>
    </p>
   </div>
   <div class='ocr_carea' id='block_1_45' title="bbox 288 2824 1875 2897">
    <p class='ocr_par' dir='ltr' id='par_1_45' title="bbox 288 2824 1875 2897">
     <span class='ocr_line' id='line_1_45' title="bbox 288 2824 1875 2897; baseline -0.001 -16"><span class='ocrx_word' id='word_1_335' title='bbox 288 2827 412 2883; x_wconf 85' lang='lat' dir='ltr'><strong>illud</strong></span> <span class='ocrx_word' id='word_1_336' title='bbox 442 2828 591 2897; x_wconf 82' lang='lat' dir='ltr'><strong>quod</strong></span> <span class='ocrx_word' id='word_1_337' title='bbox 615 2829 861 2896; x_wconf 88' lang='lat' dir='ltr'><strong>protinus</strong></span> <span class='ocrx_word' id='word_1_338' title='bbox 890 2824 1200 2896; x_wconf 85' lang='lat' dir='ltr'><strong>adjungitur</strong></span> <span class='ocrx_word' id='word_1_339' title='bbox 1224 2844 1236 2879; x_wconf 89' lang='lat'><strong>:</strong></span> <span class='ocrx_word' id='word_1_340' title='bbox 1276 2843 1295 2876; x_wconf 79' lang='grc' dir='ltr'><strong>ι</strong></span> <span class='ocrx_word' id='word_1_341' title='bbox 1334 2825 1434 2893; x_wconf 86' lang='lat' dir='ltr'><strong>Qui</strong></span> <span class='ocrx_word' id='word_1_342' title='bbox 1467 2842 1565 2897; x_wconf 90' lang='lat' dir='ltr'><strong>per</strong></span> <span class='ocrx_word' id='word_1_343' title='bbox 1587 2826 1756 2881; x_wconf 86' lang='lat' dir='ltr'><strong>David</strong></span> <span class='ocrx_word' id='word_1_344' title='bbox 1780 2842 1875 2897; x_wconf 88' lang='lat' dir='ltr'><strong>pa-</strong></span> 
     </span>
    </p>
   </div>
   <div class='ocr_carea' id='block_1_46' title="bbox 289 2914 1872 2987">
    <p class='ocr_par' dir='ltr' id='par_1_46' title="bbox 289 2914 1872 2987">
     <span class='ocr_line' id='line_1_46' title="bbox 289 2914 1872 2987; baseline -0.001 -15"><span class='ocrx_word' id='word_1_345' title='bbox 289 2927 421 2973; x_wconf 85' lang='lat' dir='ltr'><strong>trem</strong></span> <span class='ocrx_word' id='word_1_346' title='bbox 450 2918 799 2973; x_wconf 88' lang='lat' dir='ltr'><strong>venienlibus</strong></span> <span class='ocrx_word' id='word_1_347' title='bbox 833 2916 936 2971; x_wconf 89' lang='lat' dir='ltr'><strong>iter</strong></span> <span class='ocrx_word' id='word_1_348' title='bbox 958 2916 1233 2987; x_wconf 62' lang='lat' dir='ltr'><strong>praebebat</strong></span> <span class='ocrx_word' id='word_1_349' title='bbox 1254 2916 1307 2969; x_wconf 93' lang='lat' dir='ltr'><strong>in</strong></span> <span class='ocrx_word' id='word_1_350' title='bbox 1336 2914 1572 2971; x_wconf 90' lang='lat' dir='ltr'><strong>Christo.</strong></span> <span class='ocrx_word' id='word_1_351' title='bbox 1613 2937 1631 2968; x_wconf 80' lang='grc' dir='ltr'><strong>ι</strong></span> <span class='ocrx_word' id='word_1_352' title='bbox 1660 2914 1791 2970; x_wconf 84' lang='lat' dir='ltr'><strong>Nam</strong></span> <span class='ocrx_word' id='word_1_353' title='bbox 1819 2916 1872 2971; x_wconf 92' lang='lat' dir='ltr'><strong>in</strong></span> 
     </span>
    </p>
   </div>
   <div class='ocr_carea' id='block_1_47' title="bbox 286 3005 1875 3080">
    <p class='ocr_par' dir='ltr' id='par_1_47' title="bbox 286 3005 1875 3080">
     <span class='ocr_line' id='line_1_47' title="bbox 286 3005 1875 3080; baseline -0.001 -16"><span class='ocrx_word' id='word_1_354' title='bbox 286 3024 350 3064; x_wconf 87' lang='lat' dir='ltr'><strong>eo</strong></span> <span class='ocrx_word' id='word_1_355' title='bbox 373 3010 522 3079; x_wconf 85' lang='lat' dir='ltr'><strong>quod</strong></span> <span class='ocrx_word' id='word_1_356' title='bbox 554 3007 840 3063; x_wconf 76' lang='lat' dir='ltr'><strong>Matth-.eus</strong></span> <span class='ocrx_word' id='word_1_357' title='bbox 860 3022 959 3077; x_wconf 87' lang='lat' dir='ltr'><strong>per</strong></span> <span class='ocrx_word' id='word_1_358' title='bbox 980 3015 1164 3076; x_wconf 86' lang='lat' dir='ltr'><strong>patres</strong></span> <span class='ocrx_word' id='word_1_359' title='bbox 1194 3007 1247 3061; x_wconf 89' lang='lat' dir='ltr'><strong>in</strong></span> <span class='ocrx_word' id='word_1_360' title='bbox 1284 3005 1422 3062; x_wconf 84' lang='lat' dir='ltr'><strong>ﬁlios</strong></span> <span class='ocrx_word' id='word_1_361' title='bbox 1457 3007 1651 3063; x_wconf 90' lang='lat' dir='ltr'><strong>seriem</strong></span> <span class='ocrx_word' id='word_1_362' title='bbox 1680 3022 1875 3080; x_wconf 85' lang='lat' dir='ltr'><strong>genea-</strong></span> 
     </span>
    </p>
   </div>
   <div class='ocr_carea' id='block_1_48' title="bbox 288 3097 1874 3172">
    <p class='ocr_par' dir='ltr' id='par_1_48' title="bbox 288 3097 1874 3172">
     <span class='ocr_line' id='line_1_48' title="bbox 288 3097 1874 3172; baseline -0.003 -16"><span class='ocrx_word' id='word_1_363' title='bbox 288 3102 441 3172; x_wconf 66' lang='lat' dir='ltr'><strong>logire</strong></span> <span class='ocrx_word' id='word_1_364' title='bbox 490 3099 790 3155; x_wconf 82' lang='lat' dir='ltr'><strong>Salvatoris</strong></span> <span class='ocrx_word' id='word_1_365' title='bbox 834 3106 1086 3162; x_wconf 88' lang='lat' dir='ltr'><strong>enarrat,</strong></span> <span class='ocrx_word' id='word_1_366' title='bbox 1130 3099 1232 3153; x_wconf 90' lang='lat' dir='ltr'><strong>hoc</strong></span> <span class='ocrx_word' id='word_1_367' title='bbox 1259 3097 1564 3167; x_wconf 87' lang='lat' dir='ltr'><strong>specialiter</strong></span> <span class='ocrx_word' id='word_1_368' title='bbox 1601 3098 1874 3164; x_wconf 84' lang='lat' dir='ltr'><strong>insinuat,</strong></span> 
     </span>
    </p>
   </div>
   <div class='ocr_carea' id='block_1_49' title="bbox 1977 1906 3564 1981">
    <p class='ocr_par' dir='ltr' id='par_1_49' title="bbox 1977 1906 3564 1981">
     <span class='ocr_line' id='line_1_49' title="bbox 1977 1906 3564 1981; baseline 0.006 -19"><span class='ocrx_word' id='word_1_369' title='bbox 1977 1921 2103 1962; x_wconf 91' lang='lat' dir='ltr'><strong>cum</strong></span> <span class='ocrx_word' id='word_1_370' title='bbox 2133 1906 2260 1961; x_wconf 80' lang='lat' dir='ltr'><strong>vitae</strong></span> <span class='ocrx_word' id='word_1_371' title='bbox 2284 1916 2560 1962; x_wconf 89' lang='lat' dir='ltr'><strong>auctorem</strong></span> <span class='ocrx_word' id='word_1_372' title='bbox 2587 1909 2746 1963; x_wconf 89' lang='lat' dir='ltr'><strong>morti</strong></span> <span class='ocrx_word' id='word_1_373' title='bbox 2778 1910 3020 1974; x_wconf 87' lang='lat' dir='ltr'><strong>tradidit,</strong></span> <span class='ocrx_word' id='word_1_374' title='bbox 3063 1911 3176 1981; x_wconf 89' lang='lat' dir='ltr'><strong>ipse</strong></span> <span class='ocrx_word' id='word_1_375' title='bbox 3204 1914 3371 1968; x_wconf 85' lang='lat' dir='ltr'><strong>vitam</strong></span> <span class='ocrx_word' id='word_1_376' title='bbox 3403 1917 3564 1971; x_wconf 86' lang='lat' dir='ltr'><strong>amit-</strong></span> 
     </span>
    </p>
   </div>
   <div class='ocr_carea' id='block_1_50' title="bbox 1978 1984 3568 2072">
    <p class='ocr_par' dir='ltr' id='par_1_50' title="bbox 1978 1984 3568 2072">
     <span class='ocr_line' id='line_1_50' title="bbox 1978 1984 3568 2072; baseline 0.006 -20"><span class='ocrx_word' id='word_1_377' title='bbox 1978 1984 2140 2063; x_wconf 62' lang='lat' dir='ltr'><strong>tere&#39;t,</strong></span> <span class='ocrx_word' id='word_1_378' title='bbox 2181 2011 2244 2052; x_wconf 93' lang='lat' dir='ltr'><strong>ac</strong></span> <span class='ocrx_word' id='word_1_379' title='bbox 2270 1997 2561 2066; x_wconf 89' lang='lat' dir='ltr'><strong>pessimam</strong></span> <span class='ocrx_word' id='word_1_380' title='bbox 2608 1999 2709 2054; x_wconf 89' lang='lat' dir='ltr'><strong>sibi</strong></span> <span class='ocrx_word' id='word_1_381' title='bbox 2756 2008 3016 2070; x_wconf 86' lang='lat' dir='ltr'><strong>tanquam</strong></span> <span class='ocrx_word' id='word_1_382' title='bbox 3063 2004 3331 2072; x_wconf 85' lang='lat' dir='ltr'><strong>pessimus</strong></span> <span class='ocrx_word' id='word_1_383' title='bbox 3376 2005 3568 2062; x_wconf 84' lang='lat' dir='ltr'><strong>mortis</strong></span> 
     </span>
    </p>
   </div>
   <div class='ocr_carea' id='block_1_51' title="bbox 1976 2088 3564 2164">
    <p class='ocr_par' dir='ltr' id='par_1_51' title="bbox 1976 2088 3564 2164">
     <span class='ocr_line' id='line_1_51' title="bbox 1976 2088 3564 2164; baseline 0.008 -23"><span class='ocrx_word' id='word_1_384' title='bbox 1976 2088 2316 2144; x_wconf 89' lang='lat' dir='ltr'><strong>occasionem</strong></span> <span class='ocrx_word' id='word_1_385' title='bbox 2344 2088 2630 2145; x_wconf 89' lang='lat' dir='ltr'><strong>inveniret.</strong></span> <span class='ocrx_word' id='word_1_386' title='bbox 2666 2089 2963 2161; x_wconf 90' lang='lat' dir='ltr'><strong>Sequitur:</strong></span> <span class='ocrx_word' id='word_1_387' title='bbox 3003 2094 3188 2164; x_wconf 91' lang='lat' dir='ltr'><strong>sicque</strong></span> <span class='ocrx_word' id='word_1_388' title='bbox 3215 2096 3412 2153; x_wconf 86' lang='lat' dir='ltr'><strong>Paulus</strong></span> <span class='ocrx_word' id='word_1_389' title='bbox 3440 2112 3564 2153; x_wconf 90' lang='lat' dir='ltr'><strong>con-</strong></span> 
     </span>
    </p>
   </div>
   <div class='ocr_carea' id='block_1_52' title="bbox 1976 2180 3563 2253">
    <p class='ocr_par' dir='ltr' id='par_1_52' title="bbox 1976 2180 3563 2253">
     <span class='ocr_line' id='line_1_52' title="bbox 1976 2180 3563 2253; baseline 0.006 -20"><span class='ocrx_word' id='word_1_390' title='bbox 1976 2180 2392 2235; x_wconf 88' lang='lat' dir='ltr'><strong>summationem</strong></span> <span class='ocrx_word' id='word_1_391' title='bbox 2418 2182 2729 2252; x_wconf 91' lang='lat' dir='ltr'><strong>apostolicis</strong></span> <span class='ocrx_word' id='word_1_392' title='bbox 2754 2183 2977 2239; x_wconf 82' lang='lat' dir='ltr'><strong>Actibus</strong></span> <span class='ocrx_word' id='word_1_393' title='bbox 3014 2185 3188 2240; x_wconf 90' lang='lat' dir='ltr'><strong>daret.</strong></span> <span class='ocrx_word' id='word_1_394' title='bbox 3231 2186 3353 2253; x_wconf 91' lang='lat' dir='ltr'><strong>Sic,</strong></span> <span class='ocrx_word' id='word_1_395' title='bbox 3386 2189 3438 2243; x_wconf 89' lang='lat' dir='ltr'><strong>id</strong></span> <span class='ocrx_word' id='word_1_396' title='bbox 3478 2197 3563 2243; x_wconf 89' lang='lat' dir='ltr'><strong>est</strong></span> 
     </span>
    </p>
   </div>
   <div class='ocr_carea' id='block_1_53' title="bbox 1975 2274 3564 2344">
    <p class='ocr_par' dir='ltr' id='par_1_53' title="bbox 1975 2274 3564 2344">
     <span class='ocr_line' id='line_1_53' title="bbox 1975 2274 3564 2344; baseline 0.006 -17"><span class='ocrx_word' id='word_1_397' title='bbox 1975 2280 2037 2328; x_wconf 88' lang='lat' dir='ltr'><strong>ut</strong></span> <span class='ocrx_word' id='word_1_398' title='bbox 2081 2274 2257 2330; x_wconf 91' lang='lat' dir='ltr'><strong>Lucas</strong></span> <span class='ocrx_word' id='word_1_399' title='bbox 2303 2275 2671 2344; x_wconf 89' lang='lat' dir='ltr'><strong>apostolorum</strong></span> <span class='ocrx_word' id='word_1_400' title='bbox 2723 2276 2891 2332; x_wconf 82' lang='lat' dir='ltr'><strong>Actus</strong></span> <span class='ocrx_word' id='word_1_401' title='bbox 2936 2278 3253 2344; x_wconf 89' lang='lat' dir='ltr'><strong>scribendo,</strong></span> <span class='ocrx_word' id='word_1_402' title='bbox 3296 2280 3349 2334; x_wconf 90' lang='lat' dir='ltr'><strong>in</strong></span> <span class='ocrx_word' id='word_1_403' title='bbox 3396 2281 3564 2336; x_wconf 88' lang='lat' dir='ltr'><strong>Paulo</strong></span> 
     </span>
    </p>
   </div>
   <div class='ocr_carea' id='block_1_54' title="bbox 1976 2365 3566 2443">
    <p class='ocr_par' dir='ltr' id='par_1_54' title="bbox 1976 2365 3566 2443">
     <span class='ocr_line' id='line_1_54' title="bbox 1976 2365 3566 2443; baseline 0.004 -24"><span class='ocrx_word' id='word_1_404' title='bbox 1976 2365 2122 2436; x_wconf 91' lang='lat' dir='ltr'><strong>ipsos</strong></span> <span class='ocrx_word' id='word_1_405' title='bbox 2147 2365 2315 2422; x_wconf 84' lang='lat' dir='ltr'><strong>Actus</strong></span> <span class='ocrx_word' id='word_1_406' title='bbox 2349 2366 2676 2437; x_wconf 89' lang='lat' dir='ltr'><strong>apostolicos</strong></span> <span class='ocrx_word' id='word_1_407' title='bbox 2721 2378 3142 2435; x_wconf 89' lang='lat' dir='ltr'><strong>consummaret,</strong></span> <span class='ocrx_word' id='word_1_408' title='bbox 3175 2369 3229 2424; x_wconf 89' lang='lat' dir='ltr'><strong>id</strong></span> <span class='ocrx_word' id='word_1_409' title='bbox 3262 2380 3347 2425; x_wconf 89' lang='lat' dir='ltr'><strong>est</strong></span> <span class='ocrx_word' id='word_1_410' title='bbox 3376 2372 3428 2425; x_wconf 91' lang='lat' dir='ltr'><strong>in</strong></span> <span class='ocrx_word' id='word_1_411' title='bbox 3458 2388 3566 2443; x_wconf 89' lang='lat' dir='ltr'><strong>quo</strong></span> 
     </span>
    </p>
   </div>
   <div class='ocr_carea' id='block_1_55' title="bbox 1978 2454 3564 2528">
    <p class='ocr_par' dir='ltr' id='par_1_55' title="bbox 1978 2454 3564 2528">
     <span class='ocr_line' id='line_1_55' title="bbox 1978 2454 3564 2528; baseline 0.006 -19"><span class='ocrx_word' id='word_1_412' title='bbox 1978 2454 2094 2525; x_wconf 92' lang='lat' dir='ltr'><strong>ipso</strong></span> <span class='ocrx_word' id='word_1_413' title='bbox 2126 2455 2285 2510; x_wconf 89' lang='lat' dir='ltr'><strong>ﬁnem</strong></span> <span class='ocrx_word' id='word_1_414' title='bbox 2313 2456 2528 2511; x_wconf 88' lang='lat' dir='ltr'><strong>illorum</strong></span> <span class='ocrx_word' id='word_1_415' title='bbox 2564 2456 2782 2523; x_wconf 87' lang='lat' dir='ltr'><strong>faceret,</strong></span> <span class='ocrx_word' id='word_1_416' title='bbox 2815 2474 2974 2528; x_wconf 90' lang='lat' dir='ltr'><strong>quem</strong></span> <span class='ocrx_word' id='word_1_417' title='bbox 3020 2459 3109 2514; x_wconf 92' lang='lat' dir='ltr'><strong>diu</strong></span> <span class='ocrx_word' id='word_1_418' title='bbox 3153 2470 3341 2516; x_wconf 89' lang='lat' dir='ltr'><strong>contra</strong></span> <span class='ocrx_word' id='word_1_419' title='bbox 3374 2463 3564 2518; x_wconf 90' lang='lat' dir='ltr'><strong>stimu-</strong></span> 
     </span>
    </p>
   </div>
   <div class='ocr_carea' id='block_1_56' title="bbox 1976 2546 3585 2624">
    <p class='ocr_par' dir='ltr' id='par_1_56' title="bbox 1976 2546 3585 2624">
     <span class='ocr_line' id='line_1_56' title="bbox 1976 2546 3585 2624; baseline 0.006 -25"><span class='ocrx_word' id='word_1_420' title='bbox 1976 2546 2089 2600; x_wconf 87' lang='lat' dir='ltr'><strong>lum</strong></span> <span class='ocrx_word' id='word_1_421' title='bbox 2112 2547 2545 2603; x_wconf 88' lang='lat' dir='ltr'><strong>recalcitrantem</strong></span> <span class='ocrx_word' id='word_1_422' title='bbox 2574 2550 2831 2605; x_wconf 88' lang='lat' dir='ltr'><strong>Dominus</strong></span> <span class='ocrx_word' id='word_1_423' title='bbox 2852 2552 3124 2622; x_wconf 81' lang='lat' dir='ltr'><strong>elegisset.</strong></span> <span class='ocrx_word' id='word_1_424' title='bbox 3150 2552 3263 2607; x_wconf 81' lang='lat' dir='ltr'><strong>Hoc</strong></span> <span class='ocrx_word' id='word_1_425' title='bbox 3287 2554 3359 2608; x_wconf 90' lang='lat' dir='ltr'><strong>ita</strong></span> <span class='ocrx_word' id='word_1_426' title='bbox 3382 2563 3585 2624; x_wconf 54' lang='lat' dir='ltr'><strong>potest</strong></span> 
     </span>
    </p>
   </div>
   <div class='ocr_carea' id='block_1_57' title="bbox 1976 2636 3564 2708">
    <p class='ocr_par' dir='ltr' id='par_1_57' title="bbox 1976 2636 3564 2708">
     <span class='ocr_line' id='line_1_57' title="bbox 1976 2636 3564 2708; baseline 0.007 -19"><span class='ocrx_word' id='word_1_427' title='bbox 1976 2636 2201 2708; x_wconf 85' lang='lat' dir='ltr'><strong>intelligi</strong></span> <span class='ocrx_word' id='word_1_428' title='bbox 2231 2639 2374 2707; x_wconf 90' lang='lat' dir='ltr'><strong>quod</strong></span> <span class='ocrx_word' id='word_1_429' title='bbox 2396 2638 2626 2694; x_wconf 87' lang='lat' dir='ltr'><strong>fortasse</strong></span> <span class='ocrx_word' id='word_1_430' title='bbox 2652 2641 2915 2695; x_wconf 89' lang='lat' dir='ltr'><strong>Dominus</strong></span> <span class='ocrx_word' id='word_1_431' title='bbox 2945 2640 3166 2697; x_wconf 88' lang='lat' dir='ltr'><strong>Paulum</strong></span> <span class='ocrx_word' id='word_1_432' title='bbox 3192 2644 3242 2697; x_wconf 91' lang='lat' dir='ltr'><strong>in</strong></span> <span class='ocrx_word' id='word_1_433' title='bbox 3267 2644 3385 2699; x_wconf 87' lang='lat' dir='ltr'><strong>loco</strong></span> <span class='ocrx_word' id='word_1_434' title='bbox 3412 2644 3564 2700; x_wconf 70' lang='lat' dir='ltr'><strong>Judze</strong></span> 
     </span>
    </p>
   </div>
   <div class='ocr_carea' id='block_1_58' title="bbox 1978 2729 3563 2800">
    <p class='ocr_par' dir='ltr' id='par_1_58' title="bbox 1978 2729 3563 2800">
     <span class='ocr_line' id='line_1_58' title="bbox 1978 2729 3563 2800; baseline 0.005 -17"><span class='ocrx_word' id='word_1_435' title='bbox 1978 2729 2159 2783; x_wconf 89' lang='lat' dir='ltr'><strong>statim</strong></span> <span class='ocrx_word' id='word_1_436' title='bbox 2188 2729 2462 2800; x_wconf 83' lang='lat' dir='ltr'><strong>elegisset,</strong></span> <span class='ocrx_word' id='word_1_437' title='bbox 2498 2731 2601 2785; x_wconf 91' lang='lat' dir='ltr'><strong>nisi</strong></span> <span class='ocrx_word' id='word_1_438' title='bbox 2642 2731 2786 2800; x_wconf 90' lang='lat' dir='ltr'><strong>quod</strong></span> <span class='ocrx_word' id='word_1_439' title='bbox 2821 2732 2911 2786; x_wconf 88' lang='lat' dir='ltr'><strong>diu</strong></span> <span class='ocrx_word' id='word_1_440' title='bbox 2942 2740 3129 2787; x_wconf 89' lang='lat' dir='ltr'><strong>contra</strong></span> <span class='ocrx_word' id='word_1_441' title='bbox 3161 2734 3437 2790; x_wconf 87' lang='lat' dir='ltr'><strong>stimulum</strong></span> <span class='ocrx_word' id='word_1_442' title='bbox 3466 2737 3563 2791; x_wconf 89' lang='lat' dir='ltr'><strong>Dei</strong></span> 
     </span>
    </p>
   </div>
   <div class='ocr_carea' id='block_1_59' title="bbox 1978 2819 3566 2895">
    <p class='ocr_par' dir='ltr' id='par_1_59' title="bbox 1978 2819 3566 2895">
     <span class='ocr_line' id='line_1_59' title="bbox 1978 2819 3566 2895; baseline 0.006 -23"><span class='ocrx_word' id='word_1_443' title='bbox 1978 2819 2373 2876; x_wconf 88' lang='lat' dir='ltr'><strong>recalcitrabat.</strong></span> <span class='ocrx_word' id='word_1_444' title='bbox 2422 2820 2527 2875; x_wconf 91' lang='lat' dir='ltr'><strong>Sed</strong></span> <span class='ocrx_word' id='word_1_445' title='bbox 2556 2823 2672 2877; x_wconf 70' lang='lat' dir='ltr'><strong>brae</strong></span> <span class='ocrx_word' id='word_1_446' title='bbox 2707 2830 2902 2877; x_wconf 89' lang='lat' dir='ltr'><strong>cuncta</strong></span> <span class='ocrx_word' id='word_1_447' title='bbox 2933 2823 3360 2895; x_wconf 78' lang='lat' dir='ltr'><strong>diligentioribus</strong></span> <span class='ocrx_word' id='word_1_448' title='bbox 3399 2841 3566 2895; x_wconf 83' lang='lat' dir='ltr'><strong>expo-</strong></span> 
     </span>
    </p>
   </div>
   <div class='ocr_carea' id='block_1_60' title="bbox 1980 2912 3568 2985">
    <p class='ocr_par' dir='ltr' id='par_1_60' title="bbox 1980 2912 3568 2985">
     <span class='ocr_line' id='line_1_60' title="bbox 1980 2912 3568 2985; baseline 0.004 -20"><span class='ocrx_word' id='word_1_449' title='bbox 1980 2913 2151 2966; x_wconf 87' lang='lat' dir='ltr'><strong>nenda</strong></span> <span class='ocrx_word' id='word_1_450' title='bbox 2182 2912 2557 2982; x_wconf 88' lang='lat' dir='ltr'><strong>relinquimus,</strong></span> <span class='ocrx_word' id='word_1_451' title='bbox 2582 2928 2649 2967; x_wconf 89' lang='lat' dir='ltr'><strong>ne</strong></span> <span class='ocrx_word' id='word_1_452' title='bbox 2679 2914 2731 2968; x_wconf 93' lang='lat' dir='ltr'><strong>in</strong></span> <span class='ocrx_word' id='word_1_453' title='bbox 2759 2913 2975 2983; x_wconf 82' lang='lat' dir='ltr'><strong>vulgum</strong></span> <span class='ocrx_word' id='word_1_454' title='bbox 3006 2924 3197 2969; x_wconf 89' lang='lat' dir='ltr'><strong>cuncta</strong></span> <span class='ocrx_word' id='word_1_455' title='bbox 3227 2916 3341 2969; x_wconf 82' lang='lat' dir='ltr'><strong>haec</strong></span> <span class='ocrx_word' id='word_1_456' title='bbox 3365 2924 3568 2985; x_wconf 84' lang='lat' dir='ltr'><strong>myste-</strong></span> 
     </span>
    </p>
   </div>
   <div class='ocr_carea' id='block_1_61' title="bbox 1976 3003 3563 3078">
    <p class='ocr_par' dir='ltr' id='par_1_61' title="bbox 1976 3003 3563 3078">
     <span class='ocr_line' id='line_1_61' title="bbox 1976 3003 3563 3078; baseline 0.003 -20"><span class='ocrx_word' id='word_1_457' title='bbox 1976 3004 2055 3058; x_wconf 86' lang='lat' dir='ltr'><strong>ria</strong></span> <span class='ocrx_word' id='word_1_458' title='bbox 2085 3005 2365 3075; x_wconf 89' lang='lat' dir='ltr'><strong>propalare</strong></span> <span class='ocrx_word' id='word_1_459' title='bbox 2388 3006 2687 3060; x_wconf 90' lang='lat' dir='ltr'><strong>videamur.</strong></span> <span class='ocrx_word' id='word_1_460' title='bbox 2714 3005 2866 3062; x_wconf 91' lang='lat' dir='ltr'><strong>Unde</strong></span> <span class='ocrx_word' id='word_1_461' title='bbox 2890 3006 3052 3061; x_wconf 89' lang='lat' dir='ltr'><strong>etiam</strong></span> <span class='ocrx_word' id='word_1_462' title='bbox 3080 3003 3239 3075; x_wconf 85' lang='lat' dir='ltr'><strong>hujus</strong></span> <span class='ocrx_word' id='word_1_463' title='bbox 3260 3009 3563 3078; x_wconf 75' lang='lat' dir='ltr'><strong>argumenti</strong></span> 
     </span>
    </p>
   </div>
   <div class='ocr_carea' id='block_1_62' title="bbox 1979 3094 3564 3166">
    <p class='ocr_par' dir='ltr' id='par_1_62' title="bbox 1979 3094 3564 3166">
     <span class='ocr_line' id='line_1_62' title="bbox 1979 3094 3564 3166; baseline 0.003 -19"><span class='ocrx_word' id='word_1_464' title='bbox 1979 3102 2227 3163; x_wconf 90' lang='lat' dir='ltr'><strong>repertor</strong></span> <span class='ocrx_word' id='word_1_465' title='bbox 2259 3096 2580 3150; x_wconf 90' lang='lat' dir='ltr'><strong>subintulit:</strong></span> <span class='ocrx_word' id='word_1_466' title='bbox 2617 3114 2636 3146; x_wconf 75' lang='grc' dir='ltr'><strong>ι</strong></span> <span class='ocrx_word' id='word_1_467' title='bbox 2672 3094 2829 3162; x_wconf 85' lang='lat' dir='ltr'><strong>Quod</strong></span> <span class='ocrx_word' id='word_1_468' title='bbox 2858 3095 3162 3166; x_wconf 87' lang='lat' dir='ltr'><strong>legentibus</strong></span> <span class='ocrx_word' id='word_1_469' title='bbox 3190 3112 3254 3152; x_wconf 85' lang='lat' dir='ltr'><strong>ac</strong></span> <span class='ocrx_word' id='word_1_470' title='bbox 3281 3099 3564 3166; x_wconf 84' lang='lat' dir='ltr'><strong>requiren-</strong></span> 
     </span>
    </p>
   </div>
   <div class='ocr_carea' id='block_1_63' title="bbox 287 3166 3554 3262">
    <p class='ocr_par' dir='ltr' id='par_1_63' title="bbox 287 3166 3554 3262">
     <span class='ocr_line' id='line_1_63' title="bbox 287 3166 3554 3262; baseline -0.001 -15"><span class='ocrx_word' id='word_1_471' title='bbox 287 3166 407 3247; x_wconf 36' lang='lat' dir='ltr'><strong>cu&#39;m</strong></span> <span class='ocrx_word' id='word_1_472' title='bbox 437 3207 540 3262; x_wconf 90' lang='lat' dir='ltr'><strong>per</strong></span> <span class='ocrx_word' id='word_1_473' title='bbox 566 3191 747 3246; x_wconf 86' lang='lat' dir='ltr'><strong>Patris</strong></span> <span class='ocrx_word' id='word_1_474' title='bbox 768 3190 1017 3244; x_wconf 89' lang='lat' dir='ltr'><strong>notitiam</strong></span> <span class='ocrx_word' id='word_1_475' title='bbox 1049 3166 1363 3259; x_wconf 80' lang='lat' dir='ltr'><strong>pervenitur</strong></span> <span class='ocrx_word' id='word_1_476' title='bbox 1387 3188 1453 3242; x_wconf 89' lang='lat' dir='ltr'><strong>ad</strong></span> <span class='ocrx_word' id='word_1_477' title='bbox 1475 3188 1693 3242; x_wconf 89' lang='lat' dir='ltr'><strong>Filium.</strong></span> <span class='ocrx_word' id='word_1_478' title='bbox 1723 3187 1779 3241; x_wconf 92' lang='lat' dir='ltr'><strong>ln</strong></span> <span class='ocrx_word' id='word_1_479' title='bbox 1810 3202 1876 3243; x_wconf 87' lang='lat' dir='ltr'><strong>eo</strong></span> <span class='ocrx_word' id='word_1_480' title='bbox 1903 3166 1947 3226; x_wconf 70' lang='grc' dir='ltr'><strong>(ἶ</strong></span> <span class='ocrx_word' id='word_1_481' title='bbox 1982 3184 2124 3240; x_wconf 88' lang='lat' dir='ltr'><strong>tibus</strong></span> <span class='ocrx_word' id='word_1_482' title='bbox 2153 3183 2343 3252; x_wconf 89' lang='lat' dir='ltr'><strong>Deum,</strong></span> <span class='ocrx_word' id='word_1_483' title='bbox 2380 3206 2398 3239; x_wconf 73' lang='grc' dir='ltr'><strong>ι</strong></span> <span class='ocrx_word' id='word_1_484' title='bbox 2433 3197 2491 3243; x_wconf 89' lang='lat' dir='ltr'><strong>et</strong></span> <span class='ocrx_word' id='word_1_485' title='bbox 2519 3187 2724 3257; x_wconf 88' lang='lat' dir='ltr'><strong>reliqua</strong></span> <span class='ocrx_word' id='word_1_486' title='bbox 2754 3203 2957 3256; x_wconf 88' lang='lat' dir='ltr'><strong>usque:</strong></span> <span class='ocrx_word' id='word_1_487' title='bbox 2986 3205 3006 3238; x_wconf 72' lang='grc' dir='ltr'><strong>ι</strong></span> <span class='ocrx_word' id='word_1_488' title='bbox 3039 3188 3325 3257; x_wconf 89' lang='lat' dir='ltr'><strong>prodesse.</strong></span> <span class='ocrx_word' id='word_1_489' title='bbox 3360 3208 3377 3240; x_wconf 78' lang='grc' dir='ltr'><strong>ι</strong></span> <span class='ocrx_word' id='word_1_490' title='bbox 3407 3187 3554 3252; x_wconf 72' lang='lat' dir='ltr'><strong>Haec,</strong></span> 
     </span>
    </p>
   </div>
   <div class='ocr_carea' id='block_1_64' title="bbox 204 3277 1879 3351">
    <p class='ocr_par' dir='ltr' id='par_1_64' title="bbox 204 3277 1879 3351">
     <span class='ocr_line' id='line_1_64' title="bbox 204 3277 1879 3351; baseline -0.002 -17"><span class='ocrx_word' id='word_1_491' title='bbox 204 3310 215 3319; x_wconf 70' lang='grc' dir='ltr'><strong>ι</strong></span> <span class='ocrx_word' id='word_1_492' title='bbox 291 3297 418 3338; x_wconf 85' lang='lat' dir='ltr'><strong>vero</strong></span> <span class='ocrx_word' id='word_1_493' title='bbox 458 3281 607 3351; x_wconf 89' lang='lat' dir='ltr'><strong>quod</strong></span> <span class='ocrx_word' id='word_1_494' title='bbox 634 3281 811 3335; x_wconf 91' lang='lat' dir='ltr'><strong>Lucas</strong></span> <span class='ocrx_word' id='word_1_495' title='bbox 843 3294 939 3350; x_wconf 90' lang='lat' dir='ltr'><strong>per</strong></span> <span class='ocrx_word' id='word_1_496' title='bbox 973 3278 1117 3334; x_wconf 87' lang='lat' dir='ltr'><strong>ﬁlios</strong></span> <span class='ocrx_word' id='word_1_497' title='bbox 1144 3279 1197 3333; x_wconf 90' lang='lat' dir='ltr'><strong>in</strong></span> <span class='ocrx_word' id='word_1_498' title='bbox 1227 3287 1412 3349; x_wconf 91' lang='lat' dir='ltr'><strong>patres</strong></span> <span class='ocrx_word' id='word_1_499' title='bbox 1449 3278 1715 3343; x_wconf 89' lang='lat' dir='ltr'><strong>recurrit,</strong></span> <span class='ocrx_word' id='word_1_500' title='bbox 1747 3277 1879 3332; x_wconf 87' lang='lat' dir='ltr'><strong>illud</strong></span> 
     </span>
    </p>
   </div>
   <div class='ocr_carea' id='block_1_65' title="bbox 290 3365 1881 3439">
    <p class='ocr_par' dir='ltr' id='par_1_65' title="bbox 290 3365 1881 3439">
     <span class='ocr_line' id='line_1_65' title="bbox 290 3365 1881 3439; baseline -0.004 -13"><span class='ocrx_word' id='word_1_501' title='bbox 290 3371 481 3439; x_wconf 87' lang='lat' dir='ltr'><strong>procul</strong></span> <span class='ocrx_word' id='word_1_502' title='bbox 510 3369 677 3425; x_wconf 89' lang='lat' dir='ltr'><strong>dubio</strong></span> <span class='ocrx_word' id='word_1_503' title='bbox 711 3369 916 3423; x_wconf 87' lang='lat' dir='ltr'><strong>indicat</strong></span> <span class='ocrx_word' id='word_1_504' title='bbox 943 3368 1071 3439; x_wconf 87' lang='lat' dir='ltr'><strong>quia</strong></span> <span class='ocrx_word' id='word_1_505' title='bbox 1111 3382 1272 3422; x_wconf 90' lang='lat' dir='ltr'><strong>nemo</strong></span> <span class='ocrx_word' id='word_1_506' title='bbox 1298 3367 1365 3422; x_wconf 91' lang='lat' dir='ltr'><strong>ad</strong></span> <span class='ocrx_word' id='word_1_507' title='bbox 1397 3366 1617 3422; x_wconf 89' lang='lat' dir='ltr'><strong>Patrem</strong></span> <span class='ocrx_word' id='word_1_508' title='bbox 1646 3365 1753 3422; x_wconf 92' lang='lat' dir='ltr'><strong>nisi</strong></span> <span class='ocrx_word' id='word_1_509' title='bbox 1781 3380 1881 3436; x_wconf 89' lang='lat' dir='ltr'><strong>per</strong></span> 
     </span>
    </p>
   </div>
   <div class='ocr_carea' id='block_1_66' title="bbox 290 3461 697 3517">
    <p class='ocr_par' dir='ltr' id='par_1_66' title="bbox 290 3461 697 3517">
     <span class='ocr_line' id='line_1_66' title="bbox 290 3461 697 3517; baseline -0.002 -2"><span class='ocrx_word' id='word_1_510' title='bbox 290 3461 490 3517; x_wconf 84' lang='lat' dir='ltr'><strong>Filium</strong></span> <span class='ocrx_word' id='word_1_511' title='bbox 522 3461 697 3516; x_wconf 89' lang='lat' dir='ltr'><strong>venit.</strong></span> 
     </span>
    </p>
   </div>
   <div class='ocr_carea' id='block_1_67' title="bbox 360 3547 1881 3622">
    <p class='ocr_par' dir='ltr' id='par_1_67' title="bbox 360 3547 1881 3622">
     <span class='ocr_line' id='line_1_67' title="bbox 360 3547 1881 3622; baseline -0.003 -16"><span class='ocrx_word' id='word_1_512' title='bbox 360 3551 666 3622; x_wconf 84' lang='lat' dir='ltr'><strong>Sequitur:</strong></span> <span class='ocrx_word' id='word_1_513' title='bbox 700 3568 721 3602; x_wconf 72' lang='grc' dir='ltr'><strong>ε</strong></span> <span class='ocrx_word' id='word_1_514' title='bbox 758 3551 844 3606; x_wconf 91' lang='lat' dir='ltr'><strong>cui</strong></span> <span class='ocrx_word' id='word_1_515' title='bbox 880 3549 1038 3605; x_wconf 58' lang='lat' dir='ltr'><strong>Lucas</strong></span> <span class='ocrx_word' id='word_1_516' title='bbox 1076 3564 1185 3605; x_wconf 91' lang='lat' dir='ltr'><strong>non</strong></span> <span class='ocrx_word' id='word_1_517' title='bbox 1226 3548 1498 3604; x_wconf 90' lang='lat' dir='ltr'><strong>immerito</strong></span> <span class='ocrx_word' id='word_1_518' title='bbox 1538 3548 1705 3604; x_wconf 87' lang='lat' dir='ltr'><strong>etiam</strong></span> <span class='ocrx_word' id='word_1_519' title='bbox 1739 3547 1881 3603; x_wconf 78' lang='lat' dir='ltr'><strong>scri-.</strong></span> 
     </span>
    </p>
   </div>
   <div class='ocr_carea' id='block_1_68' title="bbox 291 3639 1881 3712">
    <p class='ocr_par' dir='ltr' id='par_1_68' title="bbox 291 3639 1881 3712">
     <span class='ocr_line' id='line_1_68' title="bbox 291 3639 1881 3712; baseline -0.003 -15"><span class='ocrx_word' id='word_1_520' title='bbox 291 3641 593 3697; x_wconf 89' lang='lat' dir='ltr'><strong>bendorum</strong></span> <span class='ocrx_word' id='word_1_521' title='bbox 616 3640 1032 3712; x_wconf 90' lang='lat' dir='ltr'><strong>apostolicorum</strong></span> <span class='ocrx_word' id='word_1_522' title='bbox 1056 3640 1287 3695; x_wconf 85' lang='lat' dir='ltr'><strong>Actuum</strong></span> <span class='ocrx_word' id='word_1_523' title='bbox 1314 3647 1554 3708; x_wconf 88' lang='lat' dir='ltr'><strong>potestas</strong></span> <span class='ocrx_word' id='word_1_524' title='bbox 1586 3639 1641 3693; x_wconf 91' lang='lat' dir='ltr'><strong>in</strong></span> <span class='ocrx_word' id='word_1_525' title='bbox 1678 3642 1881 3709; x_wconf 85' lang='lat' dir='ltr'><strong>myste-</strong></span> 
     </span>
    </p>
   </div>
   <div class='ocr_carea' id='block_1_69' title="bbox 292 3727 1877 3800">
    <p class='ocr_par' dir='ltr' id='par_1_69' title="bbox 292 3727 1877 3800">
     <span class='ocr_line' id='line_1_69' title="bbox 292 3727 1877 3800; baseline -0.004 -12"><span class='ocrx_word' id='word_1_526' title='bbox 292 3734 371 3788; x_wconf 90' lang='lat' dir='ltr'><strong>rio</strong></span> <span class='ocrx_word' id='word_1_527' title='bbox 402 3734 590 3787; x_wconf 88' lang='lat' dir='ltr'><strong>datur.</strong></span> <span class='ocrx_word' id='word_1_528' title='bbox 629 3752 649 3784; x_wconf 73' lang='grc' dir='ltr'><strong>ι</strong></span> <span class='ocrx_word' id='word_1_529' title='bbox 687 3731 805 3786; x_wconf 80' lang='lat' dir='ltr'><strong>Non</strong></span> <span class='ocrx_word' id='word_1_530' title='bbox 847 3732 963 3787; x_wconf 92' lang='lat' dir='ltr'><strong>sine</strong></span> <span class='ocrx_word' id='word_1_531' title='bbox 1003 3730 1188 3785; x_wconf 89' lang='lat' dir='ltr'><strong>arcani</strong></span> <span class='ocrx_word' id='word_1_532' title='bbox 1224 3730 1398 3800; x_wconf 88' lang='lat' dir='ltr'><strong>gratia</strong></span> <span class='ocrx_word' id='word_1_533' title='bbox 1428 3727 1698 3800; x_wconf 87' lang='lat' dir='ltr'><strong>mysterii,</strong></span> <span class='ocrx_word' id='word_1_534' title='bbox 1734 3727 1877 3782; x_wconf 90' lang='lat' dir='ltr'><strong>idem</strong></span> 
     </span>
    </p>
   </div>
   <div class='ocr_carea' id='block_1_70' title="bbox 293 3816 1877 3892">
    <p class='ocr_par' dir='ltr' id='par_1_70' title="bbox 293 3816 1877 3892">
     <span class='ocr_line' id='line_1_70' title="bbox 293 3816 1877 3892; baseline -0.004 -15"><span class='ocrx_word' id='word_1_535' title='bbox 293 3822 473 3878; x_wconf 85' lang='lat' dir='ltr'><strong>Lucas</strong></span> <span class='ocrx_word' id='word_1_536' title='bbox 514 3822 687 3877; x_wconf 83' lang='lat' dir='ltr'><strong>Actus</strong></span> <span class='ocrx_word' id='word_1_537' title='bbox 727 3822 1052 3892; x_wconf 88' lang='lat' dir='ltr'><strong>conscripsit</strong></span> <span class='ocrx_word' id='word_1_538' title='bbox 1090 3819 1451 3891; x_wconf 87' lang='lat' dir='ltr'><strong>apostolicos,</strong></span> <span class='ocrx_word' id='word_1_539' title='bbox 1481 3818 1569 3873; x_wconf 90' lang='lat' dir='ltr'><strong>cui</strong></span> <span class='ocrx_word' id='word_1_540' title='bbox 1611 3818 1759 3873; x_wconf 82' lang='lat' dir='ltr'><strong>Deus</strong></span> <span class='ocrx_word' id='word_1_541' title='bbox 1799 3816 1877 3871; x_wconf 86' lang='lat' dir='ltr'><strong>illi</strong></span> 
     </span>
    </p>
   </div>
   <div class='ocr_carea' id='block_1_71' title="bbox 296 3909 1880 3983">
    <p class='ocr_par' dir='ltr' id='par_1_71' title="bbox 296 3909 1880 3983">
     <span class='ocr_line' id='line_1_71' title="bbox 296 3909 1880 3983; baseline -0.002 -17"><span class='ocrx_word' id='word_1_542' title='bbox 296 3920 553 3983; x_wconf 85' lang='lat' dir='ltr'><strong>tanquam</strong></span> <span class='ocrx_word' id='word_1_543' title='bbox 589 3912 954 3982; x_wconf 89' lang='lat' dir='ltr'><strong>apostolorum</strong></span> <span class='ocrx_word' id='word_1_544' title='bbox 981 3910 1177 3967; x_wconf 90' lang='lat' dir='ltr'><strong>dilecto</strong></span> <span class='ocrx_word' id='word_1_545' title='bbox 1199 3909 1477 3981; x_wconf 82' lang='lat' dir='ltr'><strong>discipulo,</strong></span> <span class='ocrx_word' id='word_1_546' title='bbox 1509 3909 1601 3979; x_wconf 85' lang='lat' dir='ltr'><strong>qui</strong></span> <span class='ocrx_word' id='word_1_547' title='bbox 1633 3924 1880 3964; x_wconf 83' lang='lat' dir='ltr'><strong>nonnun-</strong></span> 
     </span>
    </p>
   </div>
   <div class='ocr_carea' id='block_1_72' title="bbox 294 4002 1877 4073">
    <p class='ocr_par' dir='ltr' id='par_1_72' title="bbox 294 4002 1877 4073">
     <span class='ocr_line' id='line_1_72' title="bbox 294 4002 1877 4073; baseline -0.003 -15"><span class='ocrx_word' id='word_1_548' title='bbox 294 4018 457 4073; x_wconf 88' lang='lat' dir='ltr'><strong>quam</strong></span> <span class='ocrx_word' id='word_1_549' title='bbox 481 4004 651 4073; x_wconf 81' lang='lat' dir='ltr'><strong>gestis</strong></span> <span class='ocrx_word' id='word_1_550' title='bbox 686 4018 874 4058; x_wconf 90' lang='lat' dir='ltr'><strong>eorum</strong></span> <span class='ocrx_word' id='word_1_551' title='bbox 904 4002 1195 4066; x_wconf 89' lang='lat' dir='ltr'><strong>intererat,</strong></span> <span class='ocrx_word' id='word_1_552' title='bbox 1228 4002 1367 4056; x_wconf 89' lang='lat' dir='ltr'><strong>hanc</strong></span> <span class='ocrx_word' id='word_1_553' title='bbox 1394 4008 1719 4070; x_wconf 91' lang='lat' dir='ltr'><strong>potestatem</strong></span> <span class='ocrx_word' id='word_1_554' title='bbox 1743 4016 1877 4056; x_wconf 89' lang='lat' dir='ltr'><strong>con-</strong></span> 
     </span>
    </p>
   </div>
   <div class='ocr_carea' id='block_1_73' title="bbox 294 4094 1879 4166">
    <p class='ocr_par' dir='ltr' id='par_1_73' title="bbox 294 4094 1879 4166">
     <span class='ocr_line' id='line_1_73' title="bbox 294 4094 1879 4166; baseline -0.001 -16"><span class='ocrx_word' id='word_1_555' title='bbox 294 4103 555 4150; x_wconf 84' lang='lat' dir='ltr'><strong>cesserat.</strong></span> <span class='ocrx_word' id='word_1_556' title='bbox 603 4095 760 4163; x_wconf 87' lang='lat' dir='ltr'><strong>Quod</strong></span> <span class='ocrx_word' id='word_1_557' title='bbox 801 4095 1049 4165; x_wconf 88' lang='lat' dir='ltr'><strong>protinus</strong></span> <span class='ocrx_word' id='word_1_558' title='bbox 1092 4095 1407 4166; x_wconf 82' lang='lat' dir='ltr'><strong>mysterium</strong></span> <span class='ocrx_word' id='word_1_559' title='bbox 1456 4094 1710 4165; x_wconf 89' lang='lat' dir='ltr'><strong>panditur</strong></span> <span class='ocrx_word' id='word_1_560' title='bbox 1753 4109 1879 4149; x_wconf 90' lang='lat' dir='ltr'><strong>cum</strong></span> 
     </span>
    </p>
   </div>
   <div class='ocr_carea' id='block_1_74' title="bbox 295 4184 1878 4256">
    <p class='ocr_par' dir='ltr' id='par_1_74' title="bbox 295 4184 1878 4256">
     <span class='ocr_line' id='line_1_74' title="bbox 295 4184 1878 4256; baseline 0 -16"><span class='ocrx_word' id='word_1_561' title='bbox 295 4185 662 4242; x_wconf 86' lang='lat' dir='ltr'><strong>subinfertur:</strong></span> <span class='ocrx_word' id='word_1_562' title='bbox 701 4205 721 4237; x_wconf 72' lang='grc' dir='ltr'><strong>ι</strong></span> <span class='ocrx_word' id='word_1_563' title='bbox 755 4195 816 4241; x_wconf 81' lang='grc' dir='ltr'><strong>ιιι</strong></span> <span class='ocrx_word' id='word_1_564' title='bbox 853 4186 964 4242; x_wconf 90' lang='lat' dir='ltr'><strong>Deo</strong></span> <span class='ocrx_word' id='word_1_565' title='bbox 1004 4188 1059 4241; x_wconf 92' lang='lat' dir='ltr'><strong>in</strong></span> <span class='ocrx_word' id='word_1_566' title='bbox 1099 4187 1266 4242; x_wconf 89' lang='lat' dir='ltr'><strong>Deum</strong></span> <span class='ocrx_word' id='word_1_567' title='bbox 1301 4187 1493 4256; x_wconf 92' lang='lat' dir='ltr'><strong>pleno,</strong></span> <span class='ocrx_word' id='word_1_568' title='bbox 1539 4206 1559 4239; x_wconf 81' lang='grc' dir='ltr'><strong>ι</strong></span> <span class='ocrx_word' id='word_1_569' title='bbox 1592 4193 1647 4239; x_wconf 92' lang='lat' dir='ltr'><strong>et</strong></span> <span class='ocrx_word' id='word_1_570' title='bbox 1674 4184 1878 4255; x_wconf 89' lang='lat' dir='ltr'><strong>reliqua</strong></span> 
     </span>
    </p>
   </div>
   <div class='ocr_carea' id='block_1_75' title="bbox 296 4275 1879 4349">
    <p class='ocr_par' dir='ltr' id='par_1_75' title="bbox 296 4275 1879 4349">
     <span class='ocr_line' id='line_1_75' title="bbox 296 4275 1879 4349; baseline -0.001 -16"><span class='ocrx_word' id='word_1_571' title='bbox 296 4290 506 4349; x_wconf 78' lang='lat' dir='ltr'><strong>usque:</strong></span> <span class='ocrx_word' id='word_1_572' title='bbox 546 4295 567 4329; x_wconf 74' lang='grc' dir='ltr'><strong>ι</strong></span> <span class='ocrx_word' id='word_1_573' title='bbox 600 4277 862 4333; x_wconf 88' lang='lat' dir='ltr'><strong>Dominus</strong></span> <span class='ocrx_word' id='word_1_574' title='bbox 890 4278 1195 4348; x_wconf 64' lang='lat' dir='ltr'><strong>elegisset.»</strong></span> <span class='ocrx_word' id='word_1_575' title='bbox 1225 4276 1363 4331; x_wconf 89' lang='lat' dir='ltr'><strong>Nota</strong></span> <span class='ocrx_word' id='word_1_576' title='bbox 1388 4276 1614 4332; x_wconf 85' lang='lat' dir='ltr'><strong>historia</strong></span> <span class='ocrx_word' id='word_1_577' title='bbox 1643 4283 1747 4341; x_wconf 86' lang='lat' dir='ltr'><strong>est,</strong></span> <span class='ocrx_word' id='word_1_578' title='bbox 1774 4275 1879 4331; x_wconf 89' lang='lat' dir='ltr'><strong>sic-</strong></span> 
     </span>
    </p>
   </div>
   <div class='ocr_carea' id='block_1_76' title="bbox 296 4369 1959 4440">
    <p class='ocr_par' dir='ltr' id='par_1_76' title="bbox 296 4369 1959 4440">
     <span class='ocr_line' id='line_1_76' title="bbox 296 4369 1959 4440; baseline -0.001 -17"><span class='ocrx_word' id='word_1_579' title='bbox 296 4379 357 4425; x_wconf 86' lang='lat' dir='ltr'><strong>ut</strong></span> <span class='ocrx_word' id='word_1_580' title='bbox 393 4372 451 4425; x_wconf 87' lang='lat' dir='ltr'><strong>in</strong></span> <span class='ocrx_word' id='word_1_581' title='bbox 489 4370 716 4425; x_wconf 83' lang='lat' dir='ltr'><strong>Actibus</strong></span> <span class='ocrx_word' id='word_1_582' title='bbox 756 4369 1121 4440; x_wconf 83' lang='lat' dir='ltr'><strong>apostolorum</strong></span> <span class='ocrx_word' id='word_1_583' title='bbox 1161 4369 1413 4432; x_wconf 89' lang='lat' dir='ltr'><strong>refertur,</strong></span> <span class='ocrx_word' id='word_1_584' title='bbox 1446 4369 1589 4438; x_wconf 89' lang='lat' dir='ltr'><strong>quod</strong></span> <span class='ocrx_word' id='word_1_585' title='bbox 1634 4369 1880 4422; x_wconf 84' lang='lat' dir='ltr'><strong>oratione</strong></span> <span class='ocrx_word' id='word_1_586' title='bbox 1906 4375 1959 4436; x_wconf 76' lang='grc' dir='ltr'><strong><em>υ</em></strong></span> 
     </span>
    </p>
   </div>
   <div class='ocr_carea' id='block_1_77' title="bbox 298 4455 1869 4529">
    <p class='ocr_par' dir='ltr' id='par_1_77' title="bbox 298 4455 1869 4529">
     <span class='ocr_line' id='line_1_77' title="bbox 298 4455 1869 4529; baseline -0.003 -16"><span class='ocrx_word' id='word_1_587' title='bbox 298 4457 367 4513; x_wconf 88' lang='lat' dir='ltr'><strong>ab</strong></span> <span class='ocrx_word' id='word_1_588' title='bbox 390 4458 653 4529; x_wconf 88' lang='lat' dir='ltr'><strong>apostolis</strong></span> <span class='ocrx_word' id='word_1_589' title='bbox 678 4458 847 4523; x_wconf 81' lang='lat' dir='ltr'><strong>facta,</strong></span> <span class='ocrx_word' id='word_1_590' title='bbox 889 4458 1084 4513; x_wconf 90' lang='lat' dir='ltr'><strong>cecidit</strong></span> <span class='ocrx_word' id='word_1_591' title='bbox 1107 4473 1227 4512; x_wconf 89' lang='lat' dir='ltr'><strong>sors</strong></span> <span class='ocrx_word' id='word_1_592' title='bbox 1264 4472 1426 4526; x_wconf 89' lang='lat' dir='ltr'><strong>super</strong></span> <span class='ocrx_word' id='word_1_593' title='bbox 1450 4455 1749 4521; x_wconf 84' lang='lat' dir='ltr'><strong>Matthiam,</strong></span> <span class='ocrx_word' id='word_1_594' title='bbox 1780 4456 1869 4527; x_wconf 88' lang='lat' dir='ltr'><strong>qui</strong></span> 
     </span>
    </p>
   </div>
   <div class='ocr_carea' id='block_1_78' title="bbox 1978 3274 3561 3349">
    <p class='ocr_par' dir='ltr' id='par_1_78' title="bbox 1978 3274 3561 3349">
     <span class='ocr_line' id='line_1_78' title="bbox 1978 3274 3561 3349; baseline 0.004 -23"><span class='ocrx_word' id='word_1_595' title='bbox 1978 3274 2184 3345; x_wconf 91' lang='lat' dir='ltr'><strong>inquit,</strong></span> <span class='ocrx_word' id='word_1_596' title='bbox 2232 3277 2439 3332; x_wconf 87' lang='lat' dir='ltr'><strong>occulta</strong></span> <span class='ocrx_word' id='word_1_597' title='bbox 2488 3278 2742 3349; x_wconf 82' lang='lat' dir='ltr'><strong>mysteria</strong></span> <span class='ocrx_word' id='word_1_598' title='bbox 2784 3278 2913 3333; x_wconf 88' lang='lat' dir='ltr'><strong>utile</strong></span> <span class='ocrx_word' id='word_1_599' title='bbox 2954 3278 3169 3347; x_wconf 78' lang='lat' dir='ltr'><strong>quidem</strong></span> <span class='ocrx_word' id='word_1_600' title='bbox 3214 3277 3392 3333; x_wconf 79' lang='lat' dir='ltr'><strong>fuerat</strong></span> <span class='ocrx_word' id='word_1_601' title='bbox 3432 3286 3491 3332; x_wconf 87' lang='lat' dir='ltr'><strong>ut</strong></span> <span class='ocrx_word' id='word_1_602' title='bbox 3529 3296 3561 3333; x_wconf 92' lang='lat' dir='ltr'><strong>a</strong></span> 
     </span>
    </p>
   </div>
   <div class='ocr_carea' id='block_1_79' title="bbox 1979 3365 3562 3439">
    <p class='ocr_par' dir='ltr' id='par_1_79' title="bbox 1979 3365 3562 3439">
     <span class='ocr_line' id='line_1_79' title="bbox 1979 3365 3562 3439; baseline 0.002 -19"><span class='ocrx_word' id='word_1_603' title='bbox 1979 3365 2136 3421; x_wconf 90' lang='lat' dir='ltr'><strong>nobis</strong></span> <span class='ocrx_word' id='word_1_604' title='bbox 2179 3382 2277 3437; x_wconf 90' lang='lat' dir='ltr'><strong>per</strong></span> <span class='ocrx_word' id='word_1_605' title='bbox 2319 3367 2527 3439; x_wconf 88' lang='lat' dir='ltr'><strong>singula</strong></span> <span class='ocrx_word' id='word_1_606' title='bbox 2570 3377 2999 3438; x_wconf 79' lang='lat' dir='ltr'><strong>exponerentur,</strong></span> <span class='ocrx_word' id='word_1_607' title='bbox 3044 3369 3186 3437; x_wconf 84' lang='lat' dir='ltr'><strong>quod</strong></span> <span class='ocrx_word' id='word_1_608' title='bbox 3231 3376 3410 3422; x_wconf 82' lang='lat' dir='ltr'><strong>tamen</strong></span> <span class='ocrx_word' id='word_1_609' title='bbox 3457 3385 3562 3423; x_wconf 85' lang='lat' dir='ltr'><strong>non</strong></span> 
     </span>
    </p>
   </div>
   <div class='ocr_carea' id='block_1_80' title="bbox 1978 3458 3563 3530">
    <p class='ocr_par' dir='ltr' id='par_1_80' title="bbox 1978 3458 3563 3530">
     <span class='ocr_line' id='line_1_80' title="bbox 1978 3458 3563 3530; baseline 0.001 -19"><span class='ocrx_word' id='word_1_610' title='bbox 1978 3458 2217 3529; x_wconf 86' lang='lat' dir='ltr'><strong>egimus,</strong></span> <span class='ocrx_word' id='word_1_611' title='bbox 2249 3460 2480 3515; x_wconf 88' lang='lat' dir='ltr'><strong>scientes</strong></span> <span class='ocrx_word' id='word_1_612' title='bbox 2508 3460 2651 3530; x_wconf 87' lang='lat' dir='ltr'><strong>quod</strong></span> <span class='ocrx_word' id='word_1_613' title='bbox 2692 3468 3005 3528; x_wconf 88' lang='lat' dir='ltr'><strong>operantem</strong></span> <span class='ocrx_word' id='word_1_614' title='bbox 3042 3458 3363 3529; x_wconf 86' lang='lat' dir='ltr'><strong>agricolam,</strong></span> <span class='ocrx_word' id='word_1_615' title='bbox 3398 3460 3450 3512; x_wconf 85' lang='lat' dir='ltr'><strong>id</strong></span> <span class='ocrx_word' id='word_1_616' title='bbox 3479 3467 3563 3513; x_wconf 79' lang='lat' dir='ltr'><strong>est</strong></span> 
     </span>
    </p>
   </div>
   <div class='ocr_carea' id='block_1_81' title="bbox 1980 3548 3562 3621">
    <p class='ocr_par' dir='ltr' id='par_1_81' title="bbox 1980 3548 3562 3621">
     <span class='ocr_line' id='line_1_81' title="bbox 1980 3548 3562 3621; baseline -0.001 -16"><span class='ocrx_word' id='word_1_617' title='bbox 1980 3550 2255 3606; x_wconf 88' lang='lat' dir='ltr'><strong>doctorem</strong></span> <span class='ocrx_word' id='word_1_618' title='bbox 2285 3551 2599 3621; x_wconf 88' lang='lat' dir='ltr'><strong>quemlibet,</strong></span> <span class='ocrx_word' id='word_1_619' title='bbox 2630 3558 2881 3620; x_wconf 89' lang='lat' dir='ltr'><strong>oporteat</strong></span> <span class='ocrx_word' id='word_1_620' title='bbox 2906 3564 3012 3603; x_wconf 91' lang='lat' dir='ltr'><strong>non</strong></span> <span class='ocrx_word' id='word_1_621' title='bbox 3038 3557 3245 3603; x_wconf 88' lang='lat' dir='ltr'><strong>tantum</strong></span> <span class='ocrx_word' id='word_1_622' title='bbox 3274 3550 3339 3603; x_wconf 87' lang='lat' dir='ltr'><strong>de</strong></span> <span class='ocrx_word' id='word_1_623' title='bbox 3370 3548 3562 3603; x_wconf 71' lang='lat' dir='ltr'><strong>alienis</strong></span> 
     </span>
    </p>
   </div>
   <div class='ocr_carea' id='block_1_82' title="bbox 1982 3635 3561 3706">
    <p class='ocr_par' dir='ltr' id='par_1_82' title="bbox 1982 3635 3561 3706">
     <span class='ocr_line' id='line_1_82' title="bbox 1982 3635 3561 3706; baseline -0.002 -13"><span class='ocrx_word' id='word_1_624' title='bbox 1982 3637 2077 3693; x_wconf 84' lang='lat' dir='ltr'><strong>sed</strong></span> <span class='ocrx_word' id='word_1_625' title='bbox 2103 3638 2266 3693; x_wconf 90' lang='lat' dir='ltr'><strong>etiam</strong></span> <span class='ocrx_word' id='word_1_626' title='bbox 2297 3638 2362 3693; x_wconf 90' lang='lat' dir='ltr'><strong>de</strong></span> <span class='ocrx_word' id='word_1_627' title='bbox 2392 3639 2504 3693; x_wconf 87' lang='lat' dir='ltr'><strong>suis</strong></span> <span class='ocrx_word' id='word_1_628' title='bbox 2536 3638 2798 3692; x_wconf 86' lang='lat' dir='ltr'><strong>fructibus</strong></span> <span class='ocrx_word' id='word_1_629' title='bbox 2830 3637 3064 3706; x_wconf 90' lang='lat' dir='ltr'><strong>propriis</strong></span> <span class='ocrx_word' id='word_1_630' title='bbox 3088 3635 3268 3700; x_wconf 90' lang='lat' dir='ltr'><strong>edere,</strong></span> <span class='ocrx_word' id='word_1_631' title='bbox 3292 3644 3561 3704; x_wconf 85' lang='lat' dir='ltr'><strong>quatenus</strong></span> 
     </span>
    </p>
   </div>
   <div class='ocr_carea' id='block_1_83' title="bbox 1981 3724 3567 3799">
    <p class='ocr_par' dir='ltr' id='par_1_83' title="bbox 1981 3724 3567 3799">
     <span class='ocr_line' id='line_1_83' title="bbox 1981 3724 3567 3799; baseline 0 -17"><span class='ocrx_word' id='word_1_632' title='bbox 1981 3728 2259 3799; x_wconf 87' lang='lat' dir='ltr'><strong>copiosum</strong></span> <span class='ocrx_word' id='word_1_633' title='bbox 2288 3726 2472 3782; x_wconf 77' lang='lat' dir='ltr'><strong>aﬂ‘erat</strong></span> <span class='ocrx_word' id='word_1_634' title='bbox 2498 3727 2751 3783; x_wconf 81' lang='lat' dir='ltr'><strong>fructum.</strong></span> <span class='ocrx_word' id='word_1_635' title='bbox 2782 3726 2926 3781; x_wconf 83' lang='lat' dir='ltr'><strong>Nulli</strong></span> <span class='ocrx_word' id='word_1_636' title='bbox 2966 3736 3199 3795; x_wconf 83' lang='lat' dir='ltr'><strong>namque</strong></span> <span class='ocrx_word' id='word_1_637' title='bbox 3231 3724 3453 3779; x_wconf 83' lang='lat' dir='ltr'><strong>dubium</strong></span> <span class='ocrx_word' id='word_1_638' title='bbox 3482 3736 3567 3782; x_wconf 90' lang='lat' dir='ltr'><strong>est</strong></span> 
     </span>
    </p>
   </div>
   <div class='ocr_carea' id='block_1_84' title="bbox 1978 3815 3562 3889">
    <p class='ocr_par' dir='ltr' id='par_1_84' title="bbox 1978 3815 3562 3889">
     <span class='ocr_line' id='line_1_84' title="bbox 1978 3815 3562 3889; baseline -0.003 -15"><span class='ocrx_word' id='word_1_639' title='bbox 1978 3819 2126 3889; x_wconf 80' lang='lat' dir='ltr'><strong>quod</strong></span> <span class='ocrx_word' id='word_1_640' title='bbox 2151 3819 2260 3874; x_wconf 86' lang='lat' dir='ltr'><strong>cibi</strong></span> <span class='ocrx_word' id='word_1_641' title='bbox 2282 3818 2475 3873; x_wconf 83' lang='lat' dir='ltr'><strong>alienis</strong></span> <span class='ocrx_word' id='word_1_642' title='bbox 2501 3818 2753 3873; x_wconf 85' lang='lat' dir='ltr'><strong>dentibus</strong></span> <span class='ocrx_word' id='word_1_643' title='bbox 2781 3815 3076 3872; x_wconf 88' lang='lat' dir='ltr'><strong>commoliti</strong></span> <span class='ocrx_word' id='word_1_644' title='bbox 3109 3830 3368 3869; x_wconf 86' lang='lat' dir='ltr'><strong>nauseam</strong></span> <span class='ocrx_word' id='word_1_645' title='bbox 3399 3831 3562 3886; x_wconf 83' lang='lat' dir='ltr'><strong>gene-</strong></span> 
     </span>
    </p>
   </div>
   <div class='ocr_carea' id='block_1_85' title="bbox 1979 3906 3564 3980">
    <p class='ocr_par' dir='ltr' id='par_1_85' title="bbox 1979 3906 3564 3980">
     <span class='ocr_line' id='line_1_85' title="bbox 1979 3906 3564 3980; baseline -0.002 -16"><span class='ocrx_word' id='word_1_646' title='bbox 1979 3916 2121 3965; x_wconf 85' lang='lat' dir='ltr'><strong>rent.</strong></span> <span class='ocrx_word' id='word_1_647' title='bbox 2153 3911 2308 3975; x_wconf 83' lang='lat' dir='ltr'><strong>Quod</strong></span> <span class='ocrx_word' id='word_1_648' title='bbox 2335 3924 2404 3965; x_wconf 84' lang='lat' dir='ltr'><strong>ne</strong></span> <span class='ocrx_word' id='word_1_649' title='bbox 2432 3910 2545 3974; x_wconf 84' lang='lat' dir='ltr'><strong>ﬁat,</strong></span> <span class='ocrx_word' id='word_1_650' title='bbox 2576 3926 2674 3965; x_wconf 89' lang='lat' dir='ltr'><strong>nos</strong></span> <span class='ocrx_word' id='word_1_651' title='bbox 2700 3908 2976 3980; x_wconf 89' lang='lat' dir='ltr'><strong>vulgarem</strong></span> <span class='ocrx_word' id='word_1_652' title='bbox 3015 3907 3249 3961; x_wconf 88' lang='lat' dir='ltr'><strong>vitamus</strong></span> <span class='ocrx_word' id='word_1_653' title='bbox 3279 3906 3564 3961; x_wconf 88' lang='lat' dir='ltr'><strong>curiosita-</strong></span> 
     </span>
    </p>
   </div>
   <div class='ocr_carea' id='block_1_86' title="bbox 1981 3996 3565 4068">
    <p class='ocr_par' dir='ltr' id='par_1_86' title="bbox 1981 3996 3565 4068">
     <span class='ocr_line' id='line_1_86' title="bbox 1981 3996 3565 4068; baseline -0.004 -11"><span class='ocrx_word' id='word_1_654' title='bbox 1981 4010 2113 4068; x_wconf 89' lang='lat' dir='ltr'><strong>tem,</strong></span> <span class='ocrx_word' id='word_1_655' title='bbox 2148 4016 2219 4056; x_wconf 88' lang='lat' dir='ltr'><strong>ne</strong></span> <span class='ocrx_word' id='word_1_656' title='bbox 2245 3999 2540 4056; x_wconf 89' lang='lat' dir='ltr'><strong>fastidiosis</strong></span> <span class='ocrx_word' id='word_1_657' title='bbox 2560 3998 2851 4055; x_wconf 89' lang='lat' dir='ltr'><strong>lectoribus</strong></span> <span class='ocrx_word' id='word_1_658' title='bbox 2871 3997 2991 4068; x_wconf 89' lang='lat' dir='ltr'><strong>plus</strong></span> <span class='ocrx_word' id='word_1_659' title='bbox 3017 3996 3205 4051; x_wconf 68' lang='lat' dir='ltr'><strong>alienae</strong></span> <span class='ocrx_word' id='word_1_660' title='bbox 3232 3996 3565 4052; x_wconf 80' lang='lat' dir='ltr'><strong>curiositatis</strong></span> 
     </span>
    </p>
   </div>
   <div class='ocr_carea' id='block_1_87' title="bbox 1981 4087 3566 4164">
    <p class='ocr_par' dir='ltr' id='par_1_87' title="bbox 1981 4087 3566 4164">
     <span class='ocr_line' id='line_1_87' title="bbox 1981 4087 3566 4164; baseline -0.003 -17"><span class='ocrx_word' id='word_1_661' title='bbox 1981 4094 2134 4160; x_wconf 91' lang='lat' dir='ltr'><strong>vitio,</strong></span> <span class='ocrx_word' id='word_1_662' title='bbox 2160 4108 2320 4163; x_wconf 90' lang='lat' dir='ltr'><strong>quam</strong></span> <span class='ocrx_word' id='word_1_663' title='bbox 2345 4093 2563 4164; x_wconf 90' lang='lat' dir='ltr'><strong>proprio</strong></span> <span class='ocrx_word' id='word_1_664' title='bbox 2583 4092 2857 4147; x_wconf 87' lang='lat' dir='ltr'><strong>elaborata</strong></span> <span class='ocrx_word' id='word_1_665' title='bbox 2879 4091 3056 4145; x_wconf 91' lang='lat' dir='ltr'><strong>studio</strong></span> <span class='ocrx_word' id='word_1_666' title='bbox 3083 4089 3446 4160; x_wconf 86' lang='lat' dir='ltr'><strong>cupientibus,</strong></span> <span class='ocrx_word' id='word_1_667' title='bbox 3470 4087 3566 4143; x_wconf 88' lang='lat' dir='ltr'><strong>sed</strong></span> 
     </span>
    </p>
   </div>
   <div class='ocr_carea' id='block_1_88' title="bbox 1984 4179 3566 4253">
    <p class='ocr_par' dir='ltr' id='par_1_88' title="bbox 1984 4179 3566 4253">
     <span class='ocr_line' id='line_1_88' title="bbox 1984 4179 3566 4253; baseline -0.002 -17"><span class='ocrx_word' id='word_1_668' title='bbox 1984 4184 2167 4253; x_wconf 88' lang='lat' dir='ltr'><strong>potius</strong></span> <span class='ocrx_word' id='word_1_669' title='bbox 2193 4182 2439 4237; x_wconf 88' lang='lat' dir='ltr'><strong>veritatis</strong></span> <span class='ocrx_word' id='word_1_670' title='bbox 2458 4182 2793 4242; x_wconf 83' lang='lat' dir='ltr'><strong>amatoribus</strong></span> <span class='ocrx_word' id='word_1_671' title='bbox 2815 4189 2872 4236; x_wconf 91' lang='lat' dir='ltr'><strong>et</strong></span> <span class='ocrx_word' id='word_1_672' title='bbox 2898 4180 3306 4251; x_wconf 89' lang='lat' dir='ltr'><strong>inquisitoribus</strong></span> <span class='ocrx_word' id='word_1_673' title='bbox 3327 4179 3566 4249; x_wconf 82' lang='lat' dir='ltr'><strong>aliquam</strong></span> 
     </span>
    </p>
   </div>
   <div class='ocr_carea' id='block_1_89' title="bbox 1987 4273 2960 4330">
    <p class='ocr_par' dir='ltr' id='par_1_89' title="bbox 1987 4273 2960 4330">
     <span class='ocr_line' id='line_1_89' title="bbox 1987 4273 2960 4330; baseline -0.003 0"><span class='ocrx_word' id='word_1_674' title='bbox 1987 4274 2274 4330; x_wconf 87' lang='lat' dir='ltr'><strong>utilitatem</strong></span> <span class='ocrx_word' id='word_1_675' title='bbox 2303 4273 2552 4329; x_wconf 88' lang='lat' dir='ltr'><strong>conferre</strong></span> <span class='ocrx_word' id='word_1_676' title='bbox 2575 4273 2879 4328; x_wconf 87' lang='lat' dir='ltr'><strong>videremur</strong></span> <span class='ocrx_word' id='word_1_677' title='bbox 2912 4286 2960 4327; x_wconf 80' lang='grc' dir='ltr'>ι.</span> 
     </span>
    </p>
   </div>
   <div class='ocr_carea' id='block_1_90' title="bbox 2136 4383 3406 4458">
    <p class='ocr_par' dir='ltr' id='par_1_90' title="bbox 2136 4383 3406 4458">
     <span class='ocr_line' id='line_1_90' title="bbox 2136 4383 3406 4458; baseline -0.002 -16"><span class='ocrx_word' id='word_1_678' title='bbox 2136 4387 2365 4458; x_wconf 75' lang='lat' dir='ltr'><strong>Explicit</strong></span> <span class='ocrx_word' id='word_1_679' title='bbox 2394 4388 2448 4441; x_wconf 82' lang='lat' dir='ltr'><strong>in</strong></span> <span class='ocrx_word' id='word_1_680' title='bbox 2476 4396 2840 4458; x_wconf 83' lang='lat' dir='ltr'><strong>argumentum</strong></span> <span class='ocrx_word' id='word_1_681' title='bbox 2873 4383 3158 4439; x_wconf 81' lang='lat' dir='ltr'><strong>secundum</strong></span> <span class='ocrx_word' id='word_1_682' title='bbox 3189 4383 3406 4439; x_wconf 85' lang='lat' dir='ltr'><strong>Lucam.</strong></span> 
     </span>
    </p>
   </div>
   <div class='ocr_carea' id='block_1_91' title="bbox 372 4579 3569 4657">
    <p class='ocr_par' dir='ltr' id='par_1_91' title="bbox 372 4579 3569 4657">
     <span class='ocr_line' id='line_1_91' title="bbox 372 4579 3569 4657; baseline -0.006 -9"><span class='ocrx_word' id='word_1_683' title='bbox 372 4606 400 4635; x_wconf 77' lang='grc' dir='ltr'><strong>ι</strong></span> <span class='ocrx_word' id='word_1_684' title='bbox 431 4593 710 4648; x_wconf 77' lang='lat' dir='ltr'><strong>Hactenus</strong></span> <span class='ocrx_word' id='word_1_685' title='bbox 732 4592 913 4649; x_wconf 87' lang='lat' dir='ltr'><strong>Codex</strong></span> <span class='ocrx_word' id='word_1_686' title='bbox 944 4592 1065 4646; x_wconf 80' lang='lat' dir='ltr'><strong>V&#39;at.</strong></span> <span class='ocrx_word' id='word_1_687' title='bbox 1095 4590 1210 4646; x_wconf 89' lang='lat' dir='ltr'><strong>Pal.</strong></span> <span class='ocrx_word' id='word_1_688' title='bbox 1238 4606 1361 4645; x_wconf 78' lang='lat' dir='ltr'><strong>srec.</strong></span> <span class='ocrx_word' id='word_1_689' title='bbox 1388 4605 1467 4652; x_wconf 69' lang='grc' dir='ltr'><strong>ιχ,</strong></span> <span class='ocrx_word' id='word_1_690' title='bbox 1496 4587 1735 4657; x_wconf 89' lang='lat' dir='ltr'><strong>adeoque</strong></span> <span class='ocrx_word' id='word_1_691' title='bbox 1756 4595 2241 4657; x_wconf 89' lang='lat' dir='ltr'><strong>contemporaneus</strong></span> <span class='ocrx_word' id='word_1_692' title='bbox 2287 4584 2398 4637; x_wconf 85' lang='lat' dir='ltr'><strong>fere</strong></span> <span class='ocrx_word' id='word_1_693' title='bbox 2442 4581 2661 4638; x_wconf 90' lang='lat' dir='ltr'><strong>Sedulio</strong></span> <span class='ocrx_word' id='word_1_694' title='bbox 2708 4581 2806 4651; x_wconf 88' lang='lat' dir='ltr'><strong>ipsi</strong></span> <span class='ocrx_word' id='word_1_695' title='bbox 2832 4598 2847 4648; x_wconf 89' lang='lat'><strong>;</strong></span> <span class='ocrx_word' id='word_1_696' title='bbox 2898 4579 3237 4636; x_wconf 87' lang='lat' dir='ltr'><strong>desideratur</strong></span> <span class='ocrx_word' id='word_1_697' title='bbox 3291 4589 3569 4631; x_wconf 80' lang='lat' dir='ltr'><strong>commen—</strong></span> 
     </span>
    </p>
   </div>
   <div class='ocr_carea' id='block_1_92' title="bbox 302 4661 1259 4733">
    <p class='ocr_par' dir='ltr' id='par_1_92' title="bbox 302 4661 1259 4733">
     <span class='ocr_line' id='line_1_92' title="bbox 302 4661 1259 4733; baseline -0.006 -14"><span class='ocrx_word' id='word_1_698' title='bbox 302 4665 478 4721; x_wconf 84' lang='lat' dir='ltr'><strong>tarius</strong></span> <span class='ocrx_word' id='word_1_699' title='bbox 509 4664 579 4718; x_wconf 88' lang='lat' dir='ltr'><strong>ad</strong></span> <span class='ocrx_word' id='word_1_700' title='bbox 610 4672 986 4733; x_wconf 81' lang='lat' dir='ltr'><strong>argumentum</strong></span> <span class='ocrx_word' id='word_1_701' title='bbox 1018 4661 1259 4716; x_wconf 86' lang='lat' dir='ltr'><strong>Joannis.</strong></span> 
     </span>
    </p>
   </div>
   <div class='ocr_carea' id='block_1_93' title="bbox 313 4792 2353 4825">
    <p class='ocr_par' dir='ltr' id='par_1_93' title="bbox 313 4792 2353 4825">
     <span class='ocr_line' id='line_1_93' title="bbox 313 4792 2353 4825; baseline 0 -22"><span class='ocrx_word' id='word_1_702' title='bbox 313 4792 2353 4825; x_wconf 82' lang='lat'><strong>_____________________________________</strong></span> 
     </span>
    </p>
   </div>
   <div class='ocr_carea' id='block_1_94' title="bbox 3224 4785 3550 4804">
    <p class='ocr_par' dir='ltr' id='par_1_94' title="bbox 3224 4785 3550 4804">
     <span class='ocr_line' id='line_1_94' title="bbox 3224 4785 3550 4804; baseline 0.003 -6"><span class='ocrx_word' id='word_1_703' title='bbox 3224 4785 3550 4804; x_wconf 45' lang='lat' dir='ltr'><strong>ﬂ</strong></span> 
     </span>
    </p>
   </div>
   <div class='ocr_carea' id='block_1_95' title="bbox 1515 4868 2350 4980">
    <p class='ocr_par' dir='ltr' id='par_1_95' title="bbox 1515 4868 2350 4980">
     <span class='ocr_line' id='line_1_95' title="bbox 1515 4868 2350 4980; baseline -0.014 0"><span class='ocrx_word' id='word_1_704' title='bbox 1515 4901 1742 4980; x_wconf 86' lang='lat' dir='ltr'><strong>MAII</strong></span> <span class='ocrx_word' id='word_1_705' title='bbox 1822 4899 1949 4975; x_wconf 80' lang='lat' dir='ltr'><strong>PR</strong></span> <span class='ocrx_word' id='word_1_706' title='bbox 1969 4868 2350 4975; x_wconf 61' lang='lat' dir='ltr'><strong>IE‘FATIO</strong></span> 
     </span>
    </p>
   </div>
   <div class='ocr_carea' id='block_1_96' title="bbox 1226 5039 2655 5112">
    <p class='ocr_par' dir='ltr' id='par_1_96' title="bbox 1226 5039 2655 5112">
     <span class='ocr_line' id='line_1_96' title="bbox 1226 5039 2655 5112; baseline -0.013 -2"><span class='ocrx_word' id='word_1_707' title='bbox 1226 5055 1495 5112; x_wconf 79' lang='lat' dir='ltr'><strong>SEDULII</strong></span> <span class='ocrx_word' id='word_1_708' title='bbox 1533 5052 1898 5112; x_wconf 87' lang='lat' dir='ltr'><strong>OPUSCULO</strong></span> <span class='ocrx_word' id='word_1_709' title='bbox 1930 5045 2248 5105; x_wconf 82' lang='lat' dir='ltr'><strong>POLlTlCO</strong></span> <span class='ocrx_word' id='word_1_710' title='bbox 2287 5039 2655 5111; x_wconf 82' lang='lat' dir='ltr'><strong>SEQUENTI.</strong></span> 
     </span>
    </p>
   </div>
   <div class='ocr_carea' id='block_1_97' title="bbox 1490 5178 2413 5251">
    <p class='ocr_par' dir='ltr' id='par_1_97' title="bbox 1490 5178 2413 5251">
     <span class='ocr_line' id='line_1_97' title="bbox 1490 5178 2413 5251; baseline -0.014 -9"><span class='ocrx_word' id='word_1_711' title='bbox 1490 5190 1636 5249; x_wconf 12' lang='lat' dir='ltr'><strong>t&#39;llai.,</strong></span> <span class='ocrx_word' id='word_1_712' title='bbox 1663 5186 1902 5251; x_wconf 73' lang='lat' dir='ltr'><strong>Spiclletz.</strong></span> <span class='ocrx_word' id='word_1_713' title='bbox 1924 5184 2086 5243; x_wconf 82' lang='lat' dir='ltr'><strong>Rom.,</strong></span> <span class='ocrx_word' id='word_1_714' title='bbox 2113 5191 2227 5233; x_wconf 90' lang='lat' dir='ltr'><strong>tom.</strong></span> <span class='ocrx_word' id='word_1_715' title='bbox 2258 5178 2413 5239; x_wconf 87' lang='lat' dir='ltr'><strong>Vlll.)</strong></span> 
     </span>
    </p>
   </div>
   <div class='ocr_carea' id='block_1_98' title="bbox 1572 5315 2288 5341">
    <p class='ocr_par' dir='ltr' id='par_1_98' title="bbox 1572 5315 2288 5341">
     <span class='ocr_line' id='line_1_98' title="bbox 1572 5315 2288 5341; baseline 0 -7"><span class='ocrx_word' id='word_1_716' title='bbox 1572 5315 2288 5341; x_wconf 74' lang='lat'><strong>——————|-—-———‘</strong></span> 
     </span>
    </p>
   </div>
   <div class='ocr_carea' id='block_1_99' title="bbox 386 5409 1892 5484">
    <p class='ocr_par' dir='ltr' id='par_1_99' title="bbox 386 5409 1892 5484">
     <span class='ocr_line' id='line_1_99' title="bbox 386 5409 1892 5484; baseline -0.01 -9"><span class='ocrx_word' id='word_1_717' title='bbox 386 5420 427 5475; x_wconf 91' lang='lat' dir='ltr'><strong>l.</strong></span> <span class='ocrx_word' id='word_1_718' title='bbox 458 5418 652 5475; x_wconf 85' lang='lat' dir='ltr'><strong>Utrum</strong></span> <span class='ocrx_word' id='word_1_719' title='bbox 673 5416 878 5472; x_wconf 86' lang='lat' dir='ltr'><strong>Sedulii</strong></span> <span class='ocrx_word' id='word_1_720' title='bbox 902 5415 1050 5471; x_wconf 90' lang='lat' dir='ltr'><strong>Scoti</strong></span> <span class='ocrx_word' id='word_1_721' title='bbox 1070 5429 1205 5484; x_wconf 88' lang='lat' dir='ltr'><strong>opus</strong></span> <span class='ocrx_word' id='word_1_722' title='bbox 1229 5413 1294 5467; x_wconf 84' lang='lat' dir='ltr'><strong>de</strong></span> <span class='ocrx_word' id='word_1_723' title='bbox 1313 5411 1610 5484; x_wconf 60' lang='lat' dir='ltr'><strong>[lectoribus</strong></span> <span class='ocrx_word' id='word_1_724' title='bbox 1633 5409 1892 5484; x_wconf 77' lang='lat' dir='ltr'><strong>Christia-</strong></span> 
     </span>
    </p>
   </div>
   <div class='ocr_carea' id='block_1_100' title="bbox 313 5481 1895 5561">
    <p class='ocr_par' dir='ltr' id='par_1_100' title="bbox 313 5481 1895 5561">
     <span class='ocr_line' id='line_1_100' title="bbox 313 5481 1895 5561; baseline -0.008 -17"><span class='ocrx_word' id='word_1_725' title='bbox 313 5492 403 5545; x_wconf 75' lang='lat' dir='ltr'><strong>ais</strong></span> <span class='ocrx_word' id='word_1_726' title='bbox 426 5488 578 5560; x_wconf 90' lang='lat' dir='ltr'><strong>prelo</strong></span> <span class='ocrx_word' id='word_1_727' title='bbox 601 5488 1015 5561; x_wconf 71' lang='lat' dir='ltr'><strong>committerem,</strong></span> <span class='ocrx_word' id='word_1_728' title='bbox 1046 5481 1334 5561; x_wconf 64' lang='lat' dir='ltr'><strong>parumper</strong></span> <span class='ocrx_word' id='word_1_729' title='bbox 1354 5482 1611 5561; x_wconf 85' lang='lat' dir='ltr'><strong>dubitavi,</strong></span> <span class='ocrx_word' id='word_1_730' title='bbox 1639 5481 1762 5551; x_wconf 88' lang='lat' dir='ltr'><strong>quia</strong></span> <span class='ocrx_word' id='word_1_731' title='bbox 1780 5493 1895 5561; x_wconf 59' lang='lat' dir='ltr'><strong>nec</strong></span> 
     </span>
    </p>
   </div>
   <div class='ocr_carea' id='block_1_101' title="bbox 312 5549 1894 5631">
    <p class='ocr_par' dir='ltr' id='par_1_101' title="bbox 312 5549 1894 5631">
     <span class='ocr_line' id='line_1_101' title="bbox 312 5549 1894 5631; baseline -0.008 -17"><span class='ocrx_word' id='word_1_732' title='bbox 528 5556 622 5629; x_wconf 86' lang='lat' dir='ltr'><strong>qui</strong></span> <span class='ocrx_word' id='word_1_733' title='bbox 652 5556 817 5631; x_wconf 81' lang='lat' dir='ltr'><strong>semel</strong></span> <span class='ocrx_word' id='word_1_734' title='bbox 857 5549 1061 5631; x_wconf 77' lang='lat' dir='ltr'><strong>editum</strong></span> <span class='ocrx_word' id='word_1_735' title='bbox 1090 5549 1328 5619; x_wconf 77' lang='lat' dir='ltr'><strong>diceret,</strong></span> <span class='ocrx_word' id='word_1_736' title='bbox 1362 5561 1416 5607; x_wconf 90' lang='lat' dir='ltr'><strong>et</strong></span> <span class='ocrx_word' id='word_1_737' title='bbox 1451 5560 1626 5631; x_wconf 79' lang='lat' dir='ltr'><strong>tamen</strong></span> <span class='ocrx_word' id='word_1_738' title='bbox 1658 5549 1894 5631; x_wconf 73' lang='lat' dir='ltr'><strong>eruditis</strong></span> 
     </span>
    </p>
   </div>
   <div class='ocr_carea' id='block_1_102' title="bbox 350 5619 1896 5701">
    <p class='ocr_par' dir='ltr' id='par_1_102' title="bbox 350 5619 1896 5701">
     <span class='ocr_line' id='line_1_102' title="bbox 350 5619 1896 5701; baseline -0.006 -18"><span class='ocrx_word' id='word_1_739' title='bbox 350 5619 595 5701; x_wconf 68' lang='lat' dir='ltr'><strong>let-isque</strong></span> <span class='ocrx_word' id='word_1_740' title='bbox 621 5627 882 5701; x_wconf 80' lang='lat' dir='ltr'><strong>omnibus</strong></span> <span class='ocrx_word' id='word_1_741' title='bbox 913 5626 1153 5701; x_wconf 84' lang='lat' dir='ltr'><strong>ignotum</strong></span> <span class='ocrx_word' id='word_1_742' title='bbox 1191 5631 1339 5701; x_wconf 75' lang='lat' dir='ltr'><strong>erat,</strong></span> <span class='ocrx_word' id='word_1_743' title='bbox 1378 5634 1553 5701; x_wconf 57' lang='lat' dir='ltr'><strong>neque</strong></span> <span class='ocrx_word' id='word_1_744' title='bbox 1580 5621 1633 5674; x_wconf 90' lang='lat' dir='ltr'><strong>in</strong></span> <span class='ocrx_word' id='word_1_745' title='bbox 1660 5619 1896 5701; x_wconf 77' lang='lat' dir='ltr'><strong>publicis</strong></span> 
     </span>
    </p>
   </div>
   <div class='ocr_carea' id='block_1_103' title="bbox 312 5646 1893 5771">
    <p class='ocr_par' dir='ltr' id='par_1_103' title="bbox 312 5646 1893 5771">
     <span class='ocr_line' id='line_1_103' title="bbox 353 5646 1893 5698; baseline -0.006 -15"><span class='ocrx_word' id='word_1_746' title='bbox 353 5646 595 5698; x_wconf 76' lang='lat' dir='ltr'><strong>terisque</strong></span> <span class='ocrx_word' id='word_1_747' title='bbox 625 5646 882 5683; x_wconf 74' lang='lat' dir='ltr'><strong>omnibus</strong></span> <span class='ocrx_word' id='word_1_748' title='bbox 913 5646 1153 5696; x_wconf 80' lang='lat' dir='ltr'><strong>tgnowm</strong></span> <span class='ocrx_word' id='word_1_749' title='bbox 1191 5646 1339 5687; x_wconf 78' lang='lat' dir='ltr'><strong>erat,</strong></span> <span class='ocrx_word' id='word_1_750' title='bbox 1380 5646 1553 5691; x_wconf 73' lang='grc' dir='ltr'>ηειιυῠ</span> <span class='ocrx_word' id='word_1_751' title='bbox 1580 5646 1633 5674; x_wconf 87' lang='grc' dir='ltr'>ιιι</span> <span class='ocrx_word' id='word_1_752' title='bbox 1665 5646 1893 5690; x_wconf 69' lang='lat' dir='ltr'><strong>puuuus</strong></span> 
     </span>
     <span class='ocr_line' id='line_1_104' title="bbox 312 5646 1893 5771; baseline -0.008 -17"><span class='ocrx_word' id='word_1_753' title='bbox 312 5646 699 5771; x_wconf 43' lang='lat' dir='ltr'><strong>bibliothecis,</strong></span> <span class='ocrx_word' id='word_1_754' title='bbox 727 5699 872 5771; x_wconf 75' lang='lat' dir='ltr'><strong>quod</strong></span> <span class='ocrx_word' id='word_1_755' title='bbox 897 5699 1063 5771; x_wconf 81' lang='lat' dir='ltr'><strong>sciam</strong></span> <span class='ocrx_word' id='word_1_756' title='bbox 1082 5735 1097 5760; x_wconf 94' lang='lat'><strong>,</strong></span> <span class='ocrx_word' id='word_1_757' title='bbox 1128 5693 1395 5771; x_wconf 76' lang='lat' dir='ltr'><strong>exstabat.</strong></span> <span class='ocrx_word' id='word_1_758' title='bbox 1432 5694 1505 5771; x_wconf 79' lang='lat' dir='ltr'><strong>De</strong></span> <span class='ocrx_word' id='word_1_759' title='bbox 1535 5692 1734 5771; x_wconf 55' lang='lat' dir='ltr'><strong>hoeita</strong></span> <span class='ocrx_word' id='word_1_760' title='bbox 1757 5689 1893 5771; x_wconf 72' lang='lat' dir='ltr'><strong>scri-</strong></span> 
     </span>
    </p>
   </div>
   <div class='ocr_carea' id='block_1_104' title="bbox 316 5759 1897 5837">
    <p class='ocr_par' dir='ltr' id='par_1_104' title="bbox 316 5759 1897 5837">
     <span class='ocr_line' id='line_1_105' title="bbox 316 5759 1897 5837; baseline -0.008 -12"><span class='ocrx_word' id='word_1_761' title='bbox 316 5769 411 5825; x_wconf 82' lang='lat' dir='ltr'><strong>bit</strong></span> <span class='ocrx_word' id='word_1_762' title='bbox 435 5759 724 5824; x_wconf 69' lang='lat' dir='ltr'><strong>Faustinus</strong></span> <span class='ocrx_word' id='word_1_763' title='bbox 744 5759 1013 5822; x_wconf 61' lang='lat' dir='ltr'><strong>&#39;Arevalns</strong></span> <span class='ocrx_word' id='word_1_764' title='bbox 1035 5759 1089 5821; x_wconf 87' lang='lat' dir='ltr'><strong>in</strong></span> <span class='ocrx_word' id='word_1_765' title='bbox 1106 5762 1500 5836; x_wconf 79' lang='lat' dir='ltr'><strong>prolegomenis</strong></span> <span class='ocrx_word' id='word_1_766' title='bbox 1528 5762 1596 5816; x_wconf 89' lang='lat' dir='ltr'><strong>ad</strong></span> <span class='ocrx_word' id='word_1_767' title='bbox 1618 5759 1897 5837; x_wconf 84' lang='lat' dir='ltr'><strong>Sedulium</strong></span> 
     </span>
    </p>
   </div>
   <div class='ocr_carea' id='block_1_105' title="bbox 1997 5394 3577 5522">
    <p class='ocr_par' dir='ltr' id='par_1_105' title="bbox 1997 5394 3577 5522">
     <span class='ocr_line' id='line_1_106' title="bbox 1997 5394 3577 5484; baseline -0.003 -25"><span class='ocrx_word' id='word_1_768' title='bbox 1997 5406 2287 5467; x_wconf 91' lang='lat' dir='ltr'><strong>seniorem,</strong></span> <span class='ocrx_word' id='word_1_769' title='bbox 2318 5400 2523 5482; x_wconf 24' lang='lat' dir='ltr'><strong>capue,</strong></span> <span class='ocrx_word' id='word_1_770' title='bbox 2557 5411 2705 5451; x_wconf 89' lang='lat' dir='ltr'><strong>num.</strong></span> <span class='ocrx_word' id='word_1_771' title='bbox 2739 5394 2825 5478; x_wconf 67' lang='lat' dir='ltr'><strong>(il.</strong></span> <span class='ocrx_word' id='word_1_772' title='bbox 2863 5413 2882 5447; x_wconf 76' lang='grc' dir='ltr'><strong>ι</strong></span> <span class='ocrx_word' id='word_1_773' title='bbox 2916 5394 3223 5459; x_wconf 85' lang='lat' dir='ltr'><strong>Goldastus,</strong></span> <span class='ocrx_word' id='word_1_774' title='bbox 3255 5405 3317 5453; x_wconf 91' lang='lat' dir='ltr'><strong>ut</strong></span> <span class='ocrx_word' id='word_1_775' title='bbox 3341 5413 3411 5454; x_wconf 89' lang='lat' dir='ltr'><strong>ex</strong></span> 
     </span>
     <span class='ocr_line' id='line_1_107' title="bbox 1999 5465 3575 5522; baseline 0 0"><span class='ocrx_word' id='word_1_776' title='bbox 1999 5478 2120 5522; x_wconf 67' lang='lat' dir='ltr'><strong>han.</strong></span> <span class='ocrx_word' id='word_1_777' title='bbox 2154 5488 2283 5522; x_wconf 89' lang='lat' dir='ltr'><strong>num</strong></span> <span class='ocrx_word' id='word_1_778' title='bbox 2305 5472 2392 5522; x_wconf 73' lang='grc'><strong>45.</strong></span> <span class='ocrx_word' id='word_1_779' title='bbox 2423 5472 2609 5522; x_wconf 81' lang='lat' dir='ltr'><strong>hauet.</strong></span> <span class='ocrx_word' id='word_1_780' title='bbox 2639 5465 2951 5522; x_wconf 73' lang='lat' dir='ltr'><strong>nossrdebat</strong></span> <span class='ocrx_word' id='word_1_781' title='bbox 2978 5481 3081 5520; x_wconf 89' lang='lat' dir='ltr'><strong>ms.</strong></span> <span class='ocrx_word' id='word_1_782' title='bbox 3103 5482 3236 5522; x_wconf 91' lang='lat' dir='ltr'><strong>onus</strong></span> <span class='ocrx_word' id='word_1_783' title='bbox 3264 5466 3466 5522; x_wconf 88' lang='lat' dir='ltr'><strong>Seduln</strong></span> <span class='ocrx_word' id='word_1_784' title='bbox 3494 5488 3575 5522; x_wconf 83' lang='lat' dir='ltr'><strong>m-</strong></span> 
     </span>
    </p>
   </div>
   <div class='ocr_carea' id='block_1_106' title="bbox 1998 5470 3575 5620">
    <p class='ocr_par' dir='ltr' id='par_1_106' title="bbox 1998 5470 3575 5620">
     <span class='ocr_line' id='line_1_108' title="bbox 1998 5470 3575 5538; baseline -0.004 -8"><span class='ocrx_word' id='word_1_785' title='bbox 1998 5478 2120 5538; x_wconf 87' lang='lat' dir='ltr'><strong>beo,</strong></span> <span class='ocrx_word' id='word_1_786' title='bbox 2152 5488 2283 5528; x_wconf 87' lang='lat' dir='ltr'><strong>num</strong></span> <span class='ocrx_word' id='word_1_787' title='bbox 2305 5470 2399 5535; x_wconf 20' lang='lat'><strong>45,7</strong></span> <span class='ocrx_word' id='word_1_788' title='bbox 2423 5472 2609 5538; x_wconf 89' lang='lat' dir='ltr'><strong>liquet,</strong></span> <span class='ocrx_word' id='word_1_789' title='bbox 2639 5470 2951 5537; x_wconf 86' lang='lat' dir='ltr'><strong>possidebat</strong></span> <span class='ocrx_word' id='word_1_790' title='bbox 2978 5481 3081 5520; x_wconf 89' lang='lat' dir='ltr'><strong>ms.</strong></span> <span class='ocrx_word' id='word_1_791' title='bbox 3103 5482 3236 5536; x_wconf 85' lang='lat' dir='ltr'><strong>opus</strong></span> <span class='ocrx_word' id='word_1_792' title='bbox 3264 5470 3466 5525; x_wconf 86' lang='lat' dir='ltr'><strong>Sedulii</strong></span> <span class='ocrx_word' id='word_1_793' title='bbox 3494 5471 3575 5524; x_wconf 81' lang='lat' dir='ltr'><strong>in-</strong></span> 
     </span>
     <span class='ocr_line' id='line_1_109' title="bbox 1998 5534 3573 5620; baseline -0.002 -23"><span class='ocrx_word' id='word_1_794' title='bbox 1998 5545 2256 5620; x_wconf 79' lang='lat' dir='ltr'><strong>scriptum</strong></span> <span class='ocrx_word' id='word_1_795' title='bbox 2286 5542 2349 5595; x_wconf 86' lang='lat' dir='ltr'><strong>de</strong></span> <span class='ocrx_word' id='word_1_796' title='bbox 2364 5538 2647 5620; x_wconf 45' lang='lat' dir='ltr'><strong>feminine</strong></span> <span class='ocrx_word' id='word_1_797' title='bbox 2673 5534 3453 5620; x_wconf 42' lang='lat' dir='ltr'><strong>principum.,Slchqettgenins,</strong></span> <span class='ocrx_word' id='word_1_798' title='bbox 3481 5538 3573 5609; x_wconf 85' lang='lat' dir='ltr'><strong>qui</strong></span> 
     </span>
    </p>
   </div>
   <div class='ocr_carea' id='block_1_107' title="bbox 1998 5605 3574 5671">
    <p class='ocr_par' dir='ltr' id='par_1_107' title="bbox 1998 5605 3574 5671">
     <span class='ocr_line' id='line_1_110' title="bbox 1998 5605 3574 5671; baseline -0.004 -1"><span class='ocrx_word' id='word_1_799' title='bbox 1998 5605 2337 5671; x_wconf 69' lang='lat' dir='ltr'><strong>bibliotheca:</strong></span> <span class='ocrx_word' id='word_1_800' title='bbox 2364 5605 2697 5664; x_wconf 70' lang='lat' dir='ltr'><strong>Fabrieianae</strong></span> <span class='ocrx_word' id='word_1_801' title='bbox 2725 5605 2887 5661; x_wconf 88' lang='lat' dir='ltr'><strong>medii</strong></span> <span class='ocrx_word' id='word_1_802' title='bbox 2916 5612 2972 5659; x_wconf 89' lang='lat' dir='ltr'><strong>et</strong></span> <span class='ocrx_word' id='word_1_803' title='bbox 2996 5605 3167 5661; x_wconf 82' lang='lat' dir='ltr'><strong>inﬁmi</strong></span> <span class='ocrx_word' id='word_1_804' title='bbox 3202 5605 3302 5663; x_wconf 67' lang='grc' dir='ltr'><strong>ιεὐί</strong></span> <span class='ocrx_word' id='word_1_805' title='bbox 3324 5605 3574 5665; x_wconf 69' lang='lat' dir='ltr'><strong>volumen</strong></span> 
     </span>
    </p>
   </div>
   <div class='ocr_carea' id='block_1_108' title="bbox 1999 5675 3573 5744">
    <p class='ocr_par' dir='ltr' id='par_1_108' title="bbox 1999 5675 3573 5744">
     <span class='ocr_line' id='line_1_111' title="bbox 1999 5675 3573 5744; baseline -0.004 -5"><span class='ocrx_word' id='word_1_806' title='bbox 1999 5693 2211 5740; x_wconf 84' lang='lat' dir='ltr'><strong>sextum</strong></span> <span class='ocrx_word' id='word_1_807' title='bbox 2237 5681 2435 5744; x_wconf 88' lang='lat' dir='ltr'><strong>edidit,</strong></span> <span class='ocrx_word' id='word_1_808' title='bbox 2470 5678 2667 5742; x_wconf 84' lang='lat' dir='ltr'><strong>refert,</strong></span> <span class='ocrx_word' id='word_1_809' title='bbox 2697 5676 2972 5732; x_wconf 86' lang='lat' dir='ltr'><strong>Sedulium</strong></span> <span class='ocrx_word' id='word_1_810' title='bbox 2998 5675 3063 5730; x_wconf 82' lang='lat' dir='ltr'><strong>de</strong></span> <span class='ocrx_word' id='word_1_811' title='bbox 3090 5675 3396 5733; x_wconf 69' lang='lat' dir='ltr'><strong>Hectori-bus</strong></span> <span class='ocrx_word' id='word_1_812' title='bbox 3429 5677 3573 5733; x_wconf 63' lang='lat' dir='ltr'><strong>Chri-</strong></span> 
     </span>
    </p>
   </div>
   <div class='ocr_carea' id='block_1_109' title="bbox 1999 5745 3572 5818">
    <p class='ocr_par' dir='ltr' id='par_1_109' title="bbox 1999 5745 3572 5818">
     <span class='ocr_line' id='line_1_112' title="bbox 1999 5745 3572 5818; baseline -0.006 -7"><span class='ocrx_word' id='word_1_813' title='bbox 1999 5755 2185 5811; x_wconf 70' lang='lat' dir='ltr'><strong>stianis</strong></span> <span class='ocrx_word' id='word_1_814' title='bbox 2208 5762 2256 5809; x_wconf 79' lang='lat' dir='ltr'><strong>et</strong></span> <span class='ocrx_word' id='word_1_815' title='bbox 2285 5747 2701 5807; x_wconf 74' lang='lat' dir='ltr'><strong>convenientibus</strong></span> <span class='ocrx_word' id='word_1_816' title='bbox 2727 5745 2915 5818; x_wconf 78' lang='lat' dir='ltr'><strong>regulis</strong></span> <span class='ocrx_word' id='word_1_817' title='bbox 2938 5745 3124 5817; x_wconf 74' lang='lat' dir='ltr'><strong>quibus</strong></span> <span class='ocrx_word' id='word_1_818' title='bbox 3154 5756 3227 5802; x_wconf 69' lang='lat' dir='ltr'><strong>est</strong></span> <span class='ocrx_word' id='word_1_819' title='bbox 3260 5764 3339 5803; x_wconf 78' lang='lat' dir='ltr'><strong>res</strong></span> <span class='ocrx_word' id='word_1_820' title='bbox 3362 5748 3572 5817; x_wconf 69' lang='lat' dir='ltr'><strong>pubt&#39;r&#39;ra</strong></span> 
     </span>
    </p>
   </div>
  </div>
