3982 6198
267 275 381 330 293
878 339 903 346 _
1256 276 1461 331 LIBER
1503 277 1590 330 DE
1629 247 2066 336 maereamus
2107 281 2558 343 CllRlSTlANIS.
3431 296 3541 354 29.

269 381 542 471 Dogmata
573 389 700 435 sunt
725 382 960 447 Domini,
987 397 1085 437 nec
1112 397 1218 437 non
1249 384 1495 453 exempla
1519 387 1780 454 priorum,
1891 399 1942 458 Α
1967 387 2120 445 Iuste
2146 400 2464 459 regnantum
2491 410 2593 464 qua
2621 411 2811 465 perpes
2837 398 3006 468 gloria
3032 400 3216 471 pollet.

265 469 554 539 Gestaque
581 472 840 526 nobilium
868 488 1153 541 procerum
1190 474 1394 528 famosa
1420 491 1516 543 per
1543 477 1749 530 orbem.

269 558 499 637 Artibus
523 559 613 615 his
644 561 822 631 vigeat
846 561 1015 614 vestri
1047 577 1134 616 res
1159 562 1371 632 publica
1399 565 1615 628 victrix,

269 650 452 718 Atque
482 651 820 720 gubernetur
849 652 1033 706 multis
1058 652 1288 707 feliciter
1319 655 1495 719 annis,

271 741 455 797 Donec
485 742 758 797 sideream
789 757 884 797 vos
913 744 1216 798 ascendatis
1245 745 1298 797 in
1331 744 1529 807 aulam,

2500 503 2726 574 Eatplicit
2752 508 3013 576 prarfalio.

1971 613 2173 667 Tecum
2201 613 2544 684 principium,
2575 615 2718 679 ﬁnis,
2750 632 2844 670 rex
2873 617 3212 688 Christeque,
3237 630 3435 682 tecum.

2077 703 2248 772 Alpha
2278 705 2458 773 operis
2487 703 2670 758 famuli
2703 706 2797 771 sis,
2831 707 2990 775 Deus,
3023 727 3170 779 atque
3201 712 3294 765 tui.

276 886 3529 911 mm“

1156 976 1554 1037 lNClPIUNT
1600 977 1994 1038 CAPITULA
2037 979 2391 1038 EJUSDEM
2433 979 2668 1039 LIBRI.
2735 1000 2748 1013 ·

331 1137 374 1205 _I.
403 1137 481 1186 De
507 1149 574 1205 e97
593 1135 722 1196 quod
727 1136 880 1205 _pium
904 1138 1170 1205 rectorem,
1197 1144 1394 1205 accepta
1422 1145 1662 1205 potestate
1680 1135 1858 1205 regali,
1972 1133 2130 1205 7nivola
2159 1137 2447 1205 intentaque
2482 1138 2806 1188 sollicitudine
2832 1139 2998 1188 favere
3023 1141 3206 1192 debeat
3230 1152 3282 1192 et
3301 1148 3548 1205 synodali-

272 1202 486 1259 primum
526 1199 704 1260 dignos
725 1197 831 1246 Deo
868 1206 918 1247 et
952 1199 1134 1246 sanctis
1176 1197 1397 1248 ecclesiis
1424 1197 1652 1247 ’bouores
1693 1199 1862 1245 dicare
1972 1198 2417 1260 buscpuyentibus.

269 1256 494 1322 oportet.
537 1256 605 1322 77'
872 1321 880 1322 7
952 1319 962 1322 7
1286 1321 1291 1322 7
1491 1309 1493 1312 ,
1682 1321 1688 1322 7
1728 1319 1738 1322 _
1974 1320 1984 1322 _
2035 1256 2141 1306 XII.
2167 1258 2242 1307 De
2292 1272 2352 1307 eo
2391 1260 2517 1320 quod
2559 1260 2896 1322 saluberrimis
2917 1264 3182 1312 antistitum
3213 1266 3548 1316 admonitioni-

336 1319 404 1389 ”:
425 1318 653 1389 Qualiter
678 1326 765 1369 rex
793 1319 1095 1389 orthodoxae
1120 1321 1434 1380 semetipsum
1460 1333 1642 1382 regere
1660 1319 1838 1389 debet.
1972 1320 2067 1368 bus
2091 1326 2142 1368 et
2165 1318 2559 1381 cerreptio‘nibus
2581 1321 2660 1378 pio
2685 1325 3231 1385 rectori‘obtemperare
3264 1330 3329 1376 sit
3367 1328 3551 1389 glorio-

335 1381 422 1428 ill.
453 1381 560 1438 Qua
582 1388 687 1430 arte
714 1388 765 1428 et
805 1382 1044 1430 industria
1069 1389 1461 1430 momentaneum
1486 1381 1693 1442 regnum
1719 1381 1865 1427 stabi-
1977 1394 2152 1442 sum.7_
2204 1440 2231 1442 _7
2363 1439 2371 1442 _
2532 1441 2535 1442 7
3057 1381 3070 1385 “
3095 1401 3106 1413 ι

270 1444 351 1492 nn.
379 1449 545 1503 Doms,
1550 1439 1568 1442 '
2029 1439 2173 1512 7XllI.
2202 1440 2278 1489 De
2299 1439 2406 1490 zelo
2428 1441 2543 1490 boni
2587 1443 2797 1491 rectoris
2819 1445 3095 1494 rationabili
3139 1458 3196 1494 ac
3241 1450 3406 1509 pietati
3435 1464 3553 1512 per-

336 1523 424 1572 ιν.
453 1522 530 1571 De
557 1523 694 1582 regia
720 1529 966 1578 potrstate
1006 1533 1099 1569 non
1123 1527 1220 1569 tam
1255 1523 1430 1583 opibus
1453 1530 1504 1570 et
1537 1522 1705 1570 tiducia
1731 1521 1864 1570 forti-
1976 1505 2145 1583 πηίῇξῇ

2034 1561 2162 1636 ΧΙΥ.
2185 1561 2259 1610 De
2282 1562 2406 1641 duce
2430 1561 2717 1634 Christiano,
2757 1572 2810 1611 ut
2835 1578 2928 1613 non
2956 1566 3004 1612 in
3025 1579 3109 1613 sua
3149 1575 3202 1616 et
3225 1582 3420 1618 suorum
3445 1571 3544 1621 for-

338 1665 380 1683 “
428 1664 618 1683 ,μη-,⁸
649 1665 768 1683 __7__:
811 1663 1152 1683 -Μμ-,ωεητρ
1191 1662 1459 1683 ,Δηὼ-,ΑΔ
1509 1675 1621 1683 μη,
1660 1675 1863 1683 unum.
1970 1623 2312 1683 titudine,sed
2337 1637 2385 1672 in
2412 1623 2623 1672 Domino
2646 1625 2867 1674 confidat.
2955 1678 2960 1680 _

338 1662 1864 1746 Y;‘79‘_13P‘§7_5j‘ffth‘fgeEfffffzfgqﬁmiq‘}.Agginflefﬂn
2037 1683 2139 1730 XV.
2166 1662 2241 1732 De
2279 1697 2340 1733 eo
2364 1686 2489 1746 quod
2519 1662 2881 1734 imminentibus
2923 1678 3166 1736 hostilium
3193 1689 3426 1739 bellorum
3451 1691 3549 1742 fra-

273 1727 561 1806 et7l7i7beros
599 1727 919 1786 propriosque
963 1725 1255 1772 domesticos
1275 1725 1336 1771 ab
1381 1725 1559 1773 eodem
1605 1731 1680 1773 est
1722 1725 1865 1772 exhi-
1967 1725 2491 1806 80,;7.,,;s"d'i,-.I,{,.?{gﬁ
2514 1725 3133 1802 {.Iiifibiiiia'iiii'aSimili;

274 1789 461 1836 benda.
562 1869 567 1870 7
798 1868 806 1870 7
1265 1869 1271 1870 7
1528 1869 1534 1870 7
1608 1869 1615 1870 7
1776 1867 1784 1870 _
1967 1789 2165 1870 virng
2185 1789 3052 1870 nesatis};gijidnga‘aiiggsai:

337 1873 423 1920 Vl.
453 1869 636 1930 Quales
661 1868 959 1920 consiliarios
979 1875 1030 1918 et
1051 1869 1228 1917 amicos
1263 1869 1440 1917 bonum
1465 1869 1738 1930 principem
1775 1867 1863 1915 ba-
1972 1928 1979 1930 7
2033 1866 2181 1915 XVII.
2203 1867 2277 1916 De
2303 1882 2393 1916 non
2414 1869 2742 1928 superbiendo
2769 1866 3101 1929 post'oblatam
3141 1873 3288 1921 etiam
3312 1873 3371 1921 ab
3397 1874 3550 1925 hosti-

276 1933 405 1983 here
429 1928 597 1981 decet.
1466 1928 1479 1930 “
1626 1928 1637 1930 ἡ
1894 1960 1940 2017 Β
1970 1928 2060 1977 bus
2084 1941 2271 1988 pacem,
2297 1943 2384 1978 seu
2409 1937 2674 1990 prostratos
2697 1928 2881 1979 hostes.

335 1995 424 2017 1'”
483 1995 598 2017 η...-
619 2005 699 2017 -..ο
722 1991 870 2017 ..ηε-ΛΜ.
896 1993 1144 2017 η-ιηηςηηα
1169 1988 1308 2017 ι’σιηίηο
2035 1989 2181 2017 γνιιι
2229 1989 2499 2017 nun-tum.“
2521 2001 2575 2017 οη
2602 1991 2823 2017 Ιιηηίηηι..
2851 2007 2875 2017 ..

335 1995 451 2056 VII.
483 1995 598 2056 Qua
619 2005 701 2040 res
722 1991 872 2056 malos
896 1993 1145 2056 principes
1169 1988 1326 2056 faciat.
1894 1988 1940 2017 υ
1996 2051 2005 2056 7
2031 1989 2204 2056 χνιιι.
2229 1988 2500 2056 Gratiarum
2520 2001 2576 2038 ac
2602 1991 2826 2039 benivola
2851 1999 2956 2042 vota
2977 1998 3077 2055 post
3097 2007 3265 2056 pacem
3289 2008 3377 2044 seu
3397 1997 3550 2047 victo-

335 2055 475 2104 V'lll.
502 2055 574 2103 De
600 2056 758 2101 avaris
783 2051 858 2101 vel
906 2053 1063 2112 impiis
1088 2053 1306 2107 regibus,
1331 2060 1381 2100 et
1417 2057 1593 2113 quanta
1638 2063 1727 2111 per
1752 2062 1865 2100 eos-
1967 2051 2090 2113 riam
2104 2051 2219 2113 7l_)e7o
2243 2052 2508 2113 reddenda.

277 2118 398 2177 deni
423 2117 654 2177 populum
682 2114 932 2177 mala,_7vel
959 2110 1086 2172 ipsos
1111 2113 1229 2177 ultio
1251 2110 1768 2177 divinaconsequitur.
1824 2173 1833 2177 _
2033 2110 2156 2162 XIX.
2183 2111 2256 2161 De
2294 2112 2562 2177 privilegiis
2597 2121 2777 2177 sancta:
2818 2115 2985 2177 matris
3006 2114 3238 2166 Ecclesia;
3286 2129 3309 2161 a
3352 2119 3428 2176 pio
3465 2131 3550 2167 re-

346 2172 532 2282 IXLD‘e
559 2189 685 2280 lrege
713 2174 906 2235 pacitico
941 2183 1088 2234 atque
1122 2174 1370 2222 clementi.
1401 2172 1490 2222 Vel
1513 2176 1690 2234 quibus
1713 2173 1866 2222 danda
1968 2178 2106 2244 clere
2123 2172 2487 2282 lcqusefvandis,
2509 2186 2563 2222 ac
2582 2174 2744 2236 dignis
2765 2173 3080 2224 ecclesiarum
3102 2172 3371 2238 przepositis
3392 2186 3542 2237 atque

346 2247 392 2282 nt
459 2251 552 2282 ene
572 2250 688 2282 lf'lzl.
1975 2247 2116 2281 ιῐιιιιις
2143 2248 2163 2282 l'
2185 2247 2226 2282 S.

275 2247 392 2286 sunt
422 2238 688 2285 beneﬁcia.

339 2299 403 2360 Χἒ
427 2301 550 2356 Quot
579 2297 814 2360 columnis
837 2307 1046 2360 regnum
1066 2296 1182 2353 justi
1207 2296 1341 2360 regis
1362 2300 1683 2360 sustentatur.
1714 2357 1721 2360 _
1777 2356 1786 2360 7

1975 2238 2344 2360 Πῗῖἓῗὸειιιηιει
2381 2296 2935 2360 ignominiasuperbos,
2971 2299 3226 2359 qualisque
3266 2299 3344 2348 vel
3368 2306 3547 2360 quanta

342 2359 429 2409 XI.
454 2355 527 2409 De
555 2371 615 2406 eo
637 2359 766 2418 quod
784 2355 940 2405 bonus
978 2357 1206 2418 princeps
1228 2357 1573 2405 ecclesiasticis
1597 2357 1752 2404 causis
1777 2356 1866 2406 be—
1969 2355 2125 2416 gloria
2145 2356 2225 2408 hic
2251 2363 2304 2405 et
2326 2360 2372 2404 in
2400 2358 2560 2406 futuro
2595 2355 2836 2420 principes
2857 2355 3157 2409 orthodoxe:~
3177 2355 3447 2409 comitatur.

284 2493 642 2508 *-

959 2605 1537 2732 INCIPIT
1637 2607 2112 2730 LIBER
2207 2606 2836 2736 SEDULII

352 2845 446 2900 DE
487 2840 926 2899 RECTORIBUS
965 2840 1402 2900 CIIRISTIANIS
1440 2841 1528 2898 ET
1563 2841 2164 2899 CONVENIENTIBUS
2201 2843 2504 2900 REGULIS
2542 2843 2798 2911 QUIBUS
2835 2845 2966 2901 EST
3008 2845 3143 2901 RES
3182 2847 3472 2906 PUBLICA

1570 2934 1732 2988 BlTE
1770 2933 2266 2990 GUBERNANDA.

711 3172 1104 3232 CAPITULUM
1139 3174 1426 3231 PRIMUM.
1967 3177 2101 3232 serit
2129 3193 2258 3234 suus
2295 3180 2545 3236 dominus
2570 3187 2731 3251 atque
2757 3184 3034 3255 magister.
3065 3184 3203 3241 Hinc
3230 3187 3458 3257 piissimi
3491 3200 3547 3244 et

350 3269 644 3338 Pbstquam
675 3267 853 3338 regale
893 3276 1165 3337 sceptrum
1200 3269 1458 3338 regnique
1497 3267 1862 3339 gubernacula
1965 3266 2183 3338 gloriosi
2221 3269 2491 3339 principes
2529 3270 2650 3339 plus
2694 3286 2752 3326 se
2796 3274 3073 3330 ministros
3116 3290 3180 3330 ac
3224 3291 3411 3331 servos
3452 3275 3554 3330 Ex-

273 3371 464 3416 reetor
491 3358 833 3414 Christianus
869 3359 1200 3427 susceperit,
1235 3359 1468 3428 primum
1494 3360 1708 3428 quidem
1742 3375 1865 3429 gra-
1965 3358 2094 3414 celsi
2121 3375 2283 3428 quam
2309 3362 2554 3416 dominos
2583 3371 2676 3417 aut
2701 3379 2852 3436 reges
2875 3367 3151 3421 hominum
3179 3370 3472 3438 nuncupari
3499 3377 3556 3422 et

274 3453 476 3506 tiarum
518 3450 756 3504 actiones
796 3456 957 3516 atque
996 3447 1290 3518 condignos
1331 3448 1692 3518 Omnipotenti
1735 3465 1862 3504 san-
1964 3464 2085 3504 esse
2115 3453 2407 3506 exsultant.
2448 3453 2600 3508 Unde
2630 3456 2819 3510 beatus
2846 3458 3011 3512 David
3051 3474 3143 3512 rex
3189 3467 3243 3512 et
3285 3462 3548 3529 propheta

270 3553 486 3612 ctazque
523 3542 778 3596 Ecclesia:
818 3540 1052 3594 honores
1093 3548 1305 3609 oportet
1346 3549 1405 3594 ut
1447 3541 1721 3611 rependat.
1757 3541 1864 3596 Res
1890 3584 1934 3645 Ο
1966 3541 2198 3596 eximius
2221 3558 2360 3612 smpe
2384 3560 2599 3598 servum
2626 3546 2837 3599 Domini
2865 3562 2922 3599 se
2945 3548 3203 3600 nominat.
3237 3548 3346 3602 Nec
3369 3564 3472 3602 non
3496 3557 3555 3606 et

270 3635 481 3689 etenim
517 3634 728 3704 publica
770 3643 899 3686 tunc
940 3647 1038 3687 suo
1073 3632 1226 3686 initio
1269 3633 1628 3702 pulcherrime
1673 3649 1866 3689 eonsc-
1893 3629 1934 3645 ν
1967 3629 2197 3699 inclytus
2243 3631 2497 3686 Salomon
2540 3632 2779 3700 ejusdem
2819 3634 2957 3688 titius
2994 3635 3424 3704 Omnipotentem
3459 3640 3554 3693 de-

271 3734 490 3790 cratur,
517 3741 640 3780 cum
669 3724 818 3795 regia
841 3723 1146 3779 sollicitudo
1172 3732 1225 3779 et
1252 3739 1404 3779 sacra
1433 3726 1646 3780 devotio
1676 3734 1862 3780 sancto
1964 3735 2210 3788 precans,
2245 3721 2388 3775 inter
2417 3730 2612 3776 caetera
2646 3724 2724 3778 sic
2760 3725 2836 3777 ait
2873 3743 2884 3776 :
2921 3723 3132 3793 Respice
3162 3726 3230 3778 ad
3261 3728 3549 3782 orationem

272 3817 501 3887 superni
542 3817 686 3885 regis
733 3817 926 3870 timore
971 3815 1130 3870 simul
1178 3823 1232 3870 et
1281 3832 1466 3872 amore
1513 3817 1844 3872 accenditur:

1973 3809 2097 3862 servi
2124 3811 2220 3873 tui,
2249 3819 2296 3862 et
2328 3811 2396 3862 ad
2422 3827 2597 3880 preces
2629 3812 2763 3881 ejus,
2797 3812 3020 3866 Domine
3051 3813 3188 3867 Deus
3217 3832 3392 3880 meus;
3418 3817 3545 3870 audi

271 3921 511 3976 cumque
531 3905 600 3960 de
629 3906 865 3976 gloriosa
894 3907 1147 3960 Ecclesia:
1170 3907 1404 3961 utilitate
1437 3908 1658 3977 provido
1685 3908 1865 3962 consi-
1963 3898 2212 3968 hymnum
2253 3908 2301 3952 et
2336 3902 2623 3954 orationem
2662 3919 2819 3972 quam
2857 3920 3034 3957 servus
3067 3913 3187 3958 tuus
3221 3915 3333 3958 orat
3369 3923 3546 3959 coram

272 3999 351 4054 lio
378 4005 734 4067 procuratur;
766 4005 827 4051 ut
869 4013 1026 4068 quem
1062 3997 1258 4068 regalis
1284 4012 1525 4066 purpura
1561 4006 1862 4067 cactcraque
1962 4000 2012 4043 te
2035 3991 2210 4054 hodie,
2244 4001 2302 4044 ut
2330 3991 2432 4046 sint
2455 3992 2593 4046 oculi
2620 3995 2696 4047 tui
2727 3996 2896 4064 aperti
2923 4012 3080 4065 super
3110 3996 3322 4050 domum
3351 3997 3414 4050 de
3441 4014 3547 4067 qua

271 4091 428 4158 regni
468 4090 699 4158 insignia
736 4090 977 4144 exterius
1016 4091 1410 4154 condecorant,
1459 4091 1705 4145 eumdem
1753 4090 1865 4144 lau-
1962 4083 2146 4136 dixisti
2172 4099 2189 4137 :
2219 4083 2332 4137 Erit
2362 4101 2545 4138 nomen
2573 4102 2744 4140 meum
2768 4087 2838 4140 ibi
2870 4086 2988 4157 (111
3016 4087 3139 4158 Reg.
3169 4104 3287 4150 vin,
3313 4088 3406 4154 28,
3432 4089 3546 4161 29).

269 4178 481 4234 dabilia
507 4187 628 4231 vota
663 4192 789 4248 erga
819 4177 989 4231 Deum
1025 4187 1080 4232 et
1109 4187 1353 4232 sanctam
1389 4179 1683 4235 Ecclesiam
1725 4179 1862 4233 inte-
2035 4173 2190 4228 Unde
2225 4183 2280 4228 et
2313 4173 2677 4230 celeberrimae
2713 4177 2988 4230 memoriae
3027 4193 3254 4246 magnus
3283 4177 3549 4234 Constan-

268 4271 390 4324 rius
425 4277 752 4339 perornent;
798 4269 925 4338 quia
962 4269 1214 4323 nimirum
1256 4269 1323 4324 ad
1359 4270 1670 4340 temporalis
1710 4269 1862 4340 regni
1961 4263 2106 4318 tinus
2133 4265 2442 4332 imperator,
2468 4267 2674 4322 credito
2701 4277 2862 4336 atque
2886 4265 3129 4335 perfecto
3152 4269 3404 4323 salutaris
3426 4286 3548 4325 cru-

268 4359 555 4429 fastigum
597 4367 724 4412 tunc
761 4358 1047 4428 insigniter
1084 4360 1410 4424 ascenditur,
1451 4375 1573 4414 cum
1617 4361 1863 4428 omnipo—
1961 4352 2041 4406 cis
2068 4360 2123 4406 et
2149 4355 2430 4408 catholicae
2461 4354 2583 4408 fidei
2609 4357 2886 4426 mysterio,
2919 4371 3043 4410 cum
3072 4357 3270 4410 laetanti
3300 4356 3415 4425 ejus
3441 4359 3544 4411 im-

269 4450 440 4503 tentis
466 4449 610 4519 regis
634 4448 805 4519 gloria
832 4449 913 4502 vel
942 4449 1114 4503 honor
1148 4449 1238 4518 pio
1265 4451 1442 4504 studio
1477 4459 1857 4520 pertractatur.
1961 4443 2114 4512 perio
2141 4445 2303 4498 etiam
2334 4446 2525 4515 religio
2553 4446 2706 4501 valde
2732 4445 2974 4509 ﬂorebat,
3009 4462 3114 4500 non
3152 4447 3369 4500 sibimet
3394 4461 3546 4501 arro-

267 4537 402 4592 Pius
443 4539 630 4606 itaque
671 4539 923 4608 princeps
954 4539 1148 4593 summi
1188 4540 1465 4595 donatoris
1493 4542 1732 4595 omnium
1769 4535 1892 4596 vo-'
1960 4552 2124 4608 gans,
2151 4538 2352 4608 gratias
2379 4538 2734 4606 omnipotenti
2770 4539 2878 4592 Deo
2911 4537 3197 4602 referebat,
3229 4538 3353 4607 quia
3378 4538 3542 4591 mini-

269 4627 469 4681 luntati
506 4636 565 4680 et
599 4629 802 4682 sanctis
838 4630 1120 4698 praeceptis
1147 4630 1369 4684 obedire
1394 4646 1717 4700 magnopere
1749 4641 1862 4687 stu-
1959 4635 2132 4682 strum
2161 4637 2520 4698 opportunum
2549 4644 2669 4682 eum
2698 4628 2900 4682 habere
2927 4629 3174 4698 dignatus
3205 4627 3380 4682 fuerat
3402 4626 3541 4681 Deus

271 4717 400 4771 deat
417 4710 446 4783 ,'
462 4718 619 4787 cuius
657 4736 890 4790 superna
928 4721 1201 4776 voluntate
1237 4731 1398 4791 atque
1435 4723 1772 4778 ordinatione
1801 4739 1860 4779 se
1959 4721 2042 4775 sui
2063 4721 2292 4775 consilii.
2319 4721 2460 4774 Ecce
2484 4721 2777 4789 imperator
2802 4721 3262 4776 eminentissimus
3281 4719 3400 4788 plus
3421 4734 3544 4788 gra-

271 4808 340 4861 ad
365 4810 580 4864 culmen
605 4812 882 4880 regiminis
905 4813 1215 4868 ascendisse
1239 4829 1347 4867 non
1374 4813 1603 4878 dubitat,
1629 4822 1856 4868 testante
1958 4811 2232 4866 tulabatur
2258 4826 2315 4866 se
2348 4813 2440 4866 Dei
2476 4811 2644 4866 fuisse
2690 4813 2993 4866 ministrum
3014 4853 3028 4875 ,
3071 4827 3230 4880 quam
3270 4819 3544 4864 terrenum

267 4899 529 4968 Apostolo
557 4901 648 4969 qui
680 4903 757 4954 ait
789 4919 803 4956 :
841 4903 962 4956 Non
1002 4915 1078 4958 est
1104 4915 1333 4975 potestas
1361 4905 1462 4959 nisi
1489 4923 1522 4958 a
1563 4905 1705 4969 Deo;
1740 4923 1856 4976 qua:
1881 4929 1935 4990 D
1961 4904 2212 4958 habuisse
2236 4905 2540 4972 imperium.
2566 4903 2703 4959 Hinc
2725 4900 2859 4973 ipse,
2883 4903 3006 4971 quia
3029 4903 3274 4956 minister
3297 4915 3543 4969 supernae

266 4999 444 5042 autem
489 5001 646 5056 sunt,
690 5009 722 5045 a
767 4993 878 5048 Deo
917 4995 1161 5049 ordinata
1208 5006 1331 5050 sunt
1376 4996 1562 5068 (Rom.
1602 5013 1735 5063 xm,
1768 4998 1853 5072 ί).
1962 4999 2257 5053 voluntatis
2299 5000 2507 5064 fuerat,
2548 5015 2578 5052 a
2612 4999 2920 5053 Britannico
2954 4999 3092 5052 mari
3127 5012 3296 5066 usque
3325 4997 3392 5051 ad
3424 4997 3542 5053 loca

266 5082 545 5147 Quantum
573 5099 633 5138 se
667 5085 839 5140 bonus
867 5096 1048 5142 rector
1076 5105 1106 5142 a
1138 5089 1249 5144 Deo
1286 5091 1592 5146 ordinatum
1620 5106 1740 5146 esse
1766 5107 1858 5147 co-
1964 5087 2204 5143 Orientis
2227 5105 2447 5160 regnum
2471 5089 3044 5157 dilatavitpacificum;
3070 5098 3123 5143 et
3147 5089 3399 5157 quoniam
3422 5089 3543 5145 0m-

265 5177 512 5243 gnoscit,
548 5184 757 5230 tantum
785 5179 875 5247 pia
906 5179 1267 5234 sollicitudine
1298 5181 1562 5253 invigilat,
1589 5191 1856 5252 quatenus
1963 5179 2228 5249 nipotenti
2277 5181 2622 5250 semetipsum
2674 5178 3018 5244 subdiderat,
3081 5187 3276 5234 cuncta
3328 5179 3542 5234 hostilia

265 5266 449 5320 omnia
486 5282 673 5322 coram
712 5268 822 5322 Deo
847 5277 904 5323 et
938 5271 1249 5325 hominibus
1277 5272 1568 5327 secundum
1597 5273 1854 5329 trutinam
1961 5269 2122 5334 bella,
2151 5284 2270 5338 quae
2297 5271 2396 5324 sub
2424 5269 2614 5324 eodem
2644 5277 2772 5323 sunt
2796 5276 2965 5337 gesta,
2995 5269 3361 5340 potentialiter
3383 5276 3545 5338 atque

267 5359 613 5414 rectitudinis
650 5359 1026 5417 ordinabiliter
1068 5362 1316 5432 disponat
1349 5373 1508 5432 atque
1542 5373 1850 5433 perpenset.
1964 5361 2194 5416 fideliter
2239 5361 2534 5431 superavit.
2587 5360 2946 5416 Construebat
2997 5370 3055 5417 et
3103 5362 3296 5432 amplis
3349 5363 3542 5431 opibus

264 5449 403 5515 Quid
434 5451 584 5504 enim
620 5461 749 5505 sunt
774 5450 1068 5507 Christiani
1102 5454 1284 5522 populi
1324 5461 1594 5518 rectores,
1625 5455 1728 5509 nisi
1760 5455 1858 5509 mi-
1957 5453 2160 5509 Christi
2211 5454 2433 5508 dotabat
2479 5451 2753 5506 ecclesias.
2807 5451 2944 5508 Hinc
2987 5454 3038 5508 ei
3084 5469 3315 5524 superna
3365 5453 3537 5524 gratia

264 5540 424 5594 nistri
448 5539 886 5610 Omnipotentis?
912 5543 1081 5598 Porro
1107 5543 1328 5599 idoneus
1353 5553 1409 5598 et
1437 5543 1609 5598 fidelis
1630 5546 1857 5614 quisque
1956 5545 2310 5616 triumphales
2340 5545 2608 5599 concessit
2652 5544 2854 5599 habere
2881 5544 3155 5600 victorias.
3189 5544 3323 5610 Quia
3353 5546 3540 5614 procul

260 5640 346 5683 est
374 5631 652 5696 minister,
681 5634 728 5686 si
755 5632 965 5688 sincera
988 5633 1273 5688 devotione
1301 5633 1492 5690 fecerit
1522 5649 1641 5702 quae
1663 5635 1711 5688 ei
1741 5634 1857 5702 jus—
1959 5637 2122 5693 dubio
2149 5635 2300 5690 sacri'
2319 5644 2557 5690 rectores
2585 5641 2792 5704 quanto
2826 5632 2946 5704 plus
2972 5647 3030 5689 se
3059 5635 3192 5706 Regi
3221 5649 3406 5707 regum
3437 5633 3539 5688 bu-

1386 5874 1416 5895 ο
