3982 6198
423 371 527 428 295

1800 352 1973 411 SEDC
1984 352 2069 409 Lll
2106 351 2299 410 SCOTI

3569 354 3684 419 930

427 483 625 537 militer
647 476 959 549 subjiciunt,
987 480 1138 529 tanto
1165 450 1335 542 magis
1360 470 1429 525 ad
1454 468 1700 541 gloriosa
1720 465 2000 538 dignitatis
2028 469 2079 527 Α
2104 464 2250 518 nium
2276 463 2562 519 verborum
2601 463 2726 519 folia
2756 465 3022 535 profluere
3053 468 3289 532 devitet;
3327 478 3524 537 quarto
3552 485 3684 528 cum

426 571 774 633 eminentiam
811 564 1112 622 sublimiter
1151 560 1464 617 ascendunt.
1503 558 1635 626 Quis
1673 565 1854 612 autem
1893 569 2002 609 non

425 667 656 721 miretur
679 669 910 732 quantos
936 659 1170 713 honores
1204 654 1432 710 Domino
1465 650 1724 723 praefatus
1748 648 2003 704 Salomon

426 746 769 827 rependerit,
809 760 1096 823 postquam
1132 748 1283 818 regni
1323 754 1594 816 sceptrum
1635 743 1749 797 Deo
1784 748 2005 795 auctore

426 846 706 918 suscepit?
754 859 917 914 quam
960 839 1357 911 sapientissima
1409 836 1694 892 devotione
1748 831 2005 901 templum

427 941 640 997 Domini
670 934 1037 994 construxerit
1065 942 1225 1003 atque
1251 928 1476 984 mirifice
1500 925 1809 983 ornaverit?
1835 938 2005 994 quan-

430 1045 515 1090 tas
554 1032 784 1101 denique
820 1027 1077 1100 pacificas
1119 1024 1327 1079 hostias
1376 1021 1486 1076 Deo
1532 1018 1821 1075 obtulerit?
1860 1016 2006 1075 .Hinc

428 1124 662 1178 fructum
690 1136 799 1174 sure
823 1116 1126 1172 devotionis
1146 1122 1309 1183 atque
1335 1112 1596 1167 orationis
1624 1107 1886 1179 percepit,
1903 1106 2005 1161 sic-

429 1222 487 1268 ut
517 1224 783 1283 apparens
827 1209 878 1263 ei
927 1206 1185 1261 Dominus
1210 1204 1422 1257 locutus
1451 1209 1533 1255 est
1559 1200 1743 1255 dicens
1771 1212 1785 1250 :
1818 1194 2007 1249 Audivi

427 1305 717 1358 orationem
753 1311 899 1353 tuam
930 1307 977 1351 et
1003 1296 1414 1366 deprecationem
1442 1306 1599 1361 quant
1624 1289 1928 1358 deprecatus
1954 1302 2007 1339 es

428 1411 602 1450 coram
634 1409 748 1457 me;
775 1389 1096 1457 sagtctiﬁcaci
1126 1377 1337 1439 domum
1365 1384 1500 1435 hanc
1529 1396 1684 1444 quam
1712 1378 2006 1446 tcdiﬁcasti,

427 1497 484 1541 ut
508 1501 750 1557 ponerem
778 1494 961 1536 nomen
981 1494 1150 1532 meum
1178 1476 1249 1529 ibi
1271 1476 1325 1529 in
1354 1473 1753 1542 sempiternum;
1781 1479 1827 1522 et
1855 1477 2009 1522 erant

428 1576 566 1629 oculi
601 1576 700 1627 mei
742 1582 790 1626 et
837 1586 927 1624 eor
969 1584 1138 1621 meum
1183 1566 1254 1619 ibi
1292 1564 1490 1617 cunctis
1524 1562 1724 1615 diebus.
1773 1559 1850 1613 Tu
1877 1574 2009 1631 quo-

426 1682 524 1736 que
545 1706 559 1730 ,
586 1665 630 1719 si
657 1660 1002 1717 ambulaveris
1037 1673 1215 1711 coram
1247 1672 1359 1719 me,
1390 1655 1522 1707 sicut
1556 1651 1836 1705 ambulauit
1865 1659 2014 1721 pater

427 1766 548 1809 tuus
588 1755 643 1806 in
682 1750 1012 1820 simplicitate
1051 1747 1223 1801 cordis
1255 1754 1303 1797 et
1339 1745 1394 1797 in
1430 1743 1700 1814 quitam,
1742 1753 1791 1795 et
1827 1741 2012 1811 feceris

2105 554 2460 623 gloriosorum
2499 554 2803 625 principum
2840 556 3180 626 prudentiam
3211 558 3374 612 simul
3400 567 3456 613 et
3481 560 3645 616 verba
3666 601 3685 627 ,

2105 659 2207 698 nec
2234 661 2340 699 non
2368 644 2563 700 divina:
2597 643 2891 715 Scriptura
2918 647 3130 716 eloquia
3168 662 3333 717 super
3366 649 3471 704 mel
3509 659 3565 705 et
3596 648 3687 705 fa-

2105 750 2231 789 vum
2278 737 2474 793 mentis
2517 736 2764 793 faucibus
2801 739 3081 809 sapilicet;
3123 742 3312 811 quinto
3340 758 3462 797 cum
3501 744 3692 813 perni-

2106 824 2266 879 ciosae
2289 826 2514 882 actibuis
2538 843 2695 883 omne
2718 829 2951 884 dedecus
2980 842 3296 901 perpetrare
3319 847 3643 904 expavescat
3668 852 3685 899 ;

2107 922 2260 969 sexto
2283 930 2409 970 vero
2437 932 2557 971 cum
2599 918 2642 973 si
2672 934 2776 988 qua
2821 929 2947 974 sunt
2970 920 3289 989 laudabilia,
3331 921 3375 978 si
3415 940 3521 993 qua
3559 936 3693 981 sunt

2106 1003 2353 1075 gloriosae
2383 1007 2751 1078 dispositionis
2782 1025 2947 1079 opera
2975 1012 3257 1083 magniﬁca
3285 1014 3571 1086 insigniter
3592 1031 3692 1069 os-
3756 1032 3759 1035 ·

2108 1095 2313 1160 tendat,
2330 1105 2389 1151 ut
2408 1099 2499 1167 qui
2522 1099 2750 1154 interius
2772 1114 2957 1155 coram
2978 1101 3206 1158 Domino
3228 1104 3417 1159 devota
3441 1104 3694 1174 fulgescit

2106 1184 2407 1259 voluntate,
2442 1188 2682 1244 exterius
2714 1204 2898 1244 coram
2927 1190 3125 1262 pepulo
3154 1208 3402 1248 sermone
3430 1193 3700 1251 claresc.:t

2108 1282 2163 1329 et
2196 1290 2379 1344 opere.
2432 1276 2601 1343 Quem
2644 1280 2799 1334 decet
2836 1282 3034 1335 trinam
3085 1282 3374 1339 observare
3417 1286 3692 1356 regulam,

2112 1376 2374 1424 terrorem
2394 1370 2600 1425 scilicet
2621 1383 2675 1425 et
2696 1373 3087 1430 ordinationem
3113 1385 3274 1447 atque
3294 1393 3552 1433 amorem.
3577 1378 3696 1433 Nisi

2110 1459 2255 1512 enim
2277 1470 2488 1515 ametur
2509 1464 2713 1532 pariter
2733 1474 2789 1519 et
2808 1475 3100 1533 metuatur,
3119 1470 3384 1524 ordinatio
3402 1470 3540 1526 illius
3563 1488 3700 1527 con-

2113 1557 2260 1603 stare
2283 1551 2503 1606 minime
2516 1554 2734 1621 poterit.
2751 1554 2891 1626 Ergo
2909 1571 3009 1626 per
3028 1557 3395 1614 all'abilitatem
3424 1567 3477 1615 et
3498 1562 3700 1616 benefi-

2114 1643 2198 1696 cia
2225 1652 2479 1711 procuret
2504 1652 2562 1699 ut
2587 1645 2859 1713 diligatur,
2893 1656 2949 1702 et
2985 1651 3268 1720 perjustas
3296 1652 3560 1708 vindictas
3590 1671 3701 1709 non

2115 1735 2347 1804 propria:
2379 1735 2620 1791 victoriae
2642 1738 2735 1792 sed
2755 1738 2858 1809 legi
2884 1739 2978 1793 Dei
3009 1741 3224 1796 studeat
3250 1753 3311 1796 ut
3330 1752 3620 1798 metuatur.

427 1846 604 1900 omnia
644 1860 761 1913 qum
795 1858 888 1912 pra
907 1840 1015 1909 cepi
1057 1838 1180 1900 tibi,
1219 1847 1267 1889 et
1303 1835 1534 1904 legitima
1574 1850 1688 1886 mea
1729 1841 1775 1886 et
1818 1831 2013 1897 iudicia
2043 1837 2090 1895 Β
2194 1827 2346 1882 Hunc
2366 1843 2496 1899 ergo
2516 1840 2862 1899 oportetesse
2878 1832 3201 1889 humilemin
3224 1835 3335 1889 suis
3350 1837 3705 1899 oculis,sic:zt

427 1952 541 1989 mea
571 1934 875 1997 servaveris,
907 1946 1098 2001 ponam
1127 1930 1369 1981 thronum
1396 1925 1539 1996 regni
1564 1924 1641 1977 tui
1667 1938 1822 1994 super
1844 1921 2013 1976 Israel

428 2026 483 2079 in
513 2023 903 2093 sempiternum,
927 2021 1061 2073 sicut
1090 2017 1297 2071 locutus
1322 2033 1437 2070 sum
1466 2014 1634 2068 David
1657 2014 1796 2083 patri
1821 2022 1911 2066 tuo
1933 2010 2016 2065 di-

428 2130 548 2167 cens
580 2131 597 2166 :
626 2111 749 2165 Non
780 2110 1051 2181 auferetur
1076 2107 1142 2161 de
1164 2123 1349 2178 genere
1378 2116 1465 2158 tuo
1495 2105 1577 2158 vir
1601 2104 1666 2158 de
1687 2103 1818 2158 solio
1848 2102 2015 2157 Israel

428 2200 559 2275 (III
596 2202 726 2272 Reg.
768 2218 855 2266 ιχ,
887 2199 1041 2270 3-5).
1074 2199 1260 2268 Itaque
1295 2198 1340 2253 si
1376 2196 1463 2251 ille
1506 2212 1602 2251 rex
1634 2193 1886 2250 Salomon
1920 2210 2015 2264 pro

429 2307 585 2347 sacra
616 2292 899 2346 devotione
934 2305 1140 2361 proque
1175 2288 1539 2343 construenda
1575 2287 1735 2342 domo
1770 2287 2014 2340 terrestri

430 2383 665 2449 Domini,
698 2390 903 2437 tantam
934 2381 1386 2436 remunerationis
1415 2379 1639 2450 gloriam
1668 2377 1869 2433 habere
1894 2393 2019 2448 pro-

431 2480 651 2545 meruit,
676 2495 836 2549 quam
866 2477 1296 2534 inaestimabilem
1322 2478 1543 2532 habebit
1569 2478 1755 2548 gloria:
1785 2476 2017 2547 palmam

431 2572 478 2626 si
503 2571 625 2642 quis
652 2572 763 2626 Deo
785 2571 1034 2625 amabilis
1063 2579 1242 2624 rector
1256 2578 1496 2623 sanctam
1521 2567 1896 2639 perornavcrit
1917 2567 2018 2622 Ec-

430 2662 680 2727 clesiam,
712 2677 832 2732 qua:
859 2668 942 2717 est
978 2660 1075 2715 Dei
1112 2660 1217 2714 vivi
1256 2659 1535 2730 spirituale
1577 2657 2019 2713 tabernaculum?

434 2749 544 2806 Sed
576 2752 691 2806 haec
718 2764 840 2819 quae
872 2750 1111 2805 breviter
1143 2748 1281 2819 stylo
1307 2746 1509 2819 prosali
1535 2746 1804 2811 diximus,
1837 2742 2016 2815 aliqua

432 2856 689 2897 versuum
719 2840 1001 2895 dulcedine
1027 2839 1431 2894 concludamus.

502 2932 757 3001 Quisquis
784 2931 1017 3001 llorigeri
1053 2940 1322 2999 sceptrum
1353 2928 1457 2983 fert
1487 2927 1663 2983 nobile
1691 2928 1873 2999 regni,

575 3022 817 3077 Primum
844 3021 1186 3077 Celsithrono
1216 3030 1339 3076 vota
1367 3036 1665 3090 precesque
1688 3018 1847 3075 ferat.

501 3113 559 3167 ln
586 3113 739 3182 cujus
766 3104 919 3166 sacro
950 3121 1077 3166 sunt
1104 3111 1285 3165 omnia
1312 3111 1531 3164 numine
1559 3119 1768 3180 sceptra
1787 3150 1801 3174 ,

579 3202 645 3255 Et
664 3217 769 3271 pax
799 3202 1090 3264 nobilium,
1118 3201 1231 3254 vita
1256 3199 1509 3268 salusque
1533 3199 1748 3253 ducum.

506 3295 639 3349 Nam
670 3294 848 3365 regale
877 3294 1041 3348 decus
1072 3294 1289 3347 radians
1311 3291 1663 3359 diademaque
1688 3291 1841 3361 regni

577 3387 671 3441 Est
703 3388 863 3440 timor
885 3384 1161 3439 altithroni
1192 3392 1413 3438 sanctus
1435 3396 1696 3452 amorque
1721 3381 1837 3436 Dei.

507 3479 641 3533 Lilia
669 3477 975 3549 llorigcrum
1007 3486 1229 3531 comunt
1259 3491 1358 3531 ceu
1387 3475 1557 3529 lactea
1580 3490 1828 3544 campum
1849 3514 1864 3538 ,

583 3569 652 3626 Ut
683 3586 805 3624 rosa
836 3568 1048 3639 punicei
1077 3567 1374 3623 schematis
1402 3582 1498 3621 ore
1528 3567 1716 3630 rubet,
1778 3587 1783 3591 ο

508 3661 600 3718 Sic
618 3660 799 3732 justus
826 3668 1008 3715 rector
1033 3660 1292 3714 virtutum
1322 3657 1455 3713 flore
1474 3657 1724 3721 virescit,

579 3753 858 3808 Germinet
885 3759 949 3807 ut
976 3751 1186 3806 fructus
1219 3750 1418 3804 mentis
1442 3748 1496 3802 in
1521 3764 1647 3803 arce
1676 3762 1878 3803 sacros.

506 3844 738 3900 Pulchra
769 3844 1114 3901 Salomonem
1143 3841 1421 3897 decoravit
1445 3855 1683 3910 purpura
1713 3852 1913 3909 regem,

577 3937 690 3993 Nec
714 3952 822 3992 non
846 3937 1072 3992 Davidis
1107 3934 1310 4003 fulgida
1337 3941 1553 4002 sceptra
1582 3933 1787 4002 patris,

511 4027 621 4083 Sed
651 4028 826 4097 magis
850 4027 1080 4080 interius
1107 4026 1343 4095 prudens
1370 4024 1584 4079 devotio
1607 4024 1787 4078 cordis

586 4116 811 4172 Ornavit
830 4113 1084 4180 juvenem
1113 4113 1463 4183 gloriﬁcando
1490 4113 1679 4167 Deum.

510 4209 692 4263 lnstar
717 4205 927 4260 luciferi
954 4205 1127 4259 niteat
1156 4219 1241 4258 res
1271 4203 1484 4273 publica
1511 4203 1703 4267 vestri,

583 4297 899 4366 Exortuque
921 4310 1060 4351 novo
1094 4293 1372 4365 splendida
1402 4302 1526 4349 vota
1548 4301 1722 4363 gerat.

626 4434 635 4439 _
932 4422 941 4428 -
1113 4383 1265 4441 CAP.
1304 4383 1367 4438 ll.

511 4482 613 4550 Qui
644 4480 854 4551 apicem
897 4479 1060 4550 regite
1102 4477 1414 4548 dignitatis,
1455 4477 1684 4533 Domino
1716 4486 2025 4547 praestante,

442 4575 772 4638 ascenderit,
793 4580 1008 4641 oportet
1032 4572 1097 4625 ut'
1118 4585 1176 4625 se
1201 4570 1375 4640 ipsum
1401 4570 1636 4641 primum
1666 4580 1835 4642 regat,
1865 4586 2027 4640 quem

443 4665 626 4721 divina
655 4663 935 4731 dispositio
963 4661 1096 4716 alios
1134 4675 1320 4731 regere
1342 4661 1630 4716 ordinavit.
1669 4661 1780 4717 Rex
1817 4662 1960 4716 enim
1996 4678 2027 4715 a

443 4757 680 4829 regendo
710 4762 953 4810 vocatur.
1004 4752 1157 4808 Tunc
1184 4760 1365 4807 autem
1404 4752 1509 4807 hoc
1548 4753 1764 4808 nomine
1789 4768 1850 4808 se
1873 4767 2029 4807 vera-

442 4846 584 4901 citer
602 4843 863 4916 appellari
893 4841 1175 4911 intelligat,
1201 4841 1293 4910 qui
1319 4849 1492 4896 semet
1512 4840 1909 4897 rationabiliter
1935 4857 2031 4912 gu-

444 4936 675 4991 bernare
703 4949 812 4989 non
834 4933 1067 5003 ignorat.
1097 4930 1213 4986 Rex
1234 4931 1415 4999 itaque
1437 4930 1769 4986 orthodoxus
1792 4944 2028 4987 summo-

445 5042 578 5097 pere
607 5026 843 5090 studeat,
872 5031 933 5078 ut
954 5023 1048 5093 qui
1076 5023 1307 5078 subditis
1331 5022 1469 5077 bene
1493 5023 1828 5091 concupiscit
1859 5022 2027 5092 impe-

448 5134 594 5183 rare,
616 5118 955 5186 aliorumque
975 5123 1156 5170 errata
1181 5114 1415 5184 disponit
1433 5114 1725 5185 corrigere,
1753 5114 1866 5184 ipse
1886 5114 2026 5169 mala

447 5223 556 5263 non
582 5207 860 5271 admittat,
898 5220 1018 5275 qua:
1059 5207 1248 5260 stricte
1292 5204 1467 5258 malus
1508 5204 1761 5274 corrigit,
1789 5211 1845 5258 et
1883 5205 2027 5260 bona

444 5312 566 5367 quae
594 5296 855 5365 imperat,
901 5303 1029 5351 ante
1055 5310 1245 5351 omnes
1294 5294 1517 5364 implere
1565 5295 1877 5350 contendat.
1919 5294 2027 5350 Sex

446 5398 627 5444 autem
656 5386 832 5443 modis
875 5386 1049 5441 bonus
1085 5396 1266 5442 rector
1303 5400 1421 5441 sese
1467 5383 1810 5439 laudabiliter
1849 5386 2024 5457 regit:

446 5480 623 5546 primo
645 5476 860 5547 quidem
894 5475 1022 5529 dum
1054 5475 1270 5531 illicitas
1300 5474 1656 5547 cogitationes
1682 5476 1848 5529 animi
1877 5491 2029 5532 seve—

449 5568 611 5622 ritate
642 5567 920 5637 reprimit;
951 5566 1188 5621 sccundo
1216 5566 1342 5620 dum
1388 5565 1625 5621 salubria
1663 5565 1889 5621 consilia
1917 5574 2027 5620 tam
2054 5588 2069 5607 κ

451 5660 518 5715 ad
547 5674 696 5714 suam
720 5674 884 5728 quam
914 5659 983 5713 ad
1011 5658 1192 5727 populi
1222 5658 1509 5713 utilitatem
1549 5659 1875 5729 pertinentia
1907 5673 2029 5730 per-

452 5758 685 5814 tractat,
716 5750 876 5805 tertio
914 5764 1039 5805 cum
1079 5749 1254 5804 otiosa
1280 5756 1336 5803 et
1364 5749 1576 5805 inutilia
1607 5766 1699 5806 seu
1728 5751 1885 5807 noxia
1912 5753 2024 5810 ina.-

2115 1917 2373 1986 scriptum
2402 1927 2515 1972 est:
2545 1920 2816 1975 Rectorem
2846 1931 2893 1976 te
2914 1934 3220 1992 posuerant,
3247 1925 3354 1979 noli
3380 1928 3581 1993 extolli,
3606 1931 3705 1984 sed

2112 2017 2220 2061 esto
2263 2008 2318 2061 in
2348 2007 2455 2062 illis
2479 2010 2631 2080 quasi
2659 2027 2793 2064 unus
2812 2028 2877 2066 ea:
2896 2013 3022 2083 ipsis
3050 2012 3239 2083 (Eccli.
3263 2031 3432 2081 xxxn,
3463 2015 3537 2089 1).
3588 2018 3707 2075 Nec

2114 2096 2286 2151 solum
2322 2095 2468 2166 juste
2496 2099 2839 2166 hominibus,
2870 2102 2964 2156 sed
3005 2104 3088 2158 sui
3123 2105 3366 2173 corporis
3410 2115 3463 2162 et
3504 2108 3705 2164 animle

2113 2190 2379 2246 dominari
2419 2195 2791 2263 passionibus,
2838 2206 3106 2266 quatenus
3145 2208 3329 2254 rector
3367 2200 3492 2270 jure
3536 2212 3705 2272 queat

2116 2284 2435 2352 nuncupari,
2468 2285 2608 2339 sicut
2635 2286 2855 2355 quidam
2891 2288 3108 2357 sapiens
3141 2290 3255 2343 ait:
3291 2289 3402 2345 Rex
3432 2293 3568 2357 erit,
3607 2294 3703 2362 qui

2118 2381 2266 2428 recte
2289 2372 2449 2429 faciet
2474 2392 2488 2440 ;
2530 2377 2623 2444 qui
2652 2392 2758 2431 non
2789 2375 2983 2445 faciet,
3010 2388 3117 2434 non
3144 2381 3268 2435 erit.
3299 2380 3383 2436 Sit
3419 2396 3552 2453 ergo
3577 2399 3718 2438 con-

2116 2463 2238 2517 silio
2266 2466 2718 2534 prudentissimus
2741 2468 2795 2522 in
2823 2484 3073 2525 sermone
3092 2511 3107 2536 ,
3135 2486 3281 2527 nunc
3306 2480 3365 2527 ut
3389 2474 3560 2543 possit
3586 2483 3704 2528 ter-

2120 2556 2321 2622 ribilis;
2356 2558 2551 2626 smpius
2580 2573 2709 2614 vero
2736 2561 2910 2630 gratia
2937 2560 3235 2618 dulcedinis
3255 2562 3502 2630 affabilis,
3525 2565 3707 2621 victor

2118 2646 2375 2713 libidinis,
2401 2650 2665 2719 superbia:
2692 2659 2852 2719 atque
2874 2665 3090 2707 vesanae
3129 2652 3458 2720 ferocitatis,
3495 2656 3704 2712 amicus

2119 2735 2388 2793 bonorum
2411 2747 2466 2794 et
2501 2741 2750 2796 inimicus
2775 2751 3149 2813 tyrannorum,
3192 2745 3361 2800 hostis
3389 2747 3698 2816 criminum,

2120 2827 2292 2883 hostis
2311 2828 2567 2884 vitiorum
2588 2870 2602 2895 ,
2634 2832 2687 2884 in
2733 2831 2877 2888 bello
2905 2832 3276 2898 cautissimus,
3315 2836 3369 2890 in
3396 2851 3530 2906 pace
3565 2853 3701 2894 con-

2120 2922 2507 2989 stantissimus,
2523 2923 2770 2980 ﬁdelibus
2793 2927 3241 2994 promissionibus
3264 2930 3700 2998 probatissimos,

2123 3011 2307 3069 divina
2343 3014 2594 3071 humanis
2628 3032 2978 3086 praeponens,
3031 3017 3303 3088 subjectos
3349 3021 3626 3077 deterrens
3669 3040 3703 3078 a

2122 3102 2285 3169 malo,
2318 3103 2556 3159 invitans
2603 3105 2671 3160 ad
2713 3105 2874 3170 bona,
2912 3120 3265 3165 remunerans
3301 3112 3489 3181 copia,
3526 3112 3706 3167 indul-

2045 3188 2091 3250 C
2123 3193 2303 3263 gentia
2336 3192 2573 3250 liberans
2594 3235 2610 3260 ,
2643 3209 2711 3250 ex
2756 3197 2914 3253 malis
2951 3198 3153 3267 bonos,
3184 3214 3252 3255 ex
3300 3203 3457 3258 bonis
3500 3203 3707 3260 faciens

2121 3285 2372 3354 optimos.
2407 3285 2491 3340 Sit
2509 3297 2731 3344 sanctus
2758 3297 2814 3343 et
2836 3289 2984 3346 utilis
3012 3292 3090 3346 rei
3126 3292 3356 3363 publica:
3373 3333 3390 3360 ,
3414 3294 3705 3353 clementia

2123 3378 2586 3443 commendabilis,
2618 3379 2673 3433 in
2701 3379 2944 3436 bonitate
2970 3384 3315 3453 conspicuus,
3345 3387 3563 3455 pietate,
3590 3386 3707 3443 for-

2125 3466 2378 3535 titudine,
2409 3470 2676 3535 castitate,
2703 3470 2916 3541 jnstitia
2946 3474 3257 3543 praeclarus,
3287 3478 3372 3532 vir
3395 3480 3631 3550 optimus
3652 3490 3709 3535 et

2124 3559 2276 3629 apice
2315 3563 2599 3632 principali
2645 3564 3016 3635 dignissimus,
3058 3566 3154 3624 Dei
3192 3570 3441 3625 timorem
3486 3586 3706 3643 semper

2123 3664 2237 3719 prae
2258 3651 2432 3707 oculis
2459 3654 2699 3720 habens,
2748 3664 2804 3711 et
2851 3658 3146 3714 secundum
3179 3659 3575 3731 Omnipotentis
3609 3662 3708 3719 de-

2124 3751 2297 3807 creta,
2323 3742 2472 3812 justa
2496 3761 2830 3815 perpensans
2850 3750 3072 3820 judicia,
3108 3754 3202 3822 qui
3231 3755 3323 3808 dat
3351 3754 3577 3811 salutem
3613 3771 3705 3811 re-

2126 3833 2303 3904 gibus,
2334 3844 2389 3889 et
2425 3839 2606 3892 omnia
2632 3855 2967 3910 quaecunque
2995 3844 3109 3898 vult
3137 3844 3266 3900 facit
3303 3846 3359 3901 in
3400 3847 3538 3903 cmlo
3566 3856 3623 3901 et
3653 3850 3708 3903 in

2125 3932 2273 3980 terra
2299 3934 2353 3982 et
2394 3929 2450 3982 in
2486 3930 2633 3984 omni
2673 3939 2951 3998 creatura;
2996 3936 3124 4004 quia
3162 3936 3279 4006 ipse
3314 3944 3399 3992 est
3446 3936 3713 3994 Dominus

2127 4018 2367 4072 omnium
2377 4057 2391 4083 ,
2406 4018 2490 4072 cui
2509 4035 2661 4073 omne
2676 4036 2809 4090 genu
2824 4020 3365 4089 ﬂectitur-caelestium,
3382 4028 3710 4080 terrestrium

2127 4114 2176 4162 et
2202 4106 2525 4176 infernarum
2554 4109 2774 4181 (Philip.
2806 4128 2868 4177 ιι,
2900 4113 3024 4185 10),
3059 4114 3111 4168 in
3139 4113 3292 4183 cujus
3331 4130 3496 4170 manu
3531 4118 3712 4174 omnis

2126 4206 2364 4266 potestas
2392 4199 2446 4253 in
2474 4200 2614 4256 coelo
2649 4210 2704 4258 et
2737 4204 2791 4257 in
2821 4213 2995 4269 terra,
3038 4206 3128 4276 qui
3160 4216 3243 4261 est
3277 4222 3372 4263 rex
3399 4223 3592 4282 regum
3611 4250 3627 4275 ,
3655 4218 3715 4268 et

2129 4303 2253 4358 spes
2282 4289 2464 4359 gloriae
2482 4290 2630 4360 juste
2657 4301 2712 4349 et
2741 4295 2829 4364 pie
2853 4295 3266 4352 dominantium.

2200 4379 2300 4448 Qui
2334 4384 2472 4453 regit
2496 4383 2723 4442 allectus
2746 4389 2933 4453 animi,
2964 4404 3059 4444 rex
3088 4389 3208 4460 jure
3232 4400 3493 4459 vocatur,

2273 4475 2341 4528 Et
2369 4475 2540 4531 ﬂuxas
2568 4479 2749 4533 carnis
2775 4481 2867 4550 qui
2890 4481 3072 4536 domat
3100 4483 3402 4539 illecebras.

2202 4563 2459 4632 Quamvis
2484 4568 2577 4636 qui
2603 4568 2807 4624 fulvum
2834 4582 3054 4641 superat
3080 4574 3280 4629 virtute
3306 4574 3515 4630 leonem

2275 4658 2390 4713 Rex
2423 4667 2600 4714 teneat
2621 4660 2826 4715 clarum
2856 4662 3030 4719 laudis
3048 4666 3255 4721 honore
3278 4666 3487 4732 locum;

2205 4749 2310 4806 Sed
2340 4751 2459 4821 plus
2483 4759 2567 4807 est
2598 4752 2813 4808 laudum
2841 4755 3012 4810 fastos
3039 4756 3252 4813 calcare
3277 4756 3572 4828 superbos,

2278 4841 2418 4895 Iram
2447 4856 2543 4896 ceu
2576 4842 2819 4896 rabidam
2844 4844 3130 4900 mitiﬁcare
3158 4843 3350 4901 feram.

2203 4933 2425 5004 Magnus
2452 4941 2506 4989 et
2538 4933 2630 4989 ille
2660 4934 2792 4990 eluit
2818 4950 2991 4990 saevos
3018 4936 3111 5006 qui
3143 4938 3354 4993 triverit
3382 4939 3601 5005 hostes,

2268 5026 2530 5098 Lauriger
2554 5041 2619 5081 ac
2638 5027 2815 5082 victor
2836 5026 2981 5083 clara
3009 5035 3207 5097 tropaea
3232 5026 3419 5084 refert.

2198 5115 2383 5171 Gloria
2410 5116 2507 5171 sed
2534 5116 2711 5185 major
2729 5126 3004 5188 comptum
3035 5119 3348 5175 coelestibus
3375 5121 3541 5177 armis

2269 5208 2462 5265 Hostes
2496 5224 2688 5265 aereos
2714 5212 2934 5264 vincere
2954 5224 3114 5279 posse
3141 5210 3354 5265 ducem.

2198 5299 2300 5355 Est
2333 5301 2505 5371 magis
2532 5301 2817 5370 imperium
2845 5307 3080 5354 mentem
3106 5297 3321 5356 frenare
3343 5314 3440 5371 per
3464 5309 3642 5356 artem
3659 5343 3676 5369 ,

2273 5391 2443 5457 Quam
2473 5392 2517 5446 si
2551 5393 2674 5460 quis
2698 5392 2895 5445 habeat
2924 5390 3149 5460 triplicis
3172 5392 3321 5447 orbis
3343 5407 3490 5461 opes.

2201 5482 2335 5538 Nam
2366 5482 2623 5551 templum
2652 5482 2864 5537 Domini
2888 5482 3021 5553 justi
3048 5496 3203 5537 mens
3232 5483 3379 5554 regia
3412 5482 3614 5555 fulget,

2271 5578 2361 5632 Fit
2388 5581 2617 5633 thronus
2648 5578 2845 5633 excelsi
2869 5578 3069 5646 judicis
3092 5579 3207 5648 ipsa
3235 5577 3348 5632 Dei.

2201 5668 2447 5722 Comitur
2477 5667 2563 5721 illa
2590 5668 2781 5721 domus
2805 5666 2943 5722 ﬂavo
2968 5667 3263 5736 speciosior
3285 5681 3449 5732 auro,

2279 5754 2509 5811 Justitite
2533 5757 2697 5812 solem
2734 5757 2933 5826 gaudet
2962 5757 3163 5813 habere
3193 5772 3373 5812 suum.

2480 5976 2505 5994 ﬁ
