3982 6198
260 362 388 424 297

941 446 1090 506 CAP.
1127 447 1212 502 lll.

342 542 602 612 Regnum
622 537 787 610 hujus
811 539 991 594 saeculi
1011 548 1445 596 momentaneum
1465 539 1715 597 volubilis
1736 549 1868 595 rotat

276 631 530 702 vertigini
557 631 834 700 sapientes
858 645 978 685 esse
1008 631 1287 686 consimile
1307 630 1705 704 iudicaverunt.
1730 631 1868 686 Nam

278 725 420 778 sicut
439 721 624 778 omnis
645 727 781 777 rotae
800 721 1030 792 vertigo,
1059 737 1181 791 quae
1208 723 1486 793 superiora
1516 723 1681 779 habet
1706 723 1871 778 modo

281 814 488 884 dejicit,
515 821 573 867 et
602 827 725 882 qua:
751 812 962 887 deiecta
987 821 1114 878 sunt
1147 814 1308 878 modo
1337 813 1586 884 superius
1627 814 1867 879 extollit,

283 906 360 959 ita
391 906 574 959 subito
605 905 932 970 erectiones,
971 903 1151 968 subito
1177 904 1433 966 elisioncs
1461 906 1734 962 terrestris
1758 905 1870 974 glo-

284 996 365 1049 ria
393 994 550 1065 regni
576 995 840 1059 sustinet;
880 993 1021 1048 unde
1047 1006 1149 1048 nec
1178 1009 1363 1059 veros,
1395 996 1487 1050 sed
1527 995 1872 1066 imaginarios

281 1094 338 1142 et
366 1086 532 1141 citius
558 1083 814 1154 fugitivos
844 1083 1079 1139 honores
1117 1083 1300 1138 habet.
1341 1084 1471 1139 Illud
1511 1084 1656 1139 enim
1680 1098 1870 1139 verum

282 1190 517 1244 regnum
555 1182 675 1239 est,
714 1175 856 1244 quod
899 1174 955 1228 in
999 1173 1385 1242 sempiternum
1428 1175 1717 1244 perdurat;
1769 1174 1873 1229 hoc

283 1276 470 1322 autem
498 1266 644 1336 quod
670 1265 1038 1320 transitorium
1068 1272 1150 1320 est
1183 1273 1241 1319 et
1279 1266 1560 1331 caducum,
1589 1280 1697 1320 non
1725 1265 1872 1320 veri-

285 1365 475 1419 tatem,
505 1356 605 1411 sed
625 1356 913 1430 quamdam
946 1355 1290 1411 mediocriter
1319 1355 1725 1410 similitudinem
1756 1355 1871 1410 veri

285 1454 344 1500 et
381 1445 756 1515 permanentis
803 1457 1014 1514 semper
1054 1443 1205 1514 regni
1252 1445 1506 1499 ostendit.
1547 1443 1701 1498 Sicut
1728 1444 1872 1498 enim

284 1550 453 1590 arcus
475 1533 603 1588 εαξιί
624 1532 802 1587 varios
825 1533 1052 1604 pingens
1074 1540 1299 1595 ornatus
1324 1541 1543 1600 arcuato
1563 1533 1874 1600 curvamine

282 1624 545 1679 celeriter
573 1622 791 1700 refugit,
820 1623 893 1681 ita
925 1622 1176 1686 nimirum
1203 1622 1478 1686 smcularis
1501 1624 1682 1694 gloria:
1703 1624 1875 1692 dignis

285 1722 396 1777 tas,
425 1713 676 1782 quamvis
706 1712 772 1766 ad
814 1726 1052 1781 prmsens
1085 1721 1312 1778 ornata,
1361 1721 1540 1767 tamen
1586 1721 1670 1768 est
1713 1714 1872 1768 citius

291 1781 545 1874 fugitiva.
581 1801 700 1868 Qua
727 1802 907 1871 itaque
939 1809 1056 1856 arte
1081 1809 1138 1855 et
1164 1801 1311 1870 quali
1355 1801 1615 1858 industria
1647 1814 1875 1874 quanla-
1901 1781 1950 1851 Β

289 1913 398 1966 que
425 1897 791 1952 sollicitudine
817 1896 933 1952 haec
960 1895 1286 1952 instabilitas
1315 1895 1381 1949 ad
1409 1895 1642 1966 aliquam
1670 1896 1875 1951 stabili-

290 1989 422 2046 tatis
449 1987 679 2058 eﬂigiem
715 1985 1062 2042 refrenatur?
1104 1986 1268 2042 Forte
1308 2001 1439 2042 vero
1481 1998 1572 2048 aut
1603 2002 1877 2056 armorum

288 2078 530 2134 violenta
555 2077 894 2143 fortitudine,
923 2085 1018 2132 aut
1043 2076 1267 2148 paciﬁca
1312 2077 1723 2147 tranquillitatis
1751 2094 1878 2134 con-

288 2170 476 2226 cordia
507 2177 770 2224 terrestre
811 2184 1033 2240 regnum
1075 2167 1439 2238 stabilitatur?
1468 2168 1574 2225 Sed
1613 2185 1800 2226 rursus
1825 2170 1877 2224 in

291 2259 426 2330 ipsis
455 2261 626 2314 armis
658 2259 1030 2331 bellorumque
1061 2257 1366 2330 fragoribus
1406 2258 1626 2330 grandis
1661 2259 1882 2314 instabi-

293 2347 419 2402 litas
441 2348 622 2402 inesse
650 2347 910 2410 cernitur.
937 2348 1077 2418 Quid
1104 2349 1249 2409 enim
1287 2348 1547 2404 incertius
1575 2356 1658 2404 est
1680 2349 1880 2420 magis-

293 2455 398 2510 que
425 2439 682 2493 instabile
707 2439 917 2494 bellicis
944 2439 1247 2504 eventibus,
1274 2439 1366 2494 ubi
1398 2438 1574 2493 nullus
1596 2449 1676 2494 est
1702 2448 1882 2494 certus

292 2528 556 2585 laboriosi
585 2529 899 2583 certaminis
931 2529 1129 2592 exitus,
1167 2527 1312 2583 nulla
1347 2537 1495 2583 certa
1536 2529 1800 2597 victoria,
1828 2541 1885 2584 et

294 2634 438 2687 saepe
458 2621 528 2674 ab
553 2619 905 2675 inferioribus
927 2619 1269 2675 sublimiores
1285 2628 1625 2689 superantur,
1643 2635 1884 2678 nonnun-

293 2721 457 2774 quam
507 2721 640 2762 vero
684 2707 738 2762 in
786 2708 1076 2764 alterutros
1121 2709 1401 2778 vergentia
1443 2708 1582 2775 mala
1629 2711 1883 2780 eveniunt

296 2795 632 2864 cozequalia;
668 2803 726 2852 et
768 2797 861 2867 qui
901 2811 959 2851 se
999 2798 1403 2866 prmsumebant
1443 2799 1723 2867 habituros
1763 2816 1882 2869 esse

298 2886 606 2952 victoriam,
639 2887 853 2956 utrique
879 2886 935 2940 in
963 2887 1071 2952 ﬁne
1094 2901 1201 2954 non
1233 2888 1436 2949 habent
1471 2889 1574 2944 nisi
1606 2888 1884 2945 calamito-

297 2990 416 3029 sam
447 2976 747 3030 miseriam.
799 2976 1008 3052 Quanta
1051 2991 1270 3046 quoque
1309 2977 1451 3031 mala
1498 2979 1598 3033 sub
1635 2978 1761 3034 ﬁcto
1787 2993 1884 3048 no-

302 3069 448 3121 mine
478 3067 631 3136 pacis
654 3067 996 3136 provcniunt,
1037 3067 1158 3136 quis
1186 3067 1460 3137 explicare
1500 3069 1721 3139 potest?
1758 3083 1880 3126 cum

300 3157 465 3211 etiam
502 3156 591 3210 illa
617 3172 722 3226 pax
753 3172 872 3226 qua:
895 3157 1104 3212 stabilis
1126 3173 1191 3212 ac
1218 3157 1373 3212 ﬁrma
1405 3159 1545 3214 inter
1567 3159 1735 3216 bonos
1762 3175 1884 3218 esse

306 3247 667 3310 credebatur,
708 3247 974 3300 interdum
1020 3263 1118 3318 per
1160 3262 1326 3318 prava
1372 3250 1634 3305 malorum
1662 3252 1886 3308 consilia

306 3338 360 3392 in
405 3339 673 3394 exitiosas
710 3339 1104 3394 discordiarum
1148 3347 1496 3410 tempestates
1541 3343 1867 3414 transfertur

307 3428 463 3484 Unde
489 3429 544 3483 in
571 3429 741 3484 armis
766 3429 1115 3497 instabilitas,
1147 3430 1200 3485 in
1239 3447 1372 3512 pace
1403 3433 1770 3506 transitorium
1810 3436 1876 3490 vi-

308 3519 486 3574 detur.

380 3611 522 3679 Quid
561 3627 693 3682 ergo
723 3611 867 3668 aliud
895 3619 1094 3678 restat,
1130 3613 1234 3671 nisi
1281 3621 1342 3680 ut
1380 3629 1475 3670 cor
1515 3614 1656 3686 regis
1683 3622 1738 3669 et
1777 3623 1885 3682 tota

311 3702 428 3772 spei
461 3702 660 3772 ﬁducia
697 3719 800 3758 non
849 3702 901 3757 in
949 3718 1220 3758 armorum
1266 3704 1649 3774 hominumque
1679 3705 1890 3773 fortitu-

309 3795 457 3865 diue,
487 3811 664 3874 neque
692 3797 745 3850 in
770 3797 920 3866 pacis
951 3799 1273 3860 transitoria:
1300 3797 1531 3863 fallacia,
1564 3800 1655 3854 sed
1684 3800 1736 3852 in
1763 3799 1888 3854 Om—

307 3886 604 3955 nipotentis
639 3887 921 3954 clementia
955 3888 1188 3969 ﬁgatur?
1217 3889 1307 3963 qui
1339 3905 1560 3958 regnum
1608 3889 1747 3959 quod
1789 3891 1885 3960 do-

307 3975 476 4040 navit,
504 3977 620 4046 sive
646 3977 697 4031 in
729 3978 970 4043 adversis
1001 3980 1114 4042 sive
1143 3979 1196 4033 in
1222 3979 1495 4049 prosperis
1525 3979 1766 4034 stabilire
1793 3995 1888 4049 no—

308 4067 408 4135 vit.
442 4066 549 4136 Cor
576 4068 758 4147 itaque
785 4071 1043 4139 principis
1065 4111 1079 4136 ,
1118 4078 1173 4126 et
1202 4071 1372 4128 ﬁdelis
1404 4089 1457 4126 tn
1484 4071 1768 4128 ministerii
1802 4088 1890 4128 re-

305 4158 512 4234 gimine
552 4159 804 4228 devotio,
847 4161 1022 4229 ipsum
1065 4176 1170 4215 non
1212 4161 1427 4216 deserat
1470 4177 1499 4216 a
1543 4177 1649 4232 quo
1683 4171 1888 4228 tantum

305 4247 633 4311 beneﬁcium
661 4257 718 4303 et
742 4249 1032 4320 gloriosum
1062 4251 1419 4306 ministerium
1459 4253 1719 4308 donatum
1747 4253 1886 4322 fuit;

304 4353 378 4405 ne
412 4337 550 4398 forte
581 4339 668 4406 ille
694 4355 936 4396 summus
967 4349 1144 4407 rector
1164 4340 1472 4418 indignatus
1501 4343 1568 4397 ab
1597 4358 1661 4398 eo
1683 4344 1892 4411 abstra-

1255 336 1452 392 LIBER
1493 335 1582 392 DE
1621 330 2068 392 RECTORIBUS
2104 326 2560 386 CHRISTLANIS.

1889 445 1941 505 Α
1965 440 2093 497 celsi
2121 441 2293 511 gratia
2316 438 2556 495 stabilire
2581 437 2816 507 studeat,
2847 437 2894 493 si
2919 435 3288 496 transitorium
3311 449 3536 509 regnum

3427 324 3532 381 198

1967 533 2112 603 quod
2139 542 2224 589 est
2248 533 2300 588 ei
2323 533 2692 600 commissum,
2735 530 2970 603 aliquam
3009 528 3319 586 stabilitatis
3339 529 3542 604 habere

1969 621 2375 677 similitudinem
2403 621 2697 678 desiderat.
2729 615 2797 676 Et
2820 620 3075 692 quoniam
3094 615 3275 690 justus
3298 625 3355 674 et
3381 619 3543 691 mise-

1969 712 2144 778 ricors
2183 723 2268 767 est
2309 711 2605 780 Dominus,
2634 712 2722 767 cui
2748 713 2928 780 cordis
2953 709 3147 782 aifectu
3185 711 3343 784 debet
3370 711 3543 783 inhae-

1971 816 2124 872 rere,
2153 815 2316 878 opera
2362 801 2733 874 multipliciter
2768 803 3020 858 exhibeat
3049 801 3459 875 misericordiae,
3484 812 3548 874 ut

1969 889 2195 945 multam
2241 891 2505 956 mercedis
2536 891 2763 962 gloriam
2807 899 2994 947 metat.
3043 890 3316 962 Justitiam
3359 877 3548 964 diligat

1971 980 2135 1037 simul
2158 990 2321 1053 atque
2361 982 2669 1051 custodiat;
2720 983 2919 1054 iniusta
2946 997 3077 1038 vero
3120 991 3282 1053 atque
3311 983 3546 1057 maligna

1971 1087 2134 1143 opera
2162 1072 2218 1128 in
2245 1070 2502 1142 subjectis
2531 1073 2801 1146 repudiet,
2828 1087 2892 1128 ac
2911 1072 3166 1128 laudabili
3188 1071 3323 1139 zelo,
3349 1071 3547 1144 quiest

1971 1165 2268 1221 secundum
2295 1165 2600 1231 scientiam,
2625 1165 2882 1236 corrigat.
2907 1162 3157 1246 Quidum
3183 1163 3256 1234 sit
3281 1162 3337 1236 in
3355 1153 3550 1236 divinis

1972 1254 2256 1325 praaceptis
2276 1253 2514 1321 stabilis,
2548 1254 2693 1312 illius
2717 1270 2941 1332 regnum
2975 1254 3149 1326 magis
3188 1253 3468 1339 magisque
3491 1251 3550 1324 in

1972 1345 2078 1400 hoc
2103 1343 2300 1402 saeculo
2319 1343 2611 1411 stabilitur,
2637 1353 2693 1399 et
2712 1345 2780 1402 ad
2802 1354 3003 1401 aeterna
3025 1343 3336 1402 stabilitatis
3357 1341 3549 1416 gaudia

1973 1448 2207 1520 superno
2234 1434 2512 1508 juvamine
2545 1434 2878 1504 perducitur.
3283 1447 3290 1454 '

2187 1521 2296 1592 Ceu
2326 1531 2458 1580 rota:
2482 1524 2665 1596 cyclus
2689 1523 2852 1580 celeri
2879 1537 3103 1580 recursu

2187 1612 2454 1680 Volvitur,
2487 1628 2726 1683 summas
2757 1613 3109 1684 reprimitque
3132 1614 3201 1668 ad
3231 1614 3340 1684 ima

2185 1699 2332 1778 Quas
2362 1709 2505 1757 rotat
2529 1710 2709 1770 partes
2741 1701 2985 1784 rapidum
3012 1716 3111 1788 per
3131 1717 3287 1776 agent

2505 1792 2805 1848 Mobilitate
2829 1812 2841 1847 :

2195 1880 2381 1953 Regna
2411 1882 2490 1938 sic
2515 1883 2699 1939 mundi
2730 1883 2966 1952 trifidum
2995 1900 3090 1956 per
3111 1888 3297 1960 orbem

2191 1974 2390 2044 Gloria}
2415 1975 2618 2033 celsum
2643 1977 2887 2034 stabilire
2912 1977 3124 2034 culmen

2195 2067 2477 2135 Nesciunt,
2505 2069 2715 2139 lapsum
2745 2069 2839 2126 sed
2868 2070 3070 2127 habere
3093 2082 3295 2144 norunt

2508 2157 2689 2218 Aurea
2711 2166 2943 2243 sceptra.

2189 2246 2409 2320 .nclytat
2432 2247 2608 2319 plebis
2637 2247 2738 2304 fuit
2765 2248 2978 2316 Israelis

2196 2337 2477 2394 Floridum
2505 2339 2653 2409 regni
2683 2343 2847 2395 decus
2873 2339 3178 2396 adlevatum

2191 2423 2418 2496 Quando
2439 2431 2728 2486 servabant
2747 2441 3092 2488 sacrosancta
3120 2433 3256 2504 legis

2505 2520 2727 2591 Mystica
2744 2520 2887 2590 jura.

2193 2610 2346 2677 Unde
2371 2610 2606 2694 pollebat
2628 2611 2844 2682 Domini
2868 2613 3174 2694 triumphis,

2192 2701 2368 2772 Atque
2395 2701 2639 2780 crudeles
2663 2703 2954 2773 superabat
2981 2705 3185 2773 hostes,

2192 2793 2332 2856 Dum
2361 2807 2515 2848 suam
2539 2793 2749 2870 plebem
2777 2794 2951 2865 pietas
2973 2793 3235 2869 Tonantis

2512 2881 2879 2939 Glorilicabat.

2195 2975 2424 3040 Rursus,
2457 2974 2560 3029 heu
2587 2976 2600 3028 l
2639 2975 2854 3043 quantis
2881 2974 3142 3046 premitur
3169 2974 3336 3050 ruinig

2196 3065 2428 3121 Abrabre
2450 3075 2694 3120 sanctum
2719 3066 2952 3135 speciale
2972 3067 3171 3136 patris.

2196 3155 2335 3211 Dum
2361 3155 2592 3211 creatori
2624 3171 2721 3210 sua
2748 3170 2917 3225 prona
2943 3156 3160 3232 tempsit

2521 3245 2762 3304 Subdere
2787 3247 2924 3302 colla
2948 3248 2961 3316 Ξ

2211 3336 2323 3406 Una
2353 3337 2448 3393 sed
2471 3344 2631 3407 tantm
2656 3337 2924 3406 medicina
2949 3339 3127 3408 gentis

2203 3425 2321 3492 Jam
2350 3426 2452 3482 fuit
2475 3428 2616 3484 votis
2643 3429 2878 3499 rogitare
2903 3429 3103 3494 celsum
3120 3472 3135 3499 ,

2199 3519 2302 3585 Qui
2331 3526 2522 3587 potens
2545 3501 2720 3590 noscit
2743 3519 2985 3577 stabilire
3007 3536 3171 3594 regna

2340 3598 2345 3603 ’
2521 3607 2746 3677 Perpete
2772 3616 2926 3663 nutu.
3075 3595 3081 3601 ’

2201 3695 2484 3767 Principes
2504 3705 2662 3752 terra:
2692 3699 2918 3754 Domino
2943 3703 3145 3771 potenti

2199 3787 2360 3842 Ferte
2389 3788 2684 3856 gaudentes
2711 3789 3007 3860 thymiama
3032 3793 3174 3856 voti,

2202 3877 2374 3963 Quem
2401 3885 2641 3947 tremunt
2672 3878 2796 3934 coeli
2820 3893 3077 3959 proceres
3103 3897 3322 3972 supera.

2231 3955 2238 3963 ’
2520 3955 2878 4046 Magnificam.

2637 4058 2790 4118 CAP.
2827 4060 2915 4132 Iv,

2062 4151 2252 4208 Omnis
2280 4159 2460 4218 autem
2507 4153 2654 4230 regia
2697 4161 2972 4224 potestas,
3011 4173 3130 4226 quce
3166 4157 3235 4214 ad
3275 4160 3564 4220 utilitatem

1992 4243 2070 4314 rei
2101 4243 2328 4313 publica:
2355 4243 2612 4299 divinitus
2631 4253 2716 4300 est
2739 4247 3051 4312 constituta,
3075 4265 3181 4305 non
3213 4259 3321 4306 tam
3350 4255 3569 4312 caducis

1992 4336 2245 4406 operibus
2273 4351 2338 4391 ac
2361 4337 2602 4406 terrestri
2631 4336 2967 4405 fortitudine,
2987 4353 3147 4409 quam
3173 4343 3434 4410 sapientia
3455 4349 3566 4411 cui-

303 4429 409 4483 hat
432 4428 750 4498 beneﬁcium
781 4432 924 4500 quod
952 4432 1200 4502 dederat,
1233 4433 1278 4486 si
1323 4431 1590 4497 infidelem.
1619 4449 1738 4489 esse
1763 4450 1888 4490 sen-
1916 4455 1969 4514 ι)
1997 4433 2162 4495 tuque
2183 4425 2362 4480 divino
2389 4435 2472 4489 est
2502 4427 2854 4495 exornanda;
2896 4429 3149 4499 quoniam
3187 4433 3375 4500 procul
3403 4435 3569 4492 dubio

305 4519 445 4582 serit
484 4535 646 4588 quem
696 4527 951 4589 tanquam
995 4520 1204 4580 ﬁdelem
1249 4521 1555 4582 ministrum
1598 4522 1885 4591 ordinavit,

306 4609 448 4676 Nam
474 4611 521 4665 si
551 4627 644 4666 rex
673 4619 923 4678 terrenus
959 4628 989 4668 a
1027 4613 1268 4682 quolibet
1296 4612 1398 4668 sibi
1436 4613 1652 4680 homine
1688 4613 1888 4684 infideli

308 4701 493 4767 datam
525 4701 738 4766 auferre
763 4702 904 4758 valet
927 4711 1270 4773 potestatem,
1304 4703 1502 4774 aliique
1525 4704 1709 4773 tribuit
1730 4721 1888 4774 quem

307 4788 611 4857 ﬁdeliorem
657 4780 940 4862 comperit.
975 4807 1131 4859 esse,
1179 4801 1380 4861 quanto
1421 4792 1592 4862 magis
1629 4809 1893 4863 supernus

309 4879 694 4936 universorum
719 4883 946 4936 donator
965 4923 980 4947 ,
1008 4898 1169 4951 quem
1209 4883 1405 4938 nullius
1435 4882 1672 4953 perﬁdiae
1707 4886 1891 4954 nubila

311 4968 504 5035 fallere
532 4980 782 5040 possunt,
810 4980 1002 5040 potens
1031 4981 1113 5026 est
1145 4987 1173 5026 a
1196 4971 1442 5041 reprobis
1465 4987 1559 5026 sua
1581 4973 1896 5042 abstrahere

312 5060 602 5132 beneficia,
632 5062 859 5132 aliisque
889 5075 1150 5132 praestare
1174 5078 1310 5133 quos
1329 5063 1550 5133 idoneos
1575 5079 1686 5120 sua:
1713 5066 1896 5121 volun-

309 5153 444 5214 tatis
492 5153 770 5216 ministros
817 5155 1030 5208 noverit
1077 5155 1239 5215 esse?
1284 5155 1440 5212 Unde
1483 5164 1537 5211 et
1575 5157 1771 5227 impius
1807 5157 1895 5226 ille

310 5237 444 5292 Saul
475 5256 569 5296 rex
592 5241 760 5308 Israel
787 5243 1030 5311 privatus
1057 5244 1158 5307 fuit
1185 5260 1350 5315 regno
1383 5252 1440 5298 et
1464 5245 1608 5318 vita,
1639 5247 1893 5316 quoniam

321 5345 489 5400 aeque
513 5332 691 5402 iidelis
713 5334 962 5389 minister
983 5336 1196 5402 exstitit
1219 5350 1404 5400 coram
1419 5335 1664 5390 Domino.
1679 5335 1749 5390 At
1767 5353 1895 5396 vero

313 5421 482 5478 David
507 5424 687 5478 virum
717 5423 951 5481 electum
979 5426 1273 5494 secundum
1317 5440 1414 5486 cor
1451 5441 1607 5481 suum
1644 5426 1898 5499 Omnipo-

311 5520 434 5566 tens
463 5514 697 5578 invenit,
723 5530 886 5586 quem
907 5515 978 5571 ob
999 5517 1101 5572 hoc
1122 5516 1176 5580 in
1196 5516 1403 5586 apicem
1432 5515 1594 5586 regia:
1617 5518 1901 5586 potestatis

309 5605 650 5672 sublimavit,
676 5607 805 5677 quia
837 5607 988 5662 illum
1019 5607 1231 5663 ﬁdelem
1257 5607 1372 5662 fore
1401 5607 1708 5662 ministrum
1739 5607 1900 5678 elegit

305 5698 670 5770 praesciendo,
698 5697 884 5778 Itaque
912 5699 1150 5769 prudens
1189 5705 1366 5754 rector
1396 5713 1488 5754 cor
1520 5713 1676 5764 suum
1705 5698 1758 5766 in
1797 5699 1900 5771 [ﬂx-

717 5795 995 5862 PATROL.
1035 5793 1196 5870 Clli,

1999 4522 2126 4582 tunc
2152 4515 2379 4597 populus
2407 4516 2613 4584 providi
2643 4523 2758 4570 arte
2782 4517 2990 4573 consilii
3021 4520 3441 4591 gubernabitur,
3472 4525 3565 4579 ad-

1996 4605 2224 4662 versarii
2249 4606 2475 4667 Domino
2500 4607 2824 4682 propitiante
2856 4608 3282 4681 profligabuntur
3301 4653 3316 4678 ,
3345 4617 3565 4685 provin-

1997 4695 2094 4765 cia:
2126 4710 2458 4780 regnumque
2485 4696 2966 4766 conservabuntur,
2999 4702 3044 4768 si
3085 4703 3230 4774 regia
3266 4703 3569 4772 sublimitas

1998 4785 2254 4855 religione
2282 4793 2336 4849 et
2374 4785 2635 4854 sapientia
2669 4797 3008 4860 perornetur.
3054 4790 3296 4866 Namque
3333 4795 3566 4852 hominis

1997 4887 2245 4940 naturam
2273 4878 2416 4933 Deus
2445 4879 2584 4934 hanc
2625 4894 2748 4936 esse
2787 4882 2989 4949 voluit,
3021 4893 3081 4940 ut
3116 4886 3340 4952 duarum
3381 4904 3561 4947 rerum

1996 4969 2113 5038 ipse
2139 4969 2300 5038 homo
2329 4970 2556 5039 cupidus
2589 4979 2645 5027 et
2681 4982 2938 5043 appetens
2977 4985 3148 5046 esset.
3195 4978 3468 5050 religionis
3512 4994 3561 5038 et

1996 5061 2294 5132 sapientia}.
2345 5061 2442 5118 Est
2481 5070 2658 5118 autem
2695 5065 2945 5135 religiosa
2989 5067 3250 5135 sapientia
3277 5068 3538 5128 saluberri

1996 5167 2144 5207 mum
2182 5153 2347 5208 decus
2367 5194 2382 5219 ,
2426 5155 2738 5225 deyotarqm
2769 5155 2947 5223 lumen
2977 5157 3312 5225 animarum,
3351 5161 3570 5218 cmleste

1997 5243 2195 5301 donum
2216 5250 2272 5298 et
2293 5243 2541 5311 gaudium
2564 5243 2679 5304 sine
2702 5242 2808 5304 tina
2832 5259 3163 5315 mansurum.
3181 5247 3284 5315 Qui
3305 5264 3434 5322 ergo
3454 5252 3569 5307 vult

1997 5331 2229 5402 gloriose
2252 5345 2460 5403 regere,
2481 5347 2546 5387 ac
2575 5331 2848 5401 sapienter
2870 5335 3124 5404 populum
3159 5339 3486 5408 gubernare,
3511 5350 3569 5397 et

1997 5421 2288 5474 vehemens
2331 5417 2385 5473 in
2427 5417 2666 5473 consiliis
2695 5434 2848 5496 esse,
2891 5436 2922 5488 ρ
2962 5421 3188 5491 Domino
3214 5425 3449 5495 postulet
3474 5442 3567 5484 sa-

1998 5510 2275 5580 pientiam,
2301 5510 2390 5580 qui
2421 5509 2509 5563 dat
2537 5510 2773 5574 omnibus
2800 5513 3081 5583 afﬂuenter,
3106 5523 3153 5568 et
3181 5532 3284 5579 itan
3307 5517 3565 5588 imprope-

2001 5610 2082 5655 ναι
2114 5600 2257 5673 (Jac.
2287 5618 2327 5669 ι,
2352 5600 2430 5672 5),
2457 5601 2734 5672 ipsamque
2762 5605 3078 5674 sapientiam
3099 5608 3358 5679 studiose,
3382 5609 3567 5683 laborg

2001 5696 2160 5770 simul
2189 5705 2243 5754 et
2281 5712 2466 5769 amore
2490 5699 2805 5784 perquirat;
2844 5709 3106 5770 quatenus
3132 5700 3181 5755 ei
3215 5711 3478 5775 congruat
3503 5701 3572 5774 ii:

3139 5795 3211 5873 ἐρ
