3982 6198
453 406 559 464 ’199

451 519 544 578 lud
570 519 712 592 quod
755 516 1013 589 scriptum
1057 522 1179 570 est:
1220 511 1416 566 Beatus
1459 518 1543 566 est
1578 507 1667 591 qui
1709 506 1900 561 invenit
1945 522 2033 560 sa—
2058 512 2108 569 Α

450 608 718 684 pienliam,
753 617 801 663 et
829 607 919 678 qui
944 602 1107 678 aﬂluit
1135 602 1416 675 prudentia
1448 596 1630 673 (Prov.
1657 608 1717 653 tu
1735 639 1749 662 ,
1776 598 1863 668 1'5)
1882 638 1895 661 ,
1929 610 2031 651 cte—

455 709 679 770 teraque
700 713 820 769 quae
847 696 902 750 in
926 694 1173 750 laudibus
1202 691 1482 764 sapientiae
1511 687 1905 745 describuntur.
1942 685 2033 740 ille

455 793 637 861 itaque
665 795 845 844 rector
864 799 993 843 vere
1019 784 1209 839 beatus
1234 790 1318 836 est
1342 779 1714 840 celebrandus,
1738 775 1827 846 qui
1860 774 2034 846 Splen-

455 882 586 936 dore
608 877 940 933 illuminatur
960 872 1259 945 sapientiae,
1276 883 1396 940 quae
1418 877 1502 922 est
1523 867 1643 921 fons
1662 861 2032 928 consiliorum,

456 969 578 1024 fons
608 982 781 1024 sacrm
819 961 1126 1036 religionis,
1157 973 1356 1017 corona
1381 955 1705 1027 principum,
1743 951 1895 1023 origo
1921 950 2035 1005 vir-

460 1066 667 1124 tutum,
699 1055 752 1112 in
799 1054 952 1125 cujus
994 1042 1399 1121 comparatione
1440 1058 1630 1099 omnes
1674 1042 2034 1112 pretiosarum

458 1148 737 1207 claritates
756 1156 1093 1219 gemmarum
1120 1139 1406 1194 vilescunt.
1449 1134 1575 1190 Haec
1606 1130 1924 1188 ‘cautissima
1946 1139 2038 1185 est

459 1240 516 1295 in
543 1237 806 1301 consiliis,
833 1231 1100 1288 mirabilis
1137 1229 1192 1284 in
1226 1225 1472 1296 eloquiis,
1506 1219 1788 1293 magniﬁca
1816 1220 1870 1273 in
1904 1231 2035 1288 cpe-

459 1328 634 1395 ribus,
658 1325 814 1381 fortis
834 1324 889 1378 in
911 1319 1171 1385 adversis,
1196 1326 1506 1385 temperans
1528 1312 1579 1367 in
1601 1308 1894 1381 prosperis,
1916 1322 2039 1362 ocu-

461 1418 577 1476 losa
624 1418 679 1473 in
715 1413 955 1485 iudiciis.
982 1410 1113 1465 Haec
1150 1421 1278 1462 suos
1305 1411 1577 1459 amatores
1614 1398 1819 1455 cdzlesti
1861 1396 2037 1469 gratia

463 1514 735 1572 venustat,
750 1512 805 1560 et
827 1514 1084 1572 tanquam
1113 1496 1383 1553 sidereum
1404 1491 1801 1546 ﬁrmamentum
1821 1487 2037 1544 eosdem

463 1598 746 1662 clariﬁcat,
778 1595 919 1650 sicut
948 1590 1210 1660 scriptum
1234 1594 1355 1641 est:
1402 1582 1539 1638 Justi
1578 1580 1859 1652 fulgebunt
1883 1577 2038 1649 quasi

461 1688 650 1751 stellae,
682 1692 737 1738 et
758 1680 1119 1751 intelligentes
1153 1674 1307 1746 quasi
1337 1671 1758 1727 ﬁrmamentum.

530 1780 657 1835 Haec
686 1777 1030 1833 Salomonem
1059 1783 1169 1841 prte
1194 1766 1406 1823 cunctis
1431 1772 1590 1819 terra;
1620 1760 1839 1832 regibus
1868 1756 2035 1814 subii-

463 1872 649 1937 mavit,
697 1868 824 1938 quia
874 1864 1019 1919 illam
1061 1858 1262 1915 amavit
1306 1856 1374 1911 ab
1410 1852 1772 1910 adolescentia
1817 1865 1936 1916 sua,
1986 1856 2041 1905 et
2068 1852 2115 1912 Β

463 1972 673 2021 amator
701 1960 875 2017 factus
904 1966 989 2013 est
1013 1953 1225 2011 decoris
1252 1949 1386 2020 ejus.
1420 1947 1579 2027 Unde
1598 1946 1738 2001 sicut
1758 1944 1814 1998 in
1838 1942 2047 2013 Regno-

463 2073 586 2115 rum
615 2055 772 2111 libris
794 2051 1009 2124 legitur,
1047 2046 1150 2118 ipsi
1194 2039 1446 2114 apparuit
1471 2037 1732 2094 Dominus
1769 2033 2044 2091 Salomoni

465 2163 562 2220 per
582 2123 1035 2201 somniumnocte
1061 2137 1249 2193 dicens
1278 2150 1291 2186 :
1333 2127 1554 2186 Postula
1581 2127 1718 2199 quod
1739 2127 1816 2180 uis
1846 2133 1901 2178 ut
1924 2123 2045 2177 dem

465 2217 559 2291 iibi
589 2233 696 2306 (IV
721 2232 845 2302 Reg.
875 2246 936 2295 ιι,
965 2227 1042 2301 9).
1073 2225 1116 2280 A
1146 2238 1254 2295 quo
1293 2235 1417 2278 cum
1456 2217 1709 2275 Salomon
1750 2230 1872 2273 cum
1906 2219 2051 2268 esset

465 2343 620 2398 puer,
647 2340 740 2381 eor
766 2321 995 2378 docibile
1024 2315 1353 2390 postularet,
1377 2319 1439 2368 ut
1460 2308 1707 2381 judicare
1733 2312 1917 2379 posset
1950 2318 2048 2374 po-

465 2416 650 2488 pulum
678 2412 909 2476 Domini,
938 2420 990 2465 et
1013 2408 1324 2463 discernere
1353 2403 1496 2457 inter
1523 2399 1724 2456 malum
1746 2407 1800 2455 et
1822 2398 2045 2459 bonum,

467 2487 573 2564 tale
620 2519 938 2577 responsum
984 2518 1013 2556 a
1049 2499 1277 2555 Domino
1308 2496 1547 2566 recepit:
1591 2493 1730 2560 Quia
1772 2487 2051 2564 postulasti

466 2599 673 2656 uerbum
707 2597 822 2660 hoc,
854 2603 1027 2648 etnon
1055 2590 1229 2663 petisti
1252 2588 1343 2643 tibi
1363 2587 1474 2642 dies
1499 2584 1690 2641 multos
1728 2599 1820 2637 nec
1841 2580 2049 2636 divitias

467 2698 559 2745 aut
585 2689 792 2743 animas
814 2684 1142 2739 inimicorum
1171 2691 1401 2746 tuorum,
1431 2677 1523 2731 sed
1550 2673 1824 2748 postulasti
1850 2673 1944 2727 tibi
1965 2688 2051 2726 sa-

465 2779 714 2850 pientiam
740 2774 811 2831 ad
837 2771 1236 2828 discernendum
1266 2770 1550 2841 judicium,
1584 2782 1697 2821 ecce
1724 2763 1824 2835 feci
1851 2762 1944 2817 tibi
1969 2777 2052 2817 se-

469 2866 698 2922 cundum
726 2879 988 2918 sermones
1015 2869 1153 2922 tuos,
1181 2868 1229 2912 et
1260 2858 1377 2911 dcdi
1402 2856 1496 2911 tibi
1525 2871 1616 2909 cor
1639 2854 1845 2923 sapiens
1888 2861 1937 2906 et
1969 2850 2053 2904 in-

467 2956 702 3027 telligens
724 2955 780 3007 in
800 2962 1030 3016 tantum,
1052 2959 1109 3004 ut
1131 2948 1305 3004 nullus
1329 2956 1448 3001 ante
1472 2956 1521 3000 te
1544 2943 1733 3000 similis
1751 2943 1846 2998 tibi
1867 2942 2049 3012 fuerit,

469 3060 561 3097 nec
584 3050 696 3112 post
727 3050 774 3094 te
796 3049 1128 3095 surrecturus
1156 3036 1243 3091 sit.
1278 3034 1384 3090 Sed
1411 3044 1458 3089 et
1480 3036 1592 3088 Iure
1613 3047 1730 3103 quae
1755 3047 1855 3085 non
1875 3039 2053 3102 postu-

468 3129 591 3184 lasti
633 3129 754 3183 dedi
792 3128 916 3191 tibi,
953 3127 1163 3181 diuitias
1205 3120 1399 3179 scilicet
1430 3133 1478 3177 et
1519 3121 1739 3194 gloriam
1763 3161 1777 3188 ,
1818 3128 1873 3174 ut
1902 3134 2052 3174 nemo

1820 388 2113 449 ‘SEDULII
2142 388 2340 447 SCOTI
2361 391 2365 395 ’

2684 352 2701 391 \

2274 504 2404 571 Quae
2428 500 2744 559 volaverunt
2767 497 2945 554 subito
2970 511 3069 568 per
3091 495 3314 556 aethram
3333 534 3349 561 ,

2267 593 2345 649 Ac
2373 598 2730 663 penetrarunt
2758 588 2970 644 Domini
2997 587 3227 643 sabaoth

2549 682 2728 737 Aurea
2758 686 2919 735 tecta.

2274 775 2393 846 Ipse
2416 774 2662 846 percepit
2679 771 3018 843 docilemque
3043 776 3264 825 sensum

2276 864 2453 919 Mente
2476 862 2757 927 lustratus,
2780 860 3103 931 sapiensque
3122 854 3320 912 factus.

2276 958 2498 1029 Insuper
2521 955 2673 1027 regni
2701 952 2946 1011 columen
2975 952 3241 1023 gubernat

2559 1041 2753 1098 Gentis
2774 1035 3035 1095 Hebraeae.

2281 1134 2422 1203 Quid
2450 1132 2595 1189 valet
2619 1132 2743 1187 ﬂavi
2772 1131 2918 1185 nitor
2947 1128 3124 1184 omnis
3153 1123 3318 1181 auri?

2276 1225 2431 1282 Ostra
2460 1224 2588 1295 quid
2614 1228 2845 1292 prosunt
2868 1218 3010 1275 rosei
3037 1216 3296 1273 decoris?

2276 1318 2473 1375 Gloria:
2502 1317 2631 1389 quid
2654 1323 2781 1373 sunt
2810 1314 3185 1388 Scythicaeque
3209 1313 3472 1387 gemmae?

2573 1409 2711 1476 Quid
2733 1406 3018 1463 diadema?

2276 1500 2419 1557 Orba
2452 1498 2496 1555 si
2529 1497 2725 1554 mentis
2751 1497 2898 1552 acies
2922 1495 3198 1559 hebescat,

2277 1591 2480 1645 Lumen
2510 1597 2570 1644 ut
2596 1603 2786 1642 verum
2814 1593 3047 1655 nequeat
3078 1582 3241 1648 tueri,

2281 1680 2435 1738 Unde
2462 1680 2733 1735 discernat
2760 1678 2922 1741 bona,
2954 1691 3140 1746 prava,
3177 1672 3326 1742 iusta

2588 1767 2798 1837 Fasque
2819 1765 3100 1835 nefasque.

2280 1861 2423 1932 Ergo
2450 1859 2646 1915 rectori
2672 1858 2836 1913 decus
2864 1864 2947 1913 est
2969 1868 3155 1911 amare

2289 1952 2367 2008 Te
2393 1951 2570 2005 Patris
2591 1949 2825 2004 Verbum
2852 1947 3174 2018 sapiensque
3205 1943 3412 2009 lumen,

2286 2041 2524 2105 Christe,
2544 2039 2635 2109 qui
2667 2037 2897 2107 sceptris
2925 2033 3222 2091 dominaris
3242 2032 3431 2088 orbem

2572 2126 2834 2197 Celsaque
2862 2138 3049 2197 regna.
3144 2132 3151 2140 ‘

2286 2218 2450 2290 Cujus
2475 2218 2529 2273 in
2567 2218 2757 2274 dextra
2783 2218 2999 2286 requies
3022 2216 3179 2271 beata

2286 2313 2531 2379 Constat,
2554 2312 2609 2366 in
2652 2310 2781 2365 lteva
2812 2308 3157 2379 locuplesque
3178 2323 3333 2379 gaza.

2290 2407 2488 2465 Gloria:
2506 2406 2758 2479 princeps
2782 2404 3019 2460 humiles
3052 2416 3320 2460 coronans

2578 2496 2747 2553 Tollis
2782 2496 3012 2565 opimos.

2806 2584 2956 2642 CAP.
2993 2581 3058 2640 γ.

2220 2680 2336 2738 Rex
2358 2679 2478 2752 pius
2500 2689 2556 2735 et
2588 2679 2802 2750 sapiens
2831 2679 3003 2734 tribus
3026 2677 3200 2733 modis
3226 2674 3448 2747 regendi
3475 2674 3747 2730 ministe-

2151 2772 2290 2828 rium
2316 2771 2471 2843 gerit.
2503 2768 2640 2825 Nam
2662 2769 2836 2839 primo
2861 2784 2919 2823 se
2944 2769 3136 2838 ipsum,
3172 2767 3446 2839 quomodo
3466 2767 3519 2822 in
3560 2781 3735 2836 supe-

2150 2862 2383 2919 rioribus
2409 2860 2773 2923 ostendimus;
2830 2856 3064 2914 secundo
3100 2871 3324 2912 uxorem
3353 2856 3630 2926 propriam
3669 2862 3735 2911 et
3782 2872 3787 2877 ’

2148 2948 2352 3006 liberos
2398 2960 2630 3019 suosque
2670 2947 3035 3011 domesticos;
3092 2945 3254 3000 tertio
3310 2943 3566 3014 populum
3621 2943 3736 3000 sibi

2150 3039 2497 3097 commissum
2529 3036 2773 3093 rationali
2796 3044 2851 3091 et
2872 3035 3103 3108 glorioso
3138 3033 3505 3089 moderamine
3535 3048 3739 3104 regere

2152 3130 2327 3187 debet.
2362 3129 2567 3183 Bonum
2599 3129 2779 3197 itaque
2822 3126 3119 3198 principem
3150 3140 3259 3179 non
3288 3123 3461 3180 solum
3510 3122 3742 3179 sibimet

468 3216 628 3286 fuerit
650 3215 839 3271 similis
875 3215 969 3269 tibi
1000 3215 1054 3268 in
1095 3213 1300 3283 regibus
1330 3212 1530 3266 cunctis
1565 3219 1701 3264 retro
1744 3209 1945 3264 diebus.
1988 3208 2050 3265 Si
2076 3218 2122 3285 ο
2152 3220 2419 3278 dominari
2440 3224 2672 3291 oportet,
2699 3219 2824 3273 dum
2854 3233 2883 3272 α
2904 3217 3060 3272 malis
3089 3215 3344 3281 aecum,
3370 3226 3425 3271 ει
3446 3231 3566 3286 ψιῶ
3583 3216 3738 3270 bona

468 3317 643 3364 autem
674 3305 1022 3362 ambulareris
1048 3306 1103 3360 in
1132 3306 1226 3360 uiis
1257 3303 1405 3369 meis,
1444 3313 1492 3359 et
1518 3303 1827 3358 custodieris
1859 3319 2054 3374 prtece-

463 3404 559 3468 pta
581 3413 721 3462 mea,
748 3406 798 3452 et
826 3395 1078 3451 mandata
1111 3408 1245 3461 mea,
1285 3394 1417 3449 sicut
1450 3392 1736 3449 ambulavit
1764 3392 1935 3448 Dauid
1959 3410 2053 3464 pa-

469 3498 551 3546 ter
572 3500 717 3556 tuus,
739 3490 921 3561 longos
941 3491 1137 3560 faciam
1163 3489 1272 3545 dies
1296 3499 1412 3544 tuos
1437 3488 1555 3561 (III
1581 3487 1709 3560 Reg.
1737 3505 1819 3554 ιιι,
1846 3489 2050 3562 11-14).

469 3579 514 3638 Ο
542 3596 708 3651 quam
743 3579 1015 3636 ineffabile
1058 3589 1141 3636 est
1187 3580 1380 3636 divina:
1417 3579 1795 3650 largimentum
1828 3581 2048 3651 gratiae!

470 3688 590 3741 quae
617 3673 661 3727 si
695 3681 846 3729 recto
875 3673 1126 3729 corde'et
1153 3673 1237 3744 pla
1280 3672 1580 3728 intentione
1615 3673 1888 3742 poscitur,
1933 3671 2053 3743 plus

468 3762 634 3816 donat
661 3777 824 3832 quam
852 3750 994 3832 quod
1043 3773 1281 3834 rogatur.
1334 3762 1472 3817 Ecce
1512 3760 1605 3818 rex
1651 3760 1908 3818 Salomon
1941 3777 2050 3818 non

468 3860 752 3921 argentum
770 3892 786 3917 ,
813 3867 921 3908 non
958 3868 1172 3918 aurum,
1212 3867 1317 3907 non
1346 3853 1479 3908 alias
1502 3866 1632 3923 opes
1658 3862 1925 3920 terrenas,
1956 3853 2051 3909 sed

472 3942 753 4013 sapientia:
777 3959 939 4014 gazas
965 3945 1211 4013 poposcit
1239 3958 1268 3998 a
1291 3942 1538 3998 Domino.
1579 3943 1649 3997 At
1679 3944 1768 4013 qui
1796 3944 2049 4014 simplum

470 4041 617 4087 recte
641 4034 1032 4103 postulaverat,
1062 4032 1278 4103 daplum
1322 4033 1548 4101 accepit.
1582 4032 1717 4086 Nam
1744 4048 1849 4087 non
1880 4032 2051 4087 solum

470 4124 674 4178 ditatus
718 4129 801 4175 est
843 4120 1130 4190 sapientia,
1178 4121 1271 4174 sed
1315 4129 1370 4175 et
1408 4121 1726 4176 sublimatus
1756 4133 1839 4177 est
1882 4123 2050 4178 indita

474 4211 624 4281 regni
665 4209 857 4281 gloria.
910 4208 1063 4265 Unde
1106 4209 1323 4280 regibus
1369 4217 1527 4264 terra:
1572 4211 1847 4282 egregium
1893 4213 2054 4268 datur

471 4301 799 4372 exetnplum,
830 4308 1096 4370 quatenus
1116 4299 1418 4370 spiritualia
1440 4300 1576 4354 dona
1601 4301 1722 4371 plus
1748 4316 1909 4371 quam
1932 4318 2053 4359 car-

471 4392 613 4448 nalia
658 4393 751 4464 pio
783 4391 1054 4448 desiderio
1101 4392 1168 4446 ab
1210 4390 1583 4461 Omnipoteuti
1633 4401 1959 4462 exposcam,
2004 4394 2051 4450 si

472 4484 562 4539 diu
602 4491 658 4540 et
695 4483 928 4538 feliciter
956 4483 1008 4538 in
1054 4483 1159 4537 hoc
1204 4482 1401 4536 saeculo
1448 4498 1672 4553 regnare
1718 4484 2048 4540 desiderant.

2153 3321 2279 3368 sunt
2305 3311 2469 3381 eligat
2507 3317 2562 3366 et
2598 3310 2829 3364 ﬁrmiter
2872 3316 3090 3373 teneat;
3126 3308 3220 3362 sed
3252 3306 3415 3362 etiam
3458 3306 3594 3361 alios
3623 3305 3742 3363 sibi

2153 3401 2572 3471 coniunctiores,
2620 3407 2845 3454 uxorem
2890 3397 3161 3462 videlicet,
3192 3396 3392 3454 liberos
3436 3404 3601 3465 atque
3628 3395 3743 3451 do-

2152 3494 2426 3559 mesticos,
2453 3491 2678 3563 provida
2700 3489 3059 3547 sollicitudine
3088 3504 3153 3544 ac
3180 3487 3432 3543 familiari
3455 3487 3743 3543 charitate

2150 3587 2431 3657 gubernet.
2476 3584 2589 3639 Hoc
2621 3591 2803 3638 autem
2847 3582 3053 3637 faciens
3094 3580 3361 3651 duplicem
3393 3579 3767 3635 thesaurizat.

2151 3675 2255 3732 sibi
2284 3674 2467 3746 gloria:
2496 3673 2754 3743 palmam,
2785 3680 2845 3727 ut
2875 3673 3001 3728 dum
3034 3673 3087 3727 in
3118 3686 3178 3727 se
3204 3669 3381 3726 bonus
3426 3679 3482 3726 et
3506 3678 3744 3725 sanctus

2151 3766 2240 3831 sit,
2280 3766 2413 3821 alios
2449 3766 2552 3821 sibi
2604 3763 2922 3833 conjuncms
2964 3766 3137 3820 bonos
3182 3760 3349 3819 iaciat
3394 3771 3449 3817 et
3480 3772 3742 3828 sanctos,

2143 3853 2297 3924 juxta
2323 3854 2687 3919 Psalmistam,
2710 3853 2802 3922 qui
2823 3854 2899 3909 ait
2925 3871 2937 3907 :
2962 3852 3094 3908 Cum
3114 3863 3295 3908 sancto
3310 3861 3521 3907 sanctus
3536 3856 3667 3916 eris,
3690 3864 3743 3906 et

2152 3962 2269 4000 cum
2284 3947 2395 4000 viro
2417 3945 2943 4000 innocenteinnaccns
2964 3945 3066 3999 eris
3091 3944 3263 4016 (Psal.
3290 3960 3420 4009 xvn,
3441 3942 3559 4015 27),
3582 3953 3636 3997 et
3652 3960 3747 3999 re-

2152 4033 2321 4106 liqua.
2356 4033 2474 4089 Non
2507 4034 2650 4090 enim
2690 4032 2884 4089 suﬁicit
2922 4035 3197 4106 propriam
3237 4033 3439 4089 habere
3478 4033 3744 4088 honesta-

2155 4132 2293 4191 tem,
2321 4125 2424 4180 nisi
2449 4124 2657 4194 pudicae
2681 4132 2736 4180 et
2759 4132 2921 4179 castae
2937 4122 3195 4194 conjugis,
3224 4137 3323 4176 nec
3345 4137 3450 4177 non
3479 4125 3644 4178 etiam
3679 4123 3745 4177 ti-

2151 4215 2345 4271 liorum
2367 4224 2422 4271 et
2442 4216 2698 4272 comitum
2713 4231 2776 4271 ac
2802 4217 3169 4271 ministrorum
3198 4215 3401 4286 pudore
3426 4215 3743 4281 decoretur,

2153 4305 2364 4362 dicente
2377 4307 2580 4361 David:
2613 4305 2899 4359 Ambulans
2923 4306 2976 4360 in
3006 4308 3086 4362 uia
3111 4305 3470 4370 immaculata,
3499 4305 3584 4359 hic
3609 4308 3744 4359 mihi

2153 4395 2488 4448 ministrabat
2515 4391 2688 4467 (Psal.
2719 4409 2769 4456 ε,
2801 4395 2879 4466 6).
2911 4393 3047 4448 Nam
3094 4394 3235 4448 sicut
3264 4392 3434 4448 lilium
3461 4393 3578 4463 agri
3606 4393 3743 4448 aTio-

2155 4501 2275 4539 rum
2328 4484 2537 4540 olerum
2574 4499 2640 4538 ac
2687 4484 2954 4540 violarum
3004 4483 3285 4554 multiplici
3328 4484 3743 4554 pulchritudine

477 4576 640 4630 Decet
703 4574 871 4646 igitur
935 4572 1222 4627 amabilem
1289 4571 1402 4627 Deo
1458 4573 1756 4644 principem
1814 4576 2053 4631 discendi
2082 4563 2495 4638 Dvenustatur,
2536 4579 2590 4627 et
2619 4572 2758 4628 sicut
2802 4572 2928 4627 luna
2962 4573 3240 4629 stellarum
3295 4573 3582 4642 splendore
3626 4574 3741 4627 cir-

474 4664 677 4720 habere
719 4663 1054 4718 voluntatem
1107 4662 1541 4733 desideriumque
1590 4664 1913 4721 caelestium.
1965 4665 2058 4721 Sic

473 4755 618 4809 enim
643 4767 773 4810 vere
797 4761 853 4809 et
882 4767 977 4809 cor
1002 4752 1163 4809 habet
1190 4755 1244 4808 in
1273 4769 1434 4808 manu
1460 4752 1574 4819 Dei,
1600 4764 1657 4809 et
1687 4768 1912 4827 regnum
1934 4773 2055 4812 cum

470 4856 605 4915 pace
625 4844 807 4901 multis
828 4858 1094 4900 annorum
1117 4844 1422 4909 curriculis,
1450 4843 1666 4901 favente
1689 4840 1939 4912 Domino,
1963 4860 2058 4920 gu-

473 4934 744 4992 bernabit.
788 4964 791 4965 ν

612 5023 715 5092 Qui
737 5024 885 5095 cupit
913 5030 1097 5080 rector
1117 5024 1321 5094 probus
1352 5038 1476 5081 esse
1498 5025 1661 5095 judex
1683 5065 1697 5090 ,

617 5112 798 5170 Lanae
831 5112 1073 5185 quiinsti
1104 5113 1414 5184 trutinaque
1442 5116 1668 5186 gaudet,

617 5201 837 5260 inhians
858 5203 1072 5275 pulchri
1094 5206 1376 5260 terebrare
1402 5202 1536 5261 falsa

901 5292 1135 5364 Cuspide
1160 5294 1274 5349 veri
1295 5334 1310 5357 ,

617 5383 904 5441 Lumitmm
932 5394 1141 5455 patrem
1177 5387 1320 5441 rutili
1352 5394 1631 5443 creantcm

618 5473 765 5532 Solis
794 5488 860 5530 ac
885 5473 1027 5529 lunas
1055 5473 1320 5545 nitidique
1344 5477 1514 5531 cosmi

618 5561 837 5628 Poscst,
867 5569 926 5617 ut
954 5563 1132 5619 senats
1157 5564 1331 5619 niteat
1358 5566 1602 5622 coruscis

901 5650 1045 5706 Luce
1073 5652 1295 5721 sophia.
1677 5716 1686 5729 .

626 5747 760 5801 \‘ota
787 5750 1077 5810 cognoscat
1105 5741 1409 5799 Salomonis
1447 5746 1584 5815 «qui

2158 4663 2539 4750 cumstantium
2564 4656 2771 4734 gratius
2807 4664 3026 4730 emicat,
3064 4664 3136 4721 ita
3163 4665 3416 4719 nimirum
3446 4680 3538 4719 rex
3555 4663 3743 4732 justus

2158 4767 2224 4808 ac
2251 4753 2466 4824 sapiens
2518 4753 2743 4809 aliorum
2790 4755 3049 4810 societate
3089 4755 3353 4810 bonorum
3392 4763 3738 4824 perornetur.

2157 4841 2207 4898 ls
2230 4858 2359 4913 ergo
2386 4845 2774 4915 perspicaciter
2805 4853 3058 4915 procuret
3083 4854 3141 4900 ut
3168 4861 3275 4900 non
3301 4844 3469 4901 solum
3496 4843 3737 4899 nobilem

2156 4933 2435 5002 pulchram
2476 4949 2541 4989 ac
2587 4934 2830 5003 divitem,
2884 4936 2980 4991 sed
3027 4945 3084 4993 et
3132 4944 3359 5002 castam,
3408 4936 3734 5007 prudentem

2159 5034 2373 5092 quoque
2386 5031 2554 5092 atque
2569 5025 2622 5079 in
2650 5025 2852 5080 sanctis
2872 5025 3163 5081 virtutibus
3183 5027 3507 5097 morigeram
3535 5024 3740 5079 haheat

2158 5113 2460 5182 conjugem.
2507 5111 2641 5168 Nam
2677 5123 2936 5185 quantum
2988 5117 3186 5187 coujux
3211 5116 3334 5186 jure
3367 5125 3449 5172 est
3476 5113 3740 5184 conjunc-

2160 5207 2284 5270 tior,
2308 5212 2520 5260 tantum
2551 5215 2643 5261 aut
2698 5206 2819 5263 felle
2846 5208 3064 5263 malitiae
3091 5210 3251 5264 noxia
3280 5207 3360 5275 ﬁt,
3400 5216 3493 5263 aut
3519 5222 3740 5262 morum

2159 5296 2440 5352 dulcedine
2468 5297 2681 5353 mellea.
2733 5299 2945 5354 Etenim
2977 5300 3172 5356 mulier
3212 5301 3392 5371 inepta
3422 5301 3616 5355 domus
3657 5306 3741 5353 est

2161 5389 2367 5452 ruina,
2421 5388 2730 5444 divitiarum
2777 5390 3007 5446 defectio
3042 5430 3057 5458 ,
3090 5390 3397 5463 iniquorum
3449 5395 3743 5454 saturatio,

2162 5478 2403 5532 omnium
2422 5477 2686 5534 malorum
2723 5487 2779 5535 et
2800 5482 3051 5537 vitiorum
3091 5482 3483 5547 commoratio;
3512 5496 3635 5551 quae
3662 5480 3746 5535 di-

2161 5567 2334 5621 versis
2355 5569 2831 5638 superstitionibus
2885 5572 3110 5627 multum
3142 5587 3202 5628 se
3225 5572 3466 5627 exterius
3513 5584 3743 5633 ornans.

2162 5657 2418 5713 interiora
2465 5660 2656 5715 animm
2699 5676 2810 5715 sum
2833 5664 3005 5717 nescit
3034 5664 3314 5719 decorare.
3361 5663 3533 5729 Quem
3565 5660 3746 5730 diligit

2165 5747 2345 5811 hodie,
2372 5748 2488 5804 odit
2533 5750 2587 5804 iu
2613 5752 2874 5807 crastino.
2926 5754 2993 5808 Et
3022 5754 3160 5808 sicut
3182 5754 3403 5822 quidam
3441 5752 3517 5806 ait
3548 5770 3560 5805 :
3599 5749 3716 5803 Nau
