3982 6198
316 347 419 406 501

1291 344 1491 401 LIBER
1532 347 1620 400 DE
1663 343 2093 405 RECTORIBUS
2130 347 2580 407 CHRISTIANIS.

3468 366 3574 430 303

315 461 551 530 fragium
599 471 788 512 rerum
818 465 902 512 est
938 456 1133 513 mulier
1176 459 1318 514 male
1365 459 1470 514 ﬁda
1503 461 1719 516 marito.
1769 461 1846 514 lta
1875 475 1905 514 e
1932 466 1983 521 Α
2080 461 2276 519 Lactea
2318 465 2554 522 formoso
2575 467 2782 523 niteant
2815 469 2860 524 si
2887 469 3022 525 colla
3045 471 3259 538 decore,

313 550 597 610 contrario
634 557 790 605 easta
847 557 904 605 et
948 551 1186 620 prudens
1233 552 1428 606 mulier
1471 552 1694 607 utilibus
1738 552 1900 609 rebus

316 639 797 712 disciplinabiliter
850 639 1157 707 intendens,
1200 641 1390 696 humili
1445 639 1586 697 facie
1633 641 1900 712 hilarique

313 745 565 789 sermone
604 728 832 800 paeiﬁce
861 729 1062 784 liberos
1091 737 1146 784 et
1195 729 1456 786 familiam
1501 731 1657 801 regit,
1687 746 1895 802 proque

316 825 416 881 viri
446 821 640 884 salute,
673 819 719 874 si
749 834 974 875 necesse
1017 818 1199 885 fuerit,
1224 835 1378 874 suam
1420 821 1658 875 animam
1680 823 1902 892 opponit

315 915 503 979 morti,
523 928 590 968 ac
620 911 842 967 divitias
869 926 988 981 quae
1000 918 1130 965 sunt
1142 911 1323 966 mariti
1340 911 1423 967 sui
1447 925 1570 967 cum
1590 912 1730 967 bona
1756 911 1897 972 fama

310 1004 572 1062 custodit.
601 1001 704 1069 Qui
729 1009 817 1056 est
844 1000 1048 1056 amicus
1071 1002 1189 1072 ejus
1213 1002 1354 1067 heri,
1383 1001 1524 1057 idem
1550 1003 1756 1058 amicus
1779 1001 1897 1070 ejus

310 1098 492 1156 hodie.
518 1093 608 1150 Fit
635 1108 766 1164 ergo
812 1091 928 1162 ipsa
959 1093 1270 1147 divitiarum
1309 1092 1581 1156 deductio,
1624 1100 1679 1147 et
1703 1092 1897 1148 domus

310 1186 656 1244 confirmatio
689 1225 704 1249 ,
744 1183 849 1237 viri
892 1181 1227 1253 jucunditas,
1279 1181 1496 1237 familia:
1524 1183 1891 1252 pulchritudo,

306 1279 660 1346 omniumque
695 1275 956 1330 virtutum
989 1274 1271 1328 connexio.
1321 1273 1506 1327 Talem
1534 1282 1712 1332 autem
1740 1274 1895 1328 decet

308 1383 413 1422 non
444 1365 621 1420 solum
644 1365 762 1419 viro
807 1377 905 1418 suo
939 1371 1090 1418 casta
1132 1361 1323 1432 copula
1347 1376 1467 1417 esse
1511 1376 1810 1418 connexum
1836 1371 1891 1418 et

307 1457 602 1522 subditam,
629 1456 722 1510 sed
746 1454 966 1525 pietatis
987 1460 1042 1508 et
1070 1461 1271 1508 sancta:
1296 1453 1723 1508 conversationis
1749 1469 1892 1508 sem-

303 1565 400 1619 per
416 1549 708 1604 ostendere
751 1544 1004 1609 formam,
1036 1558 1098 1598 ac
1141 1543 1486 1614 prudentium
1536 1544 1887 1599 consiliorum

301 1652 422 1691 esse
454 1636 839 1706 repertricem.
871 1632 1022 1689 Sicut
1043 1633 1186 1687 enim
1215 1633 1563 1702 persuasione
1589 1633 1743 1688 mala:
1765 1646 1881 1688 con-

298 1725 441 1796 jugis
495 1727 758 1781 damnosa
813 1733 1108 1780 nascentur
1149 1723 1425 1794 pericula,
1482 1724 1556 1779 ita
1609 1725 1889 1795 prudentis

301 1816 490 1870 uxoris
527 1815 753 1871 consilio
790 1813 959 1868 multa
1008 1814 1335 1883 proveniunt
1379 1813 1532 1870 utilia
1576 1829 1696 1886 quae
1754 1823 1882 1870 sunt
1911 1810 1956 1871 B

298 1903 668 1974 Omnipotenti
725 1903 1084 1972 beneplacita.
1142 1903 1294 1961 Unde
1352 1911 1406 1958 et
1451 1903 1742 1974 Apostolus
1805 1905 1882 1961 ait

298 1997 558 2066 quoniam
581 1997 666 2052 vir
685 1995 918 2052 inﬁdelis
941 1995 1235 2050 salvabitur
1255 2008 1352 2066 per
1367 1994 1648 2051 mulierem
1671 1995 1881 2052 ﬁdelem

299 2085 346 2153 (Ι
371 2085 493 2138 Car.
516 2100 618 2148 vn,
658 2085 770 2153 Μ).

366 2174 479 2229 Nec
501 2174 675 2230 solum
703 2174 968 2240 infideles,
994 2169 1087 2232 sed
1122 2177 1285 2232 etiam
1323 2175 1496 2232 sancti
1519 2185 1573 2231 et
1596 2175 1878 2232 orthodoxi

294 2265 572 2336 principes
594 2265 897 2320 mirabilem
923 2281 1062 2335 saepe
1086 2266 1140 2320 in
1169 2265 1430 2320 uxoribus
1461 2265 1801 2336 perpendunt
1825 2273 1880 2320 et

295 2353 606 2410 auscultant
632 2354 992 2424 prudentiam,
1018 2371 1122 2409 non
1147 2369 1336 2409 sexum
1367 2353 1614 2425 fragilem
1636 2354 1880 2410 conside-

295 2454 501 2506 rantes,
531 2446 626 2500 sed
651 2444 861 2499 fructus
887 2445 1150 2500 bonorum
1192 2445 1541 2501 consiliorum
1571 2452 1875 2515 carpentes.

298 2538 454 2594 Unde
473 2547 531 2592 et
561 2538 628 2592 de
655 2537 874 2609 gloriosi
899 2537 1242 2608 imperatoris
1269 2536 1557 2592 Theodosii
1581 2535 1878 2591 venerabili

293 2626 523 2696 conjuge
545 2629 762 2682 nomine
789 2627 1004 2682 Placilla
1028 2627 1263 2683 refertur
1288 2627 1431 2697 quod
1460 2627 1574 2697 ipse
1601 2627 1874 2698 princeps,

294 2716 422 2769 dum
459 2716 514 2770 in
554 2731 616 2770 se
639 2717 812 2770 bonus
851 2724 907 2771 et
930 2715 1110 2786 justus
1135 2725 1188 2770 et
1215 2716 1431 2787 sapiens
1465 2724 1606 2781 erat,
1643 2715 1877 2770 h‘abebat

293 2817 347 2862 et
378 2808 545 2862 aliam
592 2807 847 2863 utilitatis
887 2808 1234 2866 occasionem
1277 2821 1565 2878 perquam
1615 2807 1681 2861 de
1718 2806 1877 2863 bonis

291 2899 548 2969 operibus
571 2899 949 2970 triumpharet.
975 2899 1181 2972 Conjux
1206 2899 1350 2955 enim
1367 2897 1485 2969 ejus
1498 2897 1708 2954 divinas
1727 2897 1875 2968 leges

291 3005 416 3044 eum
466 2990 666 3063 sepius
696 2992 1019 3047 admonebat
1049 3032 1064 3058 ,
1115 3007 1174 3046 se
1217 2992 1387 3062 ipsam
1419 3002 1601 3046 tamen
1633 2989 1874 3060 perfecte

287 3080 442 3149 prius
466 3081 739 3135 erudiens.
783 3080 898 3134 Non
923 3082 1067 3138 enim
1097 3081 1249 3153 regni
1277 3081 1508 3152 fastigiis
1531 3081 1739 3138 elevata
1767 3090 1870 3149 est,

292 3172 388 3225 sed
407 3170 588 3240 potius
613 3171 796 3227 divino
824 3186 1008 3226 amore
1033 3149 1318 3230 succensa.
1342 3149 1596 3227 Beneﬁcii
1632 3185 1868 3242 namque
1898 3149 1942 3210 ε

291 3263 810 3334 magnitudo’majus
855 3264 904 3319 ei
952 3265 1277 3319 desiderium
1331 3265 1694 3321 benefactoris
1721 3265 1874 3320 adhi-

292 3356 474 3409 bebat.
503 3351 747 3426 Repente
762 3367 994 3426 namque
1018 3355 1165 3409 venit
1201 3356 1269 3410 ad
1288 3370 1605 3426 purpuram.
1634 3355 1871 3413 Claude-

295 3461 413 3499 rum
450 3451 614 3514 atque
640 3445 898 3500 debilium
936 3446 1228 3500 maximam
1266 3445 1502 3501 habebat
1531 3461 1738 3514 curam,
1763 3461 1871 3502 non

293 3535 486 3599 servis,
514 3549 622 3588 non
645 3534 764 3589 aliis
793 3535 1056 3591 ministris
1082 3543 1255 3599 utens,
1288 3537 1380 3591 sed
1402 3552 1499 3608 per
1526 3538 1872 3609 semetipsum

294 3640 484 3695 agens,
521 3632 579 3680 et
609 3625 675 3678 ad
701 3640 889 3680 eorum
943 3626 1248 3681 habitacula
1279 3627 1503 3682 veniens
1533 3667 1549 3693 ,
1587 3635 1644 3681 et
1668 3629 1874 3684 unicui-

294 3731 398 3784 que
424 3716 570 3787 quod
597 3730 732 3786 opus
763 3715 985 3772 haberet
1011 3716 1280 3790 praebens.
1329 3717 1422 3774 Sic
1447 3717 1611 3772 etiam
1660 3733 1758 3789 per
1783 3733 1870 3774 ec-

295 3805 587 3862 clesiarum
631 3805 964 3860 xenodochia
1009 3805 1321 3862 discurrens
1347 3807 1459 3862 suis
1499 3808 1748 3862 manibus
1771 3807 1872 3864 mi-

297 3897 565 3951 nistrabat
588 3896 836 3959 infirmis,
865 3896 998 3953 ollas
1018 3912 1205 3952 eorum
1230 3906 1467 3968 tergens,
1498 3895 1590 3964 jus
1621 3906 1866 3966 gustaris,

299 3985 536 4041 oﬁ‘erens
582 3985 883 4041 cochlearia
913 4025 927 4050 ,
967 4001 1161 4056 panem
1199 3985 1452 4056 frangens
1479 3987 1739 4058 cibosque
1771 3988 1871 4041 mi-

299 4075 557 4141 nistrans,
574 4073 796 4129 calicem
821 4075 1064 4140 deluens,
1091 4083 1145 4131 et
1165 4075 1269 4132 alia
1297 4083 1491 4131 cuncta
1525 4075 1730 4131 faciens
1749 4092 1870 4148 qua:

297 4163 470 4219 servis
493 4171 553 4218 et
587 4163 850 4218 ministris
876 4178 994 4218 mos
1019 4172 1103 4219 est
1139 4164 1454 4221 solemniter
1493 4165 1729 4234 operari.
1775 4163 1870 4221 His

296 4263 476 4309 autem
503 4251 597 4323 qui
622 4267 743 4306 eam
765 4252 960 4306 talibus
983 4253 1050 4308 de
1073 4252 1235 4310 rebus
1249 4254 1560 4312 nitebantur
1582 4252 1871 4326 prohibere
1891 4269 1897 4276 ‘

297 4343 512 4398 dicebat
539 4359 553 4395 :
587 4341 794 4396 Aurum
822 4341 1150 4399 distribuere
1171 4382 1186 4406 ,
1217 4357 1354 4411 opus
1381 4342 1594 4414 imperii
1623 4351 1744 4408 est;
1770 4357 1871 4413 ego

299 4442 478 4486 autem
497 4445 599 4502 pro
628 4430 744 4501 ipso
773 4431 1003 4500 imperio
1029 4431 1132 4486 hoc
1151 4445 1288 4500 opus
1319 4429 1506 4496 oﬁero,
1563 4433 1704 4489 bona
1737 4433 1870 4486 mihi

297 4492 868 4576 omnia-conferenti:
923 4520 1056 4576 Nam
1107 4492 1226 4577 viro
1261 4537 1359 4578 suo
1416 4492 1560 4594 saepe
1614 4524 1866 4580 dicelat:
1897 4492 1948 4551 D

299 4617 523 4688 Oportet
573 4626 626 4673 te
658 4632 872 4686 semper
895 4657 909 4681 ,
936 4616 1163 4682 marite,
1202 4618 1440 4688 cogitare
1497 4617 1626 4687 quid
1668 4617 1868 4671 dudum

301 4709 468 4775 fuisti,
491 4710 625 4780 quid
649 4710 808 4764 modo
829 4709 925 4764 sis.
954 4707 1078 4763 Haec
1093 4709 1139 4764 si
1167 4723 1381 4779 semper
1405 4707 1754 4779 cogitaveris,
1779 4707 1868 4763 in-

303 4807 482 4870 gratus
525 4798 856 4856 benefactori
893 4816 1000 4856 non
1055 4801 1199 4865 eris,
1255 4803 1349 4858 sed
1399 4802 1684 4873 imperium
1727 4801 1871 4872 quod

302 4891 582 4960 suscepisti
611 4931 625 4955 ,
657 4890 901 4962 legaliter
927 4893 1252 4962 gubernabis
1283 4934 1298 4960 ,
1340 4902 1396 4948 et
1440 4893 1635 4949 harum
1689 4907 1870 4949 rerum

303 4979 536 5048 placabis
561 4989 857 5035 auctorem.
889 4981 984 5036 His
1010 4997 1138 5052 ergo
1169 4984 1510 5039 sermonibus
1544 4984 1696 5038 velut
1721 4982 1871 5052 opti-

303 5084 445 5124 mam
471 5071 764 5140 quamdam
791 5071 1084 5127 utilitatem
1124 5074 1448 5144 virtutisque
1487 5072 1872 5130 abundantiam

303 5161 512 5232 conjugi
539 5177 639 5217 suo
665 5162 944 5219 offerebat.

372 5251 482 5307 Rex
513 5253 634 5323 pius
661 5262 717 5307 et
751 5255 968 5324 sapiens
996 5264 1154 5310 terno
1180 5256 1548 5312 moderamine
1579 5264 1769 5328 regnat

591 5339 777 5398 Semet
797 5359 1031 5414 suosque
1053 5346 1314 5401 subditos.

371 5433 553 5492 Gloria
583 5438 859 5508 regnantis
879 5439 1048 5510 proba
1074 5439 1315 5495 moribus
1346 5438 1547 5493 eminet
1566 5453 1724 5504 uxor,

586 5526 737 5582 Sicut
765 5528 989 5584 honesta
1018 5531 1195 5585 vinea.

369 5614 519 5673 Illam
541 5617 794 5673 nobilitas
814 5619 1013 5689 triplici
1043 5621 1244 5676 virtute
1271 5626 1523 5677 venustet

589 5707 740 5766 ltosis
768 5709 946 5779 pudici
981 5711 1215 5784 pectoris

2284 559 2452 629 Magis
2479 561 2708 614 nitescat
2732 561 2973 617 castitas.

2075 646 2322 703 Christus
2347 659 2408 704 ut
2434 650 2732 706 Ecclesiam
2759 653 2860 707 sibi
2887 663 3038 710 casto
3059 655 3240 725 junxit
3259 674 3464 733 more,

2284 736 2435 792 Uxor
2455 739 2571 794 viro
2599 740 2676 794 sic
2702 740 2924 796 haereat.

2071 822 2216 880 Mitis
2250 825 2566 895 simplicitas
2586 827 2638 881 in
2663 827 2817 896 cujus
2847 839 3026 888 mente
3047 833 3305 892 redundet

2276 915 2435 969 Velut
2468 916 2731 972 columbae
2757 921 2949 988 gratia.

2065 1002 2240 1070 Quam
2265 1004 2483 1059 decoret
2501 1005 2697 1080 pietas.
2720 1009 3023 1077 prudentia,
3054 1025 3206 1068 sacra
3229 1021 3489 1085 potestas.

2279 1094 2474 1151 Esther
2497 1104 2557 1150 ut
2581 1097 2720 1152 alma
2753 1098 2954 1154 ﬂoruit.

2064 1182 2288 1238 Vincula
2317 1185 2467 1252 pacis
2491 1195 2674 1240 ament
2696 1202 2790 1241 rex
2821 1196 2876 1242 et
2896 1189 3100 1259 regina,
3138 1191 3349 1248 duobus

2276 1274 2358 1329 Sit
2382 1274 2558 1331 ftedus
2586 1285 2640 1330 et
2668 1279 2977 1333 concordia.

2059 1364 2245 1422 invida
2270 1380 2377 1420 non
2407 1366 2625 1421 dirimat
2641 1369 2882 1438 geminos
2913 1371 3178 1427 discordia
3209 1375 3360 1444 pacis

2275 1453 2420 1521 Quos
2441 1456 2526 1510 lex
2551 1470 2781 1525 superna
2796 1456 3070 1524 iunxerat.

2061 1543 2353 1615 Disciplina
2383 1553 2532 1615 regat
2555 1560 2784 1613 quorum
2808 1549 3101 1614 prmnobile
3124 1566 3343 1623 germen

2270 1631 2428 1689 Rami
2463 1634 2644 1689 decori
2675 1633 2922 1693 ﬂoreant.

2057 1723 2257 1778 Aridus
2281 1732 2343 1777 ut
2367 1724 2525 1778 viridi
2557 1723 2694 1780 bene
2725 1735 2938 1781 crescat
2961 1727 3015 1781 in
3045 1728 3236 1783 arbore
3261 1731 3482 1801 palmes.

2275 1813 2466 1871 Cultor
2494 1815 2668 1871 bonus
2697 1817 2800 1872 hoc
2820 1819 3086 1888 providet.

2057 1905 2314 1977 Princeps
2339 1914 2402 1960 et
2423 1908 2627 1962 rectrix
2651 1908 2906 1978 populum
2929 1908 2974 1963 si
3000 1909 3100 1967 rite
3125 1911 3450 1981 gubernant,

2189 2015 2193 2019 ’
2263 1996 2430 2052 Suam
2460 2007 2652 2070 regant
2681 1999 3008 2068 prosapiam.

2053 2086 2286 2145 Abrahae
2311 2085 2475 2143 veluti
2500 2102 2762 2158 generosa
2793 2089 2963 2159 stirpe
2981 2090 3180 2146 creatis

2261 2177 2472 2234 Ornent
2501 2179 2655 2252 poles
2683 2180 2984 2250 nepotibus.

2610 2268 2762 2324 CAP.
2806 2269 2893 2325 Vl.

2051 2359 2109 2415 In
2157 2360 2410 2416 humanis
2453 2358 2618 2415 rebus
2653 2359 2799 2414 nulla
2839 2361 3056 2430 quidem
3105 2377 3194 2416 ars
3221 2401 3237 2424 ,
3263 2370 3324 2416 ut
3349 2363 3553 2429 dicunt,

1979 2447 2250 2504 diﬂiciIior
2269 2457 2354 2503 est
2399 2462 2561 2517 quam
2586 2447 2729 2502 inter
2759 2448 3253 2504 turbulentissimas
3280 2450 3438 2519 hujus
3459 2467 3558 2506 8:13-

1977 2536 2085 2593 culi
2108 2536 2378 2606 procellas
2395 2537 2532 2592 bene
2559 2538 2851 2608 impera-re,
2877 2546 2933 2591 et
2975 2539 3196 2606 provide
3237 2555 3351 2593 rem
3378 2539 3553 2608 publi-

1977 2641 2098 2682 cam
2127 2625 2449 2695 gubernare.
2483 2623 2590 2681 Sed
2625 2625 2740 2681 haec
2767 2641 2858 2681 ars
2888 2633 3012 2682 tunc
3050 2627 3116 2680 ad
3169 2627 3332 2681 ﬁnem
3376 2628 3555 2698 perii»

1977 2715 2174 2772 ctionis
2212 2714 2482 2786 pervenit,
2506 2729 2631 2770 cum
2663 2715 2776 2784 ipsa
2821 2731 2909 2772 res
2948 2716 3160 2790 publica
3183 2717 3477 2787 prudentes
3501 2729 3554 2777 et

1974 2805 2210 2875 optimos
2249 2803 2589 2861 consiliarios
2632 2805 2815 2861 habet;
2856 2806 3022 2863 Trina
3051 2816 3232 2861 autem
3272 2808 3458 2879 regula
3499 2809 3554 2863 in

1974 2895 2214 2951 consiliis
2265 2904 2351 2951 est
2383 2896 2718 2954 observanda
2746 2913 2761 2962 ;
2788 2897 2963 2968 prima
3001 2898 3219 2969 quidem
3266 2907 3326 2952 ut
3365 2901 3548 2957 divina

1971 2993 2356 3055 praeponantur
2380 2985 2652 3052 humanis,
2676 3001 2799 3042 cum
2823 2988 3030 3045 obedire
3046 2999 3278 3058 oporteat
3293 2989 3400 3046 Deo
3433 3008 3546 3046 ma-

1972 3078 2052 3149 gis
2076 3094 2234 3150 quam
2269 3078 2565 3135 hominibus
2591 3077 2730 3150 (Act.
2759 3095 2811 3145 v,
2845 3078 2958 3150 29).
2997 3078 3054 3134 Si
3081 3080 3204 3150 quis
3224 3095 3354 3151 ergo
3377 3083 3554 3137 navim

1975 3169 2057 3224 rei
2085 3168 2314 3239 publica;
2357 3176 2616 3240 tanquam
2651 3170 2827 3226 bonus
2845 3170 3177 3241 gubernator
3203 3187 3390 3240 regere
3434 3173 3552 3229 feli-

1973 3260 2113 3316 citer
2158 3260 2396 3331 disponit
2438 3267 2495 3316 et
2531 3267 2772 3331 exoptat,
2811 3260 3012 3330 Optima
3044 3260 3259 3318 Domini
3305 3265 3552 3328 consilia,

1973 3365 2094 3422 quae
2121 3352 2176 3406 in
2218 3352 2392 3407 sacris
2435 3351 2666 3422 eloquiis
2713 3359 2838 3408 sunt
2889 3352 3188 3424 propalata,
3237 3369 3342 3409 non
3383 3355 3550 3425 negli-

1972 3449 2163 3512 genter
2183 3442 2467 3501 custodiat.
2493 3441 2740 3498 Secunda
2759 3456 2888 3498 vero
2914 3443 3261 3498 consiliorum
3284 3453 3367 3498 est
3387 3460 3548 3514 regu-

1972 3532 2044 3598 la,
2081 3541 2348 3602 quatenus
2371 3534 2632 3604 providus
2656 3543 2839 3591 rector
2863 3550 2971 3590 non
3017 3543 3124 3588 tam
3158 3535 3210 3590 in
3244 3550 3340 3587 suo
3384 3551 3545 3603 quam

1971 3625 2025 3678 in
2041 3640 2262 3680 suorum
2278 3625 2820 3696 prudentissimorum
2839 3624 3102 3677 innitatur
3123 3624 3368 3677 consilio.
3395 3623 3548 3677 Unde

1972 3716 2063 3772 illa
2106 3714 2366 3771 Antonini
2412 3713 2757 3784 imperatoris
2798 3713 3070 3783 praecipua
3106 3728 3319 3782 semper
3348 3713 3400 3766 in
3427 3729 3555 3768 con—

1972 3807 2109 3862 siliis
2129 3805 2233 3860 fuit
2256 3806 2525 3860 sententia
2550 3823 2563 3858 :
2590 3804 2822 3874 Equius
2861 3811 2946 3858 est
2973 3811 3149 3873 utego
3181 3811 3259 3857 tot
3280 3812 3332 3856 et
3363 3804 3548 3857 talium

1971 3895 2270 3952 amicorum
2317 3893 2604 3950 consilium
2640 3908 2838 3963 sequar
2859 3933 2875 3959 ,
2927 3908 3090 3961 quam
3143 3901 3205 3947 ut
3237 3902 3314 3948 tot
3337 3903 3392 3948 et
3413 3896 3550 3949 tales

1971 3985 2132 4042 amici
2157 3999 2334 4040 meam
2366 3984 2528 4042 unius
2548 3983 2884 4039 voluntatem
2916 3991 3231 4052 sequantur.
3265 3984 3551 4039 Salomone

1971 4090 2186 4146 quoque
2219 4077 2324 4130 hoc
2349 4075 2521 4144 ipsum
2558 4081 2851 4130 atteatante
2873 4115 2888 4140 ,
2921 4076 3013 4144 qui
3048 4075 3125 4130 ait
3155 4092 3168 4128 :
3207 4075 3545 4146 Dissipanlur

1972 4167 2312 4236 cogitationes
2338 4165 2427 4220 ubi
2474 4182 2579 4221 non
2607 4175 2682 4220 est
2707 4165 2984 4220 comitium
3011 4180 3028 4218 :
3061 4166 3149 4220 ubi
3177 4183 3294 4222 vero
3332 4167 3549 4237 plurimi

1972 4266 2092 4312 sunt
2116 4256 2429 4323 consiliarii,
2461 4258 2848 4327 conﬁrmantur
2891 4257 3074 4328 (Prov.
3103 4275 3192 4323 xv,
3218 4259 3324 4330 22),
3369 4267 3425 4315 et
3447 4262 3552 4315 erit

1974 4347 2120 4402 salus
2145 4347 2238 4402 ubi
2282 4346 2451 4402 multa
2499 4347 2725 4402 consilia
2756 4354 2883 4401 sunt
2921 4343 3102 4415 (Prov.
3135 4363 3190 4401 xt
3219 4387 3233 4411 ,
3269 4347 3376 4418 Us).
3413 4347 3546 4400 Nam

1973 4439 2212 4507 prudens
2238 4437 2530 4507 prudentes
2555 4437 2612 4491 in
2638 4437 2918 4492 consilium
2947 4445 3120 4499 vocat,
3150 4445 3204 4490 et
3222 4437 3337 4491 sine
3359 4453 3546 4492 eorum

1974 4529 2198 4584 consilio
2224 4529 2356 4584 nihil
2400 4528 2546 4583 facit.
2597 4528 2810 4584 Stultus
2833 4543 2963 4582 vero
2991 4528 3043 4581 in
3085 4528 3375 4596 semetipso
3400 4529 3546 4599 cogi.

1977 4625 2075 4683 tat,
2106 4626 2160 4673 et
2198 4620 2342 4690 quod
2377 4619 2495 4674 sine
2533 4618 2762 4674 consilio
2791 4618 3019 4673 aliorum
3073 4619 3180 4677 cito
3233 4619 3344 4673 vult
3395 4619 3542 4674 facit.

1977 4708 2144 4764 Porro
2171 4710 2331 4774 tertia
2380 4723 2570 4763 norma
2599 4709 2654 4764 in
2709 4709 2954 4766 consiliis
2997 4715 3082 4764 est
3119 4709 3432 4772 obtinenda,
3480 4725 3546 4766 ne

1975 4797 2149 4855 bonus
2194 4805 2374 4853 rector
2432 4797 2647 4854 dolosas
2698 4805 2755 4853 et
2781 4799 3117 4867 perniciosos
3166 4799 3380 4852 habeat.
3415 4798 3546 4864 Quis

1975 4889 2120 4948 enim
2131 4890 2289 4945 debet
2309 4887 2365 4943 in
2387 4886 2630 4946 consiliis
2659 4888 3070 4960 malignantium
3084 4887 3392 4942 conﬁdere?
3411 4888 3542 4943 Nam

1973 4981 2114 5034 sicut
2160 4979 2316 5033 vallis
2357 4991 2458 5047 per
2501 4992 2764 5048 campos,
2805 4987 2862 5032 et
2897 4977 3074 5047 laquei
3120 4977 3174 5030 in
3212 4976 3405 5046 plateis
3431 5017 3447 5043 ,
3490 4990 3540 5034 et

1973 5071 2176 5140 pedicre
2219 5068 2308 5124 ubi
2349 5083 2459 5123 non
2499 5075 2780 5138 putantur,
2822 5067 2988 5136 pedes
3017 5067 3245 5121 aliorum
3288 5068 3542 5132 retinent,

1973 5161 2050 5214 ita
2076 5159 2360 5229 impiorum
2381 5156 2605 5213 consilia
2631 5156 2754 5210 felle
2805 5155 3059 5225 nequitia:
3082 5157 3350 5225 permixta
3369 5156 3547 5227 justus

1974 5258 2031 5305 et
2067 5257 2282 5304 sanctos
2320 5249 2374 5301 in
2397 5245 2684 5301 itineribus
2709 5244 2846 5299 male
2869 5246 3184 5315 impediunt.
3227 5246 3378 5302 Sicut
3400 5249 3544 5304 enim

1978 5341 2105 5397 boni
2131 5339 2425 5397 consiliarii
2464 5351 2679 5391 sursum
2724 5351 2839 5390 rem
2867 5337 3086 5407 erigunt
3125 5339 3419 5410 publicam,
3468 5339 3547 5394 sic

1979 5430 2106 5486 mali
2156 5430 2372 5483 ruinosa
2428 5425 2737 5482 calamitate
2791 5428 3150 5497 prtecipitant.
3205 5427 3364 5482 Tales
3416 5443 3548 5498 ergo

1981 5519 2295 5591 repudiandi
2337 5525 2465 5572 sunt
2513 5515 2812 5572 consiliarii
2841 5526 3002 5590 atque
3026 5516 3348 5573 omnimodis
3369 5517 3549 5573 detes,

1979 5610 2169 5674 tandi;
2231 5607 2356 5677 quia
2415 5621 2688 5677 nunquam
2737 5621 2866 5678 erga
2917 5607 3214 5676 principem
3274 5615 3545 5666 terrenum

1981 5703 2159 5760 devoti
2200 5710 2381 5768 erunt,
2421 5699 2513 5773 qui
2549 5700 2644 5755 Dei
2691 5707 2956 5773 prmcepta
2986 5700 3125 5758 male
3157 5701 3384 5759 vivendo
3417 5715 3545 5756 con-
