3982 6198
447 327 554 384 305

451 531 614 588 mali?

523 620 628 677 Sed
656 619 794 674 sicut
819 612 1201 684 omnipotentis
1227 613 1324 668 Dei
1353 609 1709 666 saluberrima
1737 607 2022 679 divulgan-

451 713 520 767 da
541 719 666 766 sunt
702 705 926 762 consilia
977 712 1138 773 atque
1163 710 1432 773 praecepta
1466 742 1480 766 ,
1511 701 1586 755 ita
1633 713 2022 768 nonnunquam

451 799 793 875 prudentium
823 805 1095 851 rectorum
1117 795 1366 850 hostibus
1393 803 1518 848 sunt
1546 791 1870 848 occultanda
1897 805 2024 846 con-

450 893 589 951 silia.
617 889 891 959 Siquidem
923 887 976 940 in
1002 901 1060 940 re
1078 885 1292 956 publica
1322 884 1465 938 nulla
1492 891 1618 938 sunt
1642 881 1864 936 meliora
1893 895 2022 934 con—

451 983 590 1048 silia,
632 994 796 1050 quam
822 977 926 1030 alia
979 990 1098 1045 quae
1152 973 1484 1045 ignoraverit
1536 971 1897 1027 adversarius.
1930 970 2025 1023 Et-

450 1072 594 1126 enim
607 1081 856 1124 securum
880 1065 983 1119 iter
995 1064 1192 1134 agitur,
1219 1061 1361 1131 quod
1385 1062 1647 1131 agendum
1662 1061 1846 1115 hostes
1871 1058 2024 1113 mini-

452 1177 540 1217 me
564 1158 926 1229 suspicantur.
949 1157 1064 1210 Duo
1083 1168 1213 1208 vero
1225 1153 1460 1208 maxime
1473 1153 1747 1208 contraria
1763 1159 1888 1206 sunt
1902 1166 2027 1206 con-

451 1250 594 1310 silio.
617 1245 890 1302 festinatio
916 1252 970 1299 et
1007 1243 1108 1297 ira.
1152 1241 1288 1296 Nam
1316 1242 1393 1297 ira
1427 1241 1665 1296 obcaecat
1693 1240 1930 1296 animum
1958 1253 2028 1294 ne

452 1339 582 1395 utile
601 1338 781 1393 videat
801 1334 1105 1398 consilium,
1127 1340 1180 1387 et
1195 1332 1464 1402 quomodo
1491 1331 1647 1401 longa
1668 1331 1892 1386 consilia
1915 1329 2027 1398 ple-

451 1443 680 1499 rumque
691 1444 795 1481 non
814 1425 1088 1480 labuntur.
1105 1424 1258 1478 Tune
1267 1430 1447 1477 autem
1462 1421 1730 1491 praecipue
1744 1419 2025 1474 consilium

451 1520 522 1574 ad
571 1515 951 1590 prosperitatis
1008 1525 1261 1568 eventum
1311 1511 1655 1582 perducitur,
1711 1525 1833 1564 cum
1880 1509 2027 1577 regia

455 1611 651 1666 ﬁducia
690 1608 744 1662 in
791 1604 1188 1675 Omnipotentis
1235 1601 1436 1657 auxilio
1483 1600 1686 1670 ﬁgitur.
1719 1598 1871 1654 Unde
1901 1613 2030 1652 vero

454 1710 577 1774 post
595 1701 763 1756 Deum
791 1700 932 1753 bona
959 1697 1225 1767 prodeunt
1252 1694 1480 1750 consilia
1507 1693 1612 1748 nisi
1640 1708 1672 1746 a
1707 1691 1953 1746 ﬁdelibus
1975 1696 2032 1744 et

1805 317 2074 375 SEDULll
2113 318 2310 376 SCOTI

450 446 713 496 temnunt.
759 433 860 504 Qui
879 434 1022 489 enim
1050 438 1273 502 possunt
1307 444 1428 485 esse
1462 430 1609 494 boni,
1637 414 1729 500 qui
1755 429 1862 485 sibi
1891 439 2018 485 sunt
2045 435 2098 494 Α

3579 326 3685 383 ΞΜ

2259 429 2359 485 Cui
2383 429 2561 500 placet
2579 447 2736 488 omne
2757 432 2979 499 bonum,
3010 434 3253 505 displicet
3280 453 3438 492 omne
3463 438 3687 498 malum.

2193 518 2290 574 Est
2315 527 2400 575 est
2422 522 2514 590 qui
2543 536 2694 587 vere,
2718 538 2812 577 seu
2837 538 2942 578 non
2973 539 3078 578 non
3102 525 3280 581 dicere
3313 531 3476 596 norit,
3503 594 3510 596 _

2263 609 2360 664 Cui
2391 627 2484 666 cor
2514 622 2784 668 secretum
2813 624 3073 669 consonat
3095 625 3256 687 atque
3278 619 3446 688 pium.

2192 697 2294 754 Olli
2324 699 2479 756 ﬁrma
2505 702 2638 758 ﬁdes
2671 705 2781 758 vita
2815 703 2874 758 ﬁt
2905 706 3119 760 charior
3141 707 3276 776 ipsa,

2261 791 2446 846 Nescit
2474 795 2796 849 arundineas
2818 802 2999 850 texere
3029 806 3205 852 mente
3230 799 3500 868 strophas.

2194 879 2310 935 Non
2338 882 2485 936 illum
2515 891 2706 938 nutare.
2728 883 2856 940 facit
2874 885 3202 956 clangorque
3233 889 3508 958 tubarum,

2266 973 2515 1028 Anchora
2544 990 2667 1028 nam
2689 977 2870 1031 stabili
2905 977 3069 1032 corde
3095 989 3277 1034 manet
3304 981 3446 1037 ﬁdei.

2197 1061 2383 1117 Talem
2410 1080 2518 1118 non
2545 1079 2710 1134 gazae,
2745 1082 2854 1120 non
2878 1067 2995 1121 auri
3019 1067 3256 1138 pondera
3282 1081 3483 1127 norunt

2268 1151 2498 1218 Fallere,
2529 1169 2595 1208 ne
2619 1153 2746 1210 laesa
2776 1155 2847 1209 sit
2868 1156 3103 1225 pretiosa
3132 1156 3284 1214 ﬁdes.

2763 1244 2916 1301 CAP.
2957 1247 3066 1302 VII.

2197 1329 2352 1387 Nunc
2370 1340 2550 1388 autem
2575 1333 2709 1388 ordo
2741 1335 2982 1405 exposcit
3011 1344 3071 1391 ut
3099 1337 3166 1391 de
3195 1336 3352 1393 malis
3375 1339 3539 1395 etiam
3563 1342 3712 1410 prin-

2128 1424 2336 1494 cipibus
2358 1425 2536 1494 aliqua
2569 1440 2668 1481 nos
2689 1426 2928 1480 breviter
2954 1428 3407 1499 perstringamus,
3449 1430 3712 1500 quoniam

2129 1514 2196 1571 de
2249 1516 2405 1580 bonis
2432 1517 2676 1586 quaedam
2722 1517 2875 1572 utilia
2919 1518 3167 1588 sceptris,
3200 1533 3321 1588 quae
3350 1521 3429 1574 rei
3477 1521 3711 1591 publica:

2129 1604 2437 1659 necessaria
2467 1605 2722 1660 diximus.
2753 1606 2855 1661 Ubi
2885 1606 3060 1677 primo
3088 1609 3348 1676 quaeritur
3372 1625 3492 1678 quae
3543 1627 3712 1667 causa

2131 1695 2296 1749 etiam
2323 1711 2390 1751 ex
2415 1695 2570 1751 bonis
2593 1695 2764 1752 malos
2806 1697 3078 1768 principes
3121 1696 3318 1752 faciat?
3343 1699 3424 1754 Ad
3451 1701 3594 1770 quod
3633 1701 3723 1756 di-

456 1792 678 1864 Optimis
717 1790 925 1854 amicis,
967 1788 1057 1856 qui
1098 1794 1478 1857 promerentur
1505 1799 1735 1854 superna
1767 1782 2028 1837 illustrari
2056 1785 2101 1845 B
2130 1789 2356 1844 cendum
2388 1806 2400 1842 :
2431 1787 2548 1842 Jam
2572 1789 2805 1858 primum
2834 1789 3031 1860 regalis
3051 1789 3292 1856 licentia,
3314 1787 3506 1847 deinde
3525 1807 3717 1848 rerum

457 1883 650 1951 gratia,
680 1891 739 1934 ut
783 1894 889 1934 non
912 1887 1096 1934 errent
1125 1879 1179 1932 in
1219 1877 1485 1932 consilio?
1513 1876 1754 1944 Quorum
1801 1876 2028 1948 provida

452 1973 859 2036 deliberatione,
892 1971 1073 2026 divina
1121 1969 1747 2041 inspiranteclementia,
1780 1983 1920 2038 saepe
1942 1983 2030 2022 sa-

451 2065 624 2120 lubris
649 2063 862 2120 consilii
885 2065 1074 2118 botrus
1113 2063 1376 2133 carpitur.
1411 2061 1570 2117 Absit
1604 2076 1733 2116 vero
1760 2070 1818 2118 ut
1837 2061 2030 2115 crude-

453 2157 532 2212 les
561 2165 819 2228 tyrannos
858 2162 1116 2224 tanquam
1162 2153 1386 2208 infestos
1429 2155 1693 2208 dracones
1736 2153 1908 2206 bonus
1934 2151 2031 2206 ha-

452 2245 578 2299 beat
602 2243 852 2313 princeps
881 2242 1108 2305 amicos,
1137 2241 1278 2309 quod
1312 2240 1596 2310 pantheris
1625 2239 1874 2310 exemplo
1914 2237 2031 2291 ani-

453 2335 610 2390 malis
637 2334 914 2389 astruitur.
964 2331 1242 2401 Siquidem
1271 2330 1522 2401 panther,
1575 2345 1746 2400 genus
1797 2328 2032 2399 quadru-

452 2425 624 2494 pedis,
653 2431 738 2478 est
765 2431 824 2477 ut
851 2422 1060 2493 physici
1104 2421 1393 2491 perhibent
1437 2421 1678 2476 omnium
1718 2419 2031 2475 animalium

452 2516 680 2580 amicus,
711 2523 937 2585 excepto
963 2514 1217 2570 dracone.
1249 2513 1468 2569 Illorum
1520 2514 1702 2582 itaque
1731 2513 2028 2567 amicitiam

454 2607 677 2670 habeat,
707 2620 842 2674 quos
863 2607 1060 2675 probos
1091 2619 1213 2660 esse
1241 2605 1539 2676 cognoscit.
1575 2604 1678 2672 Qui
1697 2612 1822 2660 sunt
1852 2613 2031 2658 autem

450 2697 580 2752 boni
611 2697 808 2751 amici?
855 2695 958 2750 nisi
987 2695 1061 2750 illi
1092 2695 1183 2765 qui
1217 2704 1347 2750 sunt
1373 2695 1544 2750 sancti
1585 2710 1648 2750 ac
1674 2693 2028 2758 venerabiles,

449 2804 562 2843 non
590 2787 869 2852 malitiosi,
893 2803 1000 2842 non
1031 2787 1268 2854 furaces,
1300 2803 1406 2842 non
1433 2787 1664 2852 factiosi,
1694 2802 1800 2842 non
1828 2785 2029 2851 callidi,

452 2896 559 2936 non
583 2881 650 2935 ad
679 2880 879 2935 malum
906 2881 1306 2936 consentientes
1326 2921 1339 2945 ,
1368 2895 1475 2935 non
1505 2881 1770 2935 bonorum
1805 2877 2029 2944 inimici,

2129 1877 2306 1947 copia,
2334 1892 2458 1932 cum
2504 1877 2622 1948 ipsa
2661 1877 2988 1934 abundantia
3026 1894 3208 1936 rerum
3254 1896 3413 1937 causa
3441 1883 3719 1940 malorum

2129 1965 2238 2020 ﬁat.
2262 1966 2438 2022 Amici
2483 1975 2746 2036 praeterea
2792 1968 3043 2038 improbi,
3077 1969 3337 2026 satellites
3383 1971 3720 2038 detestandi.

2127 2058 2362 2113 eunuchi
2391 2059 2715 2125 avarissimi,
2743 2059 2902 2114 aulici
2931 2060 3010 2115 vel
3041 2061 3190 2116 stulti
3221 2062 3306 2116 vel
3335 2061 3718 2131 detestabiles,

2127 2160 2223 2216 per
2247 2161 2386 2216 quos
2409 2161 2597 2202 omnes
2625 2147 2788 2202 etiam
2832 2148 2887 2201 in
2914 2147 3004 2204 illo
3053 2148 3392 2204 dominatore
3427 2150 3517 2219 qui
3561 2151 3723 2205 vide-

2127 2238 2287 2293 batur
2311 2239 2487 2294 bonus
2511 2252 2631 2294 esse
2659 2239 2900 2294 nascitur
2947 2239 3147 2295 oblivio
3192 2241 3570 2295 mandatorum
3592 2240 3722 2297 Dei.

2128 2327 2428 2393 Postremo,
2459 2328 2604 2398 quod
2631 2329 2816 2398 negari
2862 2345 2968 2383 non
3021 2337 3222 2400 potest,
3263 2345 3443 2385 rerum
3471 2331 3728 2400 publica-

2130 2430 2251 2470 rum
2292 2415 2610 2486 ignorantia.
2639 2417 2777 2473 Hinc
2804 2417 3062 2489 colligunt
3083 2433 3142 2473 se
3171 2426 3402 2486 quatuor
3423 2419 3507 2473 vel
3548 2424 3728 2489 quin-

2129 2523 2257 2578 que,
2280 2517 2441 2578 atque
2462 2526 2629 2564 unum
2659 2510 2942 2566 consilium
2971 2511 3038 2566 ad
3077 2512 3451 2581 decipiendum
3483 2512 3729 2583 impera-

2131 2606 2302 2654 torem
2350 2613 2444 2654 seu
2473 2614 2651 2668 regem
2685 2600 2923 2672 capiunt.
2968 2599 3167 2655 Dicunt
3215 2602 3344 2672 quid
3374 2604 3722 2672 probandum

2129 2688 2226 2742 sit.
2246 2689 2543 2757 Imperator
2570 2690 2660 2758 qui
2687 2690 2829 2744 domi
2861 2689 3077 2745 clausus
3104 2699 3208 2757 est,
3233 2707 3364 2748 vera
3393 2709 3500 2748 non
3528 2694 3724 2750 novit:

2131 2775 2340 2844 cogitur
2366 2777 2469 2830 hoc
2501 2785 2706 2830 tantum
2733 2778 2876 2849 quod
2899 2777 2974 2833 illi
3005 2778 3321 2850 loquuntur,
3350 2780 3482 2836 facit
3502 2781 3728 2852 iudices

2130 2882 2267 2936 quos
2289 2865 2405 2921 ﬁeri
2437 2883 2544 2923 non
2571 2875 2803 2938 oportet,
2827 2878 3040 2926 amovet
3060 2886 3091 2925 a
3122 2887 3182 2927 re
3209 2873 3420 2942 publica
3449 2889 3586 2943 quos
3613 2876 3724 2932 de-

452 2985 559 3026 non
584 2970 881 3035 libidinosi,
911 2984 1087 3039 neque
1122 2970 1368 3026 crudeles
1395 3009 1410 3037 ,
1441 2984 1547 3024 non
1575 2969 2034 3024 circumventores
2133 2957 2261 3012 beat
2287 2959 2552 3014 obtinere.
2578 2959 2730 3015 Unde
2759 2961 2924 3015 etiam
2952 2963 3202 3018 venditur
3231 2964 3404 3020 bonus
3426 2975 3480 3021 et
3523 2977 3727 3026 cautus

452 3059 536 3116 aui
563 3058 854 3128 principis;
879 3059 974 3113 sed
997 3060 1187 3123 sancti,
1209 3059 1569 3123 continentes,
1602 3057 1860 3128 religiosi,
1886 3071 2034 3111 ama-
2080 3127 2097 3128 ﬂ
2134 3056 2189 3102 ει
2214 3049 2450 3117 Optimus
2473 3049 2787 3119 imperitior,
2813 3052 2903 3120 (illi
2926 3067 2990 3106 ϐο
3016 3053 3133 3121 ipso
3154 3054 3319 3110 miser
3345 3055 3572 3112 efﬁcitur
3591 3073 3727 3114 cum

454 3127 601 3204 tores
634 3149 897 3218 principis
918 3148 1024 3214 sui,
1045 3157 1100 3204 et
1123 3149 1214 3219 qui
1244 3149 1311 3202 de
1336 3149 1425 3204 illo
1450 3164 1550 3206 nec
1573 3148 1674 3218 ipsi
1696 3127 1897 3214 rident,
1929 3161 2030 3202 nec

2137 3137 2274 3204 apud
2303 3137 2476 3207 ipsum
2501 3153 2630 3192 vera
2662 3138 3012 3194 reticeantur.
3057 3142 3194 3198 Hinc
3220 3159 3361 3213 smpe
3389 3147 3726 3205 tumultuosa

453 3239 586 3295 risui
608 3253 730 3294 esse
753 3237 946 3292 volunt
968 3278 983 3304 ,
1011 3240 1104 3308 qui
1135 3254 1307 3306 neque
1332 3239 1666 3294 mentiuntur
1692 3277 1707 3304 ,
1733 3252 1910 3306 neque
1932 3236 2025 3290 ﬁn-

451 3337 599 3401 gunt,
644 3338 699 3383 et
739 3343 1015 3397 nunquam
1045 3329 1320 3399 decipiunt
1350 3347 1364 3393 ;
1398 3331 1492 3384 sed
1527 3343 1750 3384 veraces
1773 3369 1787 3392 ,
1839 3327 2031 3392 sobrii,

451 3419 746 3489 prudentes
793 3427 955 3489 atque
999 3420 1055 3474 in
1105 3419 1359 3476 omnibus
1392 3435 1489 3474 suo
1536 3420 1769 3490 principi
1826 3418 2029 3475 ﬁdeles.

453 3509 680 3565 Talibus
720 3511 903 3580 itaque
925 3512 1188 3581 personis
1231 3512 1380 3568 salva
1417 3511 1647 3567 efﬁcitur
1677 3528 1763 3568 res
1796 3512 2034 3584 publica,

453 3597 634 3667 piiqne
653 3600 959 3670 regnatoris
995 3599 1139 3654 fama
1176 3601 1373 3656 crescit
1409 3609 1465 3656 et
1489 3600 1678 3672 gloria.

524 3689 744 3760 Absque
767 3692 1133 3762 gubernaculo
1155 3692 1308 3746 navis
1334 3707 1430 3747 ceu
1462 3700 1618 3746 nutat
1644 3693 1697 3747 in
1734 3693 1842 3748 alto

591 3777 892 3844 Fluctibus,
928 3795 990 3834 ac
1015 3780 1235 3834 tumidis
1265 3781 1506 3834 tunditur
1534 3781 1624 3836 illa
1655 3783 1819 3848 notis,

525 3865 714 3922 Gloria
743 3869 820 3924 sic
852 3870 1002 3941 regni
1027 3870 1397 3940 praeclaraque
1422 3880 1634 3941 sceptra
1662 3871 1964 3938 labascunt,

595 3958 653 4012 In
683 3974 1008 4029 pessumque
1029 3961 1252 4026 cadunt,
1283 3963 1422 4016 heu!
1452 3963 1569 4017 sine
1596 3963 1840 4017 consilio.

527 4044 660 4099 Nam
685 4055 813 4100 sunt
839 4047 1081 4100 nonnulli
1104 4063 1335 4115 quorum
1363 4049 1424 4102 ﬁt
1449 4049 1639 4104 mellea
1669 4051 1870 4119 lingua,

594 4135 812 4203 Aspidis
835 4143 893 4188 at
921 4137 1114 4191 subtus
1143 4144 1284 4190 tetra
1309 4153 1514 4192 venena
1541 4138 1730 4195 latent.

526 4224 628 4291 Qui
655 4223 974 4280 deleniﬁciis
1001 4227 1335 4296 persuadent
1360 4227 1541 4282 omnia
1568 4229 1765 4292 verbis,

596 4316 836 4384 Quorum
869 4332 1048 4372 sermo
1077 4318 1272 4388 strepit
1297 4317 1639 4373 subdolaceu
1663 4319 1836 4374 fovea.

528 4406 731 4461 florum
763 4407 992 4462 consilio
1019 4422 1105 4462 res
1129 4406 1346 4477 publica
1365 4405 1512 4462 .fulta
1541 4408 1754 4463 videtur

527 4588 608 4642 0b
632 4587 734 4640 hoc
759 4585 971 4640 consilii
997 4585 1326 4656 praedulcem
1357 4599 1582 4655 carpere
1609 4587 1822 4642 botrum

595 4676 731 4730 Cum
755 4674 1034 4730 submersa
1059 4682 1181 4729 ruat
1205 4690 1239 4730 o
1266 4675 1574 4731 miseranda
1605 4675 1793 4730 nimis!

594 4855 714 4911 lam
744 4856 898 4911 decet
924 4854 1197 4911 excelsum
1226 4857 1319 4925 qui
1356 4863 1502 4912 tenet
1533 4857 1840 4927 imperium.

527 4947 799 5004 Dorcades
820 4953 881 5000 ut
905 4946 1053 5017 vigili
1079 4947 1278 5002 montis
1306 4946 1374 5002 de
1399 4948 1603 5004 vertice
1629 4949 1750 5004 visu

598 5040 715 5107 Quo
740 5041 849 5096 cito
879 5038 1242 5110 transfugiant
1265 5048 1459 5095 cuncta
1490 5040 1687 5110 pericla
1719 5049 1928 5106 notant,

529 5131 620 5184 Sic
645 5131 869 5186 adversa
896 5138 1054 5186 cavet
1079 5131 1345 5200 speculari
1375 5129 1578 5185 lumine
1608 5131 1807 5186 mentis

601 5219 715 5274 Dux
747 5220 920 5276 bonus
946 5230 1065 5276 arte
1091 5221 1231 5277 bona
1258 5221 1606 5291 consiliisque
1633 5223 1838 5292 probis.

525 5311 635 5366 Ceu
673 5313 1023 5382 margaritum
1053 5312 1250 5367 bibulis
1276 5313 1568 5382 praenobile
1592 5314 1838 5379 conchis,

599 5403 880 5470 Quomodo
907 5403 1156 5459 dulcilluo
1184 5406 1288 5458 mel
1321 5405 1620 5474 legiturque
1643 5404 1786 5471 favo,

528 5491 619 5548 Sic
649 5503 706 5549 et
735 5494 1032 5548 amicorum
1061 5509 1196 5563 puro
1228 5495 1294 5547 dc
1322 5495 1470 5548 fonte
1503 5495 1786 5563 legendum

597 5584 660 5636 Et
683 5584 838 5639 decet
865 5594 918 5639 et
939 5585 1161 5655 prodest
1188 5587 1319 5641 utile
1341 5588 1647 5642 consilium.

530 5671 700 5726 Verus
724 5674 972 5728 amicitiae
1000 5683 1182 5730 custos
1219 5676 1336 5738 sine
1366 5675 1488 5730 felle
1510 5679 1792 5748 probatur,

2135 3226 2624 3294 indisciplinatione
2655 3234 2708 3281 et
2737 3227 2832 3281 Dei
2860 3227 3052 3283 cultrix
3094 3231 3267 3298 pietas
3298 3242 3354 3288 et
3392 3236 3594 3291 veritas
3621 3249 3721 3306 op

2134 3320 2408 3389 primitur,
2453 3334 2576 3374 cum
2613 3319 2838 3374 multum
2862 3321 3140 3393 derogatio
3183 3323 3473 3392 praevaleat
3503 3327 3729 3394 quando

2136 3413 2486 3482 derogatores
2516 3413 2812 3467 creduntur
2842 3412 2947 3467 ﬁde
2995 3413 3163 3484 digni,
3191 3429 3327 3483 quos
3351 3416 3563 3486 gemina
3591 3431 3699 3485 pes

2138 3505 2206 3560 tis
2223 3505 2521 3572 corrumpit
2544 3503 2917 3570 acerbissima,
2932 3519 3084 3559 amor
3105 3504 3357 3561 videlicet
3382 3504 3642 3562 falsitatis
3667 3517 3728 3564 et

2138 3599 2320 3655 odium
2349 3600 2614 3654 veritatis.

2350 3688 2520 3755 Quam
2546 3688 2892 3760 prmcipitans
2918 3689 3077 3746 turbo
3112 3699 3359 3762 regentes

2351 3779 2629 3834 Subvertit
2647 3780 2876 3835 nimium
2896 3781 3048 3850 00pia
3079 3784 3292 3835 rerum!

2348 3870 2448 3938 Qui
2474 3871 2816 3940 primumque
2844 3871 2967 3925 boni
3001 3871 3262 3941 regimine
3297 3872 3522 3938 clarent,

2348 3960 2512 4014 Fiunt
2538 3975 2682 4029 saepe
2710 3961 2838 4016 mali
2871 3961 2976 4016 ﬁne
3009 3961 3258 4031 profano.

2353 4051 2538 4106 Sacris
2565 4053 2658 4122 qui
2694 4052 2909 4108 fuerant
2938 4055 3180 4108 moribus
3205 4068 3421 4117 aurum,

2351 4140 2472 4196 Mox
2501 4141 2721 4211 plumbo
2745 4143 2952 4198 similes
2979 4145 3161 4198 viliter
3190 4145 3433 4200 horrent.

2351 4231 2416 4286 Et
2437 4233 2529 4300 qui
2561 4233 2686 4288 vitis
2715 4241 2872 4288 erant
2898 4235 3066 4289 ubere
3091 4234 3218 4300 laeti,

2352 4319 2657 4390 Agrescunt
2681 4322 2845 4377 veluti
2873 4331 3055 4393 spreta
3078 4323 3350 4378 labrusca.

2353 4411 2630 4467 lncautum
2658 4411 2934 4468 dominum
2965 4422 3145 4470 mente
3170 4415 3455 4484 strophosa

2358 4502 2571 4557 Fallunt
2595 4505 2888 4573 pra'cupidi
2913 4506 2990 4560 sic
3018 4513 3073 4560 et
3109 4505 3288 4560 amici.

2362 4594 2542 4650 Multis
2567 4595 2689 4650 inde
2715 4595 2852 4650 dolis
2877 4597 3116 4666 optimus
3145 4596 3233 4652 ille

2353 4683 2565 4752 Anceps
2595 4682 2655 4737 ﬁt
2677 4683 2913 4738 titubans
2939 4685 3080 4739 sicut
3108 4685 3337 4751 arundo,

2355 4772 2678 4843 Ignoratque
2704 4773 2871 4829 miser
2893 4772 3111 4844 ﬁgmina
3139 4771 3282 4840 falsi,

2355 4863 2467 4918 Nec
2497 4864 2679 4919 lucent
2696 4864 2914 4920 domino
2944 4865 3147 4919 lumina
3170 4864 3306 4918 veri.

2345 4955 2480 5011 Nam
2511 4962 2718 5012 enecant
2740 4956 2927 5012 oculos
2956 4957 3100 5028 regis
3123 4958 3380 5022 honores,

2346 5047 2574 5113 Aurum,
2602 5048 2824 5112 divitiae,
2855 5048 3059 5114 nubila,
3088 5048 3317 5114 mendae,

2352 5138 2544 5194 Vultus
2569 5139 2787 5195 feminei
2823 5136 3014 5196 blanda
3043 5142 3309 5212 voluptas,

2346 5229 2510 5286 Chari
2537 5232 2790 5297 falsidici,
2819 5249 3040 5304 pompa,
3062 5242 3322 5304 potestas.

2767 5325 2919 5382 CAP.
2957 5326 3088 5381 Vill.

2211 5410 2367 5467 Modo
2394 5425 2733 5482 consequens
2760 5428 2880 5470 esse
2912 5415 3126 5474 videtur
3152 5425 3420 5486 quatenus
3449 5415 3516 5470 de
3541 5413 3727 5485 impiis

2141 5499 2442 5556 rectoribus
2469 5515 2567 5555 nos
2595 5502 2944 5567 disseramus,
2974 5510 3033 5558 ut
3061 5504 3242 5573 agnita
3275 5503 3490 5558 illorum
3516 5502 3727 5556 malitia

2139 5595 2193 5640 et
2221 5587 2452 5656 pessimo
2481 5589 2534 5642 in
2559 5590 2661 5644 hoc
2689 5591 2887 5646 szeculo
2915 5592 3043 5658 ﬁne,
3074 5602 3332 5665 perpetua
3359 5593 3594 5669 quadam
3639 5608 3728 5646 ra-

2141 5678 2306 5742 tione,
2329 5679 2417 5749 qui
2442 5681 2674 5748 prudens
2701 5692 2786 5736 est
2816 5692 2996 5738 rector
3018 5699 3048 5738 ει
3081 5684 3237 5740 malis
3263 5684 3519 5756 operibus
3549 5697 3608 5738 se
3633 5684 3727 5737 ab-
