3982 6198
349 315 460 404 sos

1315 351 1537 422 _LlBER
1579 361 1666 415 DE
1706 358 2139 422 RECTORIBUS
2171 354 2622 426 CllRlS’l‘lANlS.

3500 380 3602 435 500

347 458 606 516 stinendo
629 458 845 516 cau'tio‘r
868 467 922 513 et
952 460 1142 516 melior
1167 461 1280 528 fiat,
1333 475 1494 535 atque
1521 485 1732 525 summo
1772 471 1934 527 bene-
1961 477 2011 534 Α
2036 483 2158 528 ctus
2182 484 2343 544 atque
2371 477 2716 534 discalciatus
2745 487 2799 536 et
2824 481 3018 538 vinctis
3053 485 3298 541 manibus
3327 488 3603 558 deductus,

345 549 544 605 Tactori
571 547 789 619 placere
816 566 1140 622 magnopere
1161 564 1432 622 procuret.
1450 557 1587 624 Quid
1604 569 1728 614 sunt
1753 571 1931 617 autem

346 640 501 710 impii
538 656 716 710 reges,
741 642 846 696 nisi
875 642 1109 712 majores
1150 651 1415 701 terrarum
1441 647 1699 714 latrones,
1724 649 1934 708 feroces

351 737 413 784 ut
439 729 650 795 leones,
680 731 855 786 rabidi
881 740 940 787 ut
967 733 1119 788 ursi?
1143 734 1282 790 sicut
1310 736 1571 806 scriptum
1599 747 1682 794 est
1711 740 1777 795 de
1803 734 1893 797 illo
1916 759 1928 795 :

347 817 456 874 Leo
482 821 716 890 rugiens,
741 829 792 875 et
832 838 986 877 ursus
1016 823 1272 890 esuriens,
1293 825 1530 895 princeps
1567 827 1756 898 impius
1780 847 1936 900 super

346 907 600 978 populum
627 925 907 978 pauperem
933 909 1116 982 (Prov.
1145 928 1336 979 xxvm,
1365 913 1473 986 15).
1505 915 1619 970 Rex
1666 918 1933 988 siquidem

348 997 546 1071 impius
577 1006 837 1070 tanquam
879 1001 1053 1057 leonis
1094 1016 1384 1073 personam
1412 1004 1617 1061 habens
1662 1009 1732 1063 ad
1768 1023 1934 1065 omne

345 1102 668 1159 responsum
698 1091 899 1146 acriter
927 1092 1151 1148 verbum
1176 1107 1410 1163 nequam
1441 1095 1560 1151 sine
1586 1098 1932 1166 prudentium

345 1179 578 1234 consilio
607 1195 731 1236 cum
759 1181 907 1236 omni
953 1181 1158 1237 malitia
1183 1183 1414 1255 profert,
1443 1185 1615 1242 bonos
1641 1187 1933 1245 humiliaus

344 1269 627 1340 malosque
656 1272 932 1338 exaltans;
962 1273 1116 1343 cujus
1146 1273 1263 1329 dies
1299 1275 1703 1342 abbreviantur,
1734 1286 1789 1332 et
1815 1279 1932 1348 ejus

345 1356 613 1411 memoria
648 1371 775 1412 cum
822 1359 1002 1413 sonitu
1047 1358 1263 1429 peribit.
1320 1360 1570 1418 Peccavit
1617 1363 1761 1418 enim
1813 1365 1932 1435 plus

344 1460 511 1516 quam
532 1447 734 1516 potuit.
765 1446 924 1502 Tales
967 1448 1151 1518 itaque
1175 1457 1306 1504 sunt
1331 1451 1492 1506 amici
1520 1451 1805 1517 malorum,
1830 1453 1932 1508 ini-

342 1535 472 1590 mici
501 1537 794 1602 bonorum,
822 1537 966 1593 servi
1011 1537 1248 1594 libidinis
1273 1547 1328 1594 et
1373 1541 1633 1607 avaritiae,
1675 1543 1816 1598 servi
1845 1550 1928 1599 to-

338 1623 452 1680 tius
473 1626 750 1695 nequitiae,
783 1627 1022 1682 ministri
1054 1628 1278 1695 diaboli,
1301 1643 1517 1700 semper
1531 1631 1840 1688 laborantes
1865 1647 1929 1688 ac

339 1714 482 1770 nihil
530 1714 812 1781 facientes,
841 1719 1080 1790 gurgites
1122 1721 1345 1776 humani
1392 1724 1628 1792 generis,
1667 1725 1924 1792 miseriae,

2036 564 2090 620 in
2120 567 2344 624 Vulcani
2387 571 2549 627 ollam
2577 572 2813 642 jactatus
2853 586 2955 632 est.
3001 577 3135 633 Nam
3178 582 3302 650 quia
3345 583 3605 640 Joannem

2033 670 2228 726 papam
2274 658 2556 732 alliigendo
2589 665 2641 719 in
2699 669 2940 723 custodia
2975 670 3195 736 occidit,
3224 671 3606 743 Symmachum

2034 759 2248 816 quoque
2268 751 2558 817 patricium
2588 753 2733 810 ferro
2763 759 3064 823 trucidavit,
3097 761 3164 814 ab
3196 761 3300 816 illis
3350 764 3401 816 in
3428 765 3604 834 ignem

2033 834 2308 892 immissus
2329 842 2597 910 apparuit,
2623 858 2757 912 quos
2778 847 2828 899 in
2858 847 2959 902 hac
2979 849 3087 902 vita
3107 849 3299 917 injuste
3319 850 3602 919 judicavit.

2031 923 2077 981 Ο
2103 942 2262 997 quam
2290 931 2534 987 districta
2560 942 2615 988 et
2632 935 2778 1004 justa
2806 945 2929 991 sunt
2947 938 3344 1009 Omnipotentis
3368 942 3600 1011 judicia!

2031 1016 2186 1085 cujus
2219 1021 2540 1090 disponente
2582 1033 2715 1078 nutu
2758 1025 2916 1098 digna
2964 1028 3097 1084 ultio
3123 1031 3382 1086 immitem
3419 1042 3604 1088 secuta

2029 1114 2114 1162 est
2142 1115 2447 1178 tyrannum.
2480 1112 2614 1168 Nam
2638 1114 2728 1184 qui
2757 1116 2928 1172 servis
2955 1117 3168 1173 Domini
3194 1119 3391 1189 injuste
3429 1129 3607 1178 trans-

2031 1193 2250 1253 itoriam
2290 1207 2520 1255 mortem
2575 1202 2773 1264 intulit,
2817 1204 3012 1274 duplici
3060 1216 3234 1262 morte
3279 1211 3525 1279 corporis
3551 1217 3608 1266 et

2033 1286 2230 1342 anima:
2257 1287 2402 1359 juste
2431 1290 2657 1360 deperit.
2691 1292 2792 1359 Qui
2829 1293 2960 1348 alios
2987 1297 3238 1363 praesenti
3267 1297 3379 1352 vita
3411 1299 3606 1368 spolia-

2028 1387 2206 1442 verat,
2230 1378 2344 1446 ipse
2366 1388 2476 1434 tam
2505 1390 2884 1437 momentanea
2919 1399 3077 1453 quam
3113 1393 3316 1442 aeterna
3343 1388 3454 1442 vita
3479 1404 3606 1459 spo—

2027 1464 2190 1521 liatus
2224 1467 2348 1522 fuit.
2379 1469 2524 1525 idem
2572 1470 2754 1539 itaque
2783 1473 3053 1542 geminum
3099 1479 3309 1547 peregit
3355 1480 3600 1536 ministe-

2029 1555 2201 1623 rium;
2227 1573 2354 1612 nam
2388 1558 2490 1613 sibi
2516 1560 2780 1630 gehennae
2812 1563 3129 1636 supplicium
3160 1567 3250 1620 ubi
3271 1569 3604 1623 eruciabitur

2027 1642 2082 1698 in
2108 1645 2304 1701 saecula
2347 1647 2688 1715 saeculorum,
2716 1652 2919 1706 sanctis
2974 1667 3104 1708 vero
3146 1669 3394 1724 supernae
3420 1657 3602 1727 gloria:

2022 1732 2257 1800 palmam
2282 1735 2699 1792 administravit.
2728 1737 2931 1807 lnjuste
2955 1741 3179 1812 judicati
3221 1743 3356 1799 ﬁunt
3382 1755 3601 1816 repente

336 1803 538 1876 pabula
568 1815 785 1907 aeternae
827 1809 1103 1878 gehennae,
1143 1818 1204 1864 ut
1249 1811 1444 1868 cedrus
1479 1813 1656 1868 subito
1682 1814 1924 1880 exaltali,
1955 1817 2002 1877 B
2025 1823 2290 1890 coronati,
2322 1832 2485 1894 atque
2526 1825 2738 1894 judices
2785 1803 3068 1886 abomino
3103 1831 3158 1886 in
3205 1803 3475 1890 crudelem
3523 1845 3603 1907 ty-

338 1895 436 1950 sed
460 1895 514 1950 in
531 1895 798 1966 profunda
817 1901 1003 1953 tartari
1031 1901 1371 1971 przecipitati.
1389 1901 1526 1957 Hinc
1543 1903 1827 1959 Psalmista
1848 1906 1928 1960 di-

339 1983 460 2039 cit:
495 1981 620 2038 Vidi
639 1985 859 2053 impium
902 1987 1350 2057 superexaltatum
1390 1998 1438 2043 et
1472 1988 1724 2044 eleuatum
1750 2000 1807 2045 ut
1844 2009 1926 2047 ce-

339 2073 463 2129 dros
489 2073 702 2142 Libani,
738 2085 787 2130 et
812 2079 1031 2132 transivi
1074 2087 1123 2132 et
1165 2096 1280 2134 ecce
1313 2097 1420 2135 non
1461 2090 1594 2147 erat,
1618 2093 1667 2137 et
1711 2086 1925 2154 qumsivi

337 2181 474 2228 nm,
498 2176 550 2220 et
573 2183 676 2222 non
701 2179 776 2223 est
818 2171 1056 2224 inventus
1099 2169 1245 2226 locus
1272 2171 1387 2242 ejus
1413 2170 1586 2244 (Psal.
1618 2190 1804 2240 xxxvr,
1831 2175 1920 2243 35,

337 2255 451 2327 56).
478 2255 704 2312 Florent
746 2259 892 2313 enim
940 2260 1082 2315 sicut
1127 2260 1274 2315 olera
1303 2269 1360 2316 et
1399 2261 1582 2318 fenum
1616 2265 1754 2335 agri,
1779 2265 1924 2335 quod

339 2343 500 2400 hodie
526 2361 652 2400 cum
682 2348 1030 2416 speciositate
1066 2349 1260 2415 oritur,
1310 2357 1365 2406 et
1403 2351 1456 2405 in
1492 2351 1732 2408 crastino
1778 2367 1924 2408 ares

337 2447 468 2489 cens
509 2451 617 2490 non
649 2439 935 2507 reperitur.
983 2440 1059 2494 De
1085 2440 1280 2510 quibus
1319 2455 1418 2511 per
1439 2442 1758 2512 prophetam
1796 2444 1923 2499 diei-

338 2533 428 2579 tur
457 2545 470 2580 :
501 2527 609 2598 Ipsi
654 2539 1034 2599 regnaverunt,
1064 2539 1120 2587 et
1148 2548 1255 2587 non
1285 2548 1350 2588 ex
1379 2550 1496 2601 me;
1529 2535 1801 2605 principes
1827 2550 1920 2591 ex-

337 2617 614 2684 stiterunt,
645 2627 699 2674 et
729 2634 830 2690 ego
859 2621 1134 2690 ignoravi;
1167 2621 1260 2691 qui
1298 2637 1474 2692 neque
1517 2631 1665 2679 recte
1687 2632 1743 2679 et
1769 2625 1924 2696 regia’

334 2713 420 2768 via
450 2714 634 2768 sciunt
662 2729 758 2769 seu
801 2715 988 2769 volunt
1016 2715 1290 2782 incedere,
1319 2717 1414 2772 sed
1442 2717 1508 2772 ad
1538 2717 1816 2772 dexteram
1846 2719 1919 2774 si-

325 2803 668 2873 uistramque
718 2812 920 2859 norunt
940 2804 1236 2860 declinare.
1273 2805 1480 2872 Quibus
1503 2807 1764 2876 competit
1789 2807 1917 2864 illud

323 2893 476 2962 quod
495 2907 601 2961 per
645 2893 841 2948 Isaiam
881 2893 1141 2950 Dominus
1187 2894 1425 2965 loquitur
1467 2895 1689 2951 dicens:
1715 2895 1918 2952 Dereli-

321 2989 569 3050 queruut
611 2983 902 3038 Dominum
953 2984 1199 3050 sabaoth,
1248 2992 1304 3040 et
1363 2984 1773 3041 ambulaverunt
1820 3000 1920 3057 per

325 3071 446 3125 vias
469 3073 731 3129 distortas
751 3073 888 3145 (Isa.
917 3091 957 3141 ι,
986 3074 1064 3148 4).
1095 3074 1274 3132 Dolosi
1311 3077 1366 3129 in
1416 3076 1677 3143 consiliis,
1701 3084 1918 3133 atroces

324 3168 384 3216 et
427 3163 676 3218 mendosi
708 3164 760 3217 in
784 3165 982 3231 verbis,
1013 3165 1234 3236 maligni
1270 3165 1326 3219 iu
1365 3165 1638 3234 operibus,
1679 3181 1909 3236 quorum
1938 3151 1983 3214 C

325 3253 454 3310 finis
499 3255 607 3310 erit
657 3257 950 3311 secundum
1003 3271 1166 3326 opera
1211 3271 1418 3311 eorum.
1448 3255 1527 3311 De
1576 3257 1772 3326 quibus
1816 3271 1914 3328 per

323 3346 582 3401 eumdem
601 3347 922 3416 prophetam
944 3347 1142 3403 dicitur
1166 3365 1179 3401 :
1202 3346 1458 3401 Dominus
1479 3348 1799 3401 exercituum
1825 3363 1912 3402 co-

322 3436 535 3506 gitarit,
563 3444 619 3488 ut
645 3436 937 3490 detraheret
981 3436 1277 3508 superbiam
1311 3438 1480 3491 omnis
1528 3435 1730 3506 gloriw,
1756 3445 1804 3491 et
1839 3438 1910 3492 ad

321 3523 672 3594 ignominiam
725 3525 999 3580 deduceret
1027 3524 1248 3596 inclytos
1290 3534 1443 3580 terra:
1482 3524 1617 3598 (Isa.
1640 3541 1800 3592 nul,
1831 3525 1906 3598 9).

322 3613 437 3670 Sed
455 3624 512 3670 et
535 3616 725 3672 beatus
749 3617 849 3673 Job
882 3635 896 3671 :
915 3617 1078 3683 Laus,
1100 3617 1294 3688 inquit,
1318 3619 1594 3688 imperium
1616 3617 1782 3673 brevis
1803 3626 1908 3684 est,

315 3714 373 3758 et
397 3704 568 3775 gloria
588 3707 872 3777 hypocrita:
898 3716 971 3761 est
1000 3707 1171 3760 instar
1209 3707 1386 3778 puncti
1422 3705 1543 3778 (Job
1565 3722 1656 3772 xx,
1679 3705 1755 3778 5).
1783 3706 1911 3763 Haec

322 3796 532 3851 etenim
579 3797 689 3852 vita
716 3797 1025 3867 temporalis
1059 3798 1113 3852 in
1143 3797 1547 3867 comparatione
1590 3797 1909 3854 aeternitatis

324 3888 554 3944 minimo
572 3899 774 3959 puncto
797 3897 1161 3959 comparatur.
1205 3889 1297 3944 Vae
1329 3897 1510 3944 autem
1551 3889 1658 3944 illis
1694 3891 1786 3959 qui
1808 3905 1907 3961 pro

323 3994 499 4050 parvo
544 3990 744 4051 puncto
779 3982 1064 4051 praesentis
1089 3979 1364 4037 felicitatis
1408 3980 1646 4037 vendunt
1679 3981 1904 4052 gloriam

323 4081 545 4128 eterna:
574 4073 951 4129 beatitudinis!

396 4162 608 4230 Quanta
653 4180 784 4221 vero
825 4165 908 4219 vel
940 4165 1159 4220 eosdem
1189 4164 1435 4220 subditos
1481 4162 1624 4218 mala
1651 4163 1732 4219 vel
1760 4164 1906 4235 ipsos

320 4262 568 4307 rectores
592 4253 724 4309 ultio
751 4254 929 4308 divina
951 4260 1332 4323 consequatur,
1364 4269 1470 4308 non
1499 4261 1583 4307 est
1607 4263 1805 4308 nostra:
1831 4253 1905 4308 fa-

319 4333 544 4396 cultatis
575 4356 865 4409 enarrare;
897 4343 988 4398 sed
1005 4353 1182 4412 pauca
1205 4343 1270 4397 de
1297 4342 1481 4398 multis
1502 4342 1678 4413 placet
1707 4343 1760 4396 in
1787 4358 1902 4398 ma-

320 4423 578 4484 nifestum
605 4431 909 4502 propalare.
937 4432 1102 4503 Regis
1138 4432 1438 4487 Pharaonis
1486 4432 1752 4500 impietas,
1780 4448 1900 4502 quae

318 4534 389 4572 ex
422 4519 599 4573 cordis
643 4519 843 4574 duritia
889 4521 1202 4587 inoleverat,
1242 4521 1347 4576 sibi
1371 4521 1594 4590 suisque
1632 4520 1901 4593 Egyptiis

319 4607 510 4662 decem
531 4607 718 4678 plagas
747 4609 949 4675 intulit,
972 4618 1133 4678 atque
1169 4609 1388 4680 insuper
1415 4608 1602 4664 Rubro
1622 4611 1757 4664 mari
1785 4619 1899 4664 tar-

324 4695 571 4762 tareique
591 4696 919 4752 Acherontis
965 4698 1073 4752 imo
1100 4697 1276 4768 ipsum
1313 4711 1545 4766 suosque
1587 4698 1896 4752 submersit.

317 4784 648 4840 Antiochum
686 4795 744 4841 et
787 4786 1054 4842 llerodem
1099 4802 1165 4841 ac
1209 4787 1459 4842 Pontium
1494 4785 1748 4852 Pilatum,
1777 4787 1898 4857 quis

318 4877 498 4933 nescit
515 4887 718 4948 quanta
744 4879 976 4939 districti
995 4878 1193 4949 judicis
1212 4879 1345 4934 ultio
1366 4879 1631 4949 perculit?
1659 4878 1796 4946 Quid
1817 4879 1898 4934 di-

309 4984 440 5025 cam
471 4969 538 5025 de
560 4968 794 5035 Nerone,
831 4968 1024 5041 Egea,
1046 4979 1103 5026 et
1137 4970 1456 5040 impiissimo
1484 4968 1713 5035 Juliano,
1741 4969 1889 5024 aliis-

315 5073 424 5128 que
451 5074 641 5115 eorum
670 5060 727 5115 in
755 5061 996 5130 nequitia
1046 5060 1446 5116 consimilibus?
1487 5059 1674 5115 Nonne
1706 5073 1895 5116 omnes

315 5167 444 5207 cum
486 5153 600 5209 suis
644 5155 964 5223 sequacibus
988 5164 1113 5226 post
1137 5163 1365 5210 mortem
1391 5155 1682 5224 pessimam
1721 5171 1782 5210 os
1811 5156 1893 5210 in-

312 5242 455 5299 femi
513 5244 837 5299 devoravit?
881 5243 988 5301 Sed
1048 5255 1109 5300 ut
1163 5246 1476 5302 innumeros
1528 5254 1848 5316 prmteream
1874 5287 1890 5312 ,

311 5333 642 5389 Theoderici
671 5335 1032 5392 crudelissimi
1061 5336 1204 5406 regis
1232 5337 1298 5392 de
1327 5336 1429 5392 hoc
1457 5335 1651 5391 smculo
1686 5334 1890 5389 exitum

308 5423 586 5482 infelicem
616 5426 920 5497 explicabo,
951 5428 1043 5498 qui
1086 5443 1208 5482 cum
1235 5434 1379 5481 esset
1413 5426 1628 5479 Ariana:
1657 5434 1892 5479 sectator

306 5515 549 5582 mvidiae,
576 5530 643 5573 ac
685 5519 952 5574 bonorum
983 5519 1258 5575 insecutor
1294 5518 1744 5583 Christianorum,
1791 5531 1890 5585 po-

306 5615 538 5675 stremo,
568 5607 729 5664 sicuti
777 5611 992 5666 cuidam
1040 5612 1158 5667 viro
1185 5611 1479 5667 revelatum
1520 5608 1716 5674 fuerat,
1749 5609 1890 5663 inter

303 5695 576 5753 Joannem
599 5713 796 5767 Papam
835 5710 890 5756 et
918 5702 1299 5772 Symmachum
1346 5701 1632 5766 patricium
1690 5700 1889 5756 discin-

2026 1927 2256 1969 rannum
2281 1917 2608 1972 transmissi.
2639 1919 2711 1973 At
2733 1933 2865 1976 vero
2904 1919 3102 1989 injuste
3137 1921 3384 1992 judicans
3421 1926 3479 1980 fit
3505 1942 3585 1982 su-

2023 2003 2139 2059 bito
2178 2003 2472 2073 judicatus,
2519 2017 2681 2079 atque
2727 2019 2943 2067 mternze
2986 2014 3344 2071 damnationis
3369 2015 3601 2073 flammis

2024 2094 2289 2151 addictus.
2319 2096 2435 2164 Qua
2457 2097 2512 2152 in
2537 2114 2596 2154 re
2620 2100 2783 2155 nimis
2813 2102 3052 2158 terribile
3081 2104 3383 2174 exemplum
3404 2121 3600 2176 propo-

2021 2184 2189 2253 nitur,
2220 2202 2290 2242 ne
2319 2195 2478 2242 terrae
2518 2197 2766 2260 potentes
2815 2207 3001 2247 servos
3029 2193 3238 2248 Domini
3270 2210 3600 2265 persequan-

2023 2282 2130 2343 tur,
2160 2292 2296 2348 quos
2322 2279 2501 2336 valido
2529 2281 2746 2338 virtutis
2789 2299 2899 2339 sua:
2927 2284 3152 2340 brachio
3186 2287 3328 2342 Deus
3353 2286 3596 2360 omnipo—

2022 2376 2142 2424 tens
2173 2369 2475 2426 ulciscitur.
2506 2371 2610 2428 Sed
2656 2375 2772 2431 haec
2793 2375 2861 2430 de
2905 2378 3147 2447 reprobis
3189 2379 3330 2436 dicta
3371 2382 3480 2437 sint
3508 2399 3596 2439 re-

2019 2457 2279 2514 oloribus.
2311 2459 2466 2517 Nunc
2493 2463 2561 2518 ad
2596 2466 2806 2534 potiora
2841 2468 2980 2539 stylo
3020 2473 3374 2542 consequenti
3424 2481 3596 2531 trans-

2019 2559 2228 2601 eamus.

2233 2637 2407 2710 Reges
2428 2649 2588 2696 terra
2613 2657 2749 2712 quos
2779 2645 2918 2700 male
2951 2656 3099 2716 gesta

2234 2727 2590 2797 Dedecorant,
2616 2717 2892 2788 similesne
2921 2736 3172 2791 videntur

2228 2820 2410 2891 Apris,
2439 2825 2582 2879 ursis
2609 2826 3030 2898 tigridibusque?

2226 2910 2294 2966 Hi
2319 2911 2554 2984 majores
2583 2922 2779 2970 suntne
2808 2915 3046 2972 latrones

2229 2998 2606 3072 Terrigenum,
2634 3004 2874 3058 rabidive
2896 3004 3097 3072 leones,

2234 3089 2512 3160 Unguibus
2541 3092 2932 3162 accipitresque
2957 3093 3217 3164 rapaces?

2225 3178 2464 3252 Contigit
2483 3182 2752 3238 Antiocho
2778 3192 2833 3238 et
2856 3182 3142 3252 Pharaoni,

2226 3269 2428 3326 Herodi
2457 3271 2766 3342 miseroque
2793 3273 2966 3329 Pilato

2225 3356 2600 3416 Momentanea
2620 3341 2846 3432 perdere
2858 3341 3054 3434 regna,

2231 3447 2367 3504 Cum
2390 3451 2555 3505 sociis
2580 3451 2886 3507 Acheronta
2919 3453 3117 3508 subire.

2224 3537 2316 3595 Sic
2340 3555 2553 3610 semper
2573 3543 2834 3610 reprobos
2859 3541 2999 3594 mala
3022 3542 3215 3596 damna

2225 3629 2481 3699 Aﬂligunt
2501 3631 2665 3685 nimis
2691 3631 2780 3685 hic
2807 3639 2861 3684 et
2892 3631 2945 3683 in
2978 3645 3173 3684 aevum.

2224 3717 2365 3785 Quid
2394 3718 2597 3774 ﬂoretis
2623 3727 2865 3788 tempora
2897 3719 3076 3788 proles

2221 3807 2488 3863 Ardentes
2508 3815 2766 3877 ostroque
2795 3808 2998 3873 decori,

2217 3894 2367 3962 Quos
2389 3904 2667 3965 exspectat
2695 3897 2966 3951 clibanum
3001 3897 3158 3966 ignis,

2220 3985 2393 4052 Quem
2419 4001 2517 4042 nec
2548 3985 2708 4042 laedet
2736 3987 2978 4042 roscidus
3003 3988 3216 4045 imber?

2221 4075 2325 4142 Qui
2353 4075 2637 4132 Dominum
2669 4077 2805 4132 lucis
2829 4091 2930 4132 nec
2958 4077 3172 4146 amatis,

2216 4167 2276 4222 In
2308 4168 2564 4224 tenebras
2591 4184 2687 4224 vos
2713 4169 3012 4224 exteriores

2213 4257 2399 4324 ibitis;
2431 4257 2542 4312 illic
2567 4256 2739 4328 gloria
2763 4267 2942 4313 vestra

2218 4349 2395 4403 Areus
2432 4349 2693 4403 marcebit
2723 4347 2838 4403 sine
2866 4349 2994 4403 fine.

2215 4437 2400 4494 Justos
2435 4453 2566 4493 vero
2594 4438 2738 4493 celsa
2765 4453 2963 4494 corona

2223 4524 2556 4582 Glorilicabit
2584 4526 2782 4596 luxque
2805 4528 2983 4582 beata.

2575 4615 2586 4626 ’
2637 4617 2789 4673 CAP.
2831 4617 2923 4672 IX.

2068 4707 2290 4777 Septem
2317 4706 2646 4776 speciosiora
2667 4716 2794 4763 sunt
2820 4708 2942 4763 aliis
2967 4709 3232 4764 creaturis
3263 4709 3378 4776 Dei,
3405 4719 3464 4765 ut
3489 4728 3576 4766 sa-

1999 4797 2210 4866 pientes
2251 4795 2450 4860 ferunt,
2505 4797 2702 4852 coelum
2757 4798 3029 4854 innubiale
3057 4801 3270 4868 quando
3319 4811 3574 4871 argenteo

1999 4887 2167 4944 colori
2194 4885 2428 4942 mirabili
2459 4887 2808 4942 similitudine
2842 4899 3219 4958 comparatur;
3256 4891 3335 4945 sol
3381 4892 3435 4945 in
3465 4893 3574 4947 vir-

1998 4985 2112 5033 tute
2157 4991 2275 5042 sua,
2302 4977 2516 5046 quando
2571 4977 2862 5046 reciprocis
2912 4979 3159 5034 cursibus
3205 4980 3260 5034 in
3290 4980 3572 5050 splendore

1994 5066 2178 5137 gloria:
2201 5081 2312 5122 sua:
2337 5065 2671 5121 habitatores
2713 5067 2898 5121 mundi
2922 5067 3216 5134 illuminat;
3243 5068 3366 5123 luna
3412 5071 3465 5124 in
3489 5072 3571 5126 in-

1996 5157 2248 5225 tegritate
2303 5157 2608 5224 nudataque
2657 5155 2796 5210 facie
2867 5157 3098 5213 nubibus
3147 5160 3520 5216 recedentibus
3549 5202 3566 5227 ,

1995 5247 2210 5314 quando
2234 5245 2452 5316 proprio
2474 5261 2637 5298 cursu
2664 5245 2792 5299 solis
2829 5246 3053 5316 vestigia
3080 5248 3397 5320 investigat;
3442 5267 3569 5322 ager

1993 5336 2324 5402 fructuosus,
2355 5335 2572 5405 quando
2618 5336 2848 5391 diversis
2895 5337 3118 5395 ﬂoribus
3149 5342 3410 5411 nodisque
3458 5343 3568 5398 cri-

1994 5427 2274 5496 spantibus
2319 5425 2654 5495 depingitur;
2686 5427 2923 5482 varietas
2959 5430 3149 5496 maris,
3179 5431 3394 5500 quando
3420 5446 3566 5487 sere-

1994 5519 2137 5573 nitas
2163 5517 2285 5572 coeli
2314 5517 2644 5586 nubiumque
2672 5517 2898 5588 placidis
2926 5518 3176 5578 ﬂuctibus
3205 5523 3259 5578 in
3293 5524 3563 5580 littoribus

1994 5607 2356 5678 pulcherrime
2403 5609 2740 5674 ostenditur;
2779 5610 2978 5668 chorus
3020 5611 3291 5682 justorum
3346 5616 3399 5670 in
3457 5631 3561 5671 una

1995 5697 2099 5753 ﬁde
2132 5696 2524 5761 habitantium;
2557 5713 2650 5752 rex
2690 5698 2945 5763 paciﬁcus
2975 5701 3029 5756 in
3065 5702 3231 5774 gloria
3260 5705 3405 5776 regni
3455 5704 3559 5768 sui,
