3982 6198
396 327 504 389 307

1761 312 2029 375 SEDULll
2069 313 2264 374 SCOTi

3547 313 3652 369 308

401 449 616 521 quando
657 447 710 500 in
739 443 861 498 aula
908 442 1054 511 regia
1079 436 1316 496 ostensis
1363 432 1677 494 muneribus
1717 436 1979 506 donisque
2007 438 2058 496 A
2083 437 2338 508 possibile
2379 445 2482 502 est,
2540 433 2781 507 improbe
2821 443 2984 505 atque
3031 434 3289 488 atrociter
3335 442 3650 502 exposcunt.

403 541 616 597 traditis
646 538 815 592 multa
840 535 1102 590 beneﬁcia
1135 541 1378 605 prastat.
1421 535 1536 590 Rex
1580 522 1782 591 etenim
1802 531 1982 600 justus

401 642 459 686 et
483 630 740 702 paciﬁcus
761 627 877 680 laeta
909 625 1045 680 l‘acie
1069 624 1210 680 bona
1240 624 1450 687 dividit,
1476 632 1531 680 et
1559 621 1982 692 uniuscujusque

402 733 623 776 causam
652 716 936 784 diligenter
959 714 1266 777 meditatur,
1295 723 1351 768 et
1371 713 1614 770 inﬁrmos
1633 722 1688 769 et
1719 728 1983 786 pauperes

404 811 579 882 populi
629 823 734 864 non
785 809 1106 878 despiciens,
1135 824 1258 863 cum
1283 809 1558 863 seniorum
1583 815 1638 862 et
1662 806 1980 877 prudentio-

402 911 520 953 rum
549 899 775 954 consilio
804 907 859 952 et
883 897 1088 964 judicio
1134 911 1261 952 vera
1280 896 1486 964 judicia
1526 891 1782 966 loquitur,
1809 895 1982 952 malos

404 981 694 1043 immilians
720 991 998 1056 bonosque
1028 988 1296 1042 exaltans.
1333 987 1459 1042 Dies
1501 986 1617 1058 ejus
1647 1002 1773 1042 cum
1812 987 1979 1058 gloria

401 1079 783 1141 extendentur,
814 1089 870 1133 et
893 1079 1008 1147 ejus
1050 1078 1310 1132 memoria
1344 1077 1397 1132 in
1419 1085 1680 1132 aeternum
1720 1077 1977 1134 manebit.

403 1161 659 1236 Princeps
687 1167 944 1237 paciﬁcus
975 1175 1231 1237 tanquam
1260 1166 1482 1224 ﬂoridus
1520 1175 1578 1224 et
1602 1167 1797 1224 fertilis
1821 1177 1904 1224 est
1924 1167 1980 1223 in

403 1259 651 1328 proximo
678 1258 984 1328 paradisus,
1033 1267 1089 1312 et
1117 1259 1271 1328 quasi
1320 1257 1477 1314 vinea
1511 1260 1736 1319 honesta
1762 1260 1981 1329 cepioso

401 1351 682 1405 abundans
710 1348 909 1415 fructu,
935 1364 1150 1403 omnem
1181 1365 1210 1402 a
1241 1349 1525 1419 splendore
1549 1356 1872 1418 conspectus
1896 1350 1979 1404 sui

400 1443 729 1497 conturbans
760 1440 1110 1504 discordiam,
1137 1440 1228 1508 qui
1257 1440 1382 1494 dum
1408 1455 1594 1510 pacem
1635 1441 1690 1495 in
1726 1441 1848 1495 aula
1870 1455 1981 1496 sum

401 1533 601 1586 mentis
624 1530 988 1600 amplectitur,
1017 1529 1202 1600 procul
1230 1529 1392 1586 dubio
1413 1532 1750 1586 mansionem
1773 1545 1981 1602 praepa-

403 1631 484 1676 rat
519 1622 756 1687 Christo,
789 1621 916 1691 quia
948 1621 1203 1677 Christus
1250 1637 1353 1692 pax
1381 1631 1486 1688 est,
1517 1631 1574 1677 et
1623 1624 1678 1677 in
1723 1635 1858 1693 pace
1895 1639 1982 1678 re-

399 1713 678 1782 quiescere
704 1714 868 1782 cupit.
903 1710 1075 1768 Porro
1099 1714 1192 1768 ubi
1235 1729 1338 1783 pax
1377 1724 1479 1780 est,
1522 1713 1573 1769 in
1603 1711 1976 1785 disputationi»

401 1797 501 1859 bus
523 1804 744 1868 veritas,
772 1812 828 1857 et
856 1803 909 1856 in
952 1804 1206 1873 cperibus
1233 1804 1444 1872 justitia
1493 1805 1780 1860 lntenitur.
1825 1805 1974 1860 Sicut
2005 1802 2050 1859 B

403 1910 532 1964 ergo
562 1895 820 1964 providus
870 1895 1198 1966 gubernator
1222 1893 1504 1963 procellosi
1534 1895 1704 1949 maris
1742 1895 1976 1964 pericula

403 1986 678 2040 arridente
733 1985 991 2056 temporis
1042 1985 1336 2039 serenitate
1377 1985 1608 2040 evadere
1653 1984 1864 2051 nititur,
1902 1985 1980 2039 sic

401 2081 579 2130 rector
607 2075 866 2145 paciﬁcus
889 2091 1082 2130 serena
1130 2077 1327 2130 mentis
1365 2074 1754 2146 tranquillitate
1787 2092 1850 2131 ac
1887 2092 1981 2146 pas

395 2163 476 2216 eis
503 2164 792 2218 concordia
828 2164 1062 2232 impetus
1103 2165 1495 2220 discordiarum
1543 2163 1728 2220 sedula
1781 2163 1982 2220 delibe-

398 2254 607 2307 ratione
656 2269 1000 2323 compescere
1051 2255 1359 2310 meditatur.
1401 2255 1572 2322 Quem
1601 2256 1798 2310 trinam
1832 2256 1982 2326 pacis

398 2344 637 2414 regulam
659 2359 981 2402 conservare
1007 2351 1240 2414 oportet,
1259 2345 1362 2400 hoc
1375 2355 1490 2399 est:
1517 2360 1679 2413 supra
1708 2361 1786 2411 se,
1819 2345 1873 2399 in
1898 2359 1979 2410 se,

389 2431 546 2500 juxta
578 2449 668 2499 se;
702 2433 828 2502 quia
877 2448 1006 2504 erga
1061 2434 1250 2499 Deum,
1284 2443 1338 2489 et
1385 2435 1440 2488 in
1488 2451 1546 2489 se
1577 2435 1714 2503 ipso,
1745 2443 1803 2490 et
1835 2435 1980 2490 circa

397 2524 674 2594 proximos
699 2524 857 2579 debet
887 2539 1008 2578 esse
1031 2523 1308 2594 paciﬁcus.
1336 2522 1568 2577 Tantum
1603 2531 1687 2580 est
1721 2525 1982 2594 enimrpaa

399 2617 480 2671 eis
511 2617 734 2681 bonum,
763 2624 823 2669 ut
857 2615 1022 2670 etiam
1054 2615 1106 2669 in
1139 2616 1304 2670 rebus
1331 2616 1564 2670 terrenis
1588 2622 1750 2684 atque
1779 2624 1982 2669 morta-

397 2699 536 2762 libus
578 2707 712 2762 nihil
741 2707 951 2777 gratius
976 2707 1149 2761 soleat
1169 2705 1367 2771 audi-ri,
1414 2705 1548 2760 nihil
1575 2706 1982 2762 desiderabilius

404 2800 729 2868 roncupisci,
768 2797 899 2854 nihil
930 2807 1204 2868 postremo
1238 2796 1430 2852 melius
1471 2797 1722 2852 inveniri.
1749 2797 1980 2852 Fructus

399 2901 580 2945 autem
609 2889 849 2960 paciﬁca:
870 2891 1067 2944 mentis
1092 2899 1194 2953 est,
1221 2904 1366 2958 erga
1385 2887 1656 2957 subjectos
1697 2899 1752 2942 et
1779 2889 1980 2945 amicos

400 2976 686 3052 benignam
713 2982 999 3036 ostendere
1025 2980 1455 3034 misericordiam
1482 2965 1641 3034 simul
1667 2987 1722 3034 et
1747 2980 1980 3034 clemen-

399 3073 551 3137 tiam,
577 3071 772 3140 quibus
800 3071 1092 3124 virtutibus
1122 3078 1230 3123 tam
1251 3069 1374 3138 pius
1401 3078 1653 3138 regnator
1679 3084 1840 3137 quam
1863 3069 1980 3138 ejus

2086 527 2238 584 Unde
2269 527 2440 583 Nerva
2471 526 2766 596 imperator
2814 524 3028 580 dicebat
3052 539 3066 577 :
3091 522 3266 578 Amici
3307 535 3427 576 cum
3468 535 3527 576 se
3553 535 3658 576 me-

2082 621 2191 675 reri
2219 619 2399 674 omnia
2420 625 2774 688 przesumunt,
2795 613 2841 670 si
2868 613 3160 686 quidquam
3181 625 3286 666 non
3308 609 3656 672 extorserint,

2081 706 2380 766 atrociores
2399 708 2550 762 ﬁunt.
2574 705 2633 762 in
2655 706 2906 763 omnibus
2927 705 3106 773 itaque
3129 700 3504 771 largitionibus
3526 708 3662 754 tem-

2079 799 2356 870 poralibus
2381 797 2653 854 servanda.
2689 801 2774 849 est
2815 803 3070 858 mensura
3112 800 3367 858 rectaque
3412 788 3468 843 in
3495 787 3662 846 dona—

2080 891 2229 946 tione
2280 889 2622 954 intentio,ut_
2662 901 2759 957 pro
2789 883 2961 952 salute
2999 881 3079 936 rei
3106 880 3333 952 publica:
3379 886 3434 934 et
3460 885 3664 934 sancta:

2079 981 2315 1036 utilitate
2344 979 2599 1042 Ecclesia:
2626 990 2832 1048 proque
2865 973 3102 1038 emlestis
3146 968 3456 1039 indeptione
3479 966 3664 1038 gloria

2080 1072 2240 1128 bonis
2261 1070 2574 1127 melioribus
2604 1068 2824 1138 optimis
2853 1072 3047 1134 cuncta
3073 1077 3169 1133 per
3199 1059 3376 1117 sereni
3405 1055 3666 1128 principis

2082 1161 2506 1220 muniﬁcentiam
2543 1158 2957 1224 distribuantur.

2149 1250 2408 1308 Conditor
2433 1263 2698 1318 supernus
2727 1246 2875 1302 orbis
2905 1246 3202 1314 imperator
3225 1239 3466 1296 omnium

2148 1340 2266 1412 ipse
2296 1349 2489 1396 cuncta
2516 1356 2638 1411 qua:
2664 1338 2868 1394 creavit
2891 1336 3118 1407 pulchra
3145 1334 3275 1388 fecit
3297 1329 3513 1386 artifex.

2149 1431 2294 1486 Inter
2315 1433 2432 1486 haec
2453 1439 2656 1495 creata,
2683 1437 2891 1498 septem
2917 1426 3226 1498 pulchriora
3250 1422 3628 1494 praeeminent,

2151 1525 2303 1579 Picta
2329 1525 2450 1579 caeli
2482 1525 2691 1594 sphaera
2719 1522 2855 1577 lucis
2884 1521 3154 1580 emicante
3179 1519 3376 1590 gratia,

2151 1616 2306 1671 Alma
2335 1615 2464 1670 solis
2495 1617 2637 1670 inter
2661 1622 2808 1668 astra
2833 1613 3234 1680 candidamque
3259 1609 3450 1680 gloria,

2151 1707 2230 1763 Ae
2259 1705 2457 1762 referta
2485 1714 2606 1778 post
2631 1704 2853 1761 bicorne
2880 1703 3004 1760 luna
3033 1712 3262 1764 stemma
3289 1701 3511 1766 lumine,

2149 1801 2480 1856 Fructuosus
2499 1807 2556 1853 et
2581 1799 2855 1854 virescens
2881 1798 3074 1852 hortus
3099 1795 3230 1852 tlore
3257 1794 3588 1864 germinum,

2155 1892 2393 1961 Thetyos
2417 1889 2680 1945 serenitas
2710 1904 2830 1958 qua:
2854 1887 2969 1942 visa
2998 1884 3196 1942 mulcet
3220 1885 3483 1948 omnium,

2153 1979 2388 2035 Sanctus
2408 1989 2462 2033 et
2491 1977 2691 2033 chorus
2714 1978 2930 2046 piorum
2961 1984 3011 2030 te
3040 1975 3208 2030 Deum
3237 1974 3555 2039 colentium,

2152 2069 2435 2123 Gloriosus
2463 2077 2627 2137 atque
2656 2074 2834 2122 rector
2860 2066 3096 2136 optimus
3124 2081 3223 2134 per
3248 2064 3448 2129 omnia,

2154 2155 2420 2216 Liberalis
2445 2166 2502 2213 et
2529 2173 2758 2214 serenus
2782 2143 3071 2212 sanctitate
3097 2156 3378 2225 praeditus.

2152 2251 2455 2321 Equimte,
2483 2251 2720 2320 puritate
2742 2249 2923 2305 cordis
2953 2245 3040 2304 ille
3067 2250 3369 2318 praeminet,

2151 2341 2323 2408 Quem
2351 2342 2536 2396 tremit
2563 2339 2902 2411 superbaque
2927 2342 3213 2410 repnobum
3244 2341 3486 2406 celsitas,

2151 2431 2253 2499 Qui
2282 2433 2452 2488 bonos
2482 2431 2715 2486 honorat
2749 2439 2941 2500 sponte
2972 2430 3223 2501 largitate
3253 2431 3420 2502 regia.

2151 2519 2364 2580 Pacifer
2393 2531 2446 2578 et
2477 2523 2668 2578 beatus
2695 2522 2782 2577 ille
2807 2521 2868 2576 ﬁt
2896 2521 3055 2576 sicuti
3089 2521 3269 2587 vinea,

2153 2614 2436 2670 Trinitatis
2461 2623 2544 2669 est
2572 2615 2748 2681 imago
2779 2612 2938 2682 digna
2961 2620 3105 2666 sorte
3128 2612 3386 2670 molitum.

2737 2702 2889 2762 CAP.
2923 2705 2993 2760 Χ.

2153 2799 2260 2858 Sed
2293 2803 2434 2856 inter
2467 2801 2583 2854 haec
2613 2798 2756 2855 aliud
2786 2799 2930 2868 quod
2961 2803 3046 2854 est
3075 2798 3373 2864 sciendum,
3404 2797 3666 2868 quoniam

2081 2903 2141 2948 ut
2175 2893 2444 2962 sapientes
2475 2889 2779 2959 perhibent,
2807 2897 2936 2944 sunt
2959 2898 3084 2944 octo
3113 2889 3376 2945 columna:
3403 2903 3525 2957 quas
3553 2887 3672 2943 for-

2083 2985 2212 3038 titer
2242 2996 2466 3052 regnum
2487 2980 2620 3050 justi
2663 2980 2806 3050 regis
2837 2987 3164 3034 sustentant.
3195 2975 3375 3032 Prima
3411 2977 3670 3034 columna

2082 3075 2284 3129 veritas
2312 3080 2392 3126 est
2422 3071 2474 3124 in
2502 3070 2751 3125 omnibus
2782 3069 2944 3126 rebus
2971 3069 3260 3140 regalibus.
3299 3067 3546 3122 Secunda
3572 3083 3669 3122 co.

399 3172 621 3232 regnum
645 3159 875 3228 gloriose
897 3166 1284 3223 conservatur;
1309 3165 1536 3213 testante
1558 3155 1971 3229 Salomone,qui
2001 3173 2044 3234 ρ
2076 3163 2260 3218 lumna
2283 3161 2554 3230 patientia,
2574 3162 2626 3213 in
2653 3160 2801 3214 omni
2839 3161 3078 3230 negotio.
3116 3157 3324 3222 Tertia,
3352 3159 3577 3228 largitas
3611 3159 3671 3214 in

397 3254 476 3307 ait
505 3271 517 3305 :
556 3251 920 3305 Misericordia
945 3258 992 3302 et
1028 3250 1216 3308 veritas
1261 3248 1560 3302 custodiunt
1598 3265 1785 3318 regem,
1817 3259 1864 3302 et
1894 3266 1978 3302 ro-

400 3341 667 3397 borabimr
693 3339 965 3394 clementia
989 3340 1208 3393 thronus
1231 3341 1344 3409 ejus
1371 3338 1552 3399 (Prov.
1598 3355 1688 3404 xx,
1716 3340 1828 3413 28).
1858 3340 1977 3394 Non

397 3435 543 3489 enim
595 3433 886 3503 quidquam
921 3441 1004 3485 est
1054 3432 1196 3501 quod
1235 3433 1435 3486 bonum
1477 3440 1742 3487 rectorem
1788 3434 1978 3488 melius

399 3522 593 3595 populo
653 3520 1004 3575 favorabilem
1057 3527 1220 3590 atque
1272 3519 1560 3575 amabilem
1612 3521 1974 3586 commendet,

397 3631 558 3684 quam
581 3612 864 3668 clementia
887 3621 941 3665 et
967 3609 1188 3681 paciﬁca
1221 3611 1504 3665 serenitas.

471 3707 615 3771 Haec,
647 3711 708 3759 ut
729 3704 864 3760 alios
885 3717 1048 3758 causa
1075 3702 1358 3757 brevitatis
1385 3702 1655 3765 omittam,
1678 3700 1974 3771 Augustum

401 3797 670 3851 Caesarem
715 3793 844 3849 fecit
888 3793 1328 3858 celeberrimum;
1366 3794 1482 3848 haec
1518 3792 1834 3858 Antoninos,
1863 3807 1976 3847 ma.

399 3903 560 3957 gnum
592 3901 808 3956 quoque
832 3886 1263 3950 Constantinum,
1293 3884 1625 3940 Theodosios
1645 3893 1976 3952 easterosque

400 3975 714 4046 magnitlcos
740 3975 1012 4043 principes
1049 3975 1351 4027 sublimiter
1393 3973 1741 4028 beatiﬁcavit.
1773 3973 1974 4028 Eadem

401 4078 617 4134 quoque
643 4072 897 4130 maguum
924 4060 1176 4114 Carolum
1207 4062 1349 4114 inter
1379 4071 1574 4116 cetera
1605 4061 1867 4116 virtutum
1890 4062 1974 4116 in-

399 4155 568 4223 signia
595 4152 648 4205 in
677 4150 1099 4205 sacratissimum
1143 4167 1256 4219 pra:
1289 4153 1501 4206 ueteris
1529 4159 1800 4206 terrarum
1827 4153 1976 4222 prin-

399 4242 609 4309 cipibus
636 4239 935 4310 Augustum
965 4239 1250 4294 dedicavit.
1280 4238 1406 4294 Haec
1433 4236 1761 4294 Ludovicum
1790 4241 1972 4310 piissi-

399 4346 544 4386 mum
567 4330 907 4385 adordinavit
940 4331 1342 4399 imperatorem.
1391 4330 1458 4384 Et
1477 4330 1606 4399 quid
1648 4331 1801 4399 plura
1828 4329 1972 4386 refe-

399 4421 552 4476 ram?
577 4419 737 4476 Certe
770 4417 1114 4473 serenissima
1147 4418 1365 4488 pietatis
1397 4419 1685 4474 clementia
1713 4420 1974 4491 gloriosos

398 4513 669 4582 principes
699 4519 751 4564 et
772 4509 1090 4578 gloriﬁcavit
1114 4509 1167 4562 in
1191 4517 1353 4576 terra,
1383 4517 1438 4564 et
1459 4519 1742 4566 consortes
1770 4521 1980 4570 sancto~
2001 4519 2056 4580 D

401 4619 518 4658 rum
549 4601 832 4658 collocavit
859 4600 913 4654 in
939 4599 1096 4654 cmlo.
1124 4597 1330 4669 Quippe
1374 4600 1467 4670 qui
1496 4615 1603 4655 non
1643 4601 1816 4656 solum
1854 4618 1972 4668 sua,

401 4694 496 4750 sed
517 4701 572 4748 et
598 4699 739 4746 totos
766 4689 1082 4759 semctipsos
1110 4688 1474 4759 Omnipotenti
1505 4690 1788 4746 dederunt.
1831 4690 1976 4746 Nihil

399 4795 579 4841 autem
607 4783 675 4837 ab
697 4781 844 4851 justo
869 4789 922 4835 et
949 4781 1038 4850 pio
1076 4795 1202 4851 rege
1232 4781 1540 4836 donandum
1571 4791 1674 4848 est,
1705 4783 1808 4838 nisi
1831 4783 1976 4855 quod

398 4879 469 4934 sit
519 4875 863 4933 beneﬁcium.
916 4873 1246 4931 Beneﬁcium
1298 4884 1477 4930 autem
1528 4876 1573 4930 si
1623 4875 1690 4931 ad
1737 4878 1974 4948 aliquam

401 4968 667 5025 mercedis
687 4966 1178 5024 remunerationem
1199 4967 1254 5021 in
1280 4968 1381 5022 hoc
1402 4968 1597 5024 saeculo
1620 4969 1873 5036 refertur,
1896 4971 1977 5026 in-

401 5058 527 5112 terit
561 5067 723 5127 atque
767 5055 970 5111 linitur.
1025 5055 1134 5112 Nec
1183 5057 1327 5110 enim
1356 5073 1644 5127 possumus
1689 5058 1741 5114 id
1771 5059 1972 5116 habere

398 5149 688 5217 integrum,
715 5149 867 5218 cujus
893 5149 1124 5218 pretium
1156 5149 1312 5204 nobis
1331 5149 1664 5218 persolutum
1691 5161 1792 5206 est.
1820 5151 1973 5208 Unde

400 5252 506 5292 non
529 5245 637 5290 tam
658 5237 1000 5303 beneﬁcium,
1024 5237 1118 5293 sed
1139 5238 1316 5308 potius
1337 5239 1721 5294 commercium
1748 5240 1972 5295 dicenda

397 5334 482 5381 est
519 5325 642 5380 talis
697 5325 930 5396 largitio.
984 5327 1168 5382 Danda
1199 5335 1325 5382 sunt
1373 5343 1504 5384 vero
1534 5329 1818 5396 beneﬁcia,
1855 5343 1974 5399 quae

399 5416 522 5468 data
549 5415 673 5470 boni
713 5415 974 5487 principis
1001 5417 1198 5471 famam
1246 5419 1608 5490 pietatemque
1635 5429 1689 5475 et
1708 5419 1974 5490 justitiam

400 5510 505 5556 non
528 5501 745 5568 lzedunt,
762 5503 917 5571 juxta
949 5505 1234 5575 dignitates
1259 5523 1611 5576 personarum
1639 5519 1692 5564 et
1713 5511 1975 5567 utilitates

401 5599 605 5655 terum,
635 5607 740 5646 non
787 5595 1081 5649 secundum
1115 5597 1436 5664 cupiditates
1459 5601 1856 5670 accipientium,
1882 5603 1973 5673 qui

402 5675 561 5734 facile
590 5681 805 5736 sibimet
833 5683 1129 5754 denegauit;
1158 5687 1284 5754 quia
1311 5691 1454 5756 quod
1500 5690 1711 5746 dililcile
1741 5703 1832 5748 aut
1875 5695 1972 5749 im~

2085 3253 2421 3310 muneribus.
2447 3252 2673 3319 Quarta,
2709 3252 3136 3322 persuasibilitas
3160 3265 3256 3305 seu
3291 3250 3576 3305 alfabilitas
3611 3251 3669 3304 in

2081 3347 2280 3401 verbis.
2321 3345 2541 3412 Quinta,
2570 3343 2830 3398 malorum
2878 3344 3147 3398 correctio
3190 3353 3353 3412 atque
3381 3342 3667 3397 contritio.

2082 3431 2268 3501 Sexta,
2319 3438 2585 3492 bonorum
2626 3431 2864 3488 amicitia
2912 3442 3070 3502 atque
3108 3433 3384 3487 exultatio.
3418 3431 3670 3500 Septima

2079 3527 2326 3582 columna
2362 3525 2552 3580 levitas
2583 3524 2772 3578 tributi
2819 3524 2874 3578 in
2909 3524 3154 3594 populos.
3180 3523 3402 3589 Octava,
3431 3523 3669 3591 aequitas

2073 3615 2260 3691 judicii
2285 3619 2426 3673 inter
2445 3617 2636 3673 divites
2659 3627 2712 3672 et
2731 3631 3015 3688 pauperes.
3041 3616 3135 3672 lite
3167 3627 3292 3672 sunt
3333 3619 3511 3686 itaque
3535 3625 3672 3672 octo

2081 3709 2344 3765 columnae
2379 3723 2500 3777 qua:
2540 3723 2766 3778 regnum
2797 3707 2928 3777 justi
2958 3707 3218 3778 principis
3261 3716 3316 3761 et
3344 3707 3396 3760 in
3428 3706 3530 3760 hoc
3558 3721 3673 3760 sre-

2079 3799 2203 3854 culo
2232 3799 2536 3855 stabilitant
2565 3807 2727 3868 atque
2758 3801 2826 3854 ad
2855 3807 3072 3853 aeterna:
3099 3799 3444 3854 stabilitatem
3475 3795 3672 3868 gloria:

2078 3890 2398 3960 perducunt.

2149 3978 2373 4034 Fabrica
2398 3977 2545 4034 nulla
2571 3986 2716 4034 tenet
2737 3980 2984 4034 stabilem
3008 3995 3108 4049 per
3131 3987 3368 4049 tempora
3390 3977 3628 4036 formam
3649 4021 3667 4047 ,

2223 4069 2281 4124 Si
2316 4085 2421 4124 non
2455 4069 2671 4124 fulturis
2698 4070 2824 4123 nixa
2855 4070 2926 4124 sit
2951 4066 3042 4123 illa
3071 4071 3201 4124 suis.

2151 4159 2261 4214 Nec
2286 4160 2528 4214 stabilire
2555 4169 2760 4229 queunt
2788 4160 3118 4228 splendentia
3143 4158 3342 4212 lumine
3366 4156 3590 4229 templa,

2218 4249 2353 4304 Aula
2381 4266 2482 4305 nec
2511 4259 2566 4306 et
2590 4264 2776 4321 regum
2804 4251 2888 4305 his
2918 4251 3038 4305 sine
3063 4249 3215 4304 ﬁrma
3247 4259 3447 4319 potest.

2148 4334 2284 4394 Justi
2316 4341 2542 4395 rectoris
2568 4339 2908 4411 propriis'sie
2931 4349 3078 4394 stare
3101 4337 3367 4393 columnis
3425 4331 3431 4338 ’

2221 4427 2440 4483 Publica
2476 4444 2564 4485 res
2592 4431 2767 4499 poscit
2790 4430 3119 4501 propitiante
3148 4428 3277 4483 Deo.

2148 4519 2329 4575 Prima
2361 4521 2611 4575 columna
2639 4521 2804 4577 micat
2836 4522 2946 4576 veri
2972 4523 3216 4591 speciosa
3253 4521 3470 4575 decore.

2215 4613 2285 4668 At
2310 4613 2519 4684 patiens
2542 4613 2782 4684 regimen
2811 4611 2912 4668 rite
2940 4613 3173 4668 secunda
3205 4621 3370 4667 tenet.

2147 4703 2330 4759 Tertia
2357 4703 2601 4774 largiﬂua
2634 4704 2843 4758 meritis
2871 4705 2966 4758 dat
2995 4719 3219 4758 munera
3251 4703 3462 4759 dextra.

2219 4795 2529 4864 Quartaque
2560 4795 2942 4864 blandiloquax
2974 4795 3152 4850 dulcia
3181 4783 3344 4850 verba
3371 4801 3547 4848 sonat.

2147 4885 2343 4951 Quinta
2370 4885 2541 4941 malos
2566 4886 2830 4956 reprimit,
2866 4887 3008 4940 miro
3035 4885 3258 4956 zeloqiie
3287 4894 3553 4941 coruscat.

2217 4973 2427 5029 Gaudet
2457 4983 2608 5028 sexta
2639 4983 2831 5044 potens
2856 4975 3206 5046 magniﬁcare
3237 4977 3425 5030 bonos.

2149 5062 2387 5132 Septima
2417 5065 2710 5120 clementer
2739 5066 2917 5135 populi
2948 5067 3252 5137 levigatque
3275 5068 3557 5123 tributum.

2218 5155 2317 5210 Ast
2341 5165 2534 5210 octava
2555 5157 2692 5227 regit
2707 5151 2940 5226 iustitia:
2966 5160 3246 5216 trutinam.

2148 5243 2349 5300 Nititur
2373 5245 2456 5299 his
2483 5245 2666 5300 solidis
2696 5259 2780 5300 res
2805 5247 3018 5314 publica
3049 5246 3177 5300 fulta
3207 5247 3490 5313 columnis,

2221 5335 2388 5389 Sicuti
2418 5351 2573 5390 mons
2599 5336 2728 5390 Sion
2761 5338 2844 5390 his
2866 5337 3180 5408 stahilisque
3209 5349 3410 5396 manet.

2734 5425 2884 5481 CAP.
2916 5425 3002 5484 XI.

2147 5514 2281 5570 Cum
2318 5516 2500 5584 itaque
2545 5515 2630 5571 his
2674 5524 2799 5572 octo
2847 5517 3116 5574 columnis
3161 5518 3324 5589 regiae
3371 5519 3660 5589 potestatis

2075 5607 2366 5662 eminentia
2415 5607 2687 5673 iniciatur,
2734 5611 2889 5664 decet
2923 5611 3209 5666 amabilem
3239 5612 3349 5666 Deo
3386 5619 3658 5665 rectorem

2075 5711 2294 5752 causam
2327 5699 2408 5752 sui
2451 5699 2788 5767 personalcm
2832 5699 3155 5755 utilitatibus
3200 5709 3522 5770 postponere
3564 5717 3627 5756 ec
