3982 6198
323 229 438 284 309

1349 222 1550 277 ιριςεῆ
1589 217 2156 277 DE'RECTORIBUS
2192 221 2646 278 CHRISTIANIS.

3503 220 3610 276 3-10

322 337 678 401 clesiasticis,
711 343 773 391 ut
807 337 860 391 in
891 341 1156 404 quantum
1195 347 1403 388 memor
1426 340 1510 388 est
1536 330 1922 390 beneﬁciorum
1951 327 2002 400 Α
2026 341 2350 385 consensum
2387 337 2550 401 atque
2593 330 2944 390 auctoritatis.
2966 328 3350 386 adminiculum
3376 329 3466 386 his
3491 345 3613 400 qua

323 432 423 486 Dei
456 445 581 500 qua
609 427 686 482 illi
713 440 949 496 superna
979 423 1151 495 gratia
1177 421 1469 489 concessit,
1507 421 1562 476 in
1599 427 1808 479 tantum
1834 418 1925 474 be-

321 520 508 574 neﬁcii
547 517 867 587 largitorem
906 516 1156 569 honoret.
1193 511 1346 566 Tunc
1367 525 1498 566 vero
1534 511 1805 564 honorare
1832 504 1924 562 Al-

324 610 602 664 tissimum
648 608 827 661 bonus
859 605 1112 675 princeps
1151 601 1515 672 cognoscitur,
1551 614 1675 655 cum
1706 598 1921 658 illorum

324 701 418 768 qui
443 698 700 753 laborant
729 696 782 750 in
808 710 940 766 agro
961 693 1260 757 Dominico,
1287 699 1545 760 tanquam
1571 689 1751 761 magni
1779 688 1924 758 regis

325 790 696 858 dispensator,
741 787 959 854 adiutor
997 792 1054 840 et
1095 791 1371 854 protector
1403 781 1653 837 efﬁcitur.
1699 780 1921 837 Certum

325 895 564 948 namque
613 889 700 932 est
752 879 895 946 quod
952 883 1104 931 tanto
1149 875 1420 946 propitius
1465 889 1660 928 causas
1717 871 1922 928 terreni

324 971 587 1038 principis
624 968 978 1038 Omnipotens
1015 982 1112 1022 sua
1158 967 1359 1036 pietate
1395 965 1678 1034 disponet,
1715 973 1920 1033 quanto

322 1061 391 1112 de
434 1075 554 1122 sua,
582 1066 786 1113 sanctae
817 1057 1065 1113 videlicet
1090 1057 1366 1119 Ecclesiae,
1395 1071 1559 1111 causa
1593 1056 1744 1110 illum
1772 1055 1920 1110 solli-

320 1150 494 1202 citum
539 1163 662 1202 esse
702 1148 915 1202 viderit.
947 1147 1132 1216 Itaque
1175 1146 1432 1215 providus
1475 1153 1656 1200 rector
1701 1145 1922 1200 studeat

319 1237 510 1292 facere
542 1253 665 1306 qua
699 1234 812 1291 Deo
855 1245 982 1292 sunt
1018 1236 1372 1305 beneplacita,
1417 1237 1462 1290 si
1493 1237 1608 1306 ipse
1649 1236 1919 1291 desiderat

317 1336 384 1380 ut
421 1326 565 1382 Deus
605 1326 773 1382 faciat
819 1342 939 1396 qua
983 1335 1111 1383 sunt
1143 1326 1217 1381 illi
1262 1341 1520 1396 prospera
1564 1335 1621 1382 et
1660 1326 1912 1397 gloriosa.

319 1417 482 1486 Isque
511 1418 756 1489 diligenti
786 1433 916 1472 cura
945 1417 1176 1471 solerter
1200 1416 1483 1486 provideat
1501 1425 1768 1485 quatenus
1792 1432 1918 1487 syn-

317 1507 513 1562 odales
539 1514 837 1562 conventus
881 1521 980 1577 per
999 1506 1238 1576 singulos
1256 1521 1430 1560 annos
1450 1506 1534 1561 bis
1559 1505 1643 1560 vel
1671 1515 1755 1560 ter
1797 1506 1915 1560 ﬁeri

316 1598 532 1668 iubeat,
557 1604 619 1651 ut
646 1598 788 1667 quod
820 1597 888 1651 ad
918 1612 1106 1652 verum
1136 1597 1231 1651 Dei
1259 1596 1462 1651 cultum
1489 1597 1745 1666 pertinet,
1772 1598 1916 1666 quod

2027 429 2154 475 sunt
2180 435 2310 476 vera
2341 429 2396 476 et
2430 419 2576 490 iusta
2600 421 2876 476 adhibeat.
2918 418 3024 476 Per
3049 434 3107 495 se
3135 434 3260 474 vero
3304 417 3610 472 nullatenus

2026 509 2094 565 de
2124 510 2324 567 talibus
2347 509 2721 582 prajudicium
2746 509 2853 566 faci
2873 520 2932 576 it,
2963 526 3030 565 ne
3061 508 3198 564 forte
3227 507 3461 564 errando
3487 515 3614 562 ante

2025 610 2374 670 conspectum
2421 602 2632 658 Domini
2679 600 2894 671 culpam
2943 600 3179 669 aliquam
3240 597 3614 654 detestabilem

2023 689 2289 744 incurrat.
2751 760 2753 762 η

2094 780 2248 836 Unde
2292 781 2614 836 venerabilis
2661 780 2938 835 memoria
2986 778 3397 836 Valentinianus
3431 778 3607 848 impe-

2023 878 2172 924 rator
2212 886 2337 926 cum
2389 885 2420 924 a
2464 872 2667 927 sanctis
2712 871 2981 942 episcopis
3015 881 3297 943 rogaretur
3343 878 3610 941 quatenus

2021 959 2335 1030 dignaretur
2375 961 2442 1015 ad
2471 961 2904 1018 emendationem
2943 960 3086 1016 sacri
3131 961 3396 1031 dogmatis
3443 961 3612 1016 inter-

2021 1065 2164 1114 esse,
2195 1049 2346 1112 Mihi,
2375 1051 2572 1120 inquit,
2601 1067 2721 1106 cum
2757 1051 3014 1107 minimus
3040 1052 3107 1107 de
3138 1052 3334 1122 populo
3373 1053 3498 1117 sim,
3526 1051 3610 1107 fas

2019 1152 2129 1192 non
2151 1147 2233 1194 est
2262 1139 2388 1193 talia
2431 1142 2789 1208 perscrutari;
2832 1157 3018 1196 verum
3049 1143 3381 1206 sacerdotes,
3411 1142 3610 1212 quibus

2018 1227 2136 1284 hac
2161 1245 2290 1284 cura
2317 1238 2420 1294 est,
2445 1233 2588 1300 apud
2622 1233 2942 1302 semetipsos
2973 1240 3372 1302 congregemur
3397 1231 3485 1286 ubi
3517 1247 3606 1286 vo-

2018 1317 2238 1375 luerint.
2281 1321 2348 1375 Et
2372 1324 2487 1381 hac
2514 1324 2732 1392 quidem
2772 1325 2986 1381 dicebat
3014 1326 3312 1395 imperator
3349 1334 3459 1380 tam
3497 1326 3609 1381 vir-

2019 1417 2134 1466 tute
2179 1412 2500 1468 humilitatis
2551 1417 2809 1484 praditus
2870 1432 3031 1472 auam
3071 1417 3165 1471 Dei
3199 1419 3391 1473 timore
3432 1421 3608 1474 muni—

2017 1506 2128 1565 tus,
2156 1515 2225 1555 ne
2259 1501 2397 1558 forte
2431 1502 3080 1561 offenderetAltissxmum
3098 1511 3142 1563 si
3159 1495 3311 1565 suam
3326 1508 3606 1577 propriam

2016 1590 2344 1659 praetulisset
2373 1593 2676 1662 potioribus
2713 1595 3059 1650 sententiam.
3100 1594 3214 1650 Hoc
3244 1597 3419 1666 ipsum
3453 1598 3603 1663 fecit,

314 1688 393 1741 ad
428 1688 782 1742 ecclesiarum
819 1688 987 1757 ipsius
1032 1688 1416 1753 reverentiam,
1458 1696 1514 1742 ει
1551 1688 1620 1742 ad
1649 1689 1911 1744 honorem
1938 1683 1986 1742 B
2013 1686 2074 1732 ut
2102 1682 2357 1748 pradixi,
2389 1683 2708 1753 magniﬁcus
2742 1695 2797 1740 et
2837 1685 3270 1754 sapientissimus
3309 1689 3606 1758 imperator

316 1779 601 1848 pertinere
637 1778 982 1848 cognoscitur
1023 1779 1388 1843 sacerdotum,
1421 1779 1508 1834 vel
1553 1781 1678 1849 quid
1721 1789 1910 1836 contra

316 1867 581 1922 mandata
622 1867 833 1922 Domini
866 1878 1075 1940 gestum
1103 1871 1192 1937 sit,
1237 1872 1292 1926 in
1329 1872 1448 1942 ipso
1491 1874 1790 1928 rcverendo
1823 1883 1909 1928 αι-

316 1973 430 2026 que
455 1957 716 2013 unanimo
741 1960 1064 2016 discutiatur
1086 1971 1375 2027 conventu,
1402 1972 1464 2016 ut
1483 1963 1744 2032 quidquid
1772 1963 1910 2020 bene

315 2056 506 2101 actum
551 2047 655 2113 sit,
704 2049 1127 2116 corroboretur;
1177 2052 1223 2105 si
1265 2066 1370 2120 qua
1417 2067 1548 2107 vero
1590 2062 1720 2108 sunt
1769 2055 1909 2109 male

314 2145 493 2205 geSta,
537 2137 591 2190 in
623 2137 816 2192 melius
851 2141 1216 2210 corrigantur.
1250 2141 1353 2198 Ubi
1401 2151 1457 2198 et
1491 2143 1592 2212 ipsi
1634 2145 1908 2214 praepositi

311 2236 534 2297 oportet
555 2237 615 2282 ut
637 2230 1028 2301 investigentur
1057 2233 1291 2302 qualiter
1313 2234 1427 2290 suis
1448 2235 1766 2291 ministeriis
1787 2237 1909 2291 fun-

313 2328 534 2392 gantur,
583 2319 669 2376 vel
703 2323 976 2390 quomodo
1020 2323 1233 2393 plebem
1275 2324 1377 2379 sibi
1409 2327 1756 2381 commissam
1799 2334 1908 2382 tam

313 2409 527 2464 calcati
570 2409 868 2466 informent
893 2413 1160 2480 doctrina,
1199 2430 1361 2484 quam
1391 2423 1593 2471 sancta
1623 2431 1906 2473 conversa-

314 2503 490 2557 tionis
523 2503 770 2559 imbuant
804 2506 1072 2576 exemplo.
1116 2508 1247 2574 Qua
1284 2509 1466 2564 omnia
1501 2510 1551 2564 si
1591 2526 1713 2565 cum
1756 2512 1908 2580 pacis

310 2592 675 2647 unanimitate
723 2602 780 2648 et
815 2596 1076 2656 canonica
1113 2595 1325 2664 justitia
1375 2597 1646 2654 subtiliter
1689 2608 1904 2669 pertra-

310 2687 554 2745 ctentur,
580 2681 858 2738 fructuosa
897 2684 1102 2740 utilitas
1130 2696 1334 2742 sancta
1360 2688 1618 2744 Ecclesia
1645 2690 1902 2761 gignitur,

311 2785 380 2823 ac
423 2771 708 2824 reverendi
749 2773 998 2839 rectoris,
1037 2776 1190 2846 cujus
1219 2777 1482 2832 benevola
1517 2777 1905 2837 deliberatione

310 2860 525 2914 scilicet
558 2869 614 2915 et
642 2863 968 2919 auctoritate
995 2866 1114 2921 hac
1147 2877 1402 2938 aguntur,
1445 2870 1626 2940 magni
1670 2871 1904 2927 semina-

312 2953 460 3007 rium
483 2963 815 3025 propagatur
841 2959 1043 3013 meriti.

2013 1767 2424 1838 Constantinus,
2451 1790 2554 1828 non
2585 1775 2638 1828 in
2660 1791 2776 1840 sua,
2807 1777 2900 1831 sed
2929 1777 2985 1830 in
3014 1787 3326 1832 sanctorum
3367 1779 3603 1848 pruden-

2012 1860 2085 1915 tia
2110 1862 2481 1933 sapientiaque
2518 1867 2894 1937 episc0porum
2924 1868 3220 1924 confidens.
3262 1869 3372 1926 Hoc
3407 1873 3599 1928 beatus

2009 1946 2329 2007 Jovinianus
2373 1954 2484 2010 Deo
2526 1957 2777 2012 amabilis
2832 1958 3083 2029 princeps
3127 1959 3230 2014 ﬁde
3278 1961 3600 2018 inconcussa

2008 2041 2276 2106 servavit;
2317 2042 2410 2111 qui
2453 2044 2579 2098 dum
2626 2046 2799 2100 hostis
2826 2055 2971 2101 esset
2999 2045 3215 2101 Ariana
3239 2048 3478 2119 perﬁdia
3518 2057 3600 2104 at-

2008 2141 2114 2196 que
2134 2137 2372 2185 sectator
2395 2130 2594 2187 Nicani
2624 2135 2967 2190 decretorum
2997 2138 3233 2202 concilii,
3262 2154 3328 2194 ex
3358 2153 3600 2195 momen-

2008 2223 2168 2273 taneo
2197 2223 2474 2278 terrestris
2505 2224 2718 2295 imperii
2749 2224 2962 2297 fastigio
2997 2228 3184 2282 aterni
3226 2228 3329 2284 sibi
3368 2229 3597 2298 gloriam

2008 2309 2158 2377 regni
2189 2314 2540 2380 comparavit.
2584 2316 2722 2383 Quid
2771 2316 3006 2372 referam
3053 2319 3120 2373 de
3165 2319 3371 2375 duobus
3417 2335 3597 2377 sacra-

2009 2397 2230 2455 tissimis
2251 2401 2428 2458 divina
2451 2413 2741 2473 prastante
2768 2409 2940 2477 gratia
2971 2409 3390 2478 imperatoribus
3415 2411 3594 2468 Theo-

2006 2486 2207 2551 dosiis?
2246 2491 2338 2560 qui
2379 2491 2434 2546 in
2466 2501 2676 2548 tantum
2724 2495 3090 2566 Oinnipotenti
3139 2498 3490 2568 placuerunt,
3539 2512 3598 2558 ut

2007 2577 2185 2648 regias
2222 2595 2513 2650 purpuras,
2566 2593 2778 2654 sceptra
2824 2602 3040 2657 quoque
3076 2597 3133 2643 et
3169 2591 3379 2660 apicem
3420 2593 3584 2664 impe.

2006 2671 2226 2726 ratoriae
2253 2673 2532 2744 dignitatis
2562 2676 2762 2732 divinis
2790 2680 3077 2749 praeceptis
3113 2691 3168 2736 et
3204 2685 3482 2741 canonicis
3512 2687 3595 2741 in-

2004 2763 2206 2819 stitutis
2243 2764 2471 2844 Domino
2516 2767 2814 2838 inspirante
2848 2771 3168 2838 subderent,
3207 2789 3271 2828 ac
3313 2775 3463 2844 pium
3502 2792 3594 2832 ze-

2003 2849 2112 2905 lum
2155 2868 2285 2924 erga
2314 2841 2408 2911 Dei
2453 2857 2712 2913 ecclesias
2756 2859 3026 2916 indefessa
3073 2841 3341 2921 charitate
3383 2881 3597 2937 semper

2004 2945 2287 3000 haberent.
2335 2946 2487 3003 Unde
2540 2950 2662 3006 illos
2701 2952 3078 3009 universorum
3125 2955 3387 3013 Dominus
3430 2957 3596 3013 subli-

383 3040 526 3096 Nam
562 3045 800 3112 pretiosa
837 3048 1070 3118 religiosi
1112 3049 1374 3121 principis
1403 3061 1488 3107 est
1523 3068 1724 3110 corona
1771 3069 1898 3110 san,
1928 3026 1974 3088 C
2005 3035 2171 3090 mavit
2198 3036 2252 3090 in
2284 3038 2468 3104 terris,
2493 3047 2547 3094 et
2572 3052 2694 3111 post
2728 3045 3014 3112 prasentis
3055 3043 3281 3116 gloriam
3317 3045 3596 3106 felicitatis

306 3145 462 3190 ctum
504 3139 888 3210 episcoporum
924 3143 1232 3209 concilium,
1274 3144 1328 3198 in
1375 3158 1484 3214 quo
1512 3144 1903 3202 famosissimus

308 3239 544 3295 magnus
569 3225 826 3285 videlicet
868 3229 1252 3288 Constantinus
1292 3235 1589 3304 imperator
1625 3237 1904 3293 exsultans

308 3315 361 3367 in
387 3314 623 3370 Domino
643 3319 999 3387 gloriabatur,
1025 3324 1116 3392 qui
1143 3324 1402 3379 collectos
1422 3342 1485 3380 ex
1511 3328 1762 3382 omnibus
1789 3328 1904 3384 fere

305 3405 567 3474 gentibus
603 3423 725 3476 qua
766 3412 865 3466 sub
895 3412 1034 3467 calo
1061 3421 1206 3478 sunt,
1251 3417 1448 3484 quibus
1477 3415 1678 3472 Christi
1709 3421 1906 3488 pradi-

305 3501 494 3547 catum
538 3505 658 3550 erat
715 3498 1099 3569 Evangelium,
1143 3503 1291 3557 viros
1339 3507 1738 3562 sacratissimos
1780 3509 1901 3577 plus

305 3598 476 3653 quam
526 3593 798 3642 trecentos
836 3590 1118 3660 episcopos
1159 3601 1270 3647 tam
1307 3595 1551 3651 doctrina
1593 3613 1757 3666 quam
1795 3599 1900 3654 mi~

308 3673 516 3727 raculis
561 3686 926 3744 coruscantes,
951 3689 1170 3749 propter
1196 3683 1479 3741 catholicae
1508 3686 1899 3743 discussionem

307 3762 435 3816 ﬁdei
465 3763 518 3818 in
546 3780 732 3831 unum,
777 3769 880 3823 hoc
922 3780 1005 3824 est
1034 3771 1332 3839 Nicanum,
1375 3779 1731 3847 congregavit
1766 3795 1900 3834 con-

303 3849 518 3905 cilium.
560 3852 714 3908 Unde
737 3866 792 3910 et
826 3858 914 3912 hic
941 3860 1045 3914 huc
1074 3876 1244 3931 usque
1269 3879 1387 3918 mos
1414 3863 1754 3923 Christianus
1783 3869 1899 3924 ino-

305 3939 465 4005 levit,
503 3950 562 3996 ut
600 3945 742 4014 apud
769 3962 959 4002 omnes
979 3951 1316 4007 orthodoxos
1345 3952 1710 4010 Ecclesiarum
1748 3958 1899 4027 prin-

301 4035 460 4103 cipes
488 4038 777 4107 synodales
805 4039 920 4095 ﬁeri
960 4052 1256 4100 conventus
1285 4046 1632 4115 decernatur,
1676 4059 1899 4120 propter

304 4128 652 4184 necessarias
687 4139 890 4185 sancta
918 4132 1174 4189 Ecclesia
1202 4137 1486 4203 utilitates,
1507 4155 1628 4208 qua
1656 4157 1762 4196 non
1789 4142 1894 4196 nisi

301 4217 655 4286 synodalibus
683 4221 995 4293 investigari
1025 4227 1269 4282 conciliis
1304 4236 1468 4298 atque
1497 4233 1778 4289 canonicis
1803 4234 1895 4289 de-

304 4305 453 4361 finiri
477 4311 849 4366 sanctionibus
877 4314 1091 4368 debent.
1123 4316 1275 4372 Unde
1305 4328 1524 4374 cautum
1552 4329 1608 4376 et
1630 4323 1890 4378 humilem

301 4408 366 4454 et
402 4401 560 4458 valde
603 4404 1056 4475 circumspectum
1103 4417 1314 4478 oportet
1352 4427 1474 4466 esse
1523 4428 1743 4484 regem;
1791 4432 1892 4472 nec

303 4492 603 4562 quidquam
633 4495 701 4551 de
744 4498 973 4567 negotiis
1018 4499 1404 4556 ecclesiasticis
1449 4503 1697 4572 judicare
1745 4520 1890 4574 pra-

305 4590 519 4645 sumat,
553 4592 843 4654 antequam
887 4587 1165 4658 synodalia
1202 4597 1402 4644 statuta
1459 4602 1770 4661 cognoscat.
1805 4593 1890 4650 Si-

309 4671 524 4738 quidem
558 4673 924 4731 ecclesiastica
952 4676 1159 4745 judicia
1187 4680 1342 4734 valde
1384 4689 1511 4736 sunt
1550 4697 1736 4737 coram
1779 4685 1888 4741 Deo

304 4763 628 4831 periculosa,
668 4765 772 4820 nisi
816 4782 938 4821 cum
982 4770 1216 4824 maxima
1257 4769 1606 4840 proferantur
1641 4774 1882 4844 justitia;

301 4854 574 4924 pracipue
618 4855 665 4910 si
703 4871 802 4926 per
839 4858 1204 4916 calumniosos
1249 4872 1596 4920 accusatores
1639 4874 1695 4921 et
1738 4883 1889 4923 men-

304 4941 468 4997 dosos
513 4951 704 5008 testes,
749 4947 839 5014 qui
880 4947 1195 5004 innocentes
1227 4959 1355 5005 sunt
1385 4954 1763 5010 examinentur
1795 4957 1887 5011 ab—

302 5041 509 5098 sentes,
557 5035 702 5103 quod
749 5045 833 5091 est
883 5037 1308 5095 Christianitatis
1351 5041 1603 5097 alienum.
1645 5044 1800 5100 Unde
1830 5052 1887 5101 et

301 5121 436 5176 illud
477 5123 533 5177 in
575 5124 864 5196 Evangelio
900 5126 1135 5198 legitur:
1176 5129 1429 5200 Nunquid
1459 5131 1542 5185 lea
1583 5142 1762 5188 nostra
1792 5135 1890 5203 ju-

300 5209 443 5264 dico:
471 5213 751 5282 hominem,
786 5217 887 5270 nisi
931 5218 1158 5272 audierit
1186 5219 1250 5273 ab
1289 5221 1400 5289 ipso
1440 5223 1587 5291 prius
1614 5234 1662 5277 et
1699 5241 1889 5296 cogno-

299 5301 429 5353 verit
454 5302 586 5370 quid
614 5302 820 5373 faciat?
843 5306 1026 5378 (Joan.
1052 5325 1161 5373 vn,
1188 5309 1303 5378 5|.)
1331 5310 1460 5365 Pius
1493 5311 1678 5380 itaque
1709 5325 1888 5370 rector

303 5398 560 5460 tanquam
595 5395 862 5453 luminosa
887 5401 1086 5470 pupilla
1114 5401 1290 5470 primo
1323 5403 1466 5470 quod
1496 5400 1704 5471 justum
1728 5416 1784 5460 et
1812 5404 1885 5460 le-

299 5480 549 5549 gitimum
577 5495 663 5539 est
690 5490 987 5544 secundum
1017 5491 1309 5546 canonicas
1334 5501 1644 5548 sanctorum
1671 5495 1883 5564 cpisco-

296 5585 490 5637 porutn
543 5579 853 5634 sanctiones
910 5583 1298 5652 perspicaciter
1355 5585 1632 5651 attendat;
1685 5588 1879 5644 dehinc

1917 4376 1970 4436 D

2007 3132 2262 3196 tanquam
2300 3128 2527 3185 dilectos
2556 3131 2659 3186 sibi
2708 3135 2987 3191 ministros
3023 3136 3075 3191 in
3119 3146 3384 3195 aternum
3423 3141 3597 3197 beati-

2003 3215 2131 3270 ﬁcat
2162 3217 2216 3271 in
2245 3219 2416 3275 caelis.
2447 3220 2554 3276 Sed
2583 3223 2630 3277 si
2666 3225 2788 3292 quis
2814 3234 2897 3280 est
2929 3236 3200 3283 tantorum
3229 3231 3456 3287 amulus
3481 3232 3594 3303 glo-

2003 3303 2098 3359 ria
2139 3307 2466 3379 principum,
2512 3311 2559 3365 si
2601 3315 2729 3382 quis
2754 3315 3100 3376 Christianus
3136 3329 3318 3376 rector
3365 3321 3596 3380 feliciter

2002 3401 2058 3448 et
2085 3395 2316 3462 gloriose
2357 3399 2410 3452 in
2443 3400 2547 3456 hoc
2590 3404 2790 3460 saeculo
2830 3420 3058 3478 regnare
3097 3408 3398 3477 desiderat,
3441 3421 3498 3468 et
3527 3413 3592 3467 ad

2000 3483 2236 3550 palmam
2280 3489 2625 3558 sempiterna
2656 3494 3011 3551 beatitudinis
3039 3501 3330 3566 pervenire
3367 3510 3589 3557 conten—

2002 3574 2101 3641 dit,
2144 3576 2358 3632 illorum
2385 3578 2754 3637 fidelissimam
2783 3599 2911 3655 erga
2940 3585 3144 3642 cultum
3185 3587 3586 3659 Omnipotentis

2000 3663 2244 3719 imitetur
2276 3668 2635 3736 devotionem,
2668 3680 2836 3742 Seque
2863 3675 3208 3744 benevolum,
3240 3677 3585 3746 clementem,

2000 3753 2054 3807 in
2079 3751 2300 3821 judiciis
2326 3758 2655 3828 districtum,
2691 3764 2746 3818 in
2784 3765 2965 3820 cordis
3002 3766 3308 3823 humilitate
3339 3783 3591 3826 mansue-

2000 3851 2130 3910 tum,
2179 3847 2236 3901 in
2276 3849 2578 3906 visceribus
2623 3853 3016 3912 misericordia
3052 3846 3500 3929 compatientem',
3534 3862 3586 3917 in

1998 3935 2247 4008 largita-te
2296 3941 2634 4008 muniﬁcum,
2676 3945 2730 4000 in
2780 3945 2896 4002 zelo
2937 3948 3030 4017 qui
3070 3950 3366 4006 secundum
3415 3952 3585 4009 Deum

1997 4035 2084 4084 est
2119 4027 2433 4086 fulmineum
2481 4034 2628 4089 circa
2673 4036 2770 4092 Dei
2817 4037 3115 4094 Ecclesiam
3160 4041 3391 4098 solerter
3426 4043 3576 4100 exhi-

1996 4118 2160 4185 beat,
2211 4119 2257 4175 si
2297 4123 2571 4180 consortio
2618 4139 2979 4197 supernorum
3030 4129 3231 4185 civium
3278 4147 3400 4187 cum
3449 4146 3582 4190 san-

1996 4209 2098 4265 ctis
2143 4219 2198 4266 et
2235 4211 2400 4282 justis
2448 4217 2750 4272 rectoribus
2803 4233 3034 4290 regnare
3079 4223 3394 4291 perenniter
3448 4238 3578 4295 pro-

1998 4310 2173 4357 curat.

2135 4397 2396 4471 Princeps
2423 4400 2743 4472 magniﬁcus
2762 4417 2926 4472 quem
2955 4403 3096 4460 Deus
3123 4407 3316 4462 extulit

2117 4488 2209 4544 .Ut
2235 4491 2420 4560 prasit
2446 4488 2644 4561 populo
2674 4493 2975 4562 sceptriger
3003 4493 3257 4565 inclytus,

2135 4579 2307 4635 Debet
2331 4580 2673 4637 Celsithrono
2697 4596 2756 4637 se
2781 4583 2919 4639 bene
2943 4583 3192 4650 subdere,

2133 4670 2338 4726 Cedros
2365 4671 2457 4741 qui
2486 4671 2674 4727 Libani
2703 4673 2953 4729 conditor
2976 4673 3165 4740 edidit,

2136 4761 2345 4818 Montes
2371 4763 2464 4832 qui
2489 4778 2714 4833 superos
2742 4765 2943 4820 vertice
2969 4765 3233 4832 sublevat,

2133 4856 2236 4924 Qui
2265 4872 2541 4928 gemmare
2569 4856 2697 4912 facit
2721 4872 2956 4928 ruraque
2986 4856 3228 4924 ﬁoribus,

2130 4948 2315 5003 Pinxit
2337 4947 2538 5018 quique
2564 4947 2717 5017 polos
2743 4947 3012 5002 sideribus
3037 4955 3211 5018 pater,

2127 5040 2230 5107 Qui
2260 5040 2384 5095 cali
2411 5039 2696 5096 cherubim
2723 5053 2820 5093 rex
2848 5038 3229 5108 supereminet.

2131 5133 2306 5203 Reges
2332 5135 2634 5202 terrigenas
2657 5130 2921 5201 malignos
2949 5130 2996 5186 is
3028 5131 3264 5188 ordinat.

2133 5225 2213 5281 0b
2248 5226 2352 5280 hoc
2376 5225 2659 5295 provideat
2682 5232 2862 5278 rector
2889 5223 3184 5280 honoribus

2133 5315 2415 5370 Excellens
2439 5313 2654 5385 superis
2677 5328 2813 5383 quos
2843 5313 2986 5369 Deus
3006 5314 3214 5382 attulit,

2133 5406 2236 5461 Olli
2265 5421 2373 5474 quo
2399 5405 2612 5477 placeat
2637 5403 2727 5474 qui
2753 5405 2892 5475 regit
2920 5405 3122 5469 omnia,

2133 5497 2375 5565 Regnum
2409 5497 2502 5566 qui
2531 5495 2720 5552 tribuit
2743 5496 3011 5552 maximus
3035 5496 3260 5551 arbiter.

2130 5587 2281 5643 lllum
2308 5587 2620 5659 magniﬁcat
2650 5588 2896 5658 quisquis
2920 5601 3044 5643 eum
3073 5588 3222 5654 colit,
