3982 6198
401 280 496 339 ΞΗ

543 381 741 478 Verbo,
767 395 930 480 corde
955 395 1065 466 pio,
1093 395 1371 467 regimine,
1401 397 1660 452 moribus;

541 481 741 543 Christi
771 485 973 558 quique
997 486 1184 541 volens
1213 486 1467 541 Ecclesiae
1492 485 1659 554 favet,

547 573 807 633 servator
830 576 1122 642 cau‘ontlm;
1151 578 1349 632 ductor
1367 587 1421 632 et
1449 579 1685 648 Optimus

543 657 726 726 Claret
745 657 968 740 justitiae
996 673 1284 724 stemmate
1311 667 1546 740 fulgidus

540 764 659 820 Rex
685 773 766 818 est
787 763 912 832 jure
938 778 1095 818 sacer
1124 765 1215 834 qui
1242 779 1396 819 sacra
1424 765 1676 834 dogmata

540 839 621 908 Ac
648 852 861 908 deereta
888 850 1110 906 Patrum
1139 853 1319 907 Servat
1349 852 1402 904 in
1428 852 1699 906 omnibus.

541 927 690 996 illum
721 927 981 998 clariﬁcat
1005 930 1318 1010 pontiﬁcum
1345 935 1566 1003 chorus;

540 1025 652 1088 Ceu
675 1047 899 1104 gemmae
928 1030 1141 1085 radiant
1166 1031 1219 1085 in
1251 1030 1574 1094 diademate,

542 1111 614 1180 Ut
638 1139 884 1192 campum
909 1123 1168 1177 decorant
1191 1121 1346 1176 violae
1372 1135 1438 1176 ac
1466 1120 1597 1184 lilia,

539 1199 915 1283 “lustrantque
936 1213 1115 1284 polum
1142 1211 1343 1283 fulgida
1371 1212 1566 1267 sidera.

1038 1303 1188 1359 CAP.
1223 1301 1336 1356 Xll.

469 1383 693 1462 Oportet
727 1394 906 1448 autem
951 1393 1253 1447 modestum
1298 1390 1692 1446 dominatOrem
1736 1389 1976 1459 pondere

399 1471 717 1543 humilitatis
746 1495 799 1542 et
834 1481 1154 1542 obedientire
1182 1471 1378 1539 virtute
1421 1480 1534 1538 ﬁeri
1573 1481 1881 1552 praeditum,
1918 1489 1978 1535 ut

400 1575 624 1631 Virtutes
666 1576 1022 1630 humilitatem
1071 1573 1324 1628 videlicet
1365 1577 1527 1643 atque
1581 1571 1974 1637 obedientiam,

397 1665 558 1736 tinam
587 1666 699 1735 ipse
741 1665 795 1719 in
836 1664 1093 1732 subjectis
1133 1661 1327 1734 diligit,
1369 1661 1424 1716 in
1455 1677 1513 1716 se
1557 1661 1673 1730 ipso
1718 1661 1977 1729 recogno-

1781 279 2046 338 SEDULII
2086 274 2281 338 SCO'l‘l
2351 291 2360 298 '

2004 398 2052 457 Α
2079 409 2150 464 pe
2175 395 2448 452 vinculum
2477 411 2584 468 quo
2619 406 2672 452 te
2698 398 2936 454 amnium
2962 399 3228 454 Dominus,
3274 413 3418 455 nunc
3443 398 3650 471 ligavit.

3542 284 3655 342 312

2077 486 2173 541 Est
2199 487 2346 542 enim
2378 489 2644 544 medicina
2676 490 2910 543 maxima
2939 487 3208 545 sanitatis.

2147 576 2245 632 His
2273 579 2617 634 sermonibus
2642 581 2900 635 obediens
2921 581 3060 652 (erat
3087 581 3231 635 enim
3255 581 3452 637 divinis
3475 570 3656 639 erudis-

2077 669 2315 725 tionibus
2335 670 2628 736 enutritus,
2653 680 2710 726 et
2728 680 2912 740 aperte
2933 671 3111 726 sciens
3135 688 3258 740 qua:
3280 682 3407 729 sunt
3430 675 3656 744 propria

2075 761 2442 824 sacerdotum,
2470 774 2592 829 qua:
2618 760 2848 832 regum),
2881 776 3101 832 gemens
3137 770 3192 816 et
3225 761 3424 818 deﬂens
3472 765 3543 819 ad
3573 775 3662 820 re-

2074 847 2213 916 galia
2235 849 2514 904 remeavit.
2531 850 2773 920 Cumque
2790 861 2913 905 octo
2925 853 3191 907 mensium
3205 853 3463 910 continuo
3484 865 3662 910 trans-

2077 939 2245 994 issent
2301 941 2568 1009 tempora,
2593 941 2978 1010 propinquavit
3004 943 3306 997 nativitatis
3357 941 3661 1000 Salvatoris

2077 1028 2249 1084 nostri
2291 1028 2579 1084 festivitas.
2615 1029 2912 1100 imperator
2951 1039 3130 1086 autem
3179 1029 3659 1088 lamentationibus

2078 1118 2308 1174 assiduis
2331 1119 2384 1172 in
2406 1119 2606 1188 palatio
2638 1119 2905 1187 residens,
2952 1121 3238 1176 continuas
3281 1120 3550 1192 lacrymas
3576 1124 3662 1178 iu-

2077 1207 2413 1263 cessabiliter
2449 1210 2806 1279 expendebat.
2864 1209 3146 1279 Ingressus
3197 1220 3380 1266 autem
3429 1210 3662 1267 Ruﬁnus

2079 1305 2208 1351 tunc
2236 1298 2512 1367 magister,
2541 1307 2598 1354 et
2633 1298 2963 1368 singularem
3014 1299 3156 1369 apud
3183 1300 3482 1369 principem
3523 1302 3662 1356 ﬁdu-

2077 1387 2218 1442 ciam
2244 1388 2470 1454 habens,
2502 1397 2558 1444 et
2598 1389 2788 1444 videns
2833 1389 3132 1458 principem
3184 1389 3239 1444 in
3274 1389 3662 1447 lamentatione

2077 1481 2430 1547 prostratum,
2463 1480 2697 1534 accessit
2723 1486 2784 1533 ut
2832 1478 3194 1549 lacrymarum
3243 1496 3439 1535 causas
3480 1481 3662 1550 inqui-

2079 1568 2245 1625 reret.
2269 1570 2340 1624 At
2359 1570 2450 1625 ille
2475 1571 2813 1626 amarissime
2833 1570 3192 1640 ingemiscens
3212 1580 3267 1625 et
3288 1572 3664 1626 vehementius

2081 1663 2348 1735 lacrymas
2375 1662 2626 1727 fundens,
2656 1662 2753 1726 Tu,
2781 1662 2976 1731 inquit,
3010 1661 3223 1725 Ruﬁne,
3274 1663 3414 1718 ludis
3439 1671 3494 1718 et
3519 1664 3662 1719 mala

396 1734 532 1809 "seat.
565 1734 748 1823 Itaque
775 1755 818 1808 si
851 1753 1138 1821 contigerit
1162 1761 1269 1806 uta
1300 1752 1656 1821 prudentibus
1685 1753 1977 1820 reprehen—
2006 1734 2052 1794 Β
2081 1734 2205 1807 ιιιθὰ
2225 1769 2332 1810 non
2355 1753 2558 1818 sentis;
2587 1766 2688 1823 ego
2711 1760 2890 1807 autem
2921 1751 3190 1806 lamentor
3228 1760 3283 1807 et
3329 1767 3484 1822 gemo
3515 1753 3663 1807 cala-

397 1834 573 1912 datur,
615 1856 672 1900 se
707 1845 920 1914 Quidem
960 1843 1434 1913 reprehensibilem
1477 1858 1598 1898 esse
1642 1844 1843 1898 acriter
1885 1844 1981 1899 do-

396 1921 524 2000 ient,
555 1949 619 1989 ac
663 1935 906 2004 protinus
947 1934 1014 1987 ad
1058 1933 1388 2002 poenitentiae
1432 1933 1824 1988 medicamenta
1852 1935 1978 1987 cur-

398 2024 514 2078 i‘ere
542 2023 788 2088 festinet;
819 2031 873 2078 et
895 2023 986 2092 qui
1013 2022 1239 2076 libenter
1262 2021 1600 2092 peccaverat,
1627 2012 1837 2092 virgam
1865 2036 1980 2077 cor-

397 2113 652 2170 i‘e‘ctionis
686 2114 914 2168 libenter
940 2121 1099 2181 atque
1126 2120 1402 2182 gratanter
1433 2097 1691 2181 accipiat;
1720 2120 1774 2166 et
1800 2111 1979 2179 prius-

395 2204 558 2278 quam
604 2206 831 2261 Creator
856 2220 1074 2258 manum
1104 2219 1254 2257 suam
1282 2203 1349 2257 ad
1378 2203 1677 2257 feriendum
1717 2203 1975 2267 excutiat,

394 2289 463 2351 ’d'e
485 2288 818 2350 correctione
837 2294 1109 2348 commissi
1133 2293 1355 2348 sceleris
1379 2308 1720 2363 summopere
1740 2293 1974 2358 studeat,

395 2383 466 2442 ne
512 2389 620 2442 tam
667 2373 1008 2457 postmodum
1053 2386 1233 2441 acrius
1278 2387 1568 2441 destrictus
1596 2385 1763 2454 judex
1797 2385 1974 2451 feriat,

394 2483 658 2549 quantum
691 2479 890 2534 diutius
921 2486 975 2534 et
1012 2477 1305 2534 clementer
1355 2485 1654 2548 exspectat.
1697 2477 1979 2532 Prteoccu-

395 2567 488 2638 pet
513 2568 704 2623 faciem
732 2567 944 2622 Do'mini
985 2568 1036 2621 in
1065 2567 1424 2632 confessione,
1465 2569 1509 2622 si
1547 2569 1668 2639 quis
1699 2566 1850 2636 regni
1880 2581 1977 2637 gu-

394 2645 650 2716 bernator
694 2661 746 2716 iu
789 2661 1104 2716 abscondito
1144 2651 1388 2730 peccavit
1426 2662 1510 2716 vel
1555 2653 1787 2731 publico.
1827 2660 1974 2728 Quo;

395 2750 555 2804 iuodo
581 2749 646 2806 de
676 2759 862 2806 sancto
890 2766 1014 2821 rege
1048 2758 1103 2804 et
1133 2752 1392 2820 propheta
1427 2751 1592 2806 David
1630 2751 1848 2821 legitur,
1879 2749 1972 2819 qui

393 2836 520 2893 Eum
561 2846 684 2910 pOSt
719 2848 961 2910 stuprum
1009 2839 1276 2895 Bersabee
1321 2849 1375 2896 et
1425 2841 1777 2895 homicidium
1822 2856 1974 2896 com-

395 2928 622 2984 i‘uissum
663 2927 716 2984 in
750 2931 935 2987 Uriam
975 2930 1250 2984 Hethicum
1296 2946 1394 3000 per
1427 2930 1640 2986 Nathan
1684 2933 1976 3002 reprehen-

390 3014 610 3073 idorctur
637 3021 974 3090 prophetam,
1013 3037 1118 3075 non
1164 3029 1280 3075 erat
1310 3005 1688 3091 reprehensori
1730 3022 1972 3093 indigna-

393 3100 501 3187 tus,
528 3108 622 3162 sed
651 3108 886 3174 sibimet,
912 3121 1306 3179 recognoscens
1343 3126 1498 3165 suum
1525 3119 1830 3180 peceatum,
1855 3111 1970 3181 jam

393 3192 572 3251 l’uerat
611 3197 807 3258 iratus:
835 3205 890 3253 et
915 3201 1005 3268 qui
1045 3208 1167 3270 post
1193 3201 1404 3270 culpam
1447 3201 1806 3256 hilaresccbat
1847 3211 1974 3274 per-

392 3283 680 3356 patratum,
707 3286 767 3342 se
799 3289 970 3358 ipsum
1018 3303 1114 3358 per
1144 3306 1386 3344 amaram
1436 3290 1650 3347 deflevit
1690 3295 1966 3361 paeniten-

396 3367 547 3430 tiam.
592 3375 728 3432 Hinc
770 3377 1025 3449 lacrymis
1054 3379 1269 3434 veniam
1313 3381 1611 3448 promeruit
1655 3381 1746 3450 qui
1789 3397 1971 3437 coram

395 3469 624 3524 Domino
663 3470 848 3540 gravia
890 3470 1096 3525 scelera
1127 3470 1419 3535 commisit,
1445 3479 1501 3526 et
1529 3486 1596 3526 ex
1626 3470 1773 3526 fonte
1801 3472 1977 3543 lacry-

393 3558 608 3614 iuarum
649 3561 795 3614 venit
841 3561 910 3616 ad
953 3560 1283 3631 manipulum
1318 3561 1654 3631 gaudiorum,
1681 3563 1823 3617 sicut
1861 3562 1975 3632 ipse

391 3649 524 3704 alibi
550 3649 716 3705 dicit:
747 3650 850 3717 Qui
877 3652 1133 3706 seminam
1160 3652 1214 3705 in
1237 3651 1503 3722 lacrymis,
1526 3654 1581 3707 in
1614 3653 1974 3710 exsultatione

394 3745 612 3806 inerant,
637 3749 693 3796 et
720 3741 944 3811 reliqua.
973 3739 1148 3814 (Psal.
1174 3755 1336 3806 cxxv,
1363 3740 1444 3813 5.)

469 3833 576 3887 Sed
605 3842 661 3889 et
686 3834 817 3888 illud
859 3834 1001 3903 quo‘d
1032 3835 1098 3890 de
1135 3831 1358 3905 ‘glori‘osi
1397 3833 1658 3904 principis
1681 3823 1973 3890 Theodosii

397 3925 719 3979 'admirauda
743 3925 1050 3981 humilitate
1066 3934 1226 3996 atque
1251 3927 1572 3996 potnitcntia
1598 3927 1849 3992 traditur,
1875 3941 1974 3982 nec

397 4018 834 4085 prmttaret‘mdum
860 4029 982 4070 esse
1010 4018 1240 4079 videtur,
1277 4019 1368 4087 qui
1397 4032 1517 4072 cum
1569 4025 1692 4086 post
1718 4018 1972 4086 injustam

398 4105 697 4158 'tnult'orut‘n
745 4105 970 4158 millium
997 4112 1182 4159 ne'cem
1226 4105 1582 4161 Mediolanum
1624 4107 1880 4173 venisset,
1918 4117 1974 4162 et

395 4192 718 4249 'solem'nite'r
758 4189 814 4246 in
841 4196 1060 4248 ‘sacru'm
1086 4196 1345 4250 voluisset
1386 4197 1593 4251 i‘ntr‘a're
1619 4199 1897 4266 templum,
1922 4200 1972 4254 ei

395 4285 622 4339 sanetu's
641 4272 962 4340 Ambmsius
993 4284 1299 4354 hujusmddi
1328 4285 1554 4351 cladem,
1576 4287 1790 4357 plenam
1817 4288 1972 4344 Valde

2080 1849 2326 1904 mitatem
2354 1855 2548 1910 meam,
2578 1846 2708 1915 quia
2738 1845 2956 1916 quidem
3001 1845 3174 1899 servis
3223 1853 3278 1898 et
3305 1845 3665 1901 mendicanti-

2079 1939 2179 1995 bus
2207 1945 2395 2009 aperta
2419 1945 2545 1992 sunt
2569 1937 2765 2006 templa
2793 1935 2910 1999 Dei,
2948 1941 3005 1990 et
3041 1935 3320 2005 proprium
3370 1934 3663 1990 Dominum

2077 2029 2308 2084 libenter
2329 2035 2579 2091 exorant,
2594 2027 2728 2081 mihi
2750 2039 2880 2080 vero
2899 2025 3176 2096 ingressus
3195 2032 3401 2078 nonest
3421 2025 3488 2079 ad
3511 2039 3660 2078 eum.

2077 2121 2302 2188 insuper
2327 2119 2490 2173 etiam
2522 2117 2690 2171 clausi
2722 2123 2848 2171 sunt
2873 2115 3015 2169 coeli.
3071 2113 3198 2169 Haec
3245 2114 3448 2176 dicens,
3494 2115 3662 2169 verba

2077 2211 2287 2282 singula
2315 2208 2639 2280 singultibus
2663 2206 3016 2276 irrumpehat.
3047 2205 3216 2272 Quem
3243 2216 3367 2260 eum
3389 2207 3534 2261 idem
3558 2207 3664 2260 Ru-

2079 2302 2220 2356 ﬁnus
2242 2301 2404 2355 beato
2422 2298 2773 2354 reconciliare
2787 2297 3074 2352 Ambrosio
3095 2291 3468 2367 persuaderet,
3483 2314 3664 2367 neque

2077 2398 2259 2443 tamen
2284 2387 2569 2457 potuisset,
2595 2385 2710 2440 haec
2735 2385 3030 2454 imperator
3056 2384 3110 2438 in
3135 2384 3310 2438 media
3335 2383 3452 2453 jam
3477 2384 3656 2454 platea

2075 2496 2428 2552 cognoscens,
2457 2479 2646 2550 Pergo,
2678 2478 2875 2548 inquit,
2897 2485 2952 2532 et
2974 2478 3150 2548 justas
3175 2477 3230 2532 in
3254 2476 3392 2533 facie
3416 2478 3657 2548 suscipio

2077 2571 2455 2626 contumelias.

2147 2661 2390 2732 Cumque
2417 2661 2484 2715 ad
2517 2674 2672 2715 sacra
2702 2659 2888 2714 limina
2915 2658 3271 2729 pervenisset,
3326 2658 3382 2712 in
3412 2666 3658 2715 sanctam

2075 2751 2291 2819 quidem
2323 2748 2602 2804 basilicam
2652 2763 2762 2803 non
2802 2749 3145 2819 prtesumpsit
3184 2748 3410 2814 intrare,
3442 2749 3534 2804 sed
3563 2764 3659 2805 ve-

2074 2841 2230 2895 niens
2258 2839 2323 2894 ad
2350 2839 2667 2903 antistitem,
2697 2845 2751 2892 et
2775 2839 3056 2893 inveniens
3084 2852 3210 2893 eum
3257 2839 3310 2892 in
3336 2837 3656 2894 saiutatorio

2073 2931 2419 2995 residentem,
2449 2927 2786 2998 supplicabat
2809 2935 2869 2982 ut
2913 2926 3032 2995 ejus
3083 2927 3294 2982 vincula
3338 2927 3652 2983 resolveret.

2074 3022 2145 3077 At
2167 3023 2254 3077 ille
2279 3021 2617 3093 tyrannicam
2635 3020 2847 3075 dicebat
2869 3019 2985 3088 ejus
3007 3020 3373 3090 praesentiam,
3390 3029 3444 3073 et
3463 3028 3652 3074 contra

2076 3114 2247 3168 Deum
2276 3111 2529 3166 vesanire
2551 3110 2933 3177 Theodosium,
2971 3111 3196 3182 ejusque
3241 3111 3451 3166 calcare
3483 3111 3650 3182 leges.

2075 3203 2272 3258 Verum
2306 3203 2626 3271 imperator,
2658 3200 2798 3266 Non,
2827 3201 3020 3270 inquit,
3046 3202 3264 3270 insurgo
3290 3202 3545 3257 adversus
3564 3218 3656 3258 ec-

2072 3293 2406 3348 clesiasticas
2426 3291 2754 3356 sanctiones,
2780 3305 2882 3346 nec
2911 3291 3094 3360 inique
3119 3291 3330 3360 ingredi
3359 3290 3543 3344 limina
3566 3306 3654 3345 sa-

2072 3398 2166 3438 cra
2193 3383 2484 3447 contendo,
2518 3380 2616 3437 sed
2645 3389 2698 3436 te
2733 3380 2941 3436 solvere
2989 3381 3202 3437 vincula
3251 3397 3371 3436 mea
3399 3382 3652 3452 deposco,

2072 3483 2128 3530 et
2151 3472 2458 3529 communis
2485 3472 2697 3528 Domini
2744 3488 2843 3543 pro
2881 3487 2971 3528 me
3007 3486 3237 3527 exorare
3285 3472 3652 3538 clementiam,

2073 3578 2176 3618 nec
2197 3562 2330 3616 mihi
2351 3560 2572 3630 januam
2600 3560 2797 3627 claudi,
2825 3577 2988 3631 quam
3026 3563 3235 3616 cunctis
3279 3563 3651 3631 penitentiam

2073 3656 2356 3726 agentibus
2402 3653 2662 3708 Dominus
2705 3661 2890 3708 noster
2931 3653 3161 3722 aperuit.
3213 3653 3366 3708 Tune
3400 3655 3650 3718 antistes,

2073 3748 2267 3815 Quam,
2325 3747 2520 3817 inquit,
2568 3747 2945 3816 poenitentiam
2999 3747 3278 3802 ostendisti
3314 3756 3434 3818 post
3472 3756 3654 3804 tantas

2072 3839 2418 3909 iniquitates?
2448 3836 2654 3903 Quibus
2679 3836 3123 3892 medicaminibus
3163 3837 3483 3891 incurabilia
3515 3839 3640 3891 vul-

2072 3945 2205 3985 nera
2230 3927 2524 3998 plagasque
2546 3927 2790 3982 curasti?
2814 3926 2884 3979 At
2900 3925 3214 3996 imperator,
3234 3926 3427 3991 Tuum,
3453 3927 3650 3994 inquit,

2072 4035 2209 4090 opus
2233 4028 2317 4073 est
2339 4025 2396 4073 et
2414 4018 2608 4073 docere
2635 4023 2691 4070 et
2713 4015 3070 4071 medicamina
3117 4024 3442 4083 temperare,
3469 4031 3652 4070 meum

2073 4125 2203 4167 vero
2229 4110 2410 4167 oblata
2435 4109 2730 4180 suscipere.
2753 4109 2959 4174 Quibus
2979 4107 3158 4162 verbis
3183 4107 3527 4176 imperatoris
3555 4123 3655 4162 au-

2073 4203 2224 4266 ditis,
2276 4217 2398 4271 qute
2445 4201 2588 4256 illius
2638 4199 2997 4255 humilitatem
3028 4207 3194 4270 atque
3225 4200 3398 4268 ipsum
3429 4211 3654 4269 Sponta-

2073 4309 2229 4349 neam
2246 4293 2578 4364 pauitantia:
2593 4293 2868 4362 suscipere
2887 4291 3230 4347 aﬁlictionem
3249 4293 3651 4359 monstrabant,

393 4376 708 4448 gemitibus,
743 4378 966 4433 audiens
1000 4377 1244 4432 occurrit
1282 4376 1417 4432 foris
1443 4377 1508 4431 ad
1544 4377 1760 4448 januas,
1789 4384 1844 4433 et
1887 4378 1970 4432 in-
1996 4423 2049 4481 Β
2075 4392 2296 4441 sanctus
2319 4383 2644 4440 Ambrosius
2673 4383 2965 4440 salutarem
3009 4383 3060 4437 ei
3109 4383 3432 4438 medicinam
3463 4392 3650 4440 ωηιο-

395 4468 734 4540 'gredientem
765 4469 848 4524 his
877 4468 1217 4523 sermonibus
1246 4483 1274 4521 a
1307 4467 1449 4522 sacri
1496 4466 1697 4522 liminis
1724 4467 1971 4539 ingressu

394 4559 678 4630 prohibuit
705 4576 720 4613 :
751 4558 959 4624 Nes’cis,
986 4560 1295 4630 imperator,
1329 4559 1650 4629 perpetratae
1672 4567 1773 4614 ate
1823 4559 1973 4615 necis

393 4656 603 4720 ‘quanta
633 4649 707 4704 sit
733 4649 1080 4720 magnitudo?
1129 4645 1312 4718 Neque
1336 4658 1458 4719 post
1481 4656 1696 4703 causam
1722 4649 1856 4702 tanti
1883 4647 1970 4701 fu-

397 4740 545 4796 roris
572 4755 726 4796 mens
754 4747 844 4793 tua
874 4738 1068 4794 molem
1097 4739 1530 4809 praesumptionis
1551 4738 1828 4809 aguOscit?
1864 4736 1972 4793 Sed

393 4830 539 4888 ‘forte
563 4830 984 4903 recognitionem
1011 4829 1216 4900 peccati
1244 4829 1494 4898 prohibet
1536 4837 1776 4899 potestas
1801 4828 1971 4897 impe-

393 4923 485 4978 'rii.
515 4916 724 4989 Quibus
747 4920 914 4991 igitur
941 4918 1113 4973 ocuiis
1149 4919 1381 4988 aspi'ties
1424 4917 1729 4972 communis
1753 4915 1969 4972 Domini

392 5014 688 5084 templum?
709 5013 915 5081 Quibus
939 5011 1174 5067 calcabis
1195 5005 1423 5080 pedibus
1447 5019 1691 5064 sanetum
1713 5009 1858 5064 illius
1874 5025 1971 5079 pa-

390 5104 732 5160 Vimentum?
776 5103 1061 5172 Quomodo
1105 5104 1299 5156 manus
1353 5099 1612 5154 extendes
1665 5101 1731 5154 de
1772 5099 1970 5168 quibus

389 5198 575 5252 ‘adhuc
593 5197 816 5267 san'g’uis
845 5196 1013 5251 stillat
1043 5193 1308 5264 injustas?
1354 5191 1636 5258 Quomddo
1658 5189 1968 5259 hujusmodi

393 5287 648 5342 inanibus
677 5287 939 5356 suScipies
984 5293 1228 5340 sanctum
1279 5279 1373 5338 Dei
1419 5282 1648 5350 corpus?
1683 5281 1796 5348 Qua
1825 5296 1966 5351 pra:-

388 5379 700 5446 isumptione
726 5381 821 5432 ore
850 5385 944 5431 tuo
969 5375 1222 5446 poculum
1250 5374 1473 5445 pretiosi
1523 5371 1800 5442 sanguinis
1846 5387 1968 5442 per-

386 5469 578 5538 tcipies,
605 5467 732 5523 dum
754 5465 936 5521 furere
956 5469 1269 5522 sermonum
1315 5473 1503 5520 tantus
1531 5465 1728 5534 injuste
1753 5464 1823 5518 sit
1843 5479 1967 5518 san-

389 5558 517 5628 guis
561 5556 803 5613 effusus?
850 5555 1062 5610 Recede
1111 5556 1294 5627 igitur,
1349 5555 1560 5619 recede,
1602 5568 1701 5608 nec
1732 5552 1968 5609 secundo

388 5646 618 5720 pacato
637 5648 878 5720 priorem
897 5647 1194 5716 nequitiam
1211 5661 1408 5717 augere
1435 5645 1752 5702 contend-as.
1787 5643 1966 5699 Susci-

2077 4489 2194 4529 rum
2215 4472 2496 4528 vulnerum
2521 4473 2789 4541 apposuit,
2813 4487 2920 4540 qua
2941 4481 3193 4542 percepta
3218 4473 3512 4542 imperator
3533 4490 3653 4530 ma-

2075 4577 2208 4633 gnas
2235 4561 2439 4631 gratias
2465 4559 2760 4616 referebat.
2796 4560 2912 4615 Tali
2943 4575 3070 4628 ergo
3101 4569 3356 4630 tantaque
3377 4571 3433 4617 et
3452 4580 3644 4633 praesu.

2072 4660 2127 4707 et
2154 4653 2446 4720 imperator
2469 4652 2670 4706 virtute
2690 4649 3078 4716 clarescebant,
3093 4666 3321 4720 quorum
3336 4667 3471 4721 opus
3493 4655 3650 4711 valde

2073 4743 2174 4797 fuit
2201 4742 2542 4807 admirabile,
2569 4741 2712 4796 illius
2731 4742 2948 4809 ﬁducia,
2971 4742 3131 4812 hujus
3154 4742 3478 4807 obedientia,
3503 4744 3650 4800 illius

2075 4835 2176 4890 zeli
2199 4834 2401 4899 fervor,
2424 4833 2585 4901 hujus
2611 4843 2790 4889 autem
2817 4833 2940 4890 ﬁdei
2982 4835 3208 4905 puritas.
3238 4833 3407 4888 Porro
3433 4836 3649 4906 regulas

2070 4923 2290 4995 pictatis
2317 4937 2454 4992 quas
2477 4937 2512 4976 a
2539 4937 2735 4993 magno
2759 4923 3043 4978 sacerdote
3066 4923 3328 4994 percepit,
3373 4924 3536 4978 etiam
3561 4941 3649 4978 re-

2071 5029 2261 5070 versus
2307 5013 2363 5067 in
2413 5013 3067 5083 Constantinopolitanam
3142 5016 3331 5070 urbem
3385 5016 3646 5070 servavit.

2068 5099 2205 5156 Nam
2235 5103 2361 5157 dum
2389 5101 2700 5157 festivitatis
2738 5113 2976 5174 tempore
3002 5103 3069 5159 ad
3117 5103 3402 5159 ecclesiam
3429 5119 3645 5174 proces-

2067 5193 2247 5257 sisset,
2277 5192 2475 5247 oblatis
2497 5192 2551 5246 in
2571 5193 2734 5248 altari
2753 5193 3096 5258 muneribus,
3120 5205 3246 5247 mox
3268 5209 3520 5264 egressus
3533 5203 3643 5248 est.

2071 5283 2314 5352 Cumque
2361 5282 2647 5340 Nectarius
2700 5283 2894 5355 pra‘sul
2942 5283 3187 5340 ecclesiae
3214 5283 3524 5338 mandasset
3547 5299 3648 5339 cur

2068 5372 2218 5428 intus
2263 5379 2410 5428 stare
2449 5373 2729 5435 noluisset,
2763 5374 3038 5428 mandavit
3086 5373 3339 5444 princeps
3372 5373 3533 5438 :Vix,
3562 5373 3647 5428 in-

2069 5463 2206 5532 quit,
2238 5464 2387 5533 potui
2417 5463 2626 5518 disoere
2653 5478 2773 5531 quae
2792 5461 3090 5518 diﬂ‘erentia
3117 5463 3190 5517 sit
3214 5463 3560 5533 imperatoris
3588 5471 3647 5518 et

2066 5552 2398 5615 sacerdotis;
2440 5552 2528 5604 vix
2582 5551 2726 5604 enim
2779 5551 3026 5606 veritatis
3074 5552 3251 5606 inveni
3283 5552 3639 5621 magistrum;

2069 5642 2412 5697 Ambrosium
2433 5657 2664 5710 namque
2687 5641 2863 5695 solum
2897 5641 3018 5695 novi
3049 5641 3224 5696 vocari
3257 5641 3419 5712 digne
3461 5643 3641 5712 ponti-
