3982 6198
308 296 415 367 διδ

308 513 440 569 tutis
460 511 698 582 prolata!

377 602 528 661 Unde
576 601 919 673 perspicuum
960 607 1045 656 est
1089 603 1235 671 quod
1282 601 1439 656 decet
1462 594 1636 656 bonos
1671 609 1727 656 et
1752 602 1874 672 pios

310 704 541 753 rectores
567 695 814 751 salubres
840 693 1163 759 antistitum,
1195 693 1348 764 quasi
1377 692 1734 763 spiritualium
1758 709 1872 749 me-

311 785 567 849 dicorum,
595 783 874 839 humiliter
897 791 953 838 et
976 780 1207 838 libenter
1251 783 1556 838 auscultare
1580 784 1872 839 correctio-

309 890 418 942 nes,
464 881 699 931 testante
723 873 1031 939 Salomone,
1075 873 1167 942 qui
1214 861 1327 927 ait‘:
1358 870 1572 928 Inauris
1606 888 1777 927 'aurea
1819 882 1871 927 et

308 965 591 1036 margarita
637 963 865 1036 fulgens,
906 964 997 1034 qui
1029 964 1204 1033 arguit
1258 964 1541 1034 sapientem
1592 973 1640 1017 et
1688 979 1869 1018 aurem

308 1056 616 1111 obedientem
640 1052 823 1126 (Prov.
872 1069 999 1120 xxv,
1032 1052 1143 1125 i2).
1191 1052 1379 1108 Melius
1422 1060 1505 1108 est
1555 1054 1697 1108 enim
1727 1070 1757 1108 a
1784 1067 1871 1107 sa-

306 1148 478 1218 piente
528 1147 732 1217 corripi
779 1161 941 1217 quam
988 1146 1276 1201 stultorum
1328 1145 1634 1201 adulatione
1672 1145 1864 1215 decipi.

309 1236 434 1293 Nam
462 1239 507 1293 si
540 1245 852 1293 nostrorum
878 1236 1099 1290 vulnera
1141 1250 1426 1305 corporum
1472 1250 1503 1289 a
1536 1233 1757 1289 medicis
1783 1249 1869 1289 sa-

308 1330 416 1384 nari
434 1318 795 1383 vehementer
832 1320 1220 1391 desideramus,
1253 1334 1307 1380 et
1357 1325 1409 1379 in
1440 1325 1726 1395 praesentia
1750 1339 1869 1378 me-

311 1416 542 1474 dicorum
583 1418 776 1474 eadem
814 1417 1101 1472 ostendere
1155 1432 1262 1471 non
1291 1416 1680 1478 erubescimus,
1722 1424 1778 1470 et
1813 1416 1865 1469 in

309 1508 482 1563 dolore
508 1507 791 1562 medicina:
811 1520 908 1578 spe
930 1506 1123 1561 salutis
1147 1503 1500 1571 oblectamur,
1529 1514 1733 1575 quanto
1756 1521 1868 1559 ma-

307 1597 381 1668 gis
404 1596 471 1652 de
495 1596 813 1652 vulneribus
834 1605 889 1650 et
911 1594 1083 1666 plagis
1107 1595 1410 1649 animarum
1432 1598 1742 1650 nostrarum
1768 1608 1867 1649 nos

308 1685 557 1755 majorem
577 1686 781 1741 habere
804 1700 990 1739 curam
1011 1691 1240 1755 oportet,
1272 1697 1552 1754 quousque
1571 1682 1866 1753 spiritualis

1294 280 1499 364 mssa
1535 300 1625 364 ns
1661 296 2113 367 sacremus
2133 308 2587 370 cnmsmms.

309 422 488 482 leoni.
508 419 740 478 Tantum
772 419 957 491 itaﬁne
1004 421 1224 492 prodest
1251 420 1548 492 increpatio
1572 436 1604 476 a
1623 421 1742 477 viro
1764 422 1869 476 vir-
1901 427 1955 488 Α

3415 307 3522 367 5M

2593 446 2746 504 CAP.
2778 446 2909 504 XIII.

2042 573 2160 630 Non
2206 582 2294 633 est
2334 574 2495 633 facile
2521 577 2831 634 hominibus
2862 579 3144 637 universas
3169 582 3342 639 vitare
3367 582 3540 642 hostis

1972 666 2218 723 insidias.
2244 666 2376 722 Nam
2406 669 2532 724 dum
2563 670 2830 739 quispiam
2871 670 3109 727 libidinis
3137 670 3390 744 effugerit
3414 689 3539 744 pas-

1970 754 2199 823 sionem,
2230 750 2461 814 incurrit
2489 760 2544 813 in
2595 761 2910 826 avaritiam;
2939 776 3045 830 qua
3091 762 3372 826 declinata,
3406 761 3538 821 invi-

1969 847 2074 902 diae
2091 848 2247 903 fovea
2272 860 2638 920 praeparatur;
2667 852 2804 907 hanc
2832 853 2878 906 si
2903 854 3312 921 transcenderit,
3346 858 3537 914 vitium

1970 938 2171 995 furoris
2201 939 2464 1005 incurrit,
2492 949 2549 996 et
2575 941 2712 996 alios
2733 942 2994 1011 plurimos
3017 943 3237 1012 laqueos
3255 945 3405 1015 ponit
3427 947 3535 1002 ini.

1968 1028 2158 1090 micus,
2179 1044 2286 1099 quo
2313 1044 2508 1099 capere
2527 1031 2699 1099 possit
2715 1031 2979 1086 incautos.
3005 1031 3071 1086 Et
3098 1048 3293 1102 corpus
3317 1035 3534 1104 quidem

1967 1117 2249 1185 passiones
2275 1116 2439 1172 habet
2468 1118 2625 1174 facile
2654 1119 3041 1185 ministrantes,
3072 1126 3132 1173 ut
3158 1121 3390 1176 animam
3411 1138 3535 1193 pos-

1966 1207 2039 1261 sit
2083 1206 2359 1274 occiderc;
2387 1208 2500 1294 sed
2545 1223 2699 1264 mens
2745 1209 2929 1265 divino
2958 1209 3147 1267 solatio
3177 1213 3402 1283 vigilans
3427 1230 3538 1268 ma-

1966 1296 2330 1351 chinationum
2354 1290 2471 1366 ejus
2500 1298 2728 1353 destruit
2749 1308 3083 1371 argumenta.
3118 1290 3418 1359 Humanam
3439 1320 3537 1358 na-

1967 1399 2144 1443 turam
2186 1390 2542 1460 participatus
2578 1390 2913 1448 Theodosius
2951 1392 3207 1463 przefatus
3244 1395 3534 1465 imperator

1965 1477 2152 1534 habuit
2190 1477 2497 1547 passionum
2541 1495 2753 1551 quoque
2792 1482 3246 1548 communionem,
3279 1484 3534 1556 justeque

1964 1572 2134 1627 furori
2158 1573 2476 1629 immensam
2494 1575 2829 1644 permiscens
2856 1574 3251 1639 crudelitatem,
3280 1573 3533 1642 injustam

1963 1672 2220 1733 operatus
2239 1673 2324 1720 est
2337 1666 2663 1735 passionem.
2685 1665 2858 1733 Quam
2885 1680 2998 1722 rem
3029 1680 3253 1720 narrare
3287 1681 3537 1721 necessa-

311 1778 562 1842 medicus,
619 1769 870 1846 quam'v'is
915 1753 1238 1830 acerrimam
1281 1772 1543 1828 medelam
1589 1765 1865 1837 adhibeat,

1971 1753 2111 1809 rium
2133 1764 2216 1809 est
2242 1764 2462 1825 propter
2512 1755 2795 1810 utilitatem
2835 1754 3122 1827 legentium
3154 1767 3178 1796 ο
3210 1773 3223 1809 :
3253 1755 3536 1811 Thessalo-

306 1872 395 1936 per
415 1873 577 1936 quam
606 1874 731 1935 spes
752 1871 908 1918 certa
948 1871 1149 1918 nostrae
1189 1862 1488 1917 sanationis
1537 1860 1668 1915 fiat?
1713 1859 1868 1915 Sicut

310 1957 441 2010 enim
485 1953 780 2025 scalpellus
821 1955 1013 2008 medici
1043 1968 1148 2009 non
1177 1953 1247 2008 ob
1275 1953 1378 2008 hoc
1406 1951 1577 2007 malus
1601 1959 1686 2006 est
1723 1951 1867 2021 quod

307 2053 504 2099 resecet
526 2043 751 2098 vulnera
795 2046 852 2097 et
878 2041 1123 2112 putridas
1162 2051 1404 2112 amputet
1447 2054 1662 2106 carnes,
1704 2039 1782 2095 sic
1812 2046 1868 2094 et

305 2135 560 2191 con‘ectio
587 2133 840 2189 salubris.

572 2224 744 2290 Quam
769 2222 856 2276 lux
890 2222 1047 2276 rutilo
1074 2230 1210 2276 nova
1229 2220 1374 2277 caelo
1860 2238 1889 2255 κ

574 2313 662 2367 Fit
683 2322 834 2382 grata
865 2312 1237 2367 habitantibus
1262 2312 1449 2366 orbem

577 2404 706 2460 Post
728 2404 910 2459 nubila
938 2405 1114 2460 noctis
1141 2413 1325 2474 opacae

569 2494 762 2552 Phaabi
789 2495 1030 2550 radiante
1057 2509 1291 2560 corona;

555 2584 731 2654 Quam
759 2601 847 2640 ros
874 2585 1182 2641 sitientibus
1202 2584 1349 2640 arvis

568 2674 701 2732 Post
729 2677 931 2731 torrida
959 2684 1206 2731 caumata
1229 2673 1447 2739 Cancri,

570 2764 757 2821 Boreae
777 2775 902 2836 post
921 2765 1120 2835 frigora
1142 2779 1283 2820 saeva

576 2856 686 2910 Ver
712 2854 1128 2926 ilorigernmque
1155 2868 1435 2921 serenum;

566 2949 658 3005 Sic
684 2950 1046 3020 praeveniente
1063 2948 1241 3018 piaclo

569 3042 775 3097 Anima:
799 3041 860 3096 fit
880 3041 1047 3098 chara
1070 3039 1295 3096 medela.

572 3133 770 3189 Morbis
794 3133 1133 3189 medicantur
1153 3131 1363 3188 anhelis

558 3222 676 3280 1am
698 3224 925 3296 quisque
950 3223 1256 3280 salubribus
1283 3222 1465 3277 herbis

566 3316 809 3372 ll‘nlerint
838 3331 944 3385 quo
971 3315 1215 3383 corporis
1242 3329 1403 3384 mgra.

567 3409 710 3464 Citra
733 3408 991 3480 vigilante
1023 3406 1203 3477 sagaci

569 3499 799 3554 Famulae
825 3498 871 3553 si
898 3504 1046 3552 tanta
1069 3495 1371 3566 rependunt

568 3591 759 3662 Fragili
794 3589 1147 3645 medicamina
1168 3587 1348 3644 carni:

567 3681 675 3737 Cur
696 3696 801 3735 non
832 3681 1011 3751 potior
1039 3679 1305 3734 medicina

564 3770 851 3825 Dominam
884 3768 1185 3824 medicatur
1214 3768 1497 3829 noueram,

560 3854 878 3918 'Simnlando
901 3860 1024 3933 jura
1048 3859 1284 3914 creantis

571 3953 817 4007 Animam
846 3950 1045 4007 deitate
1071 3949 1370 4005 beandam?

576 4043 705 4111 Quis
732 4043 953 4098 vulnera
974 4039 1162 4096 tollere
1183 4039 1353 4110 culpa:

572 4133 774 4189 Medico
804 4137 981 4200 potest
1001 4129 1118 4184 sine
1138 4127 1330 4183 docto?

570 4222 808 4278 Caveant
832 4219 999 4291 igitur
1025 4218 1395 4283 dominantes;

566 4315 723 4371 Vitiis
752 4314 798 4370 si
825 4318 1006 4368 mente
1030 4310 1347 4375 labascunt;

567 4406 778 4461 Adeant
796 4401 1143 4480 medicosque
1169 4399 1397 4471 peritos,

565 4496 769 4554 ChriSti
791 4496 996 4566 pietate
1014 4492 1293 4547 miniStros

569 4587 702 4655 Quis
723 4586 934 4641 discant
954 4582 1182 4639 subdere
1204 4580 1360 4645 colla,

569 4678 670 4746 Qui
697 4683 927 4748 possunt
947 4674 1148 4746 pellere
1177 4672 1394 4727 morbos

564 4770 699 4827 Dleo
718 4770 955 4838 vinoque
977 4764 1198 4821 salubri.

571 4861 681 4917 Nec
707 4876 815 4915 non
837 4858 1150 4913 caelestibus
1176 4852 1363 4909 herbis
1472 4866 1507 4875 '“

571 4948 815 5005 Paradisi
842 4946 973 5001 flore
1002 4944 1202 5000 creatis
1373 4932 1379 4936 ’

570 5039 929 5107 Exstingnnnt
959 5035 1076 5089 dira
1104 5047 1330 5088 venena.

568 5130 847 5185 Revocant
865 5126 1075 5181 animas
1098 5132 1153 5179 et
1179 5125 1246 5177 ab
1272 5121 1397 5176 imis

565 5210 745 5275 Verbo
763 5218 1025 5287 virgaque
1052 5213 1284 5284 potenti,

566 5308 717 5378 Quas
735 5314 924 5365 sancta
936 5304 1158 5359 coalitus
1178 5309 1296 5356 arte

568 5399 854 5456 Revehunt
875 5396 943 5451 ad
971 5409 1171 5466 pascua
1200 5393 1342 5447 vitae.

367 5600 390 5632 ³
420 5591 659 5650 Snmitur
687 5607 920 5664 sequens
945 5589 1187 5664 narratio
1238 5604 1302 5642 cx
1335 5581 1663 5664 Theodoreti
1687 5580 1860 5664 "isto-

296 5663 400 5730 iis,
429 5663 530 5720 ib.
573 5679 625 5733 ν)
660 5652 783 5737 cap:
839 5664 927 5729 Π,
986 5661 1077 5727 i8,
1113 5669 1167 5712 ut
1214 5674 1278 5712 ex
1336 5652 1570 5725 capitulo
1616 5652 1855 5721 ejusdem

1969 1844 2090 1899 nica
2133 1844 2321 1900 civitas
2369 1855 2455 1902 est
2494 1847 2714 1915 grandis
2746 1853 2801 1900 et
2828 1845 3106 1914 populosa,
3158 1844 3212 1899 in
3258 1859 3365 1914 qua
3407 1844 3534 1900 dum

1965 1931 2159 1993 fuisset
2187 1943 2307 1990 orta
2333 1936 2549 2002 seditio,
2578 1937 2817 2006 quidam
2863 1934 3103 2003 judicum
3144 1935 3363 2006 lapidati
3410 1944 3535 1991 sunt

1964 2035 2127 2094 atque
2158 2028 2335 2082 tracti.
2370 2027 2508 2082 Hinc
2535 2028 2842 2098 indignatus
2863 2028 3196 2083 Theodosius
3230 2043 3336 2083 non
3366 2027 3533 2084 reirei

1964 2115 2119 2169 navit
2144 2114 2516 2171 inﬁrmitatem
2538 2116 2848 2181 iracundim,
2879 2117 2975 2171 sed
2997 2114 3158 2184 jussit
3177 2116 3404 2185 injustas
3423 2117 3534 2187 gla-

1963 2203 2082 2258 dios
2109 2219 2272 2273 super
2296 2220 2486 2261 omnes
2506 2205 2803 2275 evaginari,
2835 2213 2892 2260 et
2934 2221 3039 2260 una
3068 2220 3191 2260 cum
3216 2207 3534 2262 nocentibus

1962 2291 2280 2348 innocentes
2302 2293 2562 2349 interimi.
2582 2292 2800 2364 Septem
2823 2293 2989 2349 millia
3016 2296 3216 2350 etenim
3235 2296 3533 2362 hominum,

1962 2383 2104 2439 sicut
2130 2383 2321 2451 fertur,
2342 2384 2510 2441 occisi
2538 2394 2686 2451 sunt,
2718 2400 2825 2440 non
2847 2385 3183 2455 praecedente
3202 2385 3424 2456 judicio,
3439 2387 3535 2442 sed

1964 2484 2221 2545 tanquam
2251 2476 2307 2530 in
2330 2476 2596 2531 messibus
2621 2491 2812 2532 omnes
2838 2476 2998 2531 simul
3014 2477 3170 2532 incisi
3199 2486 3343 2532 sunt.
3360 2477 3534 2544 Quam

1960 2567 2032 2622 ob
2063 2581 2198 2631 rem,
2229 2574 2290 2621 ut
2335 2567 2589 2632 diximus,
2650 2570 2841 2622 beatus
2886 2566 3203 2641 Ambrosius
3250 2566 3535 2637 prazfatum

1961 2656 2341 2726 imperatorem
2367 2664 2556 2711 sancto
2584 2655 2703 2711 zelo
2728 2671 3022 2712 succensus
3063 2656 3300 2726 graviter
3346 2656 3535 2710 redar—

1960 2747 2098 2818 guit,
2126 2763 2191 2802 ac
2216 2745 2457 2802 furorem
2506 2746 2769 2816 principis
2805 2745 3228 2801 irrationabilem
3270 2752 3328 2801 et
3353 2745 3533 2801 scelus

1959 2837 2249 2893 nefandum
2276 2852 2465 2893 severa
2486 2836 2790 2908 invectione
2811 2836 3103 2892 detestatus
3127 2833 3249 2890 fuit.

2032 2921 2206 3002 Unde.
2227 2947 2401 3002 bonus
2446 2954 2502 3002 et
2541 2947 2777 3016 prudens
2825 2946 2905 3001 rei
2947 2945 3176 3016 publicae
3202 2945 3531 3015 gubernator

1958 3047 2143 3109 aptum
2165 3044 2249 3092 est
2263 3044 2320 3090 ut
2346 3035 2474 3090 illud
2498 3044 2820 3105 praecaveat,
2839 3048 2907 3089 ne
2926 3035 3051 3089 dum
3073 3045 3223 3088 suam
3240 3045 3531 3088 suorumve

1878 3102 1929 3166 ϐ
1960 3102 2213 3197 iniuriam
2232 3126 2422 3181 ulcisci
2449 3102 2610 3195 supra
2633 3123 2852 3180 modum
2870 3123 3124 3193 disponit,
3149 3121 3532 3177 irrationabilis

1955 3227 2169 3274 reatum
2200 3217 2400 3274 furoris
2432 3217 2668 3281 incidat;
2710 3216 2805 3270 sed
2854 3213 3130 3285 propriam
3176 3212 3311 3266 iram
3358 3209 3533 3265 refre~

1955 3323 2089 3363 nare
2113 3323 2221 3362 non
2250 3307 2503 3378 negligat,
2535 3313 2591 3360 et
2625 3304 2759 3375 justi
2800 3302 3003 3359 furoris
3056 3300 3304 3357 stimulos
3331 3298 3533 3354 affectu

1950 3398 2175 3468 pietatis
2206 3402 2501 3461 removeat,
2527 3409 2597 3450 ne
2618 3393 2760 3449 forte
2785 3393 2831 3448 si
2875 3392 2996 3462 plus
3020 3390 3170 3460 justo
3196 3389 3449 3445 desaeviat
3477 3388 3534 3443 in

1953 3486 2246 3555 subjectos,
2270 3487 2510 3541 incurrat
2531 3484 2738 3539 rabiem
2769 3482 2999 3539 leoninae
3028 3479 3348 3536 ferocitatis.
3379 3477 3535 3533 Unde

1952 3578 2212 3647 scriptum
2238 3584 2356 3631 est:
2391 3573 2518 3628 Noti
2538 3589 2646 3627 esse
2671 3557 2809 3626 sicui
2826 3571 2907 3626 leo
2930 3571 2987 3623 in
3013 3570 3167 3623 domo
3188 3577 3302 3632 tua,
3325 3566 3533 3621 subver-

1950 3678 2065 3723 tem
2111 3666 2420 3720 domesticos
2468 3673 2608 3727 tuos,
2665 3671 2715 3715 et
2774 3660 3072 3730 oppriment
3125 3657 3382 3726 subjectos
3438 3653 3534 3709 tibl

1865 3738 1869 3741 ⁷
1956 3754 2147 3828 (Eccli.
2177 3769 2255 3821 ιν,
2275 3751 2388 3814 55).
2413 3750 2545 3806 Nam
2567 3751 2709 3805 sicut
2743 3748 3015 3805 debellare
3055 3745 3338 3816 superbos,
3369 3745 3442 3799 ita
3473 3752 3530 3799 et

1950 3856 2183 3915 parcere
2207 3840 2487 3910 subjectis,
2507 3838 2715 3907 justum
2741 3845 2798 3892 et
2825 3834 3227 3890 misericordem
3251 3833 3526 3888 dominum

1954 3941 2193 4004 oportet.
2221 3931 2377 3988 Unde
2402 3937 2460 3986 et
2486 3927 2792 3983 Antoninus
2814 3926 3108 3996 imperator
3135 3922 3347 3978 dicebat
3369 3922 3529 3977 malle

1954 4040 2015 4081 se
2033 4039 2203 4079 unum
2234 4022 2408 4077 civem
2432 4032 2669 4083 servare,
2697 4032 2860 4088 quam
2888 4015 3035 4071 mille
3059 4015 3243 4070 hostes
3261 4012 3528 4068 occidere.

1953 4112 2015 4168 in
2040 4110 2373 4183 corrigendis
2400 4109 2583 4178 itaque
2609 4107 2928 4162 criminibus
2974 4103 3250 4159 miscenda
3296 4109 3381 4157 est
3401 4100 3535 4155 leni-

1955 4213 2042 4260 tas
2062 4218 2185 4259 cum
2207 4201 2532 4266 severitate;
2565 4198 2874 4254 faciendum
2915 4210 2980 4252 ex
3003 4204 3235 4264 utraque
3265 4201 3534 4264 tempera-

1955 4303 2221 4360 mentum,
2272 4301 2332 4347 ut
2382 4303 2558 4361 neque
2598 4288 2767 4344 multa
2818 4285 3112 4356 asperitate
3154 4282 3535 4339 exulcerentur

1958 4388 2185 4454 subditi,
2211 4398 2386 4455 neque
2408 4383 2576 4440 nimia
2599 4379 2936 4450 benignitate
2958 4375 3252 4432 solvantur.
3286 4372 3397 4428 Nec
3424 4372 3533 4427 ulla

1879 4439 1934 4501 Β
1958 4439 2318 4536 correctionis
2347 4491 2441 4531 seu
2471 4439 2952 4529 vindictaevhabeat
2986 4463 3227 4529 modum,
3253 4461 3358 4517 nisi
3387 4469 3537 4518 recte

1956 4569 2228 4641 praecedat
2260 4565 2544 4637 judicium.
2595 4562 2708 4618 Nec
2746 4561 2903 4616 decet
2958 4568 3209 4613 serenum
3262 4558 3534 4607 rectorem

1956 4660 2143 4715 furore
2171 4655 2486 4720 iracundiae,
2510 4662 2771 4721 tanquam
2799 4648 2923 4704 felle
2965 4642 3361 4707 amaritudinis,
3413 4653 3534 4696 esse

1960 4742 2359 4824 perturbatum,
2383 4747 2430 4802 si
2452 4745 2658 4817 justum
2688 4742 2801 4797 vult
2835 4738 3081 4811 proferre
3101 4734 3383 4804 judicium,
3406 4745 3531 4786 cum

1960 4842 2125 4897 nimis
2153 4837 2506 4896 irascentium
2528 4848 2669 4891 caeca
2694 4834 2805 4889 sint
2817 4831 3037 4900 judicia.
3054 4827 3170 4882 Non
3190 4825 3331 4880 enim
3357 4829 3534 4893 potest

1958 4945 2212 4988 serenum
2261 4929 2444 4982 lumen
2488 4924 2713 4997 justitiac
2757 4936 2824 4977 ac
2862 4917 3111 4975 veritatis
3156 4927 3402 4975 cernere,
3439 4910 3532 4980 qui

1958 5020 2189 5091 caligine
2229 5016 2578 5073 obnubilatur
2622 5011 2937 5068 iracundiae.
2993 5006 3307 5077 Opponatnr
3349 5003 3536 5073 itaque

1958 5114 2117 5170 fortis
2140 5109 2415 5182 patientia:
2442 5107 2685 5179 clypeus,
2713 5110 2899 5159 contra
2947 5096 3332 5155 irrationabilis
3361 5096 3532 5163 impe-

1959 5213 2074 5259 tum
2096 5202 2314 5257 furoris.
2340 5199 2499 5262 Nam,
2524 5197 2665 5251 sicut
2690 5190 2951 5262 scriptum
2975 5196 3081 5252 est,
3120 5185 3309 5242 Melior
3336 5193 3409 5238 est
3435 5200 3520 5254 pa-

1959 5295 2093 5348 tiens
2116 5292 2227 5343 viro
2256 5289 2402 5357 forti,
2428 5294 2476 5339 et
2498 5285 2588 5355 qui
2634 5281 2936 5335 dominatur
2954 5278 3130 5332 animo
3155 5292 3251 5331 suo
3271 5288 3509 5343 expugna

1955 5395 2071 5437 tore
2094 5380 2300 5434 urbium
2333 5373 2529 5449 '(Prov.
2586 5386 2697 5437 xvr,
2725 5368 2838 5440 52).
2887 5364 3108 5421 Fortior
3156 5363 3301 5419 enim
3329 5369 3414 5416 est
3440 5373 3518 5430 qm

1966 5575 2028 5630 f9
2084 5573 2323 5674 Λεπτίνεω
2365 5570 2581 5626 fuerunt
2617 5580 2737 5640 qua:
2765 5573 2950 5621 noster
2998 5561 3138 5618 dixit
3181 5559 3250 5615 de
3290 5555 3523 5617 Placilla.

1959 5662 2079 5715 cap.
2115 5662 2168 5698 ii.
