3982 6198
364 303 474 366 διδ

354 487 710 551 iracundiam,
727 502 889 555 quam
912 487 1003 554 qui
1030 484 1239 541 leonem
1261 486 1497 557 perimit.

424 576 633 642 Quanta
655 590 784 630 vero
813 574 953 628 mala
985 589 1083 645 per
1112 575 1452 629 subitaneum
1478 572 1713 630 furorem
1740 581 1797 630 et
1821 574 1908 630 im-

352 666 624 738 patientia:
670 665 861 721 vitium
895 667 1186 731 eveniant,
1230 665 1352 736 quis
1393 665 1667 735 explicare
1702 667 1928 735 potest?

354 759 469 813 Rex
507 758 657 823 Saul,
684 758 885 813 furoris
925 758 1182 828 impetum
1215 774 1320 813 non
1360 758 1661 823 rcfrenans,
1703 758 1925 812 immani

350 849 554 904 saevitia
585 847 897 903 sacerdotes
928 848 1141 904 Domini
1173 849 1481 903 trucidavit.
1514 848 1770 903 Salomon
1801 863 1928 917 quo-

349 957 454 1012 que
478 941 726 1012 quamvis
751 939 1036 1010 splendore
1058 941 1335 1011 sapientia
1367 940 1545 995 fuerat
1573 940 1923 1005 illuminatus,

352 1041 533 1087 tamen
581 1032 783 1087 furoris
819 1033 1072 1102 passione
1116 1031 1372 1101 repletus,
1397 1047 1552 1086 suum
1586 1030 1810 1085 fratrem
1840 1031 1926 1084 in-

349 1122 522 1178 terfici
574 1123 869 1193 praecepit,
926 1123 1184 1191 pietatem
1241 1120 1514 1192 tyrannidi
1570 1128 1921 1190 postponens.

350 1214 486 1280 Quid
515 1212 746 1268 referam
777 1213 842 1266 de
885 1213 1131 1284 reprobis
1154 1210 1398 1266 ludatis?
1445 1212 1537 1280 qui
1569 1211 1696 1266 dum
1729 1210 1923 1276 zelum,

345 1302 441 1357 sed
480 1317 587 1356 non
630 1301 925 1356 secundum
956 1301 1240 1356 scientiam
1283 1300 1606 1365 habuerunt,
1646 1298 1700 1352 in
1730 1298 1928 1355 Filium

350 1390 442 1445 Dei
479 1397 533 1444 et
558 1398 775 1444 sanctos
797 1389 915 1458 ejus
940 1389 1232 1459 discipulos
1271 1389 1554 1444 homicidae
1581 1388 1923 1444 exstiterunt.

347 1484 419 1534 At
467 1480 722 1550 patientis
758 1481 961 1535 virtute
1016 1480 1447 1535 mansuetudinis
1495 1488 1711 1535 sanctus
1756 1480 1926 1535 David

346 1573 639 1642 praeditus,
684 1572 847 1626 etiam
878 1571 1116 1627 inimicis
1157 1572 1270 1626 suis
1307 1587 1447 1642 saepe
1471 1572 1690 1642 pietatis
1731 1571 1925 1627 affectu

345 1659 624 1729 pepercit;
654 1675 1043 1730 nonnunquam
1069 1675 1202 1714 vero
1232 1660 1327 1714 Dei
1352 1660 1469 1715 zelo
1494 1660 1801 1715 stimulatus
1826 1660 1927 1714 ini-

1718 278 1992 341 SEDULII
2032 277 2231 335 SGOTI

354 394 664 450 nolentium
713 402 770 449 et
798 390 854 451 in
886 406 945 450 se
1003 393 1122 467 ipso
1166 392 1434 451 inclusam
1482 391 1652 447 feram
1708 399 1928 461 superat
1954 394 2006 454 Α

3494 272 3607 333 διδ

2452 387 2657 449 Infecta
2683 404 2841 453 mens
2863 403 3090 451 renato.

2447 479 2741 536 Misceatur
2769 496 2901 552 ergo
2929 480 3118 547 menti,

2444 573 2814 644 [flagransque
2836 573 3001 629 odore
3036 574 3190 643 pacis

2456 662 2571 717 Dux
2599 662 2712 727 llat,
2741 678 2807 718 ac
2828 676 3052 717 serenus

2448 753 2619 810 Grato
2642 755 2849 809 nitente
2875 752 3046 807 vultu.

2453 842 2564 899 Nec
2584 843 2835 913 judicans
2855 842 2927 897 sit
2955 850 3082 897 ante

2452 932 2623 1000 Quam
2646 933 2849 988 veritas
2868 940 3131 1002 patescat.

2445 1023 2581 1079 Nam
2611 1024 2830 1081 notione
2852 1031 3014 1078 nocte

2445 1115 2554 1172 Cor
2577 1115 2822 1186 splendet
2840 1122 2901 1169 ut
2924 1114 3164 1171 lucerna.

2639 1204 2792 1259 CAP.
2834 1203 2974 1257 XIV.

2098 1292 2204 1350 Sed
2234 1297 2363 1350 dum
2394 1294 2522 1351 boni
2556 1304 2798 1352 rectores
2839 1294 3039 1349 fastum
3068 1293 3332 1364 superbiae
3360 1295 3606 1367 tyranni-

2026 1386 2112 1443 dis
2139 1387 2196 1440 in
2225 1386 2552 1443 adversariis
2596 1387 2866 1443 debellare
2896 1386 3150 1451 student,
3180 1402 3285 1442 non
3316 1387 3370 1441 in
3414 1402 3473 1443 se
3500 1402 3606 1446 nec

2026 1473 2080 1528 iu
2119 1488 2339 1529 suorum
2388 1472 2728 1539 fortitudine,
2776 1474 2871 1528 sed
2902 1474 2956 1528 in
3000 1473 3264 1530 Altissimi
3306 1475 3505 1531 virtute
3545 1486 3607 1533 et

2026 1564 2200 1635 gratia
2247 1573 2414 1622 totam
2461 1565 2841 1621 confidentiam
2890 1565 3133 1621 stabilire
3182 1566 3415 1632 debent,
3474 1570 3605 1636 quia

2027 1655 2144 1725 ipse
2180 1664 2263 1711 est
2296 1654 2443 1712 solus
2476 1664 2533 1711 et
2570 1665 2765 1727 potens
2809 1666 3083 1726 protector
3120 1659 3362 1714 omnium
3400 1659 3455 1714 in
3485 1660 3606 1730 ipso

349 1726 520 1804 ini—cos
562 1748 777 1804 Domini
828 1726 1001 1818 usque
1031 1749 1101 1804 ad
1146 1748 1341 1804 'mortis
1374 1749 1598 1803 exitium
1651 1748 1923 1817 protrivit.
1954 1726 2001 1785 Β
2029 1746 2353 1803 fiducialiter
2385 1726 2737 1816 sperantium.
2784 1747 2939 1804 Unde
2971 1762 3068 1815 per
3091 1746 3432 1803 Psalmistam
3466 1726 3608 1805 dici-

347 1837 512 1892 Decet
548 1839 695 1893 enim
729 1837 985 1893 dilectum
1033 1837 1145 1892 Deo
1170 1835 1467 1906 principem
1506 1844 1697 1891 contra
1743 1837 1926 1891 hostes

343 1936 399 1982 et
442 1927 786 1998 blaspheinos
820 1925 1113 1982 Christiani
1167 1926 1402 1980 nominis
1452 1925 1768 1980 fulmineum
1812 1925 1922 1979 fre-

345 2025 574 2086 quenter
600 2015 802 2071 habere
826 2016 1022 2070 zelum.
1070 2014 1204 2069 Nam
1228 2015 1274 2069 si
1305 2012 1801 2069 Nabuchodonosor
1827 2029 1923 2069 rex

343 2108 660 2177 alienigena,
690 2121 757 2160 ne
786 2106 1252 2176 blasphemaretur
1273 2106 1416 2159 Deus
1439 2103 1604 2159 Israel
1632 2104 1685 2158 in
1711 2114 1921 2159 tantum

344 2198 538 2264 sazviit,
568 2207 628 2251 ut
650 2197 757 2251 tale
778 2197 1053 2251 decretum
1083 2195 1325 2249 firmaret
1350 2195 1571 2249 dicens:
1602 2193 1923 2263 Quicunque

344 2288 544 2342 dixerit
568 2286 957 2357 blasphemiam
986 2286 1040 2340 in
1071 2285 1239 2341 Deum
1269 2285 1482 2350 Sidrac,
1536 2284 1703 2340 Misac
1737 2293 1791 2340 et
1812 2284 1925 2339 Ab-

343 2376 575 2447 denago,
601 2376 703 2446 ipsi
733 2375 788 2429 in
820 2375 1096 2430 interitum
1124 2381 1311 2440 erunt,
1336 2381 1393 2427 et
1416 2373 1610 2428 domus
1649 2386 1840 2427 eorum
1866 2372 1922 2426 iu

344 2467 701 2537 perditionem
752 2466 913 2539 (Dan.
954 2483 1039 2532 ιιι,
1087 2465 1218 2537 96);
1270 2472 1475 2535 quanto
1522 2463 1697 2535 magis
1731 2464 1922 2519 ortho-

345 2558 514 2612 doxos
543 2565 782 2612 rectores
820 2564 1014 2611 contra
1051 2555 1304 2610 inimicos
1332 2552 1654 2617 Christiana
1698 2553 1824 2608 fidei
1865 2559 1924 2608 et

347 2649 606 2704 doctrinae
634 2656 797 2719 atque
841 2647 1117 2719 religionis
1156 2647 1336 2702 zelare
1365 2644 1621 2716 oportet?
1654 2652 1922 2714 quatenus

344 2739 736 2810 Omnipotenti,
786 2737 944 2807 cujus
990 2738 1226 2793 ministri
1272 2738 1445 2808 gratia
1484 2744 1612 2791 sunt
1659 2734 1919 2799 ordinati,

345 2839 496 2885 tanto
549 2829 724 2900 magis
764 2829 1043 2899 placeant,
1098 2836 1302 2899 quanto
1349 2827 1645 2883 ferventius
1690 2840 1757 2880 ea
1795 2840 1921 2895 qua

345 2919 544 2974 Christi
579 2926 727 2985 sunt,
753 2919 1011 2973 laudabili
1039 2918 1156 2974 zelo
1176 2926 1423 2987 satagere
1449 2915 1722 2973 anhelant.

756 3008 885 3064 Post
916 3009 1056 3078 incly
1064 3017 1147 3063 tos
1180 3008 1396 3062 labores

767 3097 846 3151 Ac
874 3096 1058 3151 laurea
1084 3102 1307 3163 tropea,

765 3187 910 3257 Toga
941 3188 1205 3243 candente
1230 3184 1401 3256 pacis,

766 3278 841 3333 Et
862 3278 1009 3347 regia
1035 3292 1235 3332 corona

765 3367 947 3422 Lectis
966 3367 1199 3421 micante
1221 3365 1450 3437 gemmis

769 3458 1026 3527 Auroque
1063 3464 1277 3525 compta
1311 3454 1452 3511 ﬂavo
1477 3472 1494 3521 ;

768 3547 902 3602 Cum
936 3560 1174 3616 purpura
1201 3552 1472 3609 coruscat,

761 3638 913 3694 Aula
945 3639 1175 3694 decorus
1197 3638 1353 3703 ordo,

764 3730 1019 3786 Feliciter
1050 3736 1328 3799 regentem

759 3821 895 3878 Cum
919 3837 1038 3877 sors
1062 3822 1221 3876 beata
1245 3826 1445 3883 comat,

769 3914 941 3978 Quam
967 3926 1109 3980 saepe
1132 3911 1328 3965 mentis
1350 3910 1530 3964 aulam

769 4002 1059 4057 Perturbat
1087 4001 1164 4053 ira
1193 4015 1452 4069 praeceps,

771 4091 847 4144 Ac
875 4089 1021 4143 zelus
1045 4088 1199 4141 ardet
1237 4088 1385 4141 intus

767 4179 924 4233 Caeco
953 4176 1136 4230 furore
1162 4177 1379 4230 cretus!

767 4267 941 4324 IEnea
969 4267 1142 4323 fervet
1162 4265 1267 4322 olla

756 4358 865 4415 Nec
895 4359 975 4414 sic
1004 4357 1190 4413 furens
1222 4357 1277 4411 in
1306 4364 1476 4421 astra,

763 4451 873 4507 Ceu
905 4449 1163 4521 principis
1202 4463 1390 4504 severa

758 4540 867 4595 Gor
893 4540 1045 4596 saevit
1072 4548 1131 4593 ut
1157 4539 1344 4595 leaena.

762 4631 961 4687 Nolens
989 4629 1207 4684 modum
1233 4636 1419 4683 tenere

412 4784 437 4814 ο
466 4769 821 4826 Piscatorium
870 4767 1283 4823 instrumentum
1321 4764 1526 4820 fuscina
1560 4770 1675 4827 est,
1716 4764 1904 4821 bidens

342 4852 435 4897 aut
470 4841 671 4895 tridens
692 4879 708 4905 ,
749 4854 854 4909 qua
881 4838 1137 4909 velociter
1168 4846 1223 4891 et
1266 4837 1447 4909 perite
1472 4835 1679 4909 vibrata
1708 4837 1905 4890 confixi

338 4914 515 4982 pisces
543 4905 845 4982 capiuntur.
892 4908 947 4962 ld
973 4905 1306 4982 ex_veterum
1345 4905 1560 4982 scriptis
1582 4912 1812 4969 constat,
1858 4915 1917 4962 et

338 4978 469 5035 usus
496 4981 655 5034 etiam
700 4978 991 5034 hodiernus
1029 4979 1379 5033 demonstrat.
1428 4978 1562 5028 Nam
1605 4982 1659 5028 et
1684 4988 1784 5042 ego
1820 4991 1912 5028 au-

344 5049 670 5107 tumnalibus
690 5047 838 5104 feriis
864 5049 917 5101 in
948 5046 1148 5102 Cirrma
1178 5045 1373 5115 palude
1402 5044 1467 5115 ad
1497 5041 1708 5115 Luculli
1716 5041 1907 5115 villam

336 5116 479 5187 iacta
506 5117 732 5187 fuscina
773 5119 934 5172 breve
959 5111 1195 5187 piscibus
1221 5112 1426 5187 bellum
1457 5112 1631 5166 intuli.
1664 5111 1909 5187 Hinc,__ut

340 5181 465 5257 pote
489 5186 643 5257 deus,
666 5186 924 5250 marinus,
959 5181 1266 5257 tridentem
1297 5182 1556 5257 fuscinam
1599 5189 1775 5257 gestat
1805 5181 1910 5236 Ne-

2007 5191 2109 5231 nec
2132 5190 2236 5229 non

2029 1842 2116 1889 tur
2142 1853 2155 1889 :
2191 1834 2398 1891 Bonum
2424 1847 2502 1891 est
2539 1854 2749 1908 sperare
2773 1837 2827 1890 in
2857 1836 3102 1901 Domino,
3131 1854 3289 1908 quam
3312 1854 3523 1908 sperare
3547 1841 3607 1895 in

2023 1928 2342 1997 principibus
2371 1927 2543 1998 (Psal.
2570 1945 2736 1993 cxvn,
2774 1928 2868 1999 9);
2911 1928 3103 1983 bonum
3141 1938 3216 1983 est
3236 1930 3497 2000 conﬁdere
3546 1932 3605 1987 in

2026 2015 2269 2082 Domino,
2302 2035 2461 2088 quam
2494 2019 2754 2088 conﬁdere
2780 2020 2835 2072 in
2878 2019 3088 2072 homine
3135 2018 3300 2075 (Ibid.
3344 2036 3396 2074 v.
3421 2023 3498 2091 8).
3536 2023 3643 2078 ΕΓ

2024 2105 2190 2160 alibi:
2237 2106 2416 2161 Nolite
2454 2109 2714 2176 conﬁdere
2738 2106 2795 2161 in
2828 2110 3148 2179 principibus
3190 2126 3354 2182 neque
3377 2110 3431 2166 in
3474 2112 3607 2181 ﬁliis

2023 2192 2312 2259 hominum,
2340 2195 2394 2248 in
2420 2194 2607 2265 quibus
2632 2212 2737 2249 non
2766 2204 2843 2250 est
2870 2195 3037 2249 salus.
3062 2194 3217 2252 Exiet
3246 2199 3459 2267 spiritus
3486 2201 3606 2269 ejus

2023 2292 2074 2337 et
2096 2292 2378 2337 revertetur
2406 2285 2462 2338 in
2489 2295 2687 2339 terram
2719 2302 2890 2340 suam.
2917 2286 2987 2341 Et
3008 2287 3213 2357 reliqua
3237 2286 3409 2359 (real.
3441 2307 3603 2358 θην,

2022 2375 2077 2438 5,
2120 2373 2198 2444 4).
2225 2373 2323 2430 Cui
2354 2376 2514 2431 etiam
2544 2375 2809 2453 feremias
2834 2378 3073 2433 concinit
3099 2379 3322 2435 dicens:
3356 2379 3604 2448 Domine,

2022 2480 2199 2518 omnes
2220 2466 2309 2534 qui
2337 2474 2385 2519 te
2410 2464 2797 2536 derelinquunt,
2845 2467 3265 2536 confunduntur;
3308 2471 3606 2528 recedentes

2023 2572 2058 2609 a
2086 2564 2159 2621 te,
2204 2556 2260 2610 in
2282 2565 2421 2610 terra
2443 2556 2771 2621 scribentur;
2803 2557 3052 2627 quoniam
3087 2558 3469 2630 dereliquerunt
3512 2579 3605 2617 se-

2023 2661 2146 2698 nam
2171 2661 2428 2716 aquarum
2451 2646 2727 2700 viventium
2754 2645 3038 2701 Dominum
3067 2628 3284 2719 (luem.
3326 2665 3458 2713 xm,
3485 2650 3599 2722 1'5).

2024 2731 2335 2788 Maledicta
2358 2735 2513 2788 homo
2542 2735 2634 2804 qui
2653 2735 2871 2804 conlidit
2894 2736 2947 2790 in
2986 2737 3214 2803 homine,
3241 2747 3290 2792 et
3318 2741 3462 2810 ponit
3480 2758 3603 2795 car-

2022 2838 2137 2877 nem
2168 2822 2441 2877 brachium
2466 2839 2640 2890 suum,
2682 2831 2733 2878 et
2769 2841 2804 2878 a
2845 2824 3071 2880 Domino
3102 2827 3289 2881 recedit
3334 2845 3427 2882 cor
3457 2830 3596 2901 ejus.

2023 2909 2089 2964 Et
2115 2910 2319 2981 reliqua
2343 2909 2532 2983 (Ibid.,
2561 2927 2613 2964 v.
2649 2911 2725 2983 5).
2758 2910 2948 2968 Nullus
2975 2928 3105 2985 ergo
3131 2914 3293 2970 debet
3323 2915 3600 2974 conlidere

2024 3000 2081 3055 in
2104 3001 2338 3063 homine,
2389 3010 2481 3056 aut
2509 3017 2837 3071 prazsumere
2863 3004 3004 3072 quod
3028 3004 3207 3061 nullus
3234 3005 3285 3060 ei
3313 3007 3482 3075 possit
3504 3023 3596 3063 re-

1946 3071 1993 3132 (ἶ
2024 3089 2236 3145 sistere.
2284 3089 2650 3147 Praesumebat
2673 3099 2728 3146 et
2763 3071 2962 3147 silurus
3004 3093 3168 3163 piscis
3204 3071 3344 3165 quod
3374 3098 3597 3154 hamum

2022 3180 2127 3235 sibi
2148 3194 2306 3235 nemo
2326 3180 2556 3251 jaceret,
2588 3196 2747 3235 nemo
2783 3183 3029 3238 tenderet
3064 3185 3239 3250 retia;
3291 3196 3346 3243 et
3373 3187 3419 3243 si
3459 3189 3599 3247 inci-

2021 3270 2210 3336 disset,
2241 3271 2420 3325 omnia
2448 3272 2829 3343 disrumperet,
2859 3284 2914 3329 et
2938 3285 3116 3333 tamen
3142 3277 3404 3335 fuscinam
3434 3294 3458 3323 ⁸
3484 3297 3597 3339 non

2019 3359 2214 3413 evasit.
2263 3357 2415 3425 Quod
2444 3360 2490 3415 si
2534 3363 2657 3431 quis
2693 3363 2951 3435 singulari
2982 3366 3297 3425 fortitudine
3319 3372 3598 3428 excellens

2020 3450 2090 3505 ob
2114 3450 2216 3505 hoc
2239 3451 2479 3522 singulos
2502 3468 2610 3508 non
2641 3455 2844 3520 timeat,
2882 3456 3027 3511 idem
3054 3458 3250 3514 multos
3271 3475 3492 3519 necesse
3510 3472 3599 3519 est

1905 3618 1916 3627 ⁸
2020 3553 2082 3598 ιιι
2101 3552 2306 3599 caveat.
2348 3544 2483 3600 Nam
2514 3548 2606 3616 qui
2650 3548 2720 3603 ab
2743 3564 2850 3604 uno
2877 3550 3019 3606 vinci
3047 3568 3154 3608 non
3179 3562 3375 3623 potest,
3426 3558 3598 3614 inter-

2020 3631 2149 3686 dum
2177 3647 2209 3686 a
2237 3632 2421 3688 multis
2444 3635 2695 3690 vincitur.
2735 3636 2967 3708 Elephas
2990 3642 3209 3711 grandis
3233 3653 3337 3711 est,
3367 3654 3424 3701 et
3449 3650 3598 3703 occi-

2022 3722 2203 3788 ditur;
2250 3722 2336 3778 leo
2364 3721 2521 3779 fortis
2546 3732 2657 3791 est,
2686 3726 2842 3795 tigris
2868 3727 3023 3787 fortis
3049 3740 3156 3796 est,
3206 3740 3261 3787 et
3303 3735 3592 3792 occiditur.

2019 3811 2309 3867 Prudentis
2336 3820 2517 3869 autem
2546 3815 2772 3872 rectoris
2790 3826 2873 3872 est
2896 3818 3061 3873 etiam
3086 3828 3327 3878 metuere
3349 3824 3430 3879 vel
3457 3840 3596 3896 prae-

2019 3920 2213 3961 cavere
2249 3905 2553 3973 inferiores,
2597 3922 2720 3963 cum
2755 3924 2898 3979 saepe
2940 3910 3009 3966 ab
3049 3910 3393 3970 inferioribus
3430 3931 3595 3987 supe—

2021 3992 2192 4047 riores
2215 4003 2552 4064 superentur.
2604 3995 2777 4063 Quam
2819 3999 3069 4054 immanis
3096 4009 3178 4057 est
3205 4004 3507 4061 crocodilus
3535 4017 3596 4062 et

2020 4081 2272 4138 dentibus
2294 4091 2457 4154 atque
2475 4085 2744 4155 unguibus
2774 4087 3158 4145 intolerabilis!
3185 4093 3277 4161 qui
3304 4102 3485 4149 tamen
3521 4097 3593 4152 ab

2019 4174 2209 4228 enideo
2229 4172 2456 4229 bestiola
2478 4186 2664 4232 ventre
2674 4177 2979 4246 perimitur.
3009 4179 3328 4243 Monaceron
3340 4183 3572 4255 elepban

2019 4271 2128 4316 tem
2161 4278 2331 4317 cornu
2368 4263 2631 4334 perforat.
2690 4265 3066 4324 Formidabilis
3103 4270 3418 4341 elephantus
3464 4291 3591 4329 mu-

2021 4368 2136 4408 rem
2173 4354 2347 4409 timet.
2392 4355 2502 4410 Leo
2523 4371 2620 4411 rex
2651 4356 2893 4415 ferarum
2911 4362 3105 4431 exiguo
3130 4364 3427 4433 scorpionis
3454 4383 3589 4423 acu-

1939 4420 1995 4479 Ῑ)
2019 4442 2104 4497 leo
2133 4442 2414 4498 occiditur.
2474 4443 2642 4503 Nemo
2677 4445 2859 4515 itaque
2901 4447 2957 4502 in
2998 4420 3112 4503 suis
3150 4420 3354 4507 viribus

2016 4540 2327 4605 praesumat.

2089 4627 2197 4683 Sed
2229 4642 2299 4682 ne
2325 4628 2446 4697 quis
2474 4628 2528 4683 in
2557 4642 2775 4683 suorum
2818 4628 3132 4688 fortitudine
3160 4648 3228 4688 ac
3272 4635 3583 4697 numerosi—

2019 4761 2210 4842 ἱχθύωγ
2225 4760 2398 4833 θήραν,
2414 4757 2454 4842 ᾖ
2478 4757 3069 4842 ὠςῌὶπιτηδςὶουβούτοη
3091 4770 3183 4842 τοῖς
3205 4766 3419 4842 ope/daren
3449 4772 3584 4842 πρὸς

2015 4839 2104 4888 τήν
2148 4833 2337 4888 κίνησιν
2375 4836 2465 4887 τῆς
2504 4837 2636 4899 vis;
2686 4833 2901 4899 caueri,
2930 4833 3069 4898 quod
3099 4833 3501 4899 valdé'mirorf
3523 4841 3580 4895 in

2014 4899 2147 4970 alias
2173 4898 2389 4960 abeunt,
2420 4897 2554 4965 quas
2585 4897 2967 4970 piget‘referrc
3000 4901 3400 4970 cxplicatioues.
3435 4897 3581 4964 hanc

2012 4969 2169 5022 unice
2216 4981 2415 5036 veram,
2460 4974 2519 5019 ut
2530 4966 2688 5036 reor,
2740 4966 3085 5036 ignorantes;
3142 4972 3305 5026 veluti
3335 4973 3576 5036 Servius.

2010 5037 2075 5090 ad
2107 5036 2231 5090 Ain.
2266 5052 2305 5100 ι,
2334 5035 2433 5089 158
2462 5051 2502 5105 gi
2527 5034 2861 5105 Fulgentius,
2910 5037 3001 5090 lib.
3034 5034 3171 5103 1,3;
3217 5051 3274 5096 et
3330 5034 3575 5099 Vaticani

2010 5103 2776 5179 tnytbographiLClasszA.
2808 5107 2869 5179 Τἶ
2913 5106 2998 5179 Ill,
3046 5123 3134 5179 pp.
3165 5111 3254 5174 59,
3302 5111 3389 5174 86,
3430 5113 3573 5179 185ς

2313 5172 2437 5228 neci
2465 5182 2714 5228 auctores
2753 5174 2949 5230 laudati
2977 5193 3009 5230 a
3043 5172 3328 5235 Munckero
3349 5172 3417 5236 ad
3444 5172 3576 5237 Fui;

339 5242 557 5328 ξριιιηῃβ,
598 5242 1104 5328 eique_ipsain_sub
1130 5250 1585 5328 pertinuestern‘it
1600 5242 1906 5328 ‘Martianqs
2006 5242 2376 5328 gentiumloc.
2409 5247 2501 5328 cit.
2551 5242 2812 5328 Pictores‘
2837 5260 2968 5326 vero
3019 5262 3084 5328 ac
3111 5251 3374 5328 _statuarii
3403 5290 3419 5315 ,
3469 5252 3576 5328 hoc

338 5319 594 5394 Capella;
638 5319 746 5394 quo
773 5319 922 5387 loco,
968 5319 1156 5394 doctus
1191 5321 1500 5394 alioqui_vir
1525 5319 1808 5394 Caylusius
1831 5320 1906 5374 ri-

340 5389 513 5449 dicule
541 5389 672 5463 legit
695 5391 969 5447 lasciuiunt
999 5410 1095 5463 pro
1122 5389 1362 5463 fuscina.
1390 5389 1616 5443 Causani
1648 5390 1787 5463 hanc
1815 5404 1905 5444 ve-

2005 5323 2198 5383 aptius,
2243 5327 2354 5394 prae
2392 5323 2603 5366 caeteris
2648 5323 2972 5382 piscatoriis,
3020 5323 3436 5374 instrumentum
3468 5323 3573 5377 Ne-

2000 5393 2169 5453 ptuno
2212 5382 2591 5453 distinguendo
2610 5382 2896 5449 adhibent;
2934 5387 3397 5453 etenim~trideus,
3446 5405 3573 5446 cum

2243 5327 2354 5394 prae
2392 5314 2603 5394 caeteris
2648 5313 2979 5394 piscatoriis,
3020 5313 3436 5394 instrumentum
3468 5320 3573 5377 Ne-

341 5451 629 5527 rissimamu,
656 5478 753 5516 cur
779 5465 934 5518 detur
961 5451 1206 5532 Neptuno
1234 5460 1458 5521 fuscina,
1504 5474 1640 5512 unus
1673 5459 1903 5532 fortasse
2000 5451 2264 5532 marinum
2308 5451 2467 5531 deum
2507 5452 2760 5532 denotat,
2802 5461 2912 5506 tum
2958 5454 3122 5532 etiam
3165 5458 3361 5527 sceptri
3386 5451 3571 5516 vicem

342 5535 483 5588 inter
528 5532 948 5601 mythographos
984 5527 1133 5587 novit
1170 5532 1524 5601 Ριιοιᾚιιιιιξι,Δ
1547 5542 1663 5601 cap.
1686 5527 1771 5601 Ade
1799 5528 1904 5601 Ne-

337 5613 527 5672 ptuno.
554 5596 857 5668 quanquam
897 5611 952 5656 et
976 5603 1088 5671 ipse
1130 5599 1398 5672 immerito
1437 5596 1693 5672 dubitans
1713 5614 1724 5672 ς
1764 5599 1899 5671 φέρει

337 5664 389 5730 δί
414 5664 655 5740 τρίαινξιν,
695 5664 908 5745 τίπότερον
954 5664 1063 5728 insi
1106 5671 1235 5744 αὐτῇ
1264 5674 1499 5741 χρῶνται
1519 5664 1644 5737 πρὸς
1667 5664 1898 5726 τῆν’-ἑῶν

2036 5523 2159 5598 erit,
2187 5533 2240 5576 et
2264 5521 2484 5598 omnino
2513 5521 2951 5598 decorarqatque
2980 5521 3275 5594 speciosam
3305 5545 3571 5598 aquarum

2003 5591 2218 5647 domino
2254 5591 2564 5658 dignitatem
2588 5591 2858 5646 conciliat.
