3982 6198
261 303 370 367 317

1241 280 1446 363 uana
1483 304 1573 364 ns
1611 302 2050 369 sumamus
2084 307 2539 372 CHRISTIANIS.

3424 316 3541 377 δια

262 429 374 476 tate
400 415 660 482 confidat,
689 413 898 471 Xerxes
928 430 1022 471 rex
1049 414 1339 477 Persarum
1364 419 1563 475 bellum
1589 420 1848 476 adversus
1874 424 1929 483 Α
2021 422 2082 480 ῐιι
2109 424 2338 483 Domino
2361 427 2541 497 potius
2565 427 2690 485 vivo
2710 441 2836 498 spes
2862 435 2975 484 tota
3003 424 3238 496 locetur,

261 510 527 569 Grmciam
561 522 592 562 a
629 516 786 579 patre
820 516 1131 578 susceptum
1176 523 1275 578 per
1297 509 1725 580 quinquennium
1764 510 1847 566 in-

262 601 458 659 struxit
490 616 507 665 ;
553 597 647 669 qui
674 597 923 653 videlicet
951 598 1161 657 Xerxes
1182 613 1278 654 ncc
1305 597 1472 653 millia
1506 607 1842 655 armatorum

263 695 329 749 de
356 706 550 762 regno,
581 695 640 743 et
671 702 766 744 ccc
793 686 961 742 millia
1004 688 1070 743 de
1093 687 1327 755 auxiliis,
1376 696 1639 745 rostratas
1682 688 1847 744 etiam

264 780 407 837 mille
453 782 743 859 ducentas,
785 778 1068 834 onerarias
1114 778 1218 833 tria
1271 777 1440 834 millia
1477 794 1704 836 numero
1751 780 1848 839 ha-

264 873 440 929 buisse
472 879 765 935 narratur;
820 878 880 923 ut
906 869 1100 925 merito
1123 868 1402 939 inopinato
1430 870 1712 934 exercitui,
1745 868 1849 925 im-

265 976 571 1031 mensasque
598 960 758 1015 classi
789 959 876 1014 vis
927 960 993 1019 ad
1021 967 1206 1029 potum
1256 956 1475 1019 ﬂumina
1501 995 1516 1024 ,
1553 961 1640 1016 vix
1670 968 1851 1016 terras

267 1053 331 1108 ad
349 1053 690 1124 ingressum,
723 1051 810 1104 vix
857 1050 1028 1115 maria
1060 1049 1128 1105 ad
1171 1045 1389 1109 cu‘rsum
1417 1050 1690 1107 suffecisse
1739 1065 1850 1106 me-

266 1152 530 1201 moratum
564 1143 679 1197 sit..
705 1139 817 1196 Sed
863 1140 1130 1196 Leonidas
1178 1156 1275 1197 rex
1305 1139 1691 1211 Spartanorum
1723 1156 1863 1201 cum.

267 1242 495 1304 quatuor
516 1231 755 1287 millibus
782 1231 1060 1285 hominum
1089 1241 1275 1285 contra
1304 1230 1448 1286 mille
1479 1230 1645 1285 millia
1671 1246 1851 1291 arma.-

268 1333 437 1379 torum
472 1323 717 1393 ejusdem
747 1321 945 1376 Xerxis
976 1320 1033 1374 in
1056 1317 1252 1375 bellum
1280 1318 1568 1390 processit,
1593 1336 1676 1385 ac,
1705 1321 1849 1376 dele-

270 1416 332 1471 tis
362 1414 657 1470 Persarum
684 1412 876 1482 copiis,
908 1410 1083 1466 victor
1107 1417 1163 1464 et
1186 1408 1327 1464 bello
1358 1408 1693 1467 clarissimus
1724 1426 1847 1469 cum

267 1508 370 1564 suis
412 1506 606 1578 paucis
637 1521 736 1575 pro
779 1518 963 1558 amore
1009 1502 1303 1559 liberandae
1333 1503 1524 1572 patriae
1571 1501 1843 1559 occubuit.

268 1597 473 1653 Xerxes
502 1611 655 1661 vero,
688 1593 828 1649 bello
859 1593 912 1647 in
942 1591 1148 1647 Grtecia
1175 1589 1462 1645 infeliciter
1494 1600 1668 1667 gesto,
1715 1605 1846 1647 con-

269 1687 582 1759 temptibilis
606 1685 718 1741 suis
746 1683 940 1751 factus,
974 1683 1028 1737 in
1052 1683 1199 1754 regia
1229 1681 1630 1739 circumventus
1653 1682 1849 1737 occidi-

2091 515 2192 584 Qui
2220 519 2359 588 regit
2385 518 2719 573 altithronus.
2738 519 2959 576 numine
2986 534 3150 589 regna
3184 519 3342 577 Deus.
3378 592 3379 595 η
3414 520 3437 547 ὀ

2018 602 2120 673 Qui
2150 607 2245 660 dat
2267 614 2324 660 et
2348 608 2691 676 omnipotens
2717 608 2943 665 ducibus
2966 623 3188 677 sperare
3212 623 3473 683 superna,

2096 695 2365 753 Virtutem
2390 699 2566 755 valida
2596 699 2815 765 vincere
2844 715 3006 769 posse
3031 715 3214 767 manu.

2592 832 2744 888 CAP.
2769 830 2885 890 XV.

2020 954 2177 1019 Unde
2199 956 2244 1015 si
2285 961 2500 1029 quando
2525 962 2704 1017 bellici
2739 978 2982 1025 rumores
3025 965 3388 1031 crebrescant,
3418 981 3528 1022 non

1949 1061 2057 1121 tam
2105 1053 2159 1111 in
2211 1058 2379 1109 armis
2407 1054 2776 1124 corporalibus
2810 1063 2867 1117 et
2911 1055 3224 1113 fortitudine
3256 1040 3532 1123 conliden-

1948 1143 2074 1211 dum
2100 1186 2115 1209 ,
2167 1161 2335 1215 quam
2360 1147 2592 1203 assiduis
2637 1148 2705 1203 ad
2736 1147 3023 1204 Dominum
3065 1149 3401 1205 orationibus
3443 1158 3529 1206 est

1948 1235 2329 1303 insistendum,
2370 1234 2570 1306 Deique
2597 1245 2724 1293 sunt
2749 1237 3084 1308 imploranda
3109 1237 3328 1303 auxilia,
3376 1238 3531 1309 cujus

1950 1323 2009 1383 in
2049 1327 2299 1383 manibus
2343 1328 2591 1383 consistit
2611 1328 2778 1393 salus,
2819 1343 2927 1397 pax
2952 1337 3113 1399 atque
3136 1329 3403 1395 victoria;
3437 1329 3531 1400 qui

1949 1417 1993 1472 si
2023 1418 2109 1485 pia
2142 1416 2426 1472 devotione
2451 1416 2731 1473 invocatus
2762 1416 2947 1484 fuerit,
2982 1434 3257 1488 nunquam
3283 1434 3342 1473 se
3379 1418 3533 1473 invo-

1948 1516 2135 1565 cantes
2164 1508 2383 1572 deserit,
2429 1510 2521 1564 sed
2559 1509 2763 1564 eisdem
2792 1506 3215 1566 misericorditer
3240 1508 3452 1579 adjutor
3476 1508 3530 1564 in

1949 1598 2444 1668 importunitatibus
2469 1596 2698 1653 assistit.
2750 1596 2886 1651 Nam
2914 1613 3038 1653 cum
3078 1612 3298 1653 suorum
3324 1596 3529 1655 electo-

1947 1704 2067 1744 rum
2097 1702 2289 1744 manus
2315 1697 2372 1744 et
2390 1701 2552 1747 voces
2573 1690 2641 1745 ad
2660 1684 2877 1743 Patrem
2903 1687 3397 1744 misericordiarum
3423 1685 3551 1741 ele-.

270 1792 367 1836 tur.
420 1780 557 1835 Nam
606 1775 881 1849 stecularis
910 1772 1095 1848 gloria:
1121 1784 1177 1831 et
1203 1775 1553 1831 incurvabilis
1580 1775 1846 1845 superbia:
1874 1785 1920 1842 Β
1946 1787 2163 1844 vantur,
2213 1780 2450 1834 hostium
2490 1776 2744 1835 ferocitas
2792 1776 3144 1844 anniliilatur,
3191 1791 3257 1834 ac
3282 1791 3533 1841 nonnun-

267 1870 555 1940 pedisequa
591 1876 676 1923 est
700 1865 1012 1937 ignominia.
1048 1866 1183 1921 Hinc
1210 1864 1309 1936 per
1338 1864 1680 1921 Salomonem
1713 1867 1846 1921 dici-

268 1971 350 2016 tur
370 1980 389 2016 :
425 1961 686 2016 Dominus
718 1959 1037 2014 exercituum
1067 1959 1163 2013 hoc
1188 1958 1430 2027 cogitavit
1456 1966 1511 2011 ut
1553 1958 1844 2031 detraheret

266 2036 564 2123 superbiam
605 2051 774 2114 omnis
798 2049 1002 2120 glorite,
1048 2057 1096 2102 et
1133 2047 1203 2101 ad
1232 2047 1575 2118 ignominiam
1619 2047 1845 2101 deduce-

270 2153 337 2196 ret
362 2158 546 2197 omnes
564 2141 787 2211 inclgtos
814 2151 969 2194 terrm
998 2137 1134 2208 (Isa.
1162 2151 1316 2202 mu,
1347 2136 1424 2209 9).
1554 2144 1557 2147 '

330 2231 447 2288 Non
473 2247 608 2301 ergo
632 2230 894 2299 glorietur
921 2226 1076 2283 fortis
1100 2229 1154 2283 in
1179 2227 1492 2283 fortitudine
1515 2243 1632 2293 sua,
1659 2243 1762 2283 nec
1774 2228 1849 2282 di-

267 2322 422 2376 resin
455 2320 663 2376 divitiis
690 2319 823 2374 suis.
870 2319 1006 2373 Nam
1038 2318 1084 2373 si
1117 2332 1277 2373 eruca
1315 2332 1620 2388 parvusque
1649 2318 1848 2373 vermi-

266 2412 411 2467 culus
439 2411 640 2466 fortior
658 2410 877 2466 homine
905 2418 1010 2475 est,
1039 2409 1227 2479 utquid
1255 2424 1314 2466 se
1332 2409 1502 2480 jactat
1531 2418 1672 2465 terra
1699 2416 1755 2465 et
1775 2410 1850 2466 ci-

268 2503 367 2570 nis,
408 2512 467 2557 et
510 2502 654 2556 elata
682 2517 782 2572 per
804 2502 1131 2571 superbiam,
1163 2515 1285 2557 cum
1324 2516 1391 2557 ex
1418 2500 1582 2558 humo
1625 2503 1714 2567 sit,
1747 2502 1849 2558 hu—

268 2608 418 2648 mana
460 2593 811 2650 contemnit?
857 2589 1044 2662 itaque
1077 2592 1167 2663 qui
1196 2591 1475 2663 gloriatur,
1521 2594 1578 2647 in
1623 2588 1849 2647 Domino

267 2683 515 2755 glorietur
542 2682 600 2753 (Ι
632 2682 756 2737 Cor.
786 2699 827 2749 ι,
856 2682 968 2755 51),
994 2683 1086 2753 qui
1132 2697 1320 2738 arcum
1346 2683 1649 2753 potentium
1701 2680 1853 2736 inﬁr-

270 2784 391 2837 mat.
430 2782 489 2830 et
522 2773 771 2828 infirmos
802 2775 996 2829 robore
1025 2772 1299 2843 accingit;
1332 2771 1486 2841 cujus
1513 2770 1852 2826 adiuventio—

269 2877 361 2920 nes
393 2872 607 2921 suntut
647 2864 866 2936 superbi
894 2865 1091 2919 cadant
1113 2870 1168 2918 et
1202 2862 1437 2923 humiles
1458 2870 1716 2935 surgant;
1763 2864 1851 2919 cui

268 2956 439 3010 omnis
460 2942 720 3025 potestas.
739 2970 769 3009 a
797 2952 958 3010 Patre
988 2955 1114 3009 data
1138 2963 1223 3009 est
1251 2954 1305 3008 in
1335 2954 1473 3009 coelo
1514 2962 1569 3009 et
1600 2954 1652 3007 in
1681 2962 1847 3018 terra,

268 3052 318 3097 et
345 3045 535 3099 omnia
570 3041 809 3112 subjecta
855 3052 983 3099 sunt
1025 3045 1124 3100 sub
1153 3044 1379 3114 pedibus
1407 3042 1542 3116 ejus.
1590 3043 1646 3098 ln
1671 3058 1778 3114 quo
1804 3043 1850 3098 si

1947 1886 2108 1940 quam
2142 1869 2390 1925 hostibus
2434 1866 2717 1926 subitanea
2762 1869 3056 1941 ignominia
3106 1868 3405 1937 mortisque
3449 1865 3534 1923 fo—

1946 1975 2068 2027 vea,
2108 1961 2209 2031 piis
2241 1975 2368 2016 vero
2406 1960 2622 2030 inopina
2655 1960 2882 2015 victoria
2906 1958 3247 2030 disponitur;
3298 1957 3427 2014 dum
3454 1957 3531 2026 pii

1947 2050 2090 2105 viam
2122 2050 2417 2119 desperata:
2450 2048 2661 2116 salutis,
2703 2048 2855 2118 impii
2902 2056 3080 2104 autem
3121 2044 3423 2116 decipulam
3450 2046 3533 2101 in-

1948 2148 2177 2210 sperata:
2207 2138 2399 2194 mortis
2418 2139 2639 2194 intrant.
2669 2137 2777 2194 Sed
2812 2139 2957 2210 quod
2984 2137 3232 2201 dicimus,
3269 2135 3534 2192 evidenti-

1947 2228 2050 2284 bus
2075 2226 2338 2298 exemplis
2373 2242 2473 2284 nos
2502 2228 2884 2299 approbemus.

2020 2316 2233 2391 Moyses
2276 2318 2554 2390 legislator
2596 2333 2718 2376 cum
2764 2333 2959 2374 manus
3005 2332 3135 2374 suas
3177 2317 3233 2372 in
3282 2315 3532 2375 oratione

1949 2407 2198 2466 elevabat
2222 2410 2291 2465 ad
2320 2410 2626 2474 Dominum,
2670 2409 2922 2466 vincebat
2948 2407 3113 2466 Israel
3137 2425 3152 2477 ;
3183 2423 3310 2465 cum
3335 2407 3531 2479 paulu-

1949 2500 2060 2565 lum
2085 2499 2414 2565 remittebat,
2456 2500 2706 2559 vincebat
2740 2497 2982 2579 Amalec.
3032 2498 3125 2555 Sic
3145 2506 3200 2554 et
3244 2514 3371 2569 rege
3398 2499 3535 2553 Eze-

1950 2590 2073 2646 chia
2099 2605 2207 2646 non
2233 2590 2605 2660 corporalibus
2628 2590 2797 2649 armis
2820 2597 3111 2663 pugnante,
3167 2589 3262 2644 sed
3303 2604 3435 2651 cum,
3453 2587 3532 2644 la—

1950 2678 2150 2752 crymis
2176 2687 2462 2743 exornate,
2510 2679 2735 2751 angelus
2760 2680 2974 2735 Domini
3003 2687 3220 2736 centum
3255 2677 3537 2745 octoginta

1950 2772 2190 2843 quinque
2216 2770 2383 2826 millia
2416 2769 2765 2841 Assyriorum
2795 2785 2901 2826 una
2924 2778 3087 2826 nocte
3117 2765 3408 2823 interfecit.
3441 2762 3536 2821 Jo—

1952 2864 2145 2935 saphat
2187 2877 2286 2919 rex
2314 2861 2501 2918 laudes
2543 2860 2772 2917 Domino
2805 2859 3159 2931 personabat,
3189 2866 3246 2912 et
3271 2856 3535 2913 Dominus

1949 2967 2057 3023 pro.
2081 2952 2335 3011 laudante
2380 2952 2565 3007 hostes
2605 2950 2933 3025 superabat,
2978 2949 3057 3005 ita
3100 2955 3163 3003 ιιι
3187 2951 3534 3005 converteret

1951 3042 2193 3103 hostium
2219 3041 2446 3098 insidias
2470 3041 2527 3096 in
2565 3040 2906 3111 semetipsos,
2938 3038 3024 3096 vel
3051 3038 3258 3094 mutuis
3281 3037 3539 3101 caderent

269 3135 383 3207 qyjs
410 3131 739 3205 fiducialiter
764 3134 1058 3189 anchoram
1100 3132 1213 3204 spei
1242 3132 1442 3199 ﬁxerit,
1478 3130 1851 3187 misericordia
1877 3119 1923 3181 C
1952 3133 2283 3191 vulneribus.
2320 3131 2577 3203 Israelita:
2599 3147 2730 3188 vero
2757 3132 3030 3203 ingentem
3053 3129 3291 3202 prsdam
3321 3127 3390 3189 da
3413 3140 3538 3197 spo-

268 3223 711 3288 circumdabitur,
751 3224 890 3279 sicut
912 3224 1171 3294 scriptum
1204 3230 1305 3289 est,
1337 3221 1440 3288 Qui
1466 3232 1641 3294 sperat
1666 3222 1722 3275 in
1745 3220 1853 3275 Do-

270 3313 420 3376 mino,
452 3312 810 3367 sublevabitur
839 3309 1021 3383 (Prov.
1067 3328 1219 3379 xxrx,
1243 3310 1356 3383 25).
1393 3311 1739 3382 Exspectatio
1766 3310 1854 3381 ju-

271 3415 472 3462 storum
498 3407 710 3471 lmtitia,
732 3404 1020 3462 Psalmista
1047 3413 1356 3471 attestante,
1386 3404 1479 3475 qui
1500 3405 1605 3458 ait:
1627 3402 1855 3475 Speran-

274 3505 341 3551 tes
367 3507 544 3551 autem
568 3497 622 3552 in
660 3497 884 3552 Domina
911 3497 1271 3552 misericordia
1301 3494 1647 3550 circumdabit
1679 3488 1850 3566 (Psal.

274 3597 415 3651 xxxi,
462 3585 576 3658 10).
615 3585 685 3640 Ει
733 3586 964 3640 iterum:
997 3585 1191 3640 Beatus
1228 3585 1328 3651 vir,
1378 3586 1530 3656 cujus
1570 3592 1644 3639 est
1670 3597 1856 3638 nomen

276 3674 480 3730 Domini
527 3693 644 3746 spes
673 3676 787 3746 ejus
820 3673 991 3749 (Psal.
1026 3692 1211 3742 χχχιι,
1243 3675 1318 3747 5).
1373 3675 1505 3743 Quis
1556 3675 1702 3731 enim
1734 3688 1857 3744 spe-

274 3765 408 3818 ravit
433 3765 490 3818 in
520 3764 773 3831 Domino,
801 3774 855 3820 et
879 3763 1135 3821 confusus
1158 3766 1284 3821 est?
1310 3764 1447 3833 Quis
1465 3763 1768 3836 permansit
1796 3762 1851 3817 in

278 3856 543 3911 mandatis
568 3854 706 3924 ejus,
738 3866 793 3911 et
818 3857 1108 3912 derelictus
1141 3858 1268 3913 est?
1295 3856 1426 3924 Quis
1454 3855 1725 3912 invocavit
1752 3856 1855 3910 Do-

278 3944 499 4010 minum,
522 3954 578 4000 et
603 3946 889 4017 despectus
915 3948 1041 4002 est?
1066 3938 1330 4019 Quoniam
1354 3945 1471 4018 pius
1491 3954 1540 4001 et
1561 3933 1857 4001 misericors

280 4030 535 4089 Dominus
574 4024 761 4106 (Eccli.
794 4053 855 4102 ιι,
882 4036 993 4109 15).

238 4169 250 4181 .
344 4122 601 4194 Quisquis
634 4124 953 4196 bellipotens
1002 4126 1160 4183 saevis
1184 4125 1406 4183 conlidit
1431 4127 1482 4181 in
1506 4126 1696 4193 armis,

412 4211 472 4267 lu
498 4229 556 4269 se
581 4216 696 4271 sive
722 4218 837 4271 suis
867 4233 1015 4287 spem
1046 4217 1188 4274 male
1222 4218 1363 4274 fldus
1390 4218 1617 4286 habens,

344 4304 581 4361 Instabili
611 4308 908 4365 tremulans
920 4306 1063 4391 folio
1093 4310 1435 4366 simulabitur
1456 4309 1567 4377 ille,

416 4395 636 4452 Grando
665 4399 808 4468 quod
829 4392 1088 4465 excussit,
1119 4399 1261 4470 quod
1280 4408 1441 4456 notus
1464 4409 1626 4470 atque
1657 4406 1857 4457 movet.

345 4484 513 4554 Cujus
541 4486 723 4543 loricze
751 4497 959 4544 textura
985 4489 1193 4561 rigente
1218 4490 1437 4546 metallo

427 4579 492 4634 Ut
519 4578 726 4650 fragilis
749 4581 867 4636 tela:
897 4590 1054 4636 nutat
1089 4583 1374 4638 araneolis.

347 4671 639 4729 Plumbeus
667 4682 727 4729 ut
744 4675 907 4746 pugio
928 4675 1136 4747 gladius
1165 4676 1413 4732 lentescit
1439 4683 1648 4738 acutus,

420 4765 529 4821 Nec
559 4766 698 4822 tidus
725 4768 1000 4823 dominum
1025 4769 1261 4839 protegit
1290 4777 1346 4824 et
1368 4768 1607 4840 clypeus.

355 4852 525 4920 Quem
552 4854 721 4925 galea:
750 4856 919 4910 tutela
940 4855 1139 4926 premit
1159 4872 1259 4912 ceu
1288 4856 1444 4911 lanea
1470 4857 1665 4922 cassis,

423 4941 637 5000 Lancea
660 4944 1002 5016 vulnipotens
1022 4945 1161 5002 sicut
1191 4946 1397 5002 arundo
1427 4945 1586 5002 valet.

358 5033 580 5092 Talibus
605 5032 909 5093 horrendus
925 5036 1171 5108 jactabat
1189 5050 1331 5107 saepe
1357 5036 1563 5101 Golias,

425 5128 595 5197 Quem
624 5130 790 5187 funda
819 5131 1017 5187 missus
1042 5132 1236 5187 stravit
1253 5130 1321 5185 ab
1349 5132 1502 5186 hoste
1522 5130 1685 5201 lapis.

355 5214 508 5276 Illum
541 5237 648 5277 non
680 5222 812 5277 vicit
837 5224 1078 5294 clypeus,
1109 5238 1217 5278 non
1241 5238 1393 5278 arma
1424 5222 1727 5286 tremenda,

428 5313 652 5385 Nonque
678 5317 859 5371 minax
883 5332 1062 5372 sermo
1086 5314 1290 5386 profuit
1310 5314 1609 5387 Allophylo.

358 5400 420 5459 Si
440 5404 544 5470 leo,
577 5406 624 5462 si
652 5406 830 5477 tigris,
857 5407 1164 5477 perimitur,
1194 5406 1238 5461 si
1262 5404 1584 5468 crocodilus,

428 5492 623 5566 lugens
651 5496 695 5551 si
719 5510 930 5551 murem
959 5503 1081 5550 trux
1106 5494 1433 5564 elephasque
1468 5491 1622 5547 timet
1647 5509 1661 5557 ;

360 5580 501 5654 Ergo
528 5598 631 5640 nec
658 5585 711 5639 in
737 5585 942 5655 proprii
971 5584 1241 5639 ﬁdendum
1272 5583 1478 5637 viribus
1502 5579 1595 5635 ulli

432 5665 721 5744 Belligero.
747 5676 998 5735 ouamvis
1020 5689 1170 5731 aenea
1198 5674 1440 5730 membra
1465 5679 1636 5742 gerat.

1952 3224 2041 3280 liis
2084 3224 2386 3281 occisorum
2420 3223 2690 3290 tollentes,
2742 3222 2817 3279 ita
2864 3222 3053 3279 onusti.
3089 3227 3219 3277 sunt
3263 3227 3330 3289 ut

1952 3324 2170 3386 portare
2194 3332 2301 3371 non
2327 3325 2571 3387 possent.
2602 3332 2705 3381 nec
2724 3332 2821 3387 per
2851 3323 2961 3383 tres
2988 3314 3105 3375 dies
3123 3311 3294 3382 spolia
3322 3310 3540 3369 auferre

1951 3421 2064 3478 prae
2085 3407 2282 3477 praedae
2312 3407 2698 3478 magnitudine.
2741 3406 2880 3474 Quid
2912 3403 3176 3461 referram
3203 3403 3274 3458 de
3317 3401 3537 3459 Macha-

1952 3496 2104 3561 bmis,
2151 3497 2243 3567 qui
2270 3498 2452 3553 divino
2499 3497 2623 3553 freti
2655 3497 2926 3569 adjutorio
2966 3511 3109 3566 sape
3156 3495 3393 3553 victores
3421 3491 3537 3549 fue-

1955 3584 2122 3640 runt?
2150 3585 2305 3641 Unde
2334 3594 2390 3641 et
2412 3584 2819 3646 famosissimus
2845 3583 2937 3637 ille
2962 3581 3131 3637 ludas
3156 3588 3318 3651 atque
3343 3579 3399 3635 in
3421 3577 3536 3632 bel—

1955 3674 2022 3730 lis
2045 3673 2258 3730 Domini
2282 3674 2693 3738 invictissimus,
2736 3673 2803 3727 ad
2829 3672 3040 3745 plebem
3073 3668 3449 3729 formidantem
3473 3682 3540 3725 ac

1956 3766 2245 3832 dicentem,
2285 3763 2558 3831 Quomodo
2595 3764 2881 3837 poterimus
2907 3761 3063 3832 pauci
3085 3774 3319 3831 pugnare
3354 3757 3539 3812 adver-

1956 3874 2046 3913 sus
2085 3856 2474 3911 multitudinem
2509 3866 2712 3911 tantam
2740 3864 2790 3908 et
2815 3863 2923 3908 tam
2951 3852 3157 3923 fortem,
3205 3856 3256 3903 et
3283 3864 3378 3903 nos
3406 3847 3540 3919 fati-

1957 3946 2065 4018 gati
2126 3961 2306 4023 sumus
2343 3946 2551 4016 jejunio
2603 3943 2756 3999 hodie
2776 3943 2805 3998 .’A
2851 3940 3174 4012 respondit:
3225 3935 3412 3992 Facile
3461 3946 3541 3995 est

1960 4041 2201 4099 concludi
2230 4038 2421 4097 multos
2465 4038 2520 4092 in
2549 4051 2738 4091 manus
2757 4048 3082 4105 paucorum;
3113 4039 3162 4087 et
3199 4046 3302 4091 ηοη
3328 4037 3409 4083 εει
3430 4026 3538 4096 dif.

1962 4131 2183 4204 ferentia
2232 4130 2287 4184 in
2317 4136 2591 4198 conspectu
2626 4123 2725 4181 Dci
2753 4122 2867 4180 ειειὶ
2891 4124 3111 4181 liberare
3146 4121 3200 4175 in
3244 4117 3421 4179 multis
3461 4113 3543 4173 vel

1960 4226 2017 4280 in
2041 4223 2254 4295 paucis,
2283 4219 2407 4291 quia
2442 4235 2545 4273 non
2589 4219 2645 4272 in
2686 4215 3020 4275 multitudine
3045 4214 3301 4273 exercitus
3327 4211 3540 4267 victoria

1964 4314 2100 4379 belli,
2138 4313 2228 4370 sed
2257 4312 2320 4368 de
2341 4309 2465 4367 caelo
2487 4309 2741 4380 fortitudo
2766 4318 2860 4371 est.
2888 4306 2996 4377 Ipsi
3028 4306 3237 4371 veniunt
3266 4305 3335 4361 ad
3363 4320 3463 4363 nos.
3483 4301 3544 4356 in

1968 4404 2300 4459 multitudine
2327 4400 2622 4456 contumaci
2665 4408 2713 4454 et
2743 4397 2988 4469 superba,
3036 4404 3093 4453 ut
3120 4394 3420 4465 dispertiunt
3446 4408 3546 4451 nos

1888 4463 1942 4523 D
1965 4505 2015 4550 et
2044 4509 2235 4548 uxores
2273 4501 2478 4547 nostras
2501 4499 2550 4544 et
2581 4488 2720 4558 ﬁlios
2744 4463 2978 4555 nostros,
2994 4497 3041 4549 et
3071 4496 3129 4540 ut
3156 4463 3376 4557 spoliem
3406 4499 3497 4538 nos
3521 4499 3541 4544 .°

1967 4600 2059 4638 nos
2089 4599 2207 4638 vero
2248 4597 2533 4653 pugnemus
2577 4595 2672 4650 pro
2719 4576 2993 4634 animabus
3028 4575 3219 4641 nostris
3265 4582 3312 4628 et
3345 4571 3547 4643 legibus

1965 4674 2176 4739 nostris,
2218 4671 2394 4742 etipse
2422 4668 2677 4723 Dominus
2705 4678 2930 4722 conteret
2969 4684 3057 4722 eos
3100 4675 3220 4720 ante
3244 4664 3431 4734 faciem
3461 4678 3546 4718 ve-

1964 4775 2147 4818 stram.
2205 4758 2306 4817 Vos
2329 4770 2499 4826 autem
2525 4776 2586 4815 ne
2605 4759 2883 4813 timueritis
2908 4774 2993 4812 eos
3021 4756 3074 4828 (Ι
3101 4755 3278 4832 Maelit
3318 4770 3405 4818 ιιι,
3445 4751 3543 4806 17-

1965 4853 2077 4925 22).
2133 4850 2330 4920 Sicque
2357 4849 2662 4918 irrumpens
2694 4847 2748 4902 in
2793 4848 2977 4903 hostes
2998 4886 3014 4913 ,
3056 4844 3313 4902 contrivit
3337 4857 3455 4908 eos,
3484 4847 3545 4898 et

1966 4943 2246 4999 victoriam
2277 4940 2486 5011 accepit
2509 4939 2576 4993 de
2606 4938 2837 4997 inimicis
2858 4938 2990 4992 suis.

2039 5031 2150 5087 Nec
2179 5030 2354 5086 solum
2383 5029 2437 5083 in
2489 5028 2674 5095 Veteri
2716 5026 3059 5083 Testamento
3080 5027 3196 5089 hate
3231 5023 3372 5080 facta
3395 5030 3543 5088 sunt,

1971 5120 2068 5177 sed
2101 5118 2343 5174 etiamin
2374 5116 2524 5173 Novo
2552 5117 2637 5171 his
2670 5116 2867 5172 similia
2896 5116 3257 5186 contigerunt.
3284 5112 3441 5170 Unde
3470 5112 3525 5166 bi

1973 5209 2155 5266 storias
2202 5207 2421 5263 tradunt
2454 5206 2597 5276 quod
2637 5204 3022 5262 Constantinus
3069 5204 3362 5274 imperator
3386 5213 3547 5259 cruce

1976 5297 2178 5354 Christi
2212 5310 2311 5368 pro
2345 5293 2542 5349 vexillo
2569 5301 2747 5357 utens,
2778 5292 3063 5346 universos
3094 5292 3277 5347 hostes
3304 5305 3433 5347 suos
3458 5305 3548 5345 snt

1979 5389 2209 5463 peravit.
2262 5385 2525 5442 Similiter
2574 5391 2629 5438 et
2681 5380 3017 5438 Theodosius
3069 5380 3342 5453 Augustus
3378 5380 3549 5453 magis

1979 5480 2185 5538 orando
2210 5492 2371 5547 quam
2406 5475 2659 5530 bellando
2686 5473 2945 5544 quosdam
2978 5480 3234 5543 tyrannos
3257 5482 3552 5540 eorumque

1982 5573 2252 5630 exercitus
2274 5569 2606 5642 prostravit;
2634 5568 2721 5623 cui
2761 5566 3018 5621 Dominus
3056 5574 3421 5636 tempestates,
3453 5564 3552 5618 ful-

1985 5680 2117 5735 gura
2169 5670 2225 5720 et
2274 5662 2510 5716 tonitrua
2556 5660 2610 5714 in
2658 5658 2916 5715 auxilium
2964 5665 3152 5712 contra
3210 5654 3549 5711 adversarios
