3982 6198
412 308 520 373 3‘9

1790 300 2063 364 ‘SEDULII
2090 299 2301 365 'SCuTl

3558 307 3665 368 39.0

418 430 589 494 misit,
620 435 677 484 et
719 442 813 483 eos
840 416 1078 482 vindicta
1103 422 1312 480 caelesti
1338 422 1607 493 protrivit,
1652 422 1718 478 dc
1743 436 1850 492 quo
1874 421 1994 492 qui—
2019 423 2069 481 Α
2095 420 2255 484 citus,
2287 421 2417 475 fides
2449 418 2617 474 fervet
2636 410 2689 473 in
2720 414 2935 490 populo,
2962 429 3015 475 et
3051 427 3357 491 contempto
3386 437 3666 480 armorum

413 516 543 573 deni
569 517 848 588 eleganter
869 523 1031 585 poeta
1056 527 1083 555 ι
1116 514 1197 570 sic
1228 515 1305 569 ait
1336 532 1349 568 :

488 606 535 663 0
561 606 723 660 nimis
743 605 934 659 dilecte
964 604 1096 667 Deo,
1124 603 1223 658 tibi
1257 601 1455 657 militat
1485 603 1683 668 aether,

487 694 557 750 Et
580 693 848 764 coniurati
873 694 1096 749 veniunt
1126 694 1193 748 ad
1220 693 1446 750 classica
1472 694 1637 748 venti.

2090 510 2362 579 praesidio,
2420 509 2719 565 divinitatis
2772 518 3116 579 exspectatur
3175 510 3456 567 auxilium.
3511 508 3671 571 Tunc

2036 656 2041 659 κ
2091 597 2392 655 Germanus
2420 598 2613 654 ducem
2646 614 2705 654 se
2734 598 2901 670 praelii
2930 599 3235 669 profitetur,
3265 601 3664 674 eligitexpcdi-

2080 694 2199 753 tos,
2225 697 2280 743 et
2317 702 2348 743 e
2378 689 2596 758 regione
2622 704 2729 759 qua
2771 690 3007 744 hostium
3036 692 3355 760 sperabatur
3380 696 3669 762 adventus,

488 784 627 852 Quid
652 794 833 841 autem
858 786 1057 841 mirum
1080 786 1129 842 si
1148 802 1245 857 per
1262 801 1457 856 magna
1482 785 1748 840 elementa
1770 796 1996 857 magnus
2093 777 2291 833 vallem
2325 778 2715 834 circumdatam
2744 780 2904 835 editis
2942 781 3213 836 montibus
3250 782 3509 849 intuetur,
3561 802 3674 855 quo

419 872 680 934 Dominus
716 879 986 951 magnalia
1009 887 1285 948 operetur,
1318 893 1441 932 cum
1471 877 1637 932 etiam
1680 878 1737 932 in
1774 878 1998 933 minutis

415 968 726 1023 volatilibus
747 969 1007 1038 stupenda
1029 966 1287 1022 miracula
1310 968 1425 1037 ipse
1447 966 1625 1022 facere
1640 968 1999 1037 prmdicetu'r?

416 1054 800 1115 Ecclesiastica
845 1074 1080 1129 namque
1132 1056 1301 1114 refert
1328 1054 1555 1113 historia
1586 1059 1731 1128 quod
1756 1065 1999 1128 tempore

416 1148 725 1206 Constantii
771 1150 1114 1221 imperatoris
1161 1160 1256 1205 rex
1299 1144 1587 1206 Persarum
1634 1149 1867 1220 Sapores
1907 1167 2002 1207 no-

421 1238 589 1309 mine,
620 1236 830 1299 Nisibin
870 1237 1163 1309 civitatem,
1210 1257 1371 1312 quam
1404 1243 1625 1313 quidam
1658 1242 1999 1299 Antiochiam

424 1322 762 1402 Mygdoniam
792 1339 1010 1398 vocant,
1052 1330 1237 1386 multis
1262 1347 1384 1386 cum
1417 1331 1655 1387 millibus
1695 1331 1998 1398 obsidebat,

418 1422 577 1492 cujus
604 1422 756 1478 urbis
781 1423 1067 1492 episcopus
1107 1430 1269 1492 atque
1295 1430 1475 1479 rector
1508 1430 1562 1478 et
1589 1422 1697 1477 dux
1735 1407 1854 1478 erat
1877 1439 2004 1479 san-

418 1518 545 1566 ctus
567 1508 800 1566 Jacobus
825 1512 1132 1581 apostolicae
1153 1512 1341 1582 gratiae
1366 1512 1537 1568 radiis
1557 1513 1876 1569 illustratus.
1899 1513 2004 1570 Per

422 1598 566 1652 idem
598 1613 728 1669 ergo
776 1605 987 1669 tempus
1020 1598 1278 1669 Ephraim
1332 1600 1417 1655 vir
1468 1600 1730 1657 mirabilis
1772 1609 1827 1657 et
1873 1617 2004 1658 con-

419 1687 660 1756 scriptor
708 1688 957 1760 egregius
1004 1689 1145 1760 apud
1174 1688 1342 1760 Syros
1390 1691 1759 1746 sacratissimo
1802 1689 2004 1750 Iacobo

2096 866 2151 922 in
2176 864 2299 922 ioco
2348 879 2545 924 novum
2577 870 2850 938 componit
2894 872 3191 926 exercitum
3219 872 3336 942 ipse
3362 874 3470 928 dux
3499 877 3676 946 agmi-

2096 961 2203 1016 nis.
2237 959 2304 1014 Et
2325 958 2439 1030 jam
2486 961 2673 1016 aderat
2698 958 2852 1026 ferox
2892 960 3177 1019 multitudo
3214 964 3470 1033 hostium,
3506 982 3677 1036 quam

2097 1064 2221 1105 cum
2246 1050 2676 1120 appropinquare
2695 1052 3036 1107 intuerentur
3055 1053 3111 1107 in
3134 1054 3346 1108 insidiis
3368 1057 3678 1123 constituti,

2100 1149 2229 1198 tunc
2262 1141 2441 1197 subito
2481 1142 2787 1199 Germanus
2815 1142 3037 1215 signifer
3073 1143 3355 1201 universos
3397 1147 3678 1213 admonet,

2099 1239 2155 1287 et
2196 1234 2459 1303 praedicat
2485 1242 2547 1288 ut
2572 1234 2688 1290 voci
2721 1249 2832 1289 suae
2875 1249 2983 1289 uno
3010 1234 3247 1291 clamore
3275 1235 3677 1306 respondeant;

2100 1325 2414 1396 securisque
2456 1326 2721 1392 hostibus,
2749 1326 2841 1397 qui
2879 1340 2941 1381 se
2989 1326 3295 1395 insperatos
3332 1326 3522 1383 adesse
3550 1343 3683 1384 con-

2103 1414 2345 1479 fiderent,
2404 1414 2619 1472 alleluia
2658 1414 2771 1486 jam
2821 1416 2983 1472 tertio
3030 1417 3317 1486 repetitam
3367 1416 3683 1474 sacerdotes

2101 1505 2498 1561 exclamabant.
2537 1506 2794 1576 Sequitur
2831 1521 2939 1562 una
2972 1522 3076 1562 vox
3104 1507 3367 1574 omnium,
3394 1516 3451 1564 et
3473 1507 3685 1564 elatum

2102 1595 2394 1651 clamorem
2420 1609 2740 1667 repercusso
2769 1610 2894 1652 aere
2925 1595 3187 1652 montium
3215 1596 3471 1652 conclusa
3497 1597 3685 1652 multi-

2104 1687 2324 1758 plicant.
2350 1685 2556 1744 Hostile
2579 1704 2771 1761 agmen
2794 1696 3004 1743 terrore
3028 1686 3409 1758 prosternitur,
3440 1696 3495 1742 et
3516 1703 3688 1759 super

420 1777 761 1848 supplicabat
784 1758 1071 1835 tit—veniret
1096 1781 1163 1835 ad
1187 1758 1392 1845 muros,
1420 1791 1477 1836 et
1502 1783 1691 1837 videns
1715 1782 2002 1849 barbaros,
2036 1758 2080 1817 Β
2106 1795 2166 1834 se
2201 1794 2309 1834 non
2338 1779 2508 1835 solum
2553 1758 2713 1851 rupes
2733 1776 3167 1843 circumstantes,
3202 1779 3298 1835 sed
3320 1781 3483 1835 etiam
3507 1781 3685 1850 ipsam

422 1867 821 1922 maledictionis
862 1866 1043 1936 iacula
1096 1879 1285 1926 contra
1328 1885 1422 1926 eos
1465 1873 1759 1927 emitteret.
1810 1873 2007 1928 Flexus

422 1966 557 2025 ergo
583 1957 911 2013 venerabilis
943 1959 1107 2015 homo
1136 1961 1379 2015 ascendit
1427 1960 1482 2015 in
1512 1974 1751 2028 murum,
1805 1971 1859 2017 et
1885 1977 2007 2018 cum

430 2047 595 2103 millia
639 2048 865 2103 millium
906 2051 1115 2106 videret
1150 2053 1443 2117 exercitus,
1483 2053 1644 2106 aliam
1688 2044 2009 2108 maledictio-

428 2150 551 2190 nem
581 2137 662 2191 eis
691 2152 796 2193 non
829 2138 1003 2206 petiit,
1031 2139 1137 2194 nisi
1177 2139 1449 2209 sciniphes
1474 2150 1528 2195 et
1556 2140 1775 2206 culices,
1812 2150 1873 2195 ut
1916 2157 2013 2212 per

430 2239 597 2293 parva
625 2225 877 2299 animalia
924 2242 1215 2297 supernam
1243 2229 1496 2284 virtutem
1520 2230 1822 2300 potuissent
1848 2244 2011 2300 agno-

424 2324 603 2367 scere.
621 2312 937 2370 Orationem
957 2330 1086 2372 vero
1113 2327 1310 2373 secuue
1332 2327 1458 2374 sunt
1479 2318 1687 2374 nebulae
1707 2318 2012 2388 sciniphum

428 2411 486 2458 et
525 2403 779 2458 culicum.
825 2403 894 2460 Et
929 2406 1342 2478 elephantorum
1390 2407 1609 2477 quidem
1639 2408 2012 2478 proboscidas,

425 2506 555 2545 cum
580 2492 691 2548 sint
720 2508 887 2561 cavae,
926 2510 1189 2565 equorum
1216 2513 1347 2554 vero
1377 2497 1714 2568 aliorumque
1739 2497 2014 2567 jumento-

426 2596 554 2636 rum
602 2596 764 2640 aures
813 2584 975 2640 simul
1019 2594 1075 2642 et
1107 2603 1271 2643 nares
1311 2588 1620 2658 implerunt.
1654 2588 1722 2643 At
1748 2589 1824 2644 illi
1867 2588 2010 2645 ferre

431 2672 543 2727 vim
589 2688 881 2742 parvorum
936 2677 1252 2733 animalium
1296 2694 1402 2733 non
1448 2678 1712 2745 valentes,
1770 2694 2013 2735 sessores

428 2777 562 2818 suos
611 2764 973 2837 ductoresque
1013 2782 1272 2824 excussos
1320 2768 1499 2824 dorsis
1545 2768 1912 2840 proiecerunt,
1958 2779 2014 2826 et

432 2852 706 2925 disruptas
750 2858 897 2913 acies
950 2858 1333 2925 confuderunt,
1383 2859 1792 2931 exercitumque
1841 2860 2010 2915 relin-

432 2953 681 3013 quentes,
713 2961 924 3002 summo
956 2948 1158 3019 impetu
1185 2948 1483 3021 fugiebant.
1515 2949 1629 3006 Hoc
1654 2950 1816 3006 modo
1843 2951 2011 3006 terri-

432 3041 525 3088 tus
559 3033 856 3105 imperator
881 3049 1104 3106 parvam
1152 3039 1580 3110 clementemque
1614 3041 2009 3111 correptiouem

430 3116 491 3176 in
513 3136 573 3177 se
592 3136 926 3194 cognoscens
949 3125 1148 3181 factam
1176 3142 1207 3182 a
1236 3126 1347 3184 Deo
1369 3127 1600 3185 habente
1616 3131 2013 3200 providentiam

435 3212 741 3268 animarum
769 3229 895 3270 eum
922 3215 1011 3285 pie
1046 3217 1357 3282 colentium,
1394 3233 1551 3273 suum
1580 3219 1777 3276 exinde
1802 3222 2017 3277 reduxit

436 3304 757 3371 exercitum,
787 3305 1159 3362 confusionem
1197 3322 1306 3363 non
1347 3308 1633 3365 victoriam
1658 3325 1726 3366 ex
1752 3310 1842 3366 illa
1871 3313 2018 3369 obsi-

432 3396 597 3454 dione
620 3399 948 3470 percipiens.

502 3484 761 3558 Legimus
789 3497 846 3544 et
874 3489 1009 3547 alios
1047 3499 1265 3548 sanctos
1298 3492 1463 3560 viros,
1493 3507 1629 3563 quos
1664 3494 1887 3568 contigit
1919 3494 2012 3552 ali-

431 3578 656 3648 quando
680 3595 802 3635 cum
830 3578 1137 3638 Christiano
1162 3584 1432 3655 populoin
1454 3586 1847 3655 expeditionem
1867 3602 2020 3643 exer-

430 3669 581 3725 citus
600 3685 745 3737 esse,
773 3674 946 3744 magis
967 3675 1210 3733 oratione
1239 3685 1431 3734 contra
1459 3679 1642 3735 hostes
1662 3695 1824 3750 quam
1848 3681 2017 3738 armis

426 3761 791 3820 saecularibus
819 3780 1118 3838 pugnasse;
1158 3771 1427 3839 quomodo
1466 3777 1687 3825 sanctus
1716 3768 2020 3828 Germanus

439 3851 932 3912 Antissiodorensis
956 3858 1243 3928 episcopus
1273 3858 1469 3916 fecisse
1512 3858 1728 3931 legitur,
1766 3859 1858 3930 qui
1894 3874 2020 3914 cum

432 3942 600 4000 sbeato
643 3944 814 4017 Lupo,
863 3949 1116 4018 episcopo
1145 3950 1469 4007 Tricassinte
1504 3951 1757 4017 civitatis,
1798 3952 1852 4006 in
1896 3951 2018 4006 Bri-

433 4034 682 4090 tanniam
711 4036 787 4090 ad
811 4038 1212 4108 exstirpandam
1241 4041 1588 4109 Pelagianam
1617 4042 1868 4097 haeresim
1891 4043 2022 4098 mis-

434 4143 539 4183 sus
572 4128 772 4193 fuerat,
803 4144 911 4198 quo
951 4139 1192 4202 tempore
1230 4132 1526 4191 necessitas
1552 4134 1678 4192 belli
1708 4135 2023 4194 Britonibus

436 4225 633 4272 contra
664 4219 844 4276 Pictos
873 4228 928 4276 et
956 4221 1200 4279 Saxones
1248 4224 1588 4294 imminebat,
1618 4226 1745 4299 quia
1785 4226 1926 4284 Picti
1966 4238 2021 4285 et

444 4310 707 4379 Saxones,
750 4313 1082 4373 confidentes
1120 4318 1173 4373 in
1203 4315 1547 4376 multitudine
1595 4320 1867 4377 exercitus
1914 4320 2017 4389 sui,

435 4395 691 4461 Britones
717 4406 1023 4476 opprimere
1047 4409 1426 4479 disponebant,
1448 4426 1585 4482 quos
1614 4412 1804 4469 eadem
1830 4428 2019 4469 neces-

432 4493 578 4550 sitas
616 4495 669 4550 in
698 4504 878 4551 castra
919 4507 1267 4553 contraxerat
1291 4499 1341 4554 b.
1371 4499 1584 4556 Etcum
1614 4502 1809 4572 trepidi
1834 4510 2018 4574 partes

442 4599 569 4640 suas
593 4584 829 4656 impares
853 4585 1179 4657 iudicarent,
1209 4598 1518 4648 sanctorum
1541 4593 1843 4647 antistitum
1867 4592 2021 4647 auxi-

442 4676 573 4733 lium
610 4679 902 4748 petierunt.
943 4679 1130 4750 Itaque
1155 4682 1466 4752 apostolicis
1507 4683 1734 4739 ducibus
1770 4682 2018 4739 Christus

439 4770 709 4827 militabat
756 4770 812 4825 in
859 4770 1076 4827 castris.
1108 4771 1351 4829 Aderant
1381 4776 1542 4830 etiam
1587 4774 2021 4847 Quadragesima:

440 4861 780 4918 venerabiles
827 4860 967 4929 dies,
1008 4876 1145 4932 quos
1192 4863 1556 4936 religiosiores
1603 4865 1860 4920 reddebat
1888 4878 2024 4935 prac-

438 4952 614 5007 sentia
643 4953 985 5009 sacerdotum
1021 4953 1077 5010 in
1106 4960 1318 5010 tantum
1357 4962 1438 5022 ut,
1466 4955 1798 5026 quotidianis
1822 4954 2019 5024 praedi-

433 5040 745 5098 cationibus
800 5041 1055 5111 instituti,
1107 5046 1357 5100 certatim
1418 5042 1598 5116 populi
1671 5046 1739 5100 ad
1791 5046 2020 5117 gratiam

438 5131 778 5200 baptismatis
836 5136 1209 5192 convolarent.
1266 5135 1403 5191 Nam
1454 5136 1692 5191 maxima
1749 5137 2021 5193 exercitus

395 5210 407 5228 ³
435 5220 726 5276 multitudo
756 5224 950 5280 undam
978 5226 1181 5282 lavacri
1210 5227 1463 5283 salutaris
1497 5228 1744 5298 expetiit.
1774 5222 2018 5282 Ecclesia

433 5309 510 5365 ad
546 5312 686 5366 diem
714 5318 1123 5372 resurrectionis
1144 5318 1439 5374 Dominicte
1459 5318 1741 5375 frondibus
1762 5327 2016 5371 contexta

432 5403 804 5471 componitur,
842 5412 1003 5475 atque
1047 5407 1100 5461 in
1128 5410 1469 5479 expeditione
1515 5407 1807 5477 campestri
1848 5407 2025 5462 instar

434 5485 677 5547 civitatis
704 5502 937 5563 aptatur.
979 5495 1222 5555 Madidus
1242 5498 1565 5569 baptismate
1598 5496 1842 5569 procedit
1867 5510 2023 5550 exer-

515 5643 539 5701 _°
567 5632 915 5701 Claudianus,
943 5638 1011 5693 de
1041 5639 1204 5694 tertio
1231 5639 1525 5693 Consulatu
1558 5638 1802 5694 Honorii.

513 5698 753 5759 ItSumit
778 5698 919 5761 hanc
963 5711 1327 5764 narrationem
1360 5709 1571 5765 Scdulis
1610 5726 1637 5763 a
1678 5708 2014 5774 C(1llSl.i.!ill0,

2106 1868 2228 1929 οωιί
2272 1871 2579 1925 machinam
2623 1869 3063 1933 contremiscunt,
3096 1869 3551 1939 trepidationique
3600 1871 3683 1924 in~

2099 1958 2260 2029 jecue
2279 1961 2366 2014 vix
2390 1957 2634 2016 sufﬁcere
2651 1958 2846 2029 pedum
2875 1960 3168 2029 pernicitas
3194 1960 3533 2015 credebatur.
3557 1959 3683 2015 Pas-

2109 2051 2210 2107 sim
2251 2048 2478 2123 fugiunt,
2518 2066 2670 2106 arma
2720 2048 3028 2120 projiciuut,
3079 2050 3376 2120 gaudentes
3417 2048 3502 2104 vel
3540 2051 3687 2104 nuda

2109 2158 2336 2213 corpora
2381 2143 2643 2212 eripuisse
2690 2126 3010 2197 discrimini.
3050 2140 3240 2196 Plures
3277 2142 3442 2196 etiam
3490 2140 3687 2197 timore

2109 2233 2413 2305 praecipites
2433 2230 2629 2287 flumen
2656 2231 2799 2301 quod
2829 2230 3152 2285 transierant
3181 2229 3479 2284 devoravit.
3513 2228 3688 2285 Ultio-

2111 2336 2235 2378 nem
2275 2337 2428 2377 suam
2480 2321 2738 2377 innocens
2767 2319 3039 2375 exercitus
3081 2319 3339 2383 intuetur,
3368 2329 3422 2375 et
3446 2320 3691 2375 victoria

2111 2425 2381 2467 concessa
2404 2407 2609 2465 missus
2643 2418 2916 2479 spectator
2941 2406 3189 2462 edicitur.
3221 2406 3402 2477 Spolia
3428 2407 3689 2477 colligun-

2112 2508 2201 2556 tur
2226 2500 2490 2571 exposita,
2525 2508 2580 2555 et
2605 2499 2842 2556 caelestis
2863 2499 3054 2569 palma:
3084 2498 3278 2570 gaudia
3299 2497 3453 2554 miles
3483 2499 3689 2570 religio-

2111 2612 2205 2653 sus
2255 2595 2613 2666 amplectitur.
2668 2594 3027 2664 Triumphant
3077 2594 3384 2665 pontifices,
3438 2593 3691 2651 hostibus

2111 2686 2247 2742 l‘usis
2274 2686 2393 2741 sine
2431 2685 2725 2757 sanguine;
2760 2684 3057 2755 triumphat
3082 2684 3328 2752 victoria,
3360 2684 3468 2741 fide
3492 2684 3690 2741 obten-

2112 2784 2188 2841 ta,
2217 2791 2325 2831 non
2346 2775 2571 2831 viribus.

2182 2869 2279 2926 His
2303 2869 2483 2940 itaque
2503 2876 2559 2924 et
2580 2867 2778 2925 talibus
2800 2867 3063 2939 exemplis
3084 2867 3362 2922 evidtmter
3382 2864 3691 2922 ostenditur

2110 2961 2251 3034 quod
2271 2962 2443 3035 magis
2456 2959 2701 3018 homines
2713 2960 2913 3017 sanctis
2924 2959 3260 3015 orationibus
3273 2973 3336 3013 ac
3349 2956 3526 3012 divino
3541 2956 3692 3012 auxi-

2038 3089 2086 3153 ε
2114 3052 2208 3119 lio,
2229 3066 2392 3123 quam
2411 3051 2578 3107 armis
2598 3050 2946 3110 saecularibus
2972 3066 3003 3104 a
3026 3048 3267 3119 periculo
3290 3048 3480 3103 mortis
3505 3058 3693 3153 prote-

2115 3151 2332 3214 gantur.
2358 3138 2514 3198 Unde
2538 3149 2718 3196 autem
2747 3137 2937 3196 solatia
2958 3138 3241 3208 praesentis
3264 3138 3407 3202 vitae,
3432 3144 3486 3191 et
3512 3133 3695 3190 defen—

2114 3236 2197 3293 sio
2220 3243 2410 3291 contra
2434 3234 2688 3289 universa
2722 3231 2982 3303 pericula,
3014 3239 3068 3285 et
3094 3228 3325 3285 victoria
3348 3230 3416 3285 de
3440 3230 3693 3285 hostibus

2115 3329 2350 3383 maxime
2378 3326 2665 3396 quarenda
2712 3325 2801 3391 sit,
2848 3324 2963 3393 ipse
2992 3322 3252 3378 Dominus
3286 3324 3341 3377 in
3368 3318 3536 3377 veteri
3570 3318 3695 3393 lege

2114 3417 2349 3488 priorem
2374 3412 2630 3487 populum
2679 3414 2954 3468 instruens
2995 3412 3069 3466 ita
3097 3411 3334 3467 ostendit
3362 3411 3547 3466 dicens
3579 3428 3591 3464 :
3624 3408 3689 3464 Si

2114 3508 2172 3561 in
2192 3506 2463 3579 prteceptis
2492 3505 2619 3560 meis
2657 3501 3064 3565 ambulaveritis,
3094 3510 3143 3555 et
3169 3501 3418 3555 mandata
3442 3514 3558 3554 mea
3594 3516 3696 3553 cu-

2114 3582 2422 3661 stodieritis,
2462 3602 2513 3649 et
2539 3594 2766 3663 feceritis
2787 3610 2872 3659 ea,
2899 3592 3035 3647 dabo
3060 3591 3199 3648 vobis
3225 3589 3455 3662 pluviam
3480 3592 3536 3643 in
3563 3599 3697 3644 tem-

2115 3686 2327 3759 poribus
2366 3686 2496 3749 suis,
2520 3694 2569 3739 et
2608 3695 2746 3740 terra
2785 3682 2958 3755 gignet
2981 3682 3209 3752 fructum
3241 3698 3416 3746 suum,
3442 3691 3489 3735 et
3520 3682 3695 3751 pomis

2118 3777 2331 3832 arbores
2386 3774 2742 3847 replebuntur.
2803 3769 3161 3844 Appreltendet
3212 3767 3457 3825 messium
3503 3770 3696 3822 tritura

2119 3868 2453 3933 eindemiam,
2478 3876 2524 3920 et
2542 3864 2801 3920 vindemia
2832 3862 3101 3932 occupabit
3137 3870 3436 3925 sementem,
3460 3869 3508 3912 et
3546 3875 3709 3912 com-~

2118 3958 2282 4013 edetis
2305 3970 2492 4029 panem
2516 3962 2745 4009 vestrum
2776 3952 2832 4008 in
2872 3953 3172 4017 saturitate,
3210 3960 3257 4003 et
3289 3949 3482 4019 absque
3502 3962 3697 4017 pavore

2119 4050 2420 4108 habitabitis
2468 4047 2523 4101 in
2571 4054 2712 4099 terra
2760 4053 2949 4098 uestra.
2989 4041 3134 4095 Dabo
3175 4054 3352 4111 pacem
3402 4038 3458 4091 in
3498 4036 3694 4105 ﬁnibus

2120 4140 2334 4205 uestris;
2375 4133 2664 4198 dormietis,
2689 4143 2737 4187 et
2767 4149 2870 4186 non
2898 4132 2992 4185 erit
3021 4130 3109 4199 qui
3143 4135 3418 4183 exterreat.
3444 4125 3696 4194 Auferam

2120 4231 2291 4287 malas
2312 4229 2521 4291 bestias,
2544 4236 2591 4281 et
2610 4224 2816 4296 gladius
2835 4239 2937 4276 non
2952 4219 3191 4276 transibit
3209 4219 3457 4272 terminos
3477 4226 3694 4270 vestros.

2122 4318 2515 4392 Persequemini
2542 4315 2780 4371 inimicos
2809 4322 3020 4377 vestros,
3045 4319 3093 4365 et
3128 4317 3367 4364 corruent
3396 4323 3573 4361 coram
3602 4323 3699 4360 vo-

2123 4411 2220 4467 bis.
2245 4410 2630 4480 Persequentur
2651 4405 2877 4477 quinque
2918 4403 2982 4457 de
3018 4401 3198 4455 vestris
3238 4407 3443 4452 centum
3472 4396 3695 4460 alienos,

2118 4512 2169 4558 et
2193 4510 2398 4556 centum
2415 4515 2480 4554 ea:
2504 4497 2644 4553 vobis
2686 4496 2862 4549 decem
2884 4492 3071 4547 millia.
3097 4491 3297 4544 Cadent
3318 4488 3516 4543 inimici
3531 4489 3698 4542 ‘vestri

2121 4596 2177 4649 in
2207 4602 2483 4664 conspectu
2506 4599 2691 4645 vestro.
2719 4586 2926 4641 Gaudio
2951 4586 3224 4657 respiciam
3246 4601 3357 4648 vos,
3396 4592 3444 4637 et
3467 4599 3698 4636 crescere

2118 4684 2330 4755 faciam,
2352 4680 2846 4752 multiplicabimini.
2866 4678 2931 4731 Et
2944 4676 3165 4747 ﬁrmabo
3188 4684 3395 4745 pactum
3419 4690 3587 4727 meum
3609 4690 3700 4726 vo-

2119 4775 2337 4829 biscum.
2362 4772 2567 4827 Ponant
2604 4768 2998 4825 tabernaculum
3021 4782 3193 4820 meum
3223 4766 3277 4819 in
3308 4766 3478 4818 medio
3519 4765 3695 4828 vestri,

2119 4877 2168 4922 et
2199 4884 2304 4922 non
2323 4866 2531 4936 abjiciet
2552 4881 2638 4919 vos
2667 4864 2843 4917 anima
2886 4879 3020 4915 mea.
3046 4857 3335 4914 Ambulabo
3357 4860 3491 4911 inter
3517 4874 3623 4921 vos,
3649 4865 3699 4910 et

2123 4976 2212 5015 ero
2235 4967 2397 5014 vester
2425 4954 2590 5021 Deus,
2618 4972 2804 5026 vosque
2832 4948 2973 5008 eritis
3007 4950 3228 5022 populus
3258 4966 3423 5002 meus.
3452 4946 3565 5015 Ego
3589 4947 3700 5001 Do-

2123 5051 2297 5104 minus
2318 5048 2459 5103 Deus
2486 5058 2667 5103 uester.
2701 5045 2854 5112 Quod
2876 5044 2921 5099 si
2947 5061 3051 5099 non
3078 5041 3351 5097 audieritis
3379 5056 3483 5103 me,
3505 5055 3596 5092 nec
3615 5039 3698 5108 fe-

2123 5141 2298 5195 eeritis
2322 5115 2497 5194 omnia
2519 5138 2772 5194 mandata
2810 5152 2946 5199 mea,
2974 5135 3019 5188 si
3048 5131 3345 5204 spreveritis
3374 5129 3508 5201 leges
3531 5146 3696 5195 meas,

2122 5241 2170 5286 et
2186 5231 2397 5302 judicia
2422 5246 2539 5284 mea
2565 5225 2994 5300 contempseritis,
3029 5233 3083 5278 ut
3109 5241 3213 5278 non
3252 5222 3460 5292 faciatis
3495 5238 3557 5275 ea
3579 5237 3697 5292 quae

2124 5339 2156 5376 a
2181 5338 2261 5375 me
2282 5322 2566 5375 constituta
2590 5328 2732 5383 sunt,
2759 5328 2806 5372 et
2836 5317 2905 5371 ad
2931 5317 3141 5370 irritum
3163 5312 3461 5385 perducatis
3486 5322 3695 5383 pactum

2124 5428 2317 5476 meum,
2350 5427 2443 5481 ego
2465 5426 2668 5481 quoque
2699 5408 2809 5461 Im'c
2837 5406 3029 5476 faciam
3058 5404 3198 5459 vobis
3236 5417 3255 5454 :
3282 5402 3500 5457 visitabo
3527 5418 3613 5456 eos
3642 5401 3697 5456 in

2121 5511 2347 5573 egestate
2379 5512 2426 5556 et
2451 5502 2660 5566 ardore,
2700 5498 2790 5570 qui
2810 5495 3053 5566 conﬁciat
3074 5494 3254 5549 oculos
3278 5504 3473 5548 vestras
3493 5504 3540 5547 et
3567 5508 3697 5547 con-

2121 5637 2343 5702 antiquo
2370 5635 2426 5688 S.
2452 5634 2704 5689 Germani
2733 5629 3181 5703 biograplto,_lib.
3206 5645 3248 5697 t,
3273 5643 3394 5699 cap.
3419 5629 3511 5694 28,
3535 5644 3696 5699 quem

2122 5699 2319 5762 videSis
2358 5705 2498 5777 apud
2531 5705 2746 5760 Surium
2780 5699 2866 5759 die
2895 5702 2954 5757 5|
2988 5699 3136 5754 Julii.
