3982 6198
285 272 372 331 3%!
1260 268 1460 324 LIBER
1498 270 1586 326 DE
1623 265 2057 325 RECTORIBUS
2090 265 2543 322 CllRlSTlANlS.

3408 268 3514 324 τιἰὲ

284 390 447 440 sumat
475 379 683 436 animus
702 389 919 435 vestras.
947 378 1173 437 Frustra
1206 382 1383 437 seretis
1403 392 1702 451 sementem,
1726 396 1845 452 qua
1873 384 1920 444 Α
1947 377 2218 433 dientibus
2243 376 2416 448 aliqua
2446 377 2501 431 in
2529 378 2633 433 hoc
2677 377 2877 434 mundo
2905 376 3132 434 adversa
3169 379 3512 450 contigerint,

285 478 344 529 ab
363 472 592 527 hostibus
613 470 964 526 devorabitur.
1001 469 1206 526 Ponam
1248 472 1442 542 faciem'
1461 489 1629 528 meam
1662 482 1843 527 contra

286 582 384 629 vos,
410 572 458 618 et
482 563 739 617 corruetis
759 578 936 616 coram
973 562 1206 618 hostibus
1227 565 1432 629 vestris,
1463 572 1514 620 et
1533 564 1849 634 subjiciemi-

288 656 403 709 mini
436 654 517 708 Itis
565 653 657 724 qui
695 651 916 707 oderunt
957 669 1064 707 vos.
1115 651 1388 724 Fugietis,
1431 653 1633 709 nemine
1675 669 1848 724 perse-

290 753 474 817 quente.
501 742 659 809 Quod
679 742 725 796 si
745 758 839 796 nec
859 743 933 796 sic
956 741 1221 796 volueritis
1243 743 1470 816 recipere
1490 741 1844 813 disciplinam,

290 849 366 888 sea
394 831 785 886 ambulaveritis
811 849 875 887 ea:
896 832 1112 889 adverso
1136 834 1281 898 mihi,
1308 851 1402 908 ego
1430 851 1633 909 quoque
1665 845 1848 890 contra

291 942 366 979 ros
397 924 647 978 adversus
679 924 954 989 incedam;
981 934 1029 978 et
1051 926 1338 995 percutiam
1380 942 1467 981 vos
1509 928 1695 998 septies
1727 943 1848 997 pro-

290 1025 386 1084 pter
405 1023 621 1083 peccata
670 1022 860 1079 vestra,
893 1014 1240 1085 inducamque
1282 1032 1438 1087 super
1482 1033 1570 1071 vos
1613 1015 1848 1087 gladium

290 1103 493 1157 ultorem
536 1103 747 1173 [aderis
786 1104 906 1158 mei.
939 1102 1170 1175 Cumque
1206 1106 1544 1178 confugeritis
1581 1107 1637 1162 in
1674 1109 1846 1172 urbes,

289 1194 472 1247 mittam
499 1193 850 1264 pestilentiam
871 1195 927 1248 in
958 1194 1186 1249 medium
1218 1195 1387 1260 vestri,
1413 1205 1462 1250 et
1490 1195 1769 1253 trademini
1793 1197 1849 1252 in

289 1283 495 1337 hostium
528 1299 739 1337 manus.
763 1282 830 1337 Et
855 1284 1082 1353 reliqua.
1114 1284 1298 1356 (Leuit.
1326 1300 1475 1351 xxvi,
1497 1284 1672 1358 5-25.)

348 1369 464 1424 Bac
513 1385 646 1441 ergo
692 1369 819 1425 licet
855 1371 1025 1441 priori
1072 1372 1294 1442 populo,
1325 1373 1415 1442 qui
1443 1382 1658 1429 terrena
1708 1374 1849 1429 bona

291 1460 565 1524 ambiebat,
616 1476 715 1535 per
739 1460 1105 1532 legislatorem
1146 1463 1290 1518 dicta
1328 1463 1455 1530 sint,
1485 1473 1663 1518 tamen
1689 1462 1849 1519 Chri-

291 1549 444 1605 stiano
474 1563 623 1604 nunc
645 1548 842 1617 populo
867 1549 1255 1607 convenienter
1289 1552 1464 1625 aptari
1490 1560 1735 1624 possunt,
1763 1552 1851 1608 cui

290 1657 315 1695 a
337 1642 557 1696 Domino
579 1656 679 1697 suo
708 1643 760 1696 in
788 1641 1043 1713 prasenli
1075 1641 1422 1697 tribulatione
1447 1643 1768 1709 consulitur,
1795 1651 1850 1699 et

1948 481 2050 522 nec
2086 483 2213 523 mox
2239 468 2437 523 debent
2456 468 2759 522 contristati
2784 467 2853 521 ab
2880 482 2947 522 eo
2976 467 3221 537 refugere
3259 478 3422 539 atque
3448 471 3519 527 de

1945 554 2062 626 ejus
2093 557 2295 613 auxilio
2324 558 2633 628 desperare,
2666 557 2762 612 sed
2804 556 3130 613 ﬁducialiter
3157 574 3337 630 agere,
3365 576 3429 615 ac
3451 562 3520 617 de

1944 648 2040 704 Dei
2066 648 2304 706 bonitate
2329 649 2558 720 pleniter
2585 649 2874 704 conﬁdere.
2902 648 3177 721 Siquidem
3205 652 3319 708 hac
3348 663 3521 710 trans-

1945 737 2107 794 itoria
2146 740 2256 794 vita
2302 748 2385 795 est
2416 739 2565 810 justo
2607 740 2833 795 tentatio
2867 750 2996 805 tota,
3041 741 3098 795 in
3144 758 3248 811 qua
3280 743 3399 813 plus
3444 744 3522 799 ina

1946 829 2157 883 terdum
2204 837 2402 884 nocent
2442 844 2701 899 prospera
2748 845 2910 898 quam
2949 829 3216 898 adversa;
3265 833 3391 902 quia
3422 835 3520 891 Dei

1944 917 2147 975 electos
2171 933 2432 994 prospera
2475 917 2751 986 dejiciunt,
2800 918 3023 972 adversa
3069 933 3199 974 vero
3244 920 3518 976 erudiunt.

1946 1008 2019 1065 Ut
2071 1010 2215 1068 enim
2258 1011 2533 1085 sapientes
2577 1009 2885 1080 perhibent,
2933 1011 3172 1081 quinque
3216 1021 3521 1083 temporum

1945 1100 2301 1158 varietatibus
2346 1117 2575 1171 regnum
2618 1109 2892 1157 terrenum
2930 1103 3196 1160 consistit.
3239 1103 3373 1158 Nam
3407 1106 3522 1175 pri-

1945 1204 2095 1244 mum
2122 1198 2333 1261 tempus
2378 1190 2577 1247 laboris
2619 1199 2721 1258 est,
2752 1193 2970 1263 quando
2998 1210 3096 1265 per
3121 1193 3362 1266 fragores
3400 1197 3526 1253 hos-

1947 1281 2082 1336 tium
2111 1289 2167 1336 et
2209 1282 2350 1337 bella
2387 1278 2747 1339 contenditur.
2800 1283 3107 1340 Secundum
3153 1302 3283 1343 vero
3310 1290 3526 1358 quando

1947 1369 2121 1440 ipsum
2170 1386 2397 1441 regnum
2446 1373 2558 1428 suis
2595 1373 2947 1430 incrementis
2984 1383 3046 1429 ut
3090 1374 3217 1431 luna
3255 1393 3425 1448 usque
3458 1380 3527 1434 ad

1945 1460 2332 1532 plenitudinem
2362 1463 2550 1519 tendit.
2584 1462 2828 1518 Tertium
2851 1471 3063 1533 tempus
3095 1475 3182 1519 est
3208 1466 3378 1536 ipsius
3412 1467 3525 1537 ple-

1946 1551 2229 1616 nitudinis,
2271 1553 2486 1622 quando
2527 1552 2767 1622 undique
2797 1552 2864 1608 ab
2890 1553 3141 1609 omnibus
3169 1569 3278 1609 non
3305 1555 3532 1611 oﬂ‘endie

1947 1650 2059 1708 tur,
2090 1642 2183 1697 sed
2208 1641 2262 1696 in
2290 1641 2623 1712 plenitudine
2653 1642 2834 1713 gloria
2859 1657 2971 1696 sua
3011 1649 3264 1713 tanquam
3297 1644 3529 1713 plenilu~

289 1733 490 1804 insuper
536 1735 678 1789 bona
728 1733 908 1789 futura
949 1734 1004 1789 in
1049 1734 1205 1789 calls
1242 1734 1660 1804 pramittuntur.
1713 1735 1849 1794 Huic
1877 1749 1924 1807 Β
1950 1731 2025 1786 nii
2060 1731 2279 1792 claritas
2322 1731 2656 1787 nobilitatur.
2694 1730 2959 1798 Quartum
2987 1740 3198 1802 tempus
3225 1740 3308 1788 est
3341 1733 3398 1788 in
3420 1750 3535 1805 quo

290 1840 401 1897 ergo
424 1828 629 1896 optime
652 1827 924 1892 convenit,
942 1834 1003 1879 ut
1025 1825 1279 1879 mandata
1300 1824 1513 1880 Domini
1542 1825 1624 1879 sui
1647 1833 1848 1891 servet,

289 1923 336 1968 et
362 1924 526 1969 totam
550 1919 718 1985 ‘spem
761 1928 913 1969 suam
953 1913 1007 1968 in
1039 1927 1104 1969 eo
1155 1912 1470 1980 constituat,
1522 1912 1617 1983 qui
1658 1920 1851 1984 potens

290 2011 361 2057 est
400 2005 464 2059 ab
517 2004 769 2059 omnibus
806 2002 1048 2057 adversis
1080 2002 1134 2056 in
1186 2016 1247 2058 se
1297 2008 1579 2072 sperantes
1618 2001 1847 2071 eripere,

290 2102 432 2162 atque
472 2093 544 2147 ad
581 2091 958 2162 prosperitatis
1009 2099 1264 2146 eventum
1299 2099 1354 2147 et
1381 2090 1471 2147 hic
1507 2099 1562 2147 et
1587 2091 1642 2146 in
1671 2089 1852 2146 futuro

290 2196 400 2240 tuos
423 2183 630 2240 electos
657 2179 975 2239 transferre.

632 2289 867 2348 Ventosa
893 2305 1017 2345 cum
1042 2288 1302 2349 desaeviat

628 2378 759 2437 Euri
790 2378 1025 2450 procella
1050 2387 1392 2451 perstrepens
1415 2418 1433 2445 ,

626 2468 930 2530 Altitonans
955 2470 1023 2525 de
1047 2470 1318 2525 montibus

629 2559 765 2615 Cum
789 2559 1035 2615 nubilosa
1060 2560 1322 2633 grandine
1338 2600 1354 2625 ,

632 2647 809 2720 Sylva
852 2657 1118 2718 ruantque
1149 2648 1397 2721 protinus
1415 2689 1433 2716 ,

632 2734 904 2794 Turbatur
930 2743 984 2790 et
1004 2742 1159 2793 actus
1178 2736 1348 2792 maris
1375 2774 1392 2801 ,

631 2824 804 2879 Minas
835 2832 891 2881 et
917 2827 1080 2881 astris
1106 2825 1307 2879 inferat

622 2915 828 2971 Ventus
853 2915 1096 2986 crepanti
1127 2914 1381 2979 fulmine;

627 3003 777 3060 Ferit
799 3019 968 3074 pavor
992 3004 1298 3058 mortalium

621 3095 774 3157 Tunc
800 3098 960 3152 corda
986 3097 1440 3153 contrementium
1466 3149 1482 3176 ,

628 3185 709 3241 Ne
729 3193 935 3240 sternat
962 3187 1040 3240 ira
1073 3186 1290 3241 caelitus

632 3272 988 3347 Propaginem
1015 3275 1379 3331 terrestrium.

630 3363 885 3439 Quisquis
914 3366 1053 3435 sapit
1080 3363 1321 3435 pericula

630 3455 815 3510 Vitare
842 3455 1004 3509 corde
1035 3454 1293 3525 provido,

630 3544 791 3617 Fugit
815 3546 1010 3600 timens
1034 3546 1150 3600 hac
1178 3544 1354 3600 omnia
1370 3585 1389 3613 ,

630 3632 829 3688 Tutum
850 3640 1095 3703 capessat
1125 3640 1183 3687 ut
1205 3633 1406 3689 locum.

630 3723 721 3783 Sic
746 3727 1026 3797 ingruente
1058 3724 1295 3780 maximo

632 3817 1031 3872 Adversitatum
1080 3817 1293 3871 turbine

629 3906 780 3963 Totis
801 3908 1030 3983 petenda
1051 3907 1261 3965 viribus

635 3994 1005 4054 Calitonahtis
1035 3997 1278 4056 dextera.

633 4086 829 4141 Beatus
855 4087 944 4143 ille
972 4087 1255 4163 praeminet

635 4175 735 4242 Qui
765 4183 894 4231 tunc
914 4175 1131 4232 volante
1162 4183 1402 4247 prapete

629 4264 887 4320 Oratione
906 4265 1214 4321 machinam

643 4354 756 4412 Poli
783 4366 1034 4428 penetrat
1061 4358 1317 4414 arduam!

642 4447 771 4504 Alas
799 4448 965 4504 habet
998 4449 1116 4506 hac
1142 4465 1338 4508 aureas

644 4539 893 4595 Volueris
912 4552 1008 4595 ore
1030 4540 1229 4597 lucida.

637 4627 853 4685 Lavam
882 4631 1021 4700 regit
1035 4629 1325 4701 jejunium,

632 4720 889 4778 Dextram
916 4730 1170 4793 tenetque
1192 4722 1437 4795 largitas.

637 4807 790 4866 Hanc
818 4810 997 4866 noscit
1016 4812 1149 4866 ordo
1177 4811 1454 4882 calitum,‘

637 4898 885 4957 Gaudens
910 4901 1113 4963 salutat
1137 4904 1402 4966 advenam
1428 4943 1446 4973 ,

638 4988 807 5045 Oﬂ‘ert
824 5004 1057 5060 eamque
1085 4990 1272 5062 gloria

638 5079 894 5136 Tribunal
924 5089 1049 5135 ante
1076 5081 1359 5157 principis.

640 5169 831 5225 Votiva
859 5169 1058 5225 mentis
1086 5170 1247 5225 xenia

639 5257 792 5314 Tunc
812 5259 1050 5330 prendit,
1076 5261 1193 5331 ipsa
1212 5259 1386 5316 lactea

639 5347 754 5405 Peli
785 5350 972 5406 revisit
998 5351 1220 5406 climata
1237 5390 1254 5417 ,

641 5439 915 5512 Donisque
943 5443 1127 5497 omnia
1156 5443 1363 5514 gratia.

890 5530 1043 5587 CAP.
1096 5532 1238 5588 XVI.

359 5612 430 5669 At
458 5628 591 5673 vero
626 5619 671 5676 sl
696 5620 831 5677 bene
854 5622 1168 5699 regentibus
1191 5631 1246 5678 et
1273 5631 1540 5701 pracepta
1564 5621 1659 5677 Dei
1686 5629 1867 5679 custo-

1950 1822 2119 1896 ipsius
2146 1822 2296 1893 regni
2328 1821 2631 1879 sublimitas
2668 1821 2841 1876 instar
2866 1821 3004 1876 luna
3034 1822 3352 1883 decrescere
3391 1823 3529 1879 inci—

1948 1912 2048 1988 pit.
2091 1913 2264 1968 Porro
2303 1913 2572 1983 quintum,
2604 1913 2749 1988 quod
2795 1921 2880 1967 est
2912 1913 3287 1989 novissimum,
3320 1922 3532 1985 tempus

1950 2010 2035 2060 est
2060 2003 2457 2060 colluctationis
2486 2012 2541 2057 et
2569 2003 3037 2069 contradictionis,
3083 2006 3298 2074 quando
3328 2006 3405 2060 rei
3432 2022 3532 2077 pu-

1947 2092 2104 2152 blica
2128 2094 2282 2168 quasi
2305 2093 2471 2148 turris
2498 2091 2646 2154 Siloa
2668 2109 2879 2154 summa
2908 2094 3132 2160 corruit,
3157 2110 3221 2150 ac
3247 2096 3428 2152 nullus
3460 2098 3530 2152 ad

1950 2184 2123 2259 ipsam
2167 2201 2281 2241 rem
2328 2185 2599 2264 publicam
2653 2184 3034 2245 stabiliendum
3068 2187 3362 2257 quidquam
3398 2187 3529 2244 boni

1949 2276 2132 2334 facere
2158 2276 2292 2332 vult.
2334 2275 2490 2333 Unde
2522 2275 2881 2348 colligendum
2910 2286 2996 2331 est
3035 2292 3194 2347 quam
3225 2277 3441 2334 mobilis
3478 2289 3537 2337 et

1950 2381 2115 2441 quam
2158 2365 2438 2421 variabilis
2483 2367 2556 2421 sit
2598 2365 2802 2420 terreni
2846 2366 2999 2437 regni
3028 2366 3222 2436 gloria,
3395 2385 3536 2425 nun.

1952 2476 2115 2535 quam
2154 2462 2210 2517 in
2263 2461 2453 2518 eodem
2493 2469 2634 2517 statu
2676 2471 3009 2534 perseverat,
3032 2464 3129 2519 sed
3155 2466 3298 2521 sicut
3325 2466 3451 2522 luna
3475 2476 3538 2523 ut

1951 2570 2052 2630 per
2076 2562 2352 2610 momenta
2382 2554 2580 2610 crescit
2601 2554 2657 2609 in
2684 2555 2980 2632 prosperis,
3003 2556 3079 2611 ita
3108 2564 3163 2613 et
3192 2558 3460 2615 decrescit
3481 2560 3535 2615 in

1955 2645 2216 2703 adversis.
2256 2644 2326 2704 At
2352 2660 2481 2703 vero
2518 2645 2690 2716 gloria
2719 2646 2839 2706 sine
2864 2646 3165 2704 mobilitate
3188 2663 3534 2721 nequaquam

1955 2736 2012 2794 in
2048 2739 2318 2806 terrestri,
2351 2739 2446 2795 sed
2475 2738 2529 2794 in
2569 2737 2776 2797 caelesti
2806 2754 2972 2809 regno
3001 2740 3294 2796 invenitur.
3321 2741 3379 2796 In
3414 2758 3537 2798 mo-

1954 2837 2242 2887 mentanea
2285 2830 2428 2886 enim
2468 2828 2628 2900 hujus
2671 2830 2853 2885 saculi
2887 2839 3174 2901 potestate,
3220 2840 3277 2887 et
3303 2834 3531 2890 confusa

1955 2937 2138 2979 rerum
2185 2922 2547 2978 transibilium
2580 2923 2961 2989 inconstantia,
2994 2925 3263 2994 quomodo
3298 2941 3441 2995 sape
3469 2942 3538 2982 ex

1956 3011 2208 3082 procellis
2230 3012 2617 3067 adversitatum
2645 3012 2911 3068 serenitas
2938 3013 3204 3081 redditur,
3234 2998 3388 3071 ita'in
3412 3031 3537 3086 pro—

1881 3090 1928 3155 C
1958 3100 2122 3158 cellas
2144 3116 2335 3157 serena
2370 3107 2668 3157 mutantur.

2023 3191 2211 3261 Itaque
2241 3191 2285 3247 si
2316 3192 2497 3263 aliqua
2525 3192 2850 3263 contigerint
2886 3194 3136 3260 adversa,
3164 3194 3257 3267 qui
3281 3197 3541 3268 providus

1954 3290 2041 3339 est
2068 3282 2148 3337 rei
2177 3282 2407 3352 publica
2444 3284 2793 3355 gubernator,
2824 3280 2933 3341 non
2964 3287 3144 3342 statim
3176 3288 3373 3345 talibus
3399 3297 3540 3347 tem—

1957 3379 2232 3443 pestatum
2261 3372 2567 3430 turbinibus
2593 3373 2939 3446 infringatur,
2969 3380 3064 3433 sed
3090 3393 3121 3433 e
3143 3387 3334 3435 contra
3364 3379 3540 3436 valida

1956 3462 2156 3517 mentis
2209 3461 2523 3519 fortitudine
2578 3464 2633 3519 in
2690 3465 2917 3521 Domino
2966 3466 3327 3534 confortetur,
3378 3477 3543 3540 atque
3632 3458 3637 3462 ’

1956 3550 2323 3623 Omnipotenti
2351 3546 2555 3626 gratias
2582 3554 2636 3610 in
2668 3556 2909 3612 adversis
2945 3558 3167 3625 referat,
3204 3561 3296 3630 qui
3326 3561 3380 3615 in
3410 3577 3538 3632 pro-

1956 3643 2133 3713 speris
2177 3645 2520 3700 successibus
2570 3646 2638 3701 de
2676 3644 2889 3702 Domini
2928 3648 3008 3702 sui
3046 3648 3335 3706 clementia
3361 3659 3544 3721 gratos

1957 3732 2172 3805 agebat.
2219 3733 2417 3789 Parum
2445 3742 2530 3790 est
2566 3736 2713 3790 enim
2745 3736 2962 3805 quando
3004 3738 3057 3791 in
3103 3738 3197 3793 Dei
3234 3741 3536 3804 beneficiis,

1958 3836 2082 3893 qua
2104 3824 2262 3879 nobis
2304 3824 2575 3888 accidunt,
2611 3825 2967 3899 gratulamur.
2997 3825 3132 3882 Nam
3160 3836 3217 3883 et
3243 3829 3349 3888 hoc
3376 3832 3544 3902 genti.

1959 3913 2031 3971 lis
2065 3913 2195 3969 facit
2226 3920 2279 3969 et
2321 3912 2539 3969 Judaus
2567 3923 2623 3970 et
2650 3914 2970 3989 publicanus
3001 3926 3057 3971 et
3082 3917 3352 3978 ethnicus.
3384 3918 3545 3976 Chris-

1961 4005 2265 4061 stianorum
2306 4005 2525 4076 propria
2575 4005 2749 4066 virtus
2801 4013 2916 4074 est,
2978 4008 3145 4064 etiam
3194 4009 3250 4071 in
3307 4011 3376 4070 iis
3421 4026 3544 4083 qua

1962 4095 2188 4155 adversa
2211 4102 2489 4165 putantur,
2522 4093 2728 4152 referre
2749 4097 2952 4167 gratias
2982 4097 3251 4167 Creatori,
3277 4109 3337 4156 ut
3370 4100 3424 4156 in
3447 4103 3544 4158 Dei

1962 4184 2294 4256 praconium
2318 4184 2610 4241 menslata
2636 4195 2977 4263 prorumpat,
3006 4188 3358 4263 dicamusqne
3386 4208 3400 4246 ε
3432 4191 3548 4246 Nu-

1963 4272 2065 4329 dus
2110 4273 2257 4329 exivi
2303 4273 2369 4329 de
2417 4284 2566 4330 utero
2597 4276 2780 4331 matris
2826 4293 2976 4342 meae,
3006 4277 3179 4332 nudus
3218 4288 3268 4332 et
3310 4280 3543 4335 redeam.

1969 4363 2121 4420 Sicut
2148 4363 2346 4435 placuit
2381 4364 2632 4433 Domino,
2666 4366 2742 4421 ita
2776 4367 2975 4437 factum
2995 4374 3107 4434 est;
3135 4367 3203 4421 sit
3230 4384 3418 4422 nomen
3440 4368 3548 4424 Do-

1889 4435 2098 4510 nmini
2127 4456 2450 4512 benedictum
2482 4456 2627 4531 (Job.
2665 4474 2706 4524 ι,
2740 4435 2857 4531 ei).
2900 4457 3126 4526 Quoties
3173 4457 3319 4515 enim
3367 4459 3547 4530 aliqua

1969 4547 2246 4605 tribulatio
2279 4549 2336 4604 in
2374 4549 2576 4605 mundo
2619 4551 2881 4617 evenerit,
2911 4550 3003 4622 qui
3052 4550 3181 4607 boni
3226 4558 3371 4616 sunt,
3401 4551 3548 4606 velut

1972 4656 2102 4699 vasa
2126 4650 2334 4709 sancta,
2365 4643 2570 4714 gratias
2597 4652 2765 4715 agunt
2790 4643 2902 4700 Deo
2930 4642 3024 4713 qui
3049 4657 3145 4700 eos
3167 4644 3437 4716 castigare
3460 4644 3545 4701 di-

1972 4739 2205 4802 gnatur;
2231 4732 2308 4787 illi
2327 4748 2459 4788 vero
2500 4732 2593 4803 qui
2619 4742 2747 4788 sunt
2771 4734 3011 4805 superbi,
3038 4732 3126 4790 vel
3149 4733 3434 4801 luxuriosi,
3462 4735 3547 4790 vel

1971 4821 2172 4892 cupidi,
2198 4820 2575 4891 blasphemant
2602 4831 2792 4878 contra
2818 4822 2987 4878 Deum
3016 4830 3072 4877 et
3097 4830 3440 4877 murmurant
3466 4822 3548 4879 di-

1972 4922 2160 4979 centes
2186 4931 2201 4968 :
2227 4914 2271 4971 0
2299 4915 2459 4981 Deus,
2489 4914 2632 4986 quod
2673 4922 2883 4970 tantum
2913 4913 3039 4968 mali
3082 4911 3309 4968 fecimus
3334 4921 3394 4968 ut
3419 4913 3545 4970 talia

1973 5006 2281 5079 patiamur?
2304 5004 2377 5060 At
2403 5020 2534 5061 vero
2560 5004 2628 5061 de
2654 5005 2812 5061 bonis
2851 5002 3125 5058 tribulatis
3150 5003 3226 5056 ita
3256 5002 3310 5057 in
3331 5000 3432 5059 Job
3471 5003 3547 5060 le-

1975 5099 2122 5169 gitur
2148 5115 2164 5152 :
2190 5094 2384 5152 Beatus
2406 5097 2561 5150 homo
2596 5097 2688 5167 qui
2712 5095 2998 5164 corripitur
3019 5111 3053 5147 a
3075 5093 3300 5159 Domino
3316 5092 3339 5149 ,ν
3367 5094 3546 5151 Incre-

1971 5189 2235 5261 pationem
2255 5203 2375 5257 ergo
2402 5185 2617 5240 Domini
2638 5201 2702 5239 ne
2729 5183 2991 5254 reprobes,
3014 5183 3140 5255 quia
3168 5183 3280 5254 ipse
3310 5183 3549 5239 vulnerat

1970 5287 2021 5332 et
2047 5276 2303 5341 medetur,
2328 5276 2550 5346 percutit
2573 5282 2622 5329 et
2653 5289 2841 5328 manus
2874 5272 2989 5347 ejus
3029 5272 3289 5329 sanabunt
3321 5273 3463 5346 (Job.
3489 5291 3546 5342 v,

1971 5370 2063 5435 l7,
2110 5368 2221 5438 t8).
2261 5366 2398 5421 Nam
2430 5365 2685 5421 fomentis
2726 5363 2962 5432 lenibus,
3012 5365 3207 5435 quibus
3261 5378 3363 5420 nos
3404 5364 3551 5424 Deus

1969 5459 2279 5517 consolatur
2304 5457 2467 5527 sape,
2504 5470 2646 5527 sape
2682 5456 2848 5513 etiam
2876 5454 3344 5521 mordacissimum
3377 5455 3547 5511 medi-

1971 5557 2278 5605 camentum
2305 5546 2671 5603 tribulationis
2723 5544 2988 5622 adiungit,
3033 5551 3092 5607 et
3126 5542 3283 5614 quasi
3310 5542 3553 5601 clemen-

1971 5640 2213 5695 tissimus
2240 5638 2485 5695 medicus
2506 5635 2746 5705 incidere
2765 5635 2990 5709 cupiens
3008 5635 3255 5709 putridas
3279 5650 3472 5694 carnes
3495 5646 3552 5692 et
