3982 6198
447 338 559 392 5'23

448 538 755 600 miseretur,
788 544 847 588 ut
875 534 1045 604 magis
1072 535 1412 589 misereatur.

514 626 792 681 Interdum
818 638 946 677 vero
982 623 1101 693 plus
1127 626 1283 680 nobis
1310 626 1458 680 utilia
1483 633 1609 680 sunt
1630 624 1769 681 bella
1793 634 1847 680 et
1868 638 2016 696 quaa-

445 717 578 772 libet
603 716 829 769 adversa
860 730 1021 784 quam
1049 730 1155 785 pax
1181 723 1237 770 et
1262 714 1453 781 o‘tium,
1480 716 1605 785 quia
1628 731 1733 785 pax
1758 716 2015 771 delicatos

445 816 499 863 et
526 805 782 860 remissos
811 801 943 858 facit
966 818 1030 859 ac
1059 805 1275 860 timidos
1299 821 1313 872 ;
1354 821 1517 875 porro
1558 805 1755 860 bellum
1781 813 1836 858 et
1867 819 2015 859 men—

444 905 553 951 tem
579 896 742 961 acuit,
765 902 821 949 et
851 895 1138 965 praesentia
1168 897 1319 965 quasi
1350 895 1683 950 transeuntia
1705 903 2015 952 contemne-

443 1003 502 1042 re
540 987 849 1058 persuadet.
897 985 977 1041 Ae
1024 1001 1165 1056 saepe
1199 1001 1432 1056 superna
1476 986 1791 1058 disponente
1840 986 2013 1057 gratia

442 1077 779 1132 dulcissimos
806 1075 1010 1131 fructus
1038 1076 1260 1147 majoris
1286 1078 1435 1148 pacis
1478 1085 1534 1133 et
1553 1079 1856 1134 concordiae
1884 1092 2012 1148 pro-

440 1179 683 1241 generat.
727 1169 877 1225 Unde
914 1178 970 1223 et
1005 1167 1389 1224 Constantinus
1429 1170 1744 1240 imperator,
1784 1168 2012 1224 Suavio-

441 1276 549 1326 res,
587 1260 781 1329 inquit,
812 1270 938 1315 sunt
963 1259 1212 1313 amicitiae
1236 1268 1357 1329 post
1379 1259 1785 1313 inimicitiarum
1819 1274 2014 1315 causas

441 1350 507 1405 ad
554 1351 897 1405 concordiam
949 1350 1230 1405 restitutae.
1278 1349 1532 1418 Quisquis
1556 1363 1688 1404 vero
1731 1348 1905 1403 bonus
1957 1359 2013 1403 et

433 1438 614 1509 justus
654 1448 835 1494 rector
865 1438 1171 1508 spirituales
1199 1445 1255 1492 et
1278 1438 1526 1493 carnales
1564 1438 1748 1494 hostes
1773 1454 1874 1494 nec
1903 1452 2012 1494 non

437 1530 691 1600 quaelibet
723 1529 948 1584 adversa
977 1529 1060 1583 vel
1088 1529 1318 1583 evadere
1350 1528 1435 1583 vel
1461 1530 1859 1599 triumphaliter
1896 1531 2013 1585 vin-

439 1633 564 1673 cere
609 1618 899 1683 desiderat,
945 1618 1297 1672 armamentis
1352 1619 1722 1688 spiritualibus
1770 1621 2009 1677 munitus

436 1715 599 1777 atque
621 1708 899 1763 ordinatus
927 1708 1040 1772 fiat,
1060 1708 1214 1778 juxta
1252 1708 1565 1778 Apostolum
1590 1710 1810 1765 indutus
1838 1711 2007 1767 lorica

430 1799 671 1869 iustitia,
702 1799 851 1870 galea
877 1799 1010 1869 spei,
1056 1814 1154 1854 nec
1190 1815 1297 1854 non
1327 1799 1515 1871 clypeo
1545 1801 1670 1856 fidei
1709 1812 2006 1873 protectus,

437 1905 504 1946 ac
554 1890 722 1945 divini
771 1890 1039 1946 sermonis
1082 1889 1258 1960 gladio
1299 1906 1556 1947 coruscus
1602 1893 1857 1950 emineat.
1917 1894 2014 1953 His

434 1982 578 2037 enim
605 1990 660 2038 et
687 1983 882 2037 talibus
912 1982 1084 2037 armis
1113 1993 1334 2038 sanctos
1360 1991 1521 2054 atque
1543 1983 1877 2043 clarissimos
1905 1993 2014 2041 ter-

435 2090 620 2130 rarum
653 2088 809 2145 reges
852 2072 1020 2127 fuisse
1063 2074 1321 2141 munitos,
1351 2082 1407 2129 et
1442 2090 1728 2146 superasse
1762 2076 2015 2133 adversa-
2053 2112 2059 2118 ρ

435 2166 566 2231 rios,
611 2173 668 2221 et
694 2165 872 2235 ampla
914 2173 1116 2237 tropzna
1155 2165 1219 2220 de
1265 2165 1512 2222 hostibus
1538 2166 1806 2234 retulisse,
1850 2174 2013 2237 atque

434 2255 635 2327 inclyta
685 2272 846 2328 regna
894 2254 985 2312 diu
1040 2266 1096 2311 et
1136 2255 1367 2312 feliciter
1415 2258 1767 2328 gubernasse,
1828 2260 2012 2314 multis

434 2342 836 2416 Scripturarum
895 2347 1029 2403 locis
1081 2346 1381 2417 saepissime
1431 2347 1678 2418 legimus.
1733 2346 2013 2416 Quomodo

434 2442 655 2489 sanctus
684 2434 874 2500 David,
923 2444 982 2491 ut
1031 2434 1165 2492 alios
1192 2451 1358 2492 causa
1404 2436 1690 2493 brevitatis
1738 2437 2009 2503 omittam,

435 2523 605 2578 armis
631 2524 1002 2593 spiritualibus
1022 2527 1301 2596 praeditus,
1329 2527 1455 2597 quia
1477 2527 1649 2582 Deum
1678 2541 1866 2582 verum
1899 2536 2010 2584 toto

434 2616 599 2671 corde
642 2616 868 2673 timebat
891 2626 947 2673 et
992 2620 1228 2685 amabat,
1265 2619 1432 2675 multa
1468 2629 1716 2677 evaserat
1750 2620 2009 2691 pericula,

433 2716 598 2777 atque
642 2705 835 2763 hostes
869 2707 1083 2765 Domini
1131 2709 1291 2780 digna
1330 2725 1471 2781 smpe
1526 2710 1757 2780 perculit
1787 2708 2007 2768 ultione.

572 2817 647 2873 Ut
679 2818 868 2889 globus
898 2816 1039 2876 lunae
1065 2823 1224 2877 modo
1253 2821 1372 2878 luce
1400 2822 1599 2879 crescit

572 2906 778 2963 Ductus
804 2908 857 2963 in
886 2909 1151 2979 Sphaeram
1183 2911 1350 2965 radiis
1377 2925 1693 2976 coruscam,

575 2994 836 3068 Nuncque
869 2999 1135 3054 decrescit
1178 3000 1424 3056 variante
1453 3009 1601 3056 motu

753 3082 1013 3157 Corniger
1044 3088 1192 3142 orbis
1216 3105 1229 3141 :

574 3169 761 3243 Regna
786 3174 865 3228 sic
885 3183 1045 3230 terrae
1072 3176 1236 3234 bifido
1266 3185 1451 3233 tenore

569 3264 753 3322 Gloria
778 3276 1028 3323 crescunt
1066 3269 1224 3326 modo
1251 3279 1609 3343 prosperante
1633 3311 1650 3337 ,

570 3355 725 3412 Nunc
750 3365 804 3414 et
826 3358 1068 3414 adversis
1097 3360 1418 3415 minuuntur
1451 3361 1588 3416 ortis

743 3446 931 3501 Auliea
959 3456 1193 3518 sceptra.

574 3536 684 3593 Res
718 3537 847 3609 quid
876 3539 1141 3596 humanas
1161 3539 1440 3610 querimur
1466 3540 1687 3613 fugaces

568 3630 703 3687 Esse
727 3644 826 3686 ceu
845 3630 1026 3686 fumus
1048 3629 1348 3702 ﬂuviusque
1374 3630 1658 3702 praeceps?

571 3721 758 3779 Nonne
785 3723 867 3778 sic
910 3724 1094 3779 mundi
1128 3723 1346 3779 variant
1375 3737 1656 3780 recursum

754 3810 883 3868 Haec
908 3812 1222 3868 elementa?

572 3900 703 3958 Post
728 3903 871 3958 diem
898 3903 1101 3959 claram
1134 3905 1368 3960 tenebrm
1393 3911 1692 3976 sequuntur
1711 3943 1726 3969 ,

572 3992 702 4050 Post
733 4004 1016 4050 serenatas
1050 3996 1290 4065 placidas
1315 4004 1372 4051 et
1399 4011 1560 4051 auras
1581 4035 1597 4063 ,

566 4081 713 4136 Illico
736 4080 911 4150 surgit
931 4081 1142 4137 nebulis
1166 4083 1352 4152 opacis

746 4167 900 4223 Saeva
932 4170 1192 4240 procella.

1850 3778 1889 3797 κ

574 4256 779 4314 Taliter
815 4258 1025 4315 dulcem
1055 4261 1406 4331 sequiturque
1433 4274 1622 4332 pacem

571 4346 771 4405 Litium
794 4364 992 4421 gurges
1019 4350 1210 4407 subitae
1238 4351 1429 4406 ruinae.

572 4438 725 4497 Unde
750 4443 1039 4498 marcescit
1067 4442 1344 4498 hominum
1373 4457 1609 4517 propago

743 4531 870 4588 Flos
898 4533 1046 4587 velut
1078 4533 1215 4605 agri.

567 4619 639 4676 At
669 4621 790 4692 pius
812 4623 1064 4694 princeps
1086 4622 1312 4678 Domino
1336 4623 1543 4693 potenti

569 4711 744 4768 Corde
772 4713 1004 4769 contrito
1033 4713 1301 4784 hilarique
1326 4714 1476 4769 vultu

570 4803 804 4873 Gratias,
831 4810 1117 4876 postquam
1154 4822 1293 4862 nova
1331 4805 1526 4862 damna
1552 4806 1713 4862 sentit
1738 4846 1754 4873 ,

748 4896 953 4953 Taliter
979 4896 1155 4954 offert.

569 4986 747 5044 Patris
766 4987 967 5044 excelsi
991 4989 1270 5044 benedicta
1301 4986 1517 5069 proles,

567 5076 671 5145 Qui
707 5094 863 5136 creas
893 5086 1066 5134 totum
1103 5093 1439 5148 renovasque
1467 5075 1752 5139 mundum,

572 5168 725 5226 Nunc
747 5178 854 5226 tua:
881 5179 1066 5242 grates
1094 5170 1321 5224 ferimus
1349 5168 1551 5223 salubri

740 5259 851 5316 Nos
889 5262 1186 5317 medicina}.

569 5346 723 5407 Tune
748 5351 985 5423 castigas
1014 5353 1317 5407 medicante
1346 5350 1500 5421 virga

570 5440 682 5498 Nos
706 5440 895 5498 volens
918 5439 1097 5497 salvos
1123 5442 1323 5497 nitidos
1352 5449 1411 5494 ut
1436 5453 1604 5511 agnos

567 5534 627 5589 In
660 5536 739 5590 tui
772 5550 927 5591 sacra
953 5535 1129 5607 gregis
1153 5548 1273 5590 esse
1296 5533 1476 5599 caula,

752 5622 966 5694 Optime
994 5632 1197 5696 pastor.

576 5707 730 5768 Unde
755 5729 841 5782 my
852 5715 1019 5769 rrhati
1047 5714 1270 5771 calicem
1294 5711 1521 5781 liquoris

1822 335 2087 394 SEDULII
2125 333 2321 392 SCOTI

447 447 659 501 cariosa
705 444 939 514 vulnera,
974 443 1223 510 adurere,
1256 446 1498 501 cauterio
1533 460 1639 501 non
1666 447 1834 517 parcit
1862 465 1876 513 ;
1913 463 2017 501 non
2046 455 2092 511 Α

3593 344 3697 401 δξι

2263 445 2432 514 Quem
2460 447 2547 519 ple
2574 448 2726 503 nobis
2749 458 2835 503 tua
2873 450 3062 503 dextra
3089 458 3301 520 porgit,

2261 538 2443 595 Simus
2465 549 2525 594 ut
2550 540 2704 606 salvi,
2728 541 2961 597 bibimus
2982 541 3211 597 libenter

2430 626 2579 686 Dona
2606 631 2816 687 salutis.

2260 719 2473 790 Nosque
2498 721 2664 783 lorica
2696 721 2965 777 renitente
2990 720 3160 791 justi,

2259 810 2337 867 Ac
2359 812 2470 881 spei
2494 818 2607 866 tuta
2629 810 2801 882 galea,
2823 810 3083 883 ﬂagrante

2260 902 2398 958 Ense
2432 902 2716 967 sermonis,
2743 899 2975 972 ﬁdeique
3006 912 3163 960 scuto

2436 990 2756 1061 Quaesumus
2789 1006 2960 1047 arma.
3596 988 3611 1053 J

2258 1081 2326 1137 Et
2353 1074 2528 1138 crucis
2553 1081 2706 1152 signo
2728 1080 2975 1136 radiante
2994 1096 3162 1135 cornu

2256 1171 2460 1228 Exhibe
2482 1171 2619 1225 votis
2637 1170 2818 1242 populi
2843 1170 3114 1241 precantis

2255 1260 2503 1315 Hostium
2530 1268 2757 1315 cunctos
2787 1274 3048 1328 superare
3076 1258 3247 1314 fastus

2428 1349 2506 1407 Te
2527 1350 2861 1406 dominante.

2715 1438 2866 1497 CAP.
2932 1437 3092 1497 XVII.

2183 1528 2283 1597 Qui
2305 1529 2477 1585 bonus
2496 1539 2579 1584 est
2602 1530 2881 1600 princeps,
2904 1529 3087 1584 multis
3110 1528 3375 1587 ‘virtutum
3402 1534 3694 1601 praeconiis

2113 1620 2425 1685 adornatur,
2473 1620 2706 1675 maxime
2753 1634 2883 1673 vero
2908 1617 3215 1684 clementia,
3260 1622 3695 1685 mansuetudine,

2112 1711 2305 1765 animae
2340 1709 2749 1780 tranquillitate,
2783 1724 3059 1779 nunquam
3104 1709 3374 1778 recipiens
3402 1719 3698 1780 tempesta-

2040 1820 2085 1879 Β
2111 1808 2235 1865 tem,
2269 1801 2363 1855 sed
2386 1801 2536 1873 pacis
2561 1800 2906 1855 concordiam
2938 1813 3101 1868 quam
3129 1796 3246 1852 fieri
3270 1807 3451 1869 potest
3479 1815 3698 1871 semper

2115 1896 2449 1969 amplexans,
2467 1910 2573 1951 non
2598 1895 2771 1950 solum
2793 1909 2920 1966 erga
2946 1910 3091 1961 suos,
3114 1895 3210 1951 sed
3236 1895 3396 1951 etiam
3422 1897 3571 1952 circa
3592 1898 3698 1952 iui-

2112 1987 2324 2053 micos;
2374 2001 2510 2057 quos
2565 1986 2811 2063 exemplo
2848 1986 3123 2059 patientia:
3170 1994 3332 2058 atque
3386 1987 3701 2043 clementius

2111 2077 2259 2150 pium
2295 2084 2351 2133 et
2381 2077 2780 2148 magnanimum
2808 2083 3074 2134 rectorem
3107 2076 3325 2131 vincere
3349 2085 3588 2147 oportet,
3618 2086 3700 2131 te—

2111 2175 2291 2222 stante
2315 2166 2626 2233 Psalmista,
2651 2167 2742 2238 qui
2772 2167 2849 2221 ait
2864 2184 2878 2198 °
2902 2164 3037 2222 Cum
3055 2166 3137 2220 Itis
3156 2167 3249 2239 qui
3269 2166 3491 2221 oderunt
3512 2183 3699 2237 pacem

2110 2274 2256 2313 eram
2310 2258 2562 2328 pacificus
2601 2255 2773 2329 (Psal.
2821 2269 2971 2322 cxrx,
3012 2256 3088 2326 7).
3115 2256 3358 2313 Prudens
3403 2257 3569 2328 igitur
3599 2257 3702 2311 do—

2111 2350 2347 2404 minator
2381 2363 2479 2418 per
2505 2348 2656 2419 pacis
2702 2348 3095 2402 connexionem
3122 2348 3303 2401 studet
3330 2360 3545 2416 semper
3569 2360 3700 2398 am-

2111 2439 2373 2511 pliﬁcare,
2403 2438 2656 2495 ordinare
2686 2446 2847 2509 atque
2884 2438 3190 2509 gubernare
3217 2437 3535 2506 imperium;
3568 2451 3698 2491 cum

2110 2545 2217 2602 pax
2255 2531 2328 2585 sit
2353 2532 2593 2585 omnium
2635 2545 2815 2583 rerum
2849 2527 3215 2598 tranquillitas
3244 2528 3450 2582 ordinis
3488 2536 3543 2581 et
3568 2541 3700 2581 con.

2111 2619 2272 2676 nexio
2300 2628 2356 2675 et
2382 2619 2775 2675 incrementum
2800 2619 2961 2687 regia:
2988 2617 3290 2689 potestatis.
3317 2615 3388 2672 Ut
3411 2616 3553 2669 etiiin
3581 2613 3700 2667 dis-

2110 2711 2297 2767 cordia
2350 2710 2601 2764 maximze
2648 2724 2736 2764 res
2779 2709 3055 2775 labuntur,
3097 2710 3174 2762 ita
3204 2707 3492 2763 concordia
3537 2704 3700 2774 pacis

2111 2801 2279 2856 etiam
2304 2800 2527 2856 minima
2554 2808 2823 2857 crescunt.
2857 2798 3010 2855 Unde
3035 2797 3225 2856 Publio
3252 2794 3504 2866 Scipione
3529 2795 3700 2849 inter—

2113 2899 2358 2962 rogante,
2411 2904 2518 2960 qua
2547 2904 2649 2961 Ope
2678 2903 2766 2945 res
2809 2889 3026 2961 publica
3075 2886 3376 2943 Numantia:
3403 2886 3555 2959 prius
3604 2885 3697 2940 in-

2111 2981 2257 3037 victa
2299 2981 2578 3047 durasset,
2629 2989 2723 3034 aut
2768 2988 2912 3049 post
2938 2978 3130 3037 fuisset
3181 2992 3406 3042 eversa,
3456 2976 3699 3047 Tyrseus

2112 3069 2331 3141 quidam
2352 3068 2711 3124 Numantinus
2753 3066 3029 3141 respondit
3055 3084 3068 3119 :
3099 3065 3416 3129 Concordia,
3448 3065 3651 3119 invicta
3679 3082 3697 3131 ;

2036 3158 2081 3221 C
2112 3159 2400 3223 discordia,
2427 3157 2593 3215 exitio
2615 3155 2735 3213 fuit.
2766 3157 3044 3226 Siquidem
3066 3154 3356 3212 Numantia
3380 3154 3575 3212 civitas
3594 3169 3702 3226 per

2111 3266 2283 3308 annos
2310 3266 2428 3316 xiv,
2458 3249 2588 3305 solis
2615 3265 2669 3304 IV
2712 3248 2949 3304 millibus
2979 3262 3221 3313 suorum,
3268 3262 3336 3303 xi.
3367 3246 3533 3302 millia
3583 3246 3702 3302 Ro-

2110 3356 2395 3398 manorum
2419 3356 2524 3396 non
2553 3336 2725 3398 Solum
2748 3338 3026 3404 sustinuit,
3057 3338 3153 3394 sed
3174 3338 3339 3392 etiam
3368 3338 3521 3393 vicit.
3550 3335 3701 3392 Con-

2109 3431 2295 3488 cordia
2332 3430 2695 3487 dissensiones
2731 3429 2998 3503 reprimit,
3045 3443 3239 3499 aspera
3285 3427 3355 3483 ad
3388 3428 3696 3493 lenitatem,

2110 3525 2340 3580 adversa
2375 3524 2432 3580 in
2478 3523 2920 3595 prosperitatem,
2962 3520 3275 3576 inimicitias
3321 3518 3392 3576 ad
3424 3518 3703 3573 amicitia-

2110 3630 2235 3672 rum
2262 3614 2709 3685 tranquillitatem
2733 3613 2976 3679 reducit;
3006 3610 3255 3667 amabilis
3284 3609 3426 3664 inter
3462 3609 3698 3673 amicos,

2111 3704 2545 3776 inexpugnabilis
2569 3705 2637 3758 ab
2656 3701 3002 3769 adversariis,
3033 3699 3407 3756 desiderabilis
3431 3698 3600 3754 etiam
3622 3698 3699 3753 ab

2111 3796 2363 3851 inimicis.
2415 3793 2543 3849 liae
2575 3808 2767 3848 serena
2805 3800 2889 3848 est
2926 3790 3093 3857 domi,
3142 3789 3338 3847 victrix
3367 3790 3423 3842 in
3468 3785 3694 3857 pnelio;

2109 3888 2237 3944 licet
2262 3901 2437 3957 neque
2460 3886 2615 3942 hellis
2641 3885 2771 3941 velit
2801 3899 2921 3940 esse
2950 3883 3249 3955 implicata,
3277 3879 3383 3936 nisi
3408 3892 3530 3934 cum
3558 3892 3696 3948 per-

2110 3976 2416 4034 necessaria
2436 3985 2493 4031 et
2510 3974 2814 4044 justissima
2843 3974 3087 4045 exegerit
3110 3986 3296 4028 causa.

2182 4068 2292 4125 Sed
2319 4076 2446 4123 sunt
2478 4060 2719 4122 nonnulli
2749 4067 2841 4141 qui
2869 4079 3125 4123 successu
3156 4075 3384 4117 terrente
3405 4058 3696 4115 felicitatis

2109 4166 2165 4215 et
2194 4166 2407 4213 tumore
2442 4157 2707 4228 superbia:
2736 4156 2789 4210 in
2815 4165 3023 4210 tantum
3060 4152 3299 4211 existunt
3322 4150 3472 4214 elati,
3498 4157 3560 4202 ut
3589 4164 3693 4218 pa-

2110 4263 2229 4304 cem
2256 4248 2326 4302 ab
2351 4248 2599 4303 hostibus
2638 4247 2875 4304 oblatam
2905 4259 3185 4316 spernere,
3222 4251 3277 4297 et
3315 4240 3513 4311 injusta
3548 4239 3694 4295 bella

2110 4340 2384 4410 suscipere
2431 4354 2539 4393 non
2584 4337 3007 4407 pertimescant;
3033 4341 3109 4400 et,
3151 4331 3294 4402 quod
3336 4338 3421 4385 est
3445 4330 3691 4402 gravius,

2110 4428 2319 4485 duobus
2344 4427 2484 4482 forte
2510 4422 2667 4483 bellis
2706 4425 2979 4497 impliciti,
3008 4432 3265 4493 tanquam
3296 4420 3692 4490 Spartanorum

2030 4495 2085 4555 Ῑ)
2109 4518 2316 4584 furore,
2334 4518 2552 4572 tertium
2575 4530 2681 4571 non
2699 4495 2967 4571 recusent.
2987 4512 3093 4570 Sed
3116 4527 3259 4583 saepe
3280 4510 3414 4567 tales
3435 4510 3588 4580 virga
3608 4510 3694 4565 di-

2112 4609 2250 4665 vinae.
2282 4607 2503 4662 ultionis
2533 4605 2679 4676 juste
2709 4602 3001 4672 intereunt,
3025 4605 3281 4676 quoniam
3310 4605 3460 4674 pacis
3486 4601 3691 4658 donum

2111 4701 2213 4757 sibi
2254 4698 2493 4755 oblatum
2541 4696 2817 4769 suscipere
2867 4696 3075 4753 nolunt.
3126 4696 3408 4767 Quomodo
3452 4695 3694 4751 Amasia:

2112 4792 2227 4862 regi
2258 4790 2409 4846 ludas
2444 4789 2738 4860 contigisse
2774 4788 3020 4860 legimus,
3067 4788 3161 4858 qui
3200 4786 3349 4843 misit
3377 4785 3596 4840 nuntios
3618 4784 3692 4840 ad

2111 4883 2237 4940 Joas
2277 4882 2445 4938 filium
2475 4878 2707 4937 Joachaz
2748 4880 2844 4938 ﬁlii
2893 4878 3032 4936 Jehu
3063 4879 3209 4951 regis
3242 4877 3407 4935 Israel
3451 4877 3639 4932 dicens
3671 4893 3687 4931 :

2120 4974 2249 5031 Veni
2286 4984 2336 5030 et
2373 4974 2638 5030 videamus
2679 4990 2772 5028 nos
2796 4972 2845 5045 (1
2865 4968 2904 5025 V
2934 4970 3065 5043 Reg.
3101 4985 3215 5035 xrv,
3244 4969 3319 5039 8).
3349 4967 3691 5037 Remisitque

2109 5069 2239 5125 Joas
2284 5085 2380 5125 rex
2413 5067 2580 5124 Israel
2630 5067 2697 5122 ad
2731 5064 3007 5121 Amasiam
3052 5076 3232 5133 regem
3262 5058 3414 5115 ludte
3456 5058 3685 5113 dicens:

2113 5160 2357 5215 Carduus
2384 5159 2573 5214 Libani
2598 5157 2737 5212 misit
2767 5155 2835 5211 ad
2866 5154 3079 5209 cedrum
3117 5168 3234 5224 qua:
3268 5159 3345 5205 est
3382 5151 3436 5205 in
3466 5147 3687 5211 libanu,

2112 5256 2312 5319 dicens,
2350 5254 2434 5308 Da
2475 5252 2643 5323 ﬁliam
2671 5261 2817 5305 tuam
2856 5248 2971 5318 ﬁlio
3016 5263 3130 5303 meo
3156 5260 3392 5299 uxorem.
3442 5241 3690 5296 Transie-

2115 5355 2337 5417 runtque
2370 5343 2544 5398 bestia:
2573 5342 2738 5397 saltus
2785 5341 2873 5411 qui
2902 5347 3024 5394 sunt
3054 5338 3115 5392 in
3150 5336 3375 5398 Libano,
3405 5343 3451 5388 el
3476 5332 3691 5387 concul-

2088 5443 2360 5505 _caverunt
2388 5432 2664 5486 carduum.
2700 5428 3005 5485 Percutieas
3028 5425 3295 5481 invaluisti
3316 5440 3470 5493 super
3490 5422 3687 5487 Edam,

2110 5537 2159 5581 et
2178 5525 2459 5580 sublevavit
2480 5532 2529 5577 te
2544 5539 2636 5577 cor
2654 5530 2826 5576 tuum.
2849 5519 3135 5575 Contentus
3156 5526 3261 5573 esto
3282 5514 3473 5585 gloria,
3496 5521 3544 5567 et
3567 5513 3689 5567 sede

2108 5617 2164 5671 in
2197 5615 2350 5670 doma
2390 5624 2502 5668 tua.
2536 5612 2714 5679 Quare
2747 5626 2996 5683 prowcas
3031 5606 3248 5670 malum,
3272 5615 3326 5658 ut
3364 5604 3528 5661 cadas
3556 5613 3614 5657 tu
3640 5612 3689 5657 st

2108 5704 2279 5769 ludas
2302 5704 2510 5759 tecum?
2537 5703 2605 5758 Et
2632 5719 2733 5757 non
2768 5701 3022 5772 acquievit
3055 5698 3317 5752 Amasias.
3341 5694 3689 5767 Ascenditque
