3982 6198
1729 144 1756 156 ι

328 343 441 401 525

329 544 390 596 in
423 540 730 595 Bethsames
756 540 946 610 oppido
985 541 1178 605 Judte;
1226 559 1603 612 percussusque
1622 554 1696 597 est
1739 560 1914 597 coram

331 631 504 686 Israel
530 628 642 702 (IV
674 629 804 700 Reg.
833 645 944 695 xw,
974 631 1142 702 9-12).

400 722 560 776 Libet
592 719 758 775 etiam
799 734 1222 775 commemorare
1247 721 1389 790 quod
1434 721 1501 776 de
1545 721 1662 790 ipso
1701 720 1914 776 Iuliano

331 813 573 884 principe
594 812 650 866 in
672 810 897 866 historia
929 809 1162 865 refertur
1180 812 1565 876 ecclesiastica,
1595 812 1688 882 qui
1717 813 1914 866 multos

329 904 478 958 vicos
502 910 798 970 castraque
823 900 1088 964 detinens,
1107 897 1220 967 jam
1251 901 1414 955 etiam
1441 901 1692 956 civitates
1720 901 1912 956 Persa-

329 1008 448 1049 rum
475 991 749 1062 capiebat.
783 988 1023 1058 Cumque
1063 991 1302 1044 venisset
1336 991 1737 1060 Ctesiphontem
1781 992 1912 1047 civi-

328 1091 515 1145 tatem,
550 1079 606 1134 in
639 1088 845 1134 tantum
883 1079 1095 1133 obsedit
1129 1095 1334 1150 regem,
1363 1089 1422 1152 ut
1453 1082 1661 1136 crebris
1685 1082 1911 1152 legatio-

330 1172 488 1225 nibus
511 1177 781 1233 uteretur,
811 1167 1044 1223 oﬁ‘erens
1076 1169 1206 1222 dare
1237 1184 1348 1224 sua:
1377 1172 1567 1240 patriae
1594 1181 1826 1240 partem,
1863 1171 1909 1226 si

329 1262 504 1317 soluto
536 1261 678 1315 bello
715 1259 1043 1324 discederet;
1071 1259 1214 1327 quod
1240 1257 1483 1314 Julianus
1515 1261 1708 1325 noluit,
1736 1275 1911 1329 neque

329 1351 754 1422 supplicantibus
782 1357 865 1404 est
907 1349 1180 1412 misertus,
1211 1364 1388 1417 neque
1428 1358 1609 1404 mente
1645 1351 1904 1419 percepit,

328 1445 451 1514 quia
481 1443 700 1496 vincere
724 1441 943 1510 quidem
986 1440 1184 1494 bonum
1213 1448 1324 1505 est;
1375 1441 1776 1509 supervincere,
1828 1442 1908 1494 ni-

329 1534 429 1587 mis
459 1533 807 1587 invidiosum.
840 1529 1078 1585 Credens
1105 1530 1290 1599 utique
1330 1531 1554 1599 magicis
1597 1532 1826 1594 artibus,
1855 1540 1911 1584 et

328 1623 461 1678 falsa
503 1639 602 1694 spe
633 1621 872 1677 victoriae
912 1635 1271 1690 praesumens;
1312 1622 1405 1690 qui
1453 1622 1584 1682 dum
1628 1621 1806 1676 fuerat
1855 1622 1909 1676 in

327 1729 464 1782 equo
499 1723 556 1768 et
575 1714 875 1768 exercitum
891 1711 1234 1767 confortabat
1253 1722 1462 1766 certum
1485 1727 1709 1781 sperans
1725 1713 1912 1766 trium-

1333 347 1536 403 LIBER
1576 348 1664 402 DE
1703 347 2139 405 RECTORIBUS
2169 349 2634 407 ‘CHRISTIANIS.

328 453 465 508 Joas
487 467 580 506 rex
596 448 790 515 Israel,
815 461 865 503 et
885 451 1123 506 uiderunt
1138 468 1194 507 se
1214 454 1322 523 ipse
1335 465 1380 507 et
1396 455 1639 508 Amasias
1658 471 1752 508 rex
1765 455 1925 508 Judw
1953 460 2000 516 Α

2241 458 2447 527 Expers
2474 459 2684 515 consilii
2717 459 2977 532 naufraga
3009 465 3240 532 parturit

2234 547 2470 602 lncautis
2498 549 2724 604 ducibus
2750 566 2890 620 smpe
2916 554 3178 622 pericula,

2237 636 2411 704 Quam
2433 640 2626 693 mortis
2651 641 2896 710 sequitur
2919 657 3045 696 mox
3071 645 3346 700 \iolentia.

2231 728 2340 782 Pax
2362 743 2491 783 vero
2514 730 2789 785 medicans
2809 731 3024 786 dissona
3059 734 3312 801 glutinat,

2230 819 2342 874 Pax
2371 819 2494 875 lites
2521 821 2822 888 reprimens
2849 825 3040 892 gaudia
3070 827 3322 891 seminat,

2231 911 2337 964 Pax
2372 909 2557 982 jungit
2579 911 2805 982 populos
2837 925 3059 982 perpete
3088 917 3310 983 foetlere,

2225 1001 2469 1071 Regnum
2506 1017 2638 1072 pace
2664 1005 2804 1074 regit
2828 1013 3006 1059 rector
3032 1015 3088 1061 et
3114 1010 3369 1076 optimus.

2230 1091 2362 1157 Quis
2402 1092 2673 1147 charisma
2703 1094 2878 1162 placet
2919 1097 3070 1164 pacis
3099 1109 3342 1156 aromate

2223 1180 2498 1234 Virtutum
2527 1181 2768 1236 redolent
2794 1187 2935 1239 sicut
2965 1185 3177 1242 olivifer

2227 1269 2376 1324 Mons
2404 1270 2619 1339 pinguis
2647 1272 2890 1337 Domini,
2923 1291 3031 1343 quo
3059 1276 3173 1333 fluit
3205 1279 3408 1336 affatim

2228 1359 2338 1414 Lac
2360 1361 2462 1414 mel
2495 1360 2834 1417 Christicolis
2862 1368 3096 1422 nectaris
3124 1371 3308 1425 ubere.

2613 1451 2763 1507 CAP.
2804 1453 2991 1508 XVIII.

2082 1540 2316 1596 Gloriosi
2354 1543 2627 1612 principes
2665 1553 2720 1598 et
2763 1561 2918 1616 reges
2951 1556 3114 1617 atque
3153 1552 3315 1606 duces
3347 1555 3590 1610 timorem

2010 1629 2280 1687 Altissimi
2347 1641 2475 1688 ante
2521 1634 2708 1690 oculos
2765 1636 3045 1701 habentes,
3101 1655 3274 1711 neque
3330 1646 3396 1699 de
3446 1651 3595 1716 pacis

2012 1721 2419 1791 tranquillitate,
2462 1737 2636 1791 neque
2676 1725 2744 1780 de
2785 1726 3070 1794 triumphis
3101 1730 3338 1786 victoriae
3377 1735 3592 1790 sibimet

326 1809 514 1878 Phumv
546 1800 734 1862 δοτηη
765 1805 910 1859 illum
949 1804 1190 1872 iaculum
1237 1814 1457 1873 repente
1501 1803 1759 1867 delatum,
1800 1804 1912 1857 dis~
1943 1804 1985 1862 Β
2015 1815 2362 1882 arrogabant,
2389 1815 2480 1868 sed
2504 1822 2674 1869 totum
2701 1813 3099 1886 Omnipotentis
3123 1822 3312 1888 gratiae
3331 1825 3591 1892 deputan-

328 1913 554 1952 currens
581 1912 679 1967 per
722 1896 1003 1950 brachium
1035 1897 1087 1948 in
1119 1893 1234 1961 ejus
1275 1895 1416 1948 latus
1461 1893 1773 1948 immersam
1801 1901 1904 1948 est.

326 1987 399 2042 Ex
429 1987 535 2040 hoc
570 1985 792 2040 vulnere
825 1984 1060 2052 suscepit
1108 1984 1400 2038 terminum
1443 1983 1583 2038 vitas.
1633 1983 1736 2050 Qui
1778 1997 1908 2038 vero

321 2076 684 2148 iustissimum
731 2077 910 2132 intulit
942 2077 1154 2142 vulnus,
1198 2076 1460 2131 hactenus
1488 2074 1784 2144 ignoratur,
1815 2074 1908 2128 sed

328 2171 415 2226 alii
463 2171 756 2240 quemdam
800 2169 1150 2224 invisibilium
1185 2169 1288 2223 hoc
1316 2166 1560 2222 intulisse
1587 2165 1788 2231 ferunt,
1817 2165 1907 2220 alii

326 2279 457 2319 vero
519 2279 688 2318 unum
743 2271 1016 2331 pastorem
1074 2259 1490 2322 lsmaelitarum,
1537 2257 1628 2312 alii
1681 2257 1909 2314 militem

328 2353 468 2407 fame
496 2361 554 2408 et
586 2353 779 2407 itinere
807 2350 1110 2421 fatigatum.
1137 2349 1244 2405 Sed
1266 2350 1378 2405 sive
1400 2348 1580 2410 homo,
1611 2347 1723 2402 sive
1747 2362 1905 2417 ange-

327 2443 406 2499 lus
434 2443 621 2508 fuerit,
660 2443 840 2513 palam
869 2448 952 2495 est
988 2441 1115 2509 quia
1147 2440 1342 2494 divinis
1381 2438 1718 2508 jussionibns
1750 2437 1909 2490 mini-

329 2536 537 2592 stravit.
560 2534 727 2588 Aiunt
744 2533 890 2587 enim
908 2532 1035 2602 quia
1063 2531 1188 2586 dum
1210 2529 1402 2584 fuisset
1427 2528 1760 2591 vulneratus,
1785 2542 1907 2580 mox

327 2640 544 2678 manum
576 2622 835 2694 sanguine
865 2637 963 2676 suo
987 2620 1353 2691 compleverit,
1389 2627 1443 2674 ct
1479 2619 1533 2672 in
1572 2633 1752 2672 aerem
1784 2631 1909 2686 pro-

321 2712 512 2782 iecerit
539 2714 726 2768 dicens
751 2726 767 2766 :
788 2710 1026 2777 Galilaae,
1065 2711 1271 2766 vicisti!
1299 2710 1368 2766 Et
1387 2710 1441 2764 in
1466 2724 1532 2764 eo
1558 2709 1674 2779 ipso
1698 2708 1909 2763 confes-

327 2821 417 2861 sus
445 2821 572 2860 cum
607 2803 941 2875 blasphemia
969 2802 1270 2857 victoriam.

394 2896 588 2952 Nullus
625 2911 754 2966 ergo
791 2895 940 2965 pacis
968 2893 1199 2965 gratiam
1248 2893 1390 2947 fastu
1434 2887 1723 2945 temerario
1752 2888 1910 2942 debet

327 3003 604 3057 spernere,
643 2995 736 3040 aut
761 2994 882 3056 post
921 2986 1108 3040 hostes
1131 2992 1434 3054 prostratos
1458 2982 1599 3036 elato
1624 2982 1785 3034 corde
1813 2994 1908 3033 su-

326 3079 564 3146 perbire,
601 3076 870 3146 quomodo
897 3074 1153 3146 praefatus
1181 3072 1432 3128 Amasias
1458 3080 1514 3128 et
1554 3069 1802 3126 Julianus
1831 3067 1909 3122 fe-

2009 1909 2111 1967 tes,
2143 1903 2334 1972 dignas
2357 1903 2746 1974 gratulationes
2769 1920 3034 1976 sacraque
3061 1919 3208 1974 vota,
3237 1927 3330 1967 seu
3347 1926 3452 1984 pro
3474 1924 3589 1970 sta-

2007 1997 2065 2044 tu
2091 1992 2266 2059 pacis,
2299 2005 2393 2045 seu
2419 2006 2520 2061 pro
2546 2000 2818 2049 transacta
2848 1996 3096 2064 victoria,
3125 2001 3354 2057 Domino
3383 2007 3592 2072 persol-

2006 2082 2223 2144 vebant,
2264 2083 2356 2150 qui
2387 2082 2480 2136 dat
2516 2083 2749 2138 salutem
2777 2093 2832 2139 et
2860 2086 3089 2156 gloriam
3132 2091 3346 2159 regibus
3389 2093 3443 2148 in
3475 2095 3592 2165 ipso

2008 2170 2257 2226 fiduciam
2302 2172 2414 2242 spei
2455 2173 2803 2242 habentibus,
2853 2178 2943 2246 qui
2989 2179 3320 2238 voluntatem
3367 2183 3594 2255 diligen-

2008 2261 2148 2315 tiam
2175 2275 2234 2316 se
2256 2260 2438 2327 faciet,
2466 2271 2524 2316 et
2556 2263 2832 2320 orationes
2857 2279 3046 2322 eorum
3078 2271 3354 2336 exaudiet,
3386 2275 3583 2330 salvos.

2007 2368 2114 2424 que
2153 2354 2315 2410 faciet
2343 2369 2470 2418 eos;
2518 2356 2644 2425 quia
2686 2359 2924 2413 custodit
2963 2360 3224 2417 Dominus
3248 2379 3437 2421 omnes
3467 2368 3592 2422 dili-

1999 2453 2194 2509 gentes
2216 2459 2296 2508 se,
2323 2452 2378 2498 et
2399 2459 2586 2500 omnes
2609 2453 2923 2514 peceatores
2950 2450 3260 2519 disperdat:
3305 2453 3583 2523 Sapientia

2007 2547 2222 2604 quoque
2249 2535 2354 2590 hoc
2375 2535 2558 2604 ipsum
2585 2545 2876 2593 attestante
2905 2549 3068 2608 atque
3105 2542 3320 2598 dicente
3347 2561 3360 2597 :
3393 2546 3498 2612 Qui
3524 2549 3589 2601 ti-

2058 2627 2160 2680 etis
2203 2625 2507 2691 Dominum,
2539 2638 2746 2698 sperate
2780 2631 2838 2685 in
2882 2631 3052 2697 illum,
3080 2643 3128 2687 et
3158 2635 3214 2688 in
3255 2635 3593 2692 oblectatione

2008 2717 2175 2768 ueniet
2216 2716 2358 2770 vobis
2403 2717 2771 2772 misericordia
2815 2717 3006 2790 (Eceli.
3059 2737 3136 2786 ιι,
3185 2723 3260 2791 9).
3299 2724 3453 2780 Unde
3495 2741 3591 2794 per

2007 2802 2122 2859 Joel
2149 2805 2471 2874 prophetam
2504 2806 2740 2861 dicitur:
2773 2807 3028 2863 Dominus
3055 2826 3169 2880 spes
3197 2813 3376 2882 populi
3407 2815 3511 2881 sui,
3540 2826 3588 2868 et

2010 2895 2261 2965 fortitudo
2286 2896 2522 2965 ﬁliorum
2552 2896 2724 2951 Israel
2769 2896 2930 2969 (loci.
2981 2915 3070 2966 ut,
3117 2901 3225 2973 l6).
3277 2903 3446 2970 Quem
3491 2921 3590 2974 pro

2012 2985 2354 3042 multitudine
2378 2987 2873 3042 misericordiarum
2905 3004 3146 3056 suarum,
3173 3000 3229 3046 et
3260 2993 3587 3048 abundantia

2011 3077 2462 3141 consolationum,
2491 3083 2546 3131 et
2570 3076 2818 3148 largitate
2837 3078 3244 3146 beneﬁciorum,
3271 3083 3467 3151 quibus
3490 3083 3587 3136 hu-

327 3143 540 3222 eerunt.
572 3143 726 3224 Unde
760 3143 1019 3237 scrip—tum
1047 3173 1131 3220 est
1156 3183 1168 3218 :
1213 3163 1330 3218 Non
1360 3162 1558 3218 laeteris
1599 3175 1763 3229 super
1799 3159 1907 3214 ini-
1936 3143 1980 3205 (ἶ
2012 3183 2173 3222 mano
2194 3167 2376 3236 generi
2405 3143 2920 3224 ineti‘abilivbonitate
2949 3171 3201 3234 consulit,
3232 3143 3491 3225 admirari
3529 3182 3589 3226 et

330 3260 452 3314 mici
479 3260 558 3314 tui
574 3259 875 3324 interitum,
893 3273 960 3312 ne
989 3257 1130 3312 forte
1155 3255 1538 3327 superveniant
1559 3253 1614 3308 in
1640 3261 1690 3306 te
1711 3250 1907 3306 similia

331 3347 524 3420 (Eeeli.
552 3363 683 3416 vui,
711 3347 788 3420 8).
832 3346 899 3402 Et
937 3346 1170 3402 iterum:
1216 3342 1348 3398 Cum
1390 3342 1630 3397 ceciderit
1663 3341 1907 3394 inimicus

330 3447 474 3504 tuus,
500 3455 566 3492 ne
592 3438 846 3508 gaudeas,
898 3446 945 3491 et
990 3438 1046 3490 in
1076 3437 1232 3490 ruina
1279 3434 1395 3503 ejus
1447 3450 1509 3486 ne
1539 3429 1761 3486 exsultet
1812 3444 1909 3496 cor

331 3537 478 3581 tuum
509 3527 691 3600 (Prov.
723 3543 872 3591 XXIV,
921 3527 1033 3597 l7).
1066 3524 1199 3580 Nam
1240 3524 1352 3580 Deo
1391 3523 1640 3592 displicet
1667 3519 1912 3590 quisquis

331 3615 537 3669 exaltat
554 3631 612 3670 se
626 3615 680 3668 in
696 3615 854 3669 malis
873 3614 1113 3670 alterius.
1133 3613 1284 3669 Unde
1307 3615 1494 3666 beatus
1518 3609 1682 3664 David
1707 3610 1772 3662 de
1794 3622 1913 3662 suo-

338 3719 455 3758 rum
472 3705 693 3760 interitu
714 3705 1056 3759 inimicorum
1083 3719 1189 3758 non
1212 3703 1386 3757 solum
1411 3717 1516 3755 non
1539 3709 1658 3754 erat
1679 3700 1909 3763 laetatus,

335 3794 426 3849 sed
447 3795 796 3850 vehementer
837 3794 1014 3850 fuerat
1040 3795 1413 3856 contristatus,
1446 3791 1641 3846 affectu
1669 3789 1911 3844 Charita-

337 3886 403 3939 tis
427 3885 693 3958 plangens
721 3885 888 3942 fortes
932 3887 1094 3941 Israel
1133 3902 1162 3940 a
1213 3883 1544 3940 Philistlueis
1581 3880 1746 3935 fuisse
1789 3895 1913 3950 pro.

337 3987 554 4043 stratos,
591 3986 647 4032 et
672 3978 894 4033 dicens:
939 3977 1132 4048 Inclyti
1163 3975 1333 4030 Israel
1361 3992 1517 4046 super
1560 3982 1760 4027 montes
1790 3988 1912 4025 suos

339 4068 596 4136 interfecti
642 4079 783 4124 sunt.
837 4069 1111 4134 Quomodo
1160 4068 1456 4122 ceciderunt
1505 4065 1708 4136 fortes?
1736 4063 1915 4117 Nolite

339 4163 650 4215 annuntiare
678 4163 732 4215 in
778 4157 927 4225 Gelli,
973 4177 1134 4232 neque
1188 4159 1512 4214 annuntietis
1567 4159 1623 4212 in
1676 4155 1914 4227 compitis

339 4247 629 4315 Ascalonis,
661 4267 723 4305 ne
748 4249 882 4319 forte
909 4248 1152 4302 ltetentur
1191 4248 1289 4317 ﬁlii
1333 4247 1675 4309 Philisthiim,
1725 4262 1787 4298 ne
1825 4260 1916 4297 ex-

337 4338 527 4392 sultent
553 4339 680 4407 filia:
709 4339 1213 4393 incircumcisorum.
1247 4338 1312 4391 Et
1345 4345 1539 4391 cmtera
1571 4335 1658 4407 (II
1704 4334 1830 4405 Reg.
1865 4349 1913 4399 t,

342 4428 447 4498 19).
483 4429 689 4496 Quibus
714 4430 992 4485 evidenter
1029 4429 1333 4484 ostenditur
1381 4439 1645 4498 quantum
1695 4426 1913 4496 pietatis

339 4518 588 4575 affectum
614 4531 834 4576 sanctus
858 4521 1023 4576 David
1050 4522 1212 4576 etiam
1237 4535 1363 4590 erga
1386 4521 1630 4574 inimicos
1661 4518 1910 4573 habebat.

551 4608 594 4663 Ο
623 4625 784 4680 quam
809 4610 1066 4679 pacificos
1094 4611 1485 4679 Cunctipotens
1514 4618 1661 4663 amat
1687 4609 1699 4661 !

551 4699 682 4766 Quis
703 4715 926 4770 regnum
951 4699 1182 4770 Solyma)
1209 4701 1449 4770 perpetis
1476 4700 1669 4753 annuit

551 4787 674 4844 Illos
703 4790 928 4858 angelici
959 4791 1131 4862 gratia
1157 4790 1456 4844 schematis

551 4878 760 4937 Ornans
781 4881 1045 4936 clarificat
1069 4891 1286 4951 pectore
1310 4881 1571 4943 vultibus,

554 4969 790 5037 Quorum
818 4971 1135 5041 simplicitas
1160 4972 1413 5026 cordibus
1443 4971 1626 5034 insita,

554 5056 706 5114 Sicut
735 5075 851 5114 mos
880 5060 1069 5115 avibus
1092 5060 1212 5116 felle
1246 5061 1574 5115 carentibus.

556 5148 665 5205 Hac
701 5153 900 5222 gaudet
927 5152 1109 5207 sobole
1133 5153 1492 5207 celsithronus
1517 5151 1701 5218 Pater,

557 5240 913 5312 Haeredesque
944 5259 1070 5298 suos
1089 5244 1197 5298 hos
1229 5243 1368 5298 Deus
1396 5243 1562 5314 eligit.

567 5328 759 5385 Pacem
794 5333 885 5402 qui
917 5333 1178 5401 sequitur,
1212 5333 1524 5402 splendidus
1549 5332 1741 5397 enitet,

561 5418 629 5474 Et
654 5422 836 5478 verbis
867 5423 1070 5477 redolet
1101 5422 1205 5477 mel
1233 5423 1377 5478 velut
1411 5423 1672 5479 Atticum.

563 5510 664 5576 Qui
699 5526 886 5581 pacem
910 5513 1109 5578 renuit,
1135 5513 1188 5568 in
1222 5513 1459 5568 tenebris
1487 5522 1689 5580 manet,

566 5601 632 5655 Et
653 5618 828 5660 caecus
852 5604 1104 5673 gradiens
1128 5603 1180 5657 in
1217 5602 1425 5658 foveam
1447 5605 1610 5658 cadit.

559 5691 689 5747 Nam
713 5695 918 5751 discors
941 5696 1104 5750 animi
1130 5697 1342 5750 turbida
1367 5695 1534 5751 motio

2009 3257 2404 3327 prmconiorum
2467 3256 2717 3310 laudibus
2768 3271 2831 3311 ac
2890 3257 3138 3328 benignis
3211 3260 3588 3316 devotionibus

2010 3347 2237 3402 exaltari
2264 3355 2320 3402 et
2360 3347 2618 3403 honorari
2661 3356 2904 3418 oportet;
2948 3349 3236 3405 Psalmista
3265 3367 3364 3406 nos
3395 3354 3592 3407 exhor-

2012 3452 2161 3502 tante
2183 3454 2346 3514 atqne
2368 3437 2588 3499 dicente
2613 3462 2625 3496 :
2655 3443 3019 3512 Confiteantur
3046 3445 3268 3500 Domino
3299 3447 3593 3500 misericor-

2025 3537 2116 3590 lite
2143 3535 2275 3604 ejus,
2305 3543 2362 3588 et
2389 3534 2652 3588 mirabilia
2677 3535 2791 3603 ejus
2813 3534 2938 3602 filiis
2966 3535 3235 3589 hominum
3265 3535 3437 3606 (Psal.
3463 3553 3548 3592 ert
3571 3579 3586 3603 ,

2010 3625 2123 3696 21).
2152 3625 2247 3679 Cui
2271 3632 2325 3678 et
2347 3623 2478 3678 illud
2517 3623 2756 3678 concinit
2785 3623 2928 3691 quod
2972 3624 3024 3676 in
3057 3625 3472 3678 Deuteronomio
3511 3626 3588 3680 le-

2012 3715 2191 3785 gitur:
2220 3712 2339 3782 Ipse
2364 3721 2439 3766 est
2464 3711 2582 3764 laus
2624 3719 2716 3763 tua
2752 3719 2800 3763 et
2839 3709 2980 3764 Deus
3020 3720 3162 3774 tuus,
3214 3713 3303 3780 qui
3336 3712 3454 3780 fecit
3497 3714 3591 3766 tibi

2011 3805 2122 3858 ltaze
2148 3799 2415 3871 magnalia
2456 3810 2505 3854 et
2551 3798 2831 3864 terribilia,
2883 3816 2998 3869 quae
3044 3800 3283 3854 uiderunt
3328 3803 3468 3856 oculi
3515 3805 3593 3858 tui

2014 3897 2194 3968 (Deut.
2240 3912 2294 3961 Χ,
2337 3893 2450 3966 21).
2495 3893 2649 3949 Unde
2673 3901 2727 3948 et
2767 3891 2934 3948 Israel
2964 3893 3193 3964 populus
3227 3895 3362 3947 duce
3407 3894 3588 3963 Moyse

2012 3988 2346 4058 pertransito
2367 3987 2503 4040 mari
2533 3986 2744 4051 Rubro,
2777 3986 3180 4057 submersisque
3208 3987 3399 4058 pelago
3427 3986 3589 4056 Egy—

2013 4081 2162 4150 ptiis,
2189 4077 2456 4134 canticum
2483 4077 2861 4132 exsultationis
2882 4078 3112 4133 Domino
3141 4078 3441 4147 personuit,
3461 4077 3586 4146 quia

2015 4170 2132 4240 ejus
2159 4168 2442 4240 magnifica
2466 4169 2519 4224 in
2550 4183 2608 4224 se
2640 4167 2903 4224 beneﬁcia
2928 4171 3218 4239 persensit.
3248 4167 3386 4236 Quid
3411 4178 3589 4224 autem

2020 4261 2251 4318 referam
2284 4261 2352 4315 de
2397 4259 2622 4314 famosis
2657 4267 2714 4313 et
2757 4260 2962 4314 sanctis
3003 4259 3234 4314 ducibus
3272 4276 3338 4315 ac
3377 4260 3591 4330 regibus

2021 4353 2260 4423 ejusdem
2289 4351 2494 4420 p0pnli,
2519 4351 2609 4419 qui
2632 4350 2845 4420 quoties
2873 4351 2938 4403 de
2975 4351 3225 4404 manibus
3252 4351 3590 4406 inimicorum

2018 4443 2250 4505 liberati,
2278 4441 2363 4495 vel
2387 4441 2452 4495 de
2474 4441 2718 4496 hostibus
2743 4439 2960 4493 fuerunt
2989 4439 3287 4502 victoriosi,
3315 4440 3590 4494 liberatori

2014 4542 2069 4590 et
2097 4530 2390 4602 protectori
2415 4544 2513 4584 suo
2538 4537 2647 4584 tam
2677 4529 2959 4598 hymnicas
2984 4528 3170 4582 laudes
3197 4542 3358 4596 quam
3400 4527 3591 4597 pacifi-

2015 4637 2109 4679 cas
2139 4621 2348 4676 hostias
2373 4627 2678 4687 creteraque
2703 4626 2826 4674 vota
2852 4618 3080 4673 Domino
3119 4618 3470 4688 acceptabilia
3504 4632 3590 4672 re-

2015 4707 2362 4764 tribuebant?
2384 4707 2529 4760 lnter
2565 4721 2701 4775 quos
2727 4707 2817 4762 ille
2857 4707 3084 4762 devotus
3116 4706 3460 4777 hymnidicus
3489 4708 3590 4762 Da-

2015 4799 2104 4854 vid
2138 4812 2236 4868 pro
2263 4796 2472 4850 collatis
2510 4795 2613 4850 sibi
2651 4811 2683 4849 a
2727 4795 2956 4852 Domino
2985 4796 3262 4852 beneficiis
3296 4796 3590 4864 spirituali-

2017 4896 2102 4942 ter
2149 4885 2426 4941 exsultans
2473 4885 2653 4940 aiebat
2697 4902 2709 4938 :
2773 4884 3007 4939 Cantabo
3054 4885 3273 4938 Domino
3324 4885 3414 4954 qui
3460 4884 3590 4939 bona

2019 4977 2199 5030 tribuit
2251 4974 2402 5038 mihi,
2465 4983 2512 5026 et
2574 4973 2798 5044 psallam
2841 4973 3038 5027 nomini
3087 4973 3300 5026 Domini
3345 4972 3589 5027 altissimi

2021 5064 2192 5134 (Psal.
2219 5081 2314 5130 xu,
2330 5063 2404 5134 6).
2425 5063 2559 5118 llinc
2583 5064 2671 5117 ille
2685 5063 2912 5133 populus
2932 5078 3028 5132 per
3043 5059 3253 5116 Nahum
3272 5063 3588 5131 pr0phetam

2022 5155 2345 5208 admonetur
2401 5153 2671 5207 dicentem
2715 5169 2730 5206 :
2789 5149 3025 5216 Celebra,
3079 5149 3244 5213 Iuda,
3293 5151 3591 5220 festivitates

2021 5256 2158 5306 tuas,
2187 5252 2235 5297 et
2275 5241 2430 5297 redde
2472 5251 2588 5296 vota
2633 5250 2725 5295 tua
2776 5241 2944 5312 (Noli.
2977 5257 3029 5306 ι,
3063 5241 3172 5312 l5).
3215 5242 3422 5307 Quanta
3466 5257 3592 5296 vero

2021 5334 2161 5389 bona
2185 5333 2298 5401 ipsa
2321 5332 2471 5401 plebs
2501 5330 2710 5385 Domini
2738 5332 3187 5399 consequebatur,
3215 5347 3312 5401 per
3335 5329 3447 5384 Joel
3472 5347 3585 5401 pro-

1967 5462 1992 5480 κ
2021 5425 2239 5493 phetam
2271 5422 2509 5477 breviter
2535 5421 2607 5474 ita
2645 5421 3008 5476 describitur:
3059 5422 3124 5475 Et
3172 5424 3448 5477 comedetis
3490 5439 3585 5478 ees-

2023 5523 2194 5567 centes
2215 5521 2263 5564 et
2293 5511 2682 5574 saturabimini,
2709 5520 2756 5565 et
2785 5511 3067 5565 laudabitis
3099 5529 3286 5566 nomen
3325 5512 3419 5567 Dei
3442 5508 3587 5567 vestri

2023 5601 2110 5671 qui
2137 5600 2257 5670 fecit
2283 5599 2544 5654 vobiscum
2586 5601 2870 5664 mirabilia,
2902 5610 2950 5654 et
2991 5617 3093 5655 non
3136 5602 3483 5672 confundetur
3505 5619 3599 5672 po-

2025 5691 2178 5760 pulus
2204 5708 2348 5747 meus
2373 5692 2426 5744 in
2456 5702 2707 5765 aeternum
2737 5692 2896 5760 (Joel.
2927 5709 2960 5746 ιι
2981 5734 2994 5757 ,
3027 5691 3140 5761 2'3).
