3982 6198
203 310 331 370 ὅίθ

1212 302 1415 361 LIBER
1454 302 1542 359 DE
1582 299 2022 359 RECTORIBCS
2060 294 2494 357 CHRISTIANlS

3389 306 3494 362 550

200 423 529 489 Cmtelllull,
583 420 852 493 quomodo
898 419 960 474 in
1003 417 1158 474 libris
1199 417 1407 489 Regum
1446 423 1700 471 narratur
1744 415 1810 472 de
1837 423 1888 479 Α
1913 414 2228 470 servitutem
2272 430 2565 485 congruam
2598 413 2711 485 regi
2746 414 3048 472 orthodoxe
3078 416 3144 472 de
3184 419 3346 475 rebus
3374 438 3498 493 qua:

204 516 332 571 lle-li
363 513 673 574 sacerdote,
704 509 795 580 qui
826 508 951 581 ﬁliis
990 508 1102 564 suis
1144 507 1199 561 in
1231 505 1379 562 cultu
1421 505 1605 561 divino
1640 503 1814 560 delin-

200 605 533 677 qzzentibus,
561 610 617 656 et
650 599 851 671 populo
882 597 1185 653 oblationes
1236 610 1364 650 suas
1406 594 1518 649 Deo
1563 592 1812 650 offerenti

202 694 325 748 vim
355 690 705 755 facientibus,
735 690 955 758 insuper
981 696 1036 743 et
1066 702 1190 741 cum
1217 685 1535 741 mulieribus
1579 701 1698 756 qua:
1720 686 1815 741 ob-

206 783 509 846 servabant
532 781 599 836 ad
623 780 825 835 ostium
852 777 1182 833 tabernaculi
1207 775 1604 832 dormientibus
1622 790 1813 846 peper-

207 878 310 940 cit,
333 884 392 929 et
417 890 527 929 non
552 888 648 928 eos
691 870 1018 927 auctoritate
1042 878 1272 940 paterna
1301 869 1505 925 acriter
1525 868 1809 938 corripuit.

208 963 435 1030 Quanta
474 962 717 1016 vindicta
758 973 923 1030 super
950 973 1045 1014 eos
1085 959 1255 1025 venit,
1284 965 1342 1013 et
1392 973 1556 1029 super
1598 971 1815 1012 omnem

94 1058 103 1071 ‘
204 1055 510 1127 pepulum!
540 1052 805 1120 Quoniam
832 1050 1020 1108 traditi
1047 1058 1174 1106 sunt
1197 1048 1303 1122 ipsi
1348 1049 1445 1105 ﬁlii
1487 1050 1648 1106 simul
1687 1065 1812 1105 cum

208 1160 343 1200 arca
386 1143 602 1199 Domini
642 1150 698 1198 et
740 1141 1027 1197 universus
1051 1141 1283 1213 populus
1316 1142 1371 1196 in
1403 1157 1599 1196 manus
1646 1139 1815 1196 Phili-

200 1236 421 1301 stbiim,
456 1244 515 1291 et
534 1250 706 1290 casus
729 1241 812 1289 est
833 1232 996 1290 lsrael
1014 1233 1170 1305 plaga
1201 1248 1394 1304 magna
1423 1232 1608 1299 nimis,
1639 1233 1718 1288 ita
1747 1240 1807 1288 ut

208 1328 444 1398 triginta
467 1323 636 1380 millia
664 1321 904 1395 peditum
950 1322 1025 1379 ibi
1059 1319 1404 1389 cecidissent,
1451 1321 1628 1393 quoad
1676 1337 1807 1378 arca

208 1414 432 1469 Domini
457 1420 617 1484 capta
646 1420 749 1468 est.
772 1410 890 1468 Duo
924 1426 1140 1483 quoque
1180 1411 1278 1468 ﬁlii
1331 1409 1473 1477 Heli,
1527 1410 1704 1480 Ophni
1758 1417 1813 1466 et

206 1502 473 1570 Phinees,
500 1501 703 1576 mortui
733 1510 881 1568 sunt,
912 1502 1136 1573 ipseque
1164 1501 1284 1558 Heli
1312 1517 1437 1558 cum
1477 1502 1689 1557 audiret
1717 1517 1808 1556 ar-

203 1607 336 1648 cam
356 1590 458 1647 Dei
499 1598 712 1661 captam
758 1597 813 1645 et
844 1587 984 1645 ﬁlios
1022 1605 1149 1645 suos
1188 1577 1453 1657 mortuos,
1502 1590 1697 1646 cecidit
1740 1589 1811 1645 de

208 1682 348 1741 sella
390 1690 713 1749 retrorsum,
746 1688 800 1738 et
842 1679 1035 1737 fractis
1063 1681 1368 1738 cervicibus
1406 1690 1655 1739 mortuus
1681 1688 1802 1748 est;

1915 514 2205 573 supersunt
2240 505 2568 572 exhibeant;
2597 515 2655 559 ut
2687 506 2862 574 primo
2893 507 3083 563 ordine
3125 508 3222 565 ﬁit
3248 514 3391 582 quod
3422 514 3492 569 ad

1914 595 2187 662 divinum,
2218 604 2274 650 et
2307 598 2361 651 in
2402 599 2649 667 sequenti
2671 598 2814 666 quod
2841 599 2909 653 ad
2935 600 3225 656 humanum
3256 606 3497 672 pertinet

1914 688 2253 758 obsequium.
2294 686 2430 743 Nam
2468 688 2513 742 si
2549 689 2771 757 provida
2818 689 3039 744 solertia
3081 707 3208 761 erga
3246 696 3494 751 carnales

1915 779 2113 835 milites
2140 794 2271 835 cura
2304 780 2376 834 sit
2419 780 2744 845 exhibenda,
2774 790 3042 849 quatenus
3066 783 3147 838 eis
3171 795 3363 840 cuncta
3393 802 3489 843 ne-

1912 872 2151 927 cessaria
2180 880 2471 941 erogentur
2506 870 2812 942 impendia;
2846 881 2901 926 et
2929 873 3022 943 qui
3054 874 3173 944 plus
3201 876 3258 929 in
3288 875 3495 932 bellicis

1913 960 2236 1016 tumultibus
2278 960 2546 1025 laborant,
2587 972 2644 1016 et
2698 962 2765 1016 ad
2794 960 3099 1031 profectum
3138 965 3218 1019 rei
3265 967 3496 1036 publica}

1913 1053 2217 1109 devotiores
2263 1061 2318 1107 et
2358 1051 2628 1115 fortiores,
2659 1060 2823 1123 atque
2873 1052 3116 1108 utiliores
3164 1055 3321 1122 ﬁunt,
3372 1058 3497 1128 plus

1913 1144 2187 1200 mercedis
2214 1153 2271 1200 et
2299 1144 2523 1200 honoris
2550 1143 2854 1213 accipiunt;
2881 1152 3085 1214 quanto
3109 1147 3281 1217 magis
3308 1150 3498 1218 provi-

1914 1237 2145 1294 dendum
2186 1238 2253 1292 de
2287 1238 2661 1307 spiritualibus
2703 1237 2905 1293 Christi
2937 1238 3220 1306 militibus,
3266 1256 3496 1308 quorum

1914 1327 2125 1383 sanctis
2149 1325 2426 1382 laboribus
2453 1336 2509 1382 et
2530 1327 2867 1383 orationibus
2889 1327 3004 1398 ipsa
3032 1343 3121 1384 res
3145 1327 3359 1399 publica
3384 1344 3499 1383 ser-

1913 1424 2078 1471 vatur
2118 1416 2407 1472 incolumis
2448 1425 2503 1472 et
2534 1416 2743 1472 illmsa?
2782 1415 2977 1472 Hostes
3004 1432 3219 1488 quoque
3259 1418 3500 1474 visibiles

1912 1515 1968 1571 et
2003 1505 2302 1561 invisibiles
2328 1502 2679 1575 superantur,
2711 1506 2866 1576 copia
2903 1519 3087 1561 rerum
3117 1508 3497 1577 temporalium

1911 1611 2036 1651 cum
2070 1594 2446 1665 prosperitatis
2486 1601 2684 1650 eventu
2720 1581 3047 1649 cumulatur.
3099 1593 3285 1651 Sancti
3320 1596 3499 1668 angeli

1912 1685 1966 1740 in
2014 1683 2344 1754 adiutorium
2389 1683 2586 1755 populo
2638 1683 2955 1752 invitantur,
3016 1685 3287 1741 serenitas
3342 1687 3497 1756 pacis

203 1776 408 1848 sicque
445 1772 813 1834 sacerdotium
843 1772 913 1829 ab
944 1770 1061 1843 ejus
1087 1772 1246 1830 domo
1285 1771 1524 1828 ablatum
1557 1772 1627 1828 ad
1652 1771 1814 1828 aliam
1840 1766 1889 1827 B
1920 1775 2193 1840 redditur,
2246 1775 2536 1846 imperium
2576 1774 2957 1846 ampliﬁcatur.
3010 1773 3292 1831 Postremo
3346 1780 3495 1849 regia

208 1866 440 1921 domum
470 1861 795 1919 translatum
820 1870 938 1929 est;
964 1875 1065 1917 nec
1095 1861 1383 1933 quisquam
1412 1861 1479 1918 de
1500 1861 1670 1932 stirpe
1694 1860 1810 1917 Heli

208 1955 360 2012 ultra
390 1956 449 2010 in
484 1952 688 2025 templo
714 1952 932 2011 Domini
955 1951 1315 2009 ministravit.

292 2048 416 2105 Hoc
435 2048 623 2119 itaque
643 2046 892 2117 exemplo
913 2053 970 2102 et
989 2045 1112 2101 aliis
1133 2044 1420 2112 similibus,
1446 2058 1567 2114 quze
1586 2042 1644 2098 in
1665 2040 1812 2097 Scri-

210 2144 401 2216 pturis
443 2141 619 2198 sacris
659 2139 971 2196 referuntur
1019 2136 1399 2203 consideratis,
1454 2133 1809 2193 sacratissimi

209 2234 496 2308 principes
534 2226 701 2304 atque
744 2239 989 2288 rectores
1028 2245 1136 2286 non
1178 2226 1516 2300 recipiebant
1548 2240 1810 2299 personas

213 2326 593 2392 adulatorum,
616 2324 723 2381 mel
745 2323 1048 2381 dulcedinis
1076 2322 1365 2401 verborum
1384 2336 1567 2392 prava:
1585 2334 1810 2391 persua-

213 2417 393 2473 sionis
437 2430 651 2472 veneno
699 2413 1210 2478 intermiscentium,
1256 2428 1355 2468 nec
1400 2410 1810 2467 consentiebant

211 2507 511 2564 fraudibus
546 2505 857 2576 iniquorum
909 2503 1160 2573 nequiter
1201 2501 1628 2566 blandientium;
1675 2516 1810 2570 quo-

214 2599 367 2654 niam
395 2598 443 2653 si
474 2596 585 2652 illis
612 2595 985 2652 consentiatur
1033 2595 1089 2648 in
1129 2591 1326 2649 talibus
1371 2590 1659 2661 nequitiis,
1699 2607 1807 2645 non

216 2689 398 2744 solum
420 2687 524 2758 ipsi
546 2693 853 2758 peccantes,
881 2685 975 2741 sed
1001 2692 1057 2740 et
1075 2684 1156 2739 eis
1179 2683 1579 2738 consentientes
1603 2681 1809 2752 pariter

214 2778 547 2835 interibunt.
577 2777 655 2833 Ac
672 2777 801 2833 boni
827 2783 881 2832 et
906 2776 1199 2847 prudentes
1222 2787 1397 2845 reges,
1422 2771 1678 2842 quoniam
1702 2771 1804 2841 ipsi

216 2877 375 2926 recte
403 2870 617 2935 vivunt,
641 2868 734 2939 pio
756 2866 872 2924 zelo
888 2866 1311 2939 praivaricantes
1340 2864 1808 2935 disciplinabiliter

215 2962 567 3034 redarguunt
604 2970 658 3018 et
688 2960 1001 3029 corrigunt;
1027 2959 1170 3014 unde
1199 2956 1302 3014 sibi
1330 2955 1598 3027 duplicem
1633 2970 1808 3010 remu-

211 3051 535 3112 nerationis
558 3068 591 3108 a
633 3052 862 3107 Domino
889 3049 1121 3122 palmam
1153 3048 1463 3119 acquirunt,
1496 3047 1623 3104 dum
1664 3044 1805 3104 male

213 3148 274 3204 in
296 3146 569 3217 subjectis
598 3144 941 3216 redarguere,
974 3150 1029 3198 et
1052 3142 1271 3198 eosdem
1295 3140 1362 3196 ad
1388 3140 1531 3196 bona
1561 3140 1725 3195 verbo
1754 3146 1810 3196 et
1835 3124 1881 3186 (ἶ

212 3222 497 3311 exemplis
519 3251 815 3310 provocare
836 3236 1074 3291 student.
1103 3231 1328 3304 Oportet
1348 3231 1497 3287 enim
1527 3228 1645 3299 Deo
1665 3245 1813 3286 ama-

214 3332 395 3389 bilem
434 3335 778 3398 regnatorem
798 3367 813 3392 ,
849 3341 1010 3396 quem
1041 3324 1223 3380 divina
1247 3320 1519 3378 ordinatio
1552 3328 1812 3390 tanquam

216 3422 502 3480 vicarium
526 3435 684 3475 suum
702 3419 757 3474 in
780 3417 1044 3489 regimine
1069 3413 1326 3471 Ecclesia:
1349 3429 1459 3468 suae
1480 3426 1601 3467 esse
1621 3408 1810 3475 voluit,

218 3525 279 3573 et
302 3520 634 3587 potestatem
672 3511 720 3566 ei
756 3525 918 3580 super
948 3517 1235 3577 utrumque
1278 3505 1526 3561 ordinem
1561 3501 1815 3573 praelato-

221 3621 359 3661 rum
401 3612 459 3660 et
501 3601 837 3658 subditorum
870 3599 1078 3665 tribuit,
1123 3605 1184 3651 ut
1212 3594 1437 3667 singulis
1472 3592 1722 3663 personis
1760 3599 1816 3645 et

220 3712 358 3768 qua-
390 3695 537 3766 iusta
570 3699 698 3748 sunt
736 3693 1014 3755 decernat,
1060 3694 1117 3743 et
1158 3687 1258 3743 sub
1286 3701 1385 3741 sua
1414 3682 1817 3754 dispensatione

223 3789 391 3863 prior
412 3788 546 3842 ordo
564 3785 757 3840 devote
768 3781 1066 3839 obediendo
1087 3779 1315 3835 ﬁdeliter
1341 3776 1590 3832 subditus
1611 3773 1723 3828 ﬁat.
1748 3772 1819 3827 Et

225 3881 366 3936 ideo
394 3879 449 3933 in
477 3878 621 3932 bono
664 3882 873 3930 rectore
905 3872 1064 3928 debet
1090 3870 1375 3926 laudabilis
1419 3868 1644 3924 intentio
1672 3881 1814 3933 esse,

228 3978 291 4027 et
327 3970 477 4025 bono
514 3966 692 4023 studio
722 3965 850 4019 illud
877 3963 1162 4034 providere
1185 4003 1200 4028 ,
1248 3967 1516 4030 quatenus
1541 3956 1815 4029 praepositi

226 4060 596 4119 ecclesiarum
619 4058 711 4113 Dei
735 4072 891 4112 suum
914 4056 1089 4111 locum
1109 4053 1350 4126 legitime
1369 4058 1607 4117 teneant,
1633 4050 1819 4119 eisque

228 4154 307 4209 ad
339 4153 448 4208 hoc
474 4149 856 4206 adminiculum
881 4148 1030 4219 regia
1057 4146 1340 4202 clementia
1368 4146 1594 4210 tribuat,
1620 4149 1681 4198 ut
1702 4141 1818 4198 offi-

229 4245 391 4302 cium
420 4256 579 4297 suum
608 4240 906 4296 secundum
929 4237 1180 4293 mandata
1212 4235 1306 4291 Dei
1337 4244 1395 4290 et
1420 4249 1700 4290 sacrorum
1731 4248 1820 4288 ca-

230 4348 450 4393 nonum
478 4331 723 4386 instituta
753 4328 987 4400 pleniter
1015 4341 1175 4397 agere
1201 4326 1449 4392 valeant;
1482 4341 1583 4381 nec
1616 4325 1696 4380 eis
1723 4338 1820 4379 Ste-

230 4426 465 4486 aﬂares
487 4431 786 4494 potestates
819 4419 1200 4490 impedimento
1227 4417 1360 4472 ﬁant
1377 4458 1392 4483 ,
1421 4417 1514 4473 sed
1537 4415 1719 4487 potius
1749 4414 1818 4468 ad

1914 1870 2151 1941 dignitas
2176 1879 2233 1925 et
2268 1868 2681 1924 honoriﬁcentia
2717 1869 2808 1927 diu
2853 1879 3015 1939 atque
3067 1869 3298 1928 feliciter
3344 1879 3497 1943 pote-

1913 1968 2056 2016 state
2080 1959 2393 2015 extenditur
2412 2001 2427 2025 ,
2451 1977 2522 2015 ac
2546 1960 2641 2015 lilii
2677 1960 2911 2016 ﬁliorum
2941 1961 2994 2016 in
3029 1962 3182 2033 apice
3211 1965 3362 2034 regni
3395 1980 3497 2021 no-

1911 2051 2216 2108 bilitantur.

1984 2141 2336 2198 Orthodoxus
2353 2157 2424 2198 ac
2446 2143 2637 2198 beatus
2666 2141 2960 2198 illc'rector
2986 2144 3187 2200 eminet

1982 2230 2086 2299 Qui
2112 2231 2208 2287 Dei
2230 2234 2424 2291 timore
2445 2242 2655 2289 mactus
2681 2241 2847 2303 atque
2877 2247 3062 2289 amore
3088 2232 3334 2292 fervidus

1982 2320 2279 2392 Anteponit
2305 2322 2394 2378 illa
2421 2336 2636 2393 semper
2661 2321 2851 2378 aulicis
2881 2322 3113 2392 negotiis

1983 2412 2292 2469 Christiana
2319 2414 2443 2484 quis
2470 2414 2670 2483 ubique
2698 2413 2899 2469 crescit
2923 2413 3067 2468 alma
3096 2411 3286 2485 gloria.

1981 2502 2081 2570 Qui
2106 2504 2196 2574 pio
2226 2513 2410 2560 tenore
2433 2516 2617 2559 servat
2640 2519 2802 2559 omne
2834 2504 3202 2575 privilegium,

1984 2592 2137 2650 [inde
2176 2594 2321 2664 regis
2355 2593 2645 2649 candidata
2679 2608 2876 2664 sponsa
2903 2592 3108 2649 Christi
3134 2594 3389 2665 gaudeat.

1980 2682 2081 2750 Qui
2104 2683 2258 2754 lupos
2287 2698 2507 2755 rapaces
2530 2692 2682 2738 arcet
2713 2684 2970 2753 aequitate
3002 2685 3172 2755 regia,

1980 2773 2288 2830 Christiana
2322 2790 2388 2831 ne
2415 2767 2738 2845 premantur
2763 2775 3025 2846 improbis
3049 2776 3233 2831 ovilia.

1980 2866 2101 2937 ipse
2130 2868 2334 2923 zelotes
2364 2876 2416 2923 et
2444 2868 2610 2923 instat
2636 2866 2834 2923 ardens
2860 2882 3013 2923 more
3030 2865 3324 2933 .fulminis,

1979 2959 2230 3016 Emicans
2261 2968 2318 3017 et
2345 2959 2491 3014 ultor
2520 2959 2666 3015 ensis
2692 2959 3027 3029 insequendo
3058 2959 3339 3030 reprobos.

1976 3049 2217 3105 Attribus
2242 3049 2502 3105 modestis
2533 3048 2621 3103 ille
2647 3049 2806 3104 verba
2834 3050 3025 3104 temnit
3058 3064 3259 3115 aurea,

1982 3140 2060 3197 Ne
2084 3141 2187 3196 mel
2212 3156 2309 3197 ore
2343 3140 2682 3213 suggerentis
2708 3139 2802 3196 det
2833 3155 3039 3197 venena
3065 3140 3264 3196 toxica.

1985 3230 2119 3286 Nam
2157 3231 2309 3288 colax
2342 3232 2399 3287 in
2424 3247 2520 3288 ore
2546 3240 2729 3304 gestat
2756 3239 2875 3287 arte
2913 3233 3077 3288 verba
3099 3231 3327 3300 mellea,

1959 3312 2176 3379 Cordis
2202 3338 2268 3379 ac
2290 3324 2411 3379 sinu
2435 3330 2667 3378 retentat
2700 3323 2847 3378 intus
2871 3322 2995 3379 felle
3024 3322 3335 3379 machinas.

1987 3415 2082 3472 His
2118 3415 2461 3471 homunculis
2486 3414 2703 3470 resistat
2730 3414 3073 3470 Christianus
3098 3416 3329 3471 arbiter.

1987 3505 2135 3562 Scita
2162 3506 2345 3576 legum
2379 3521 2497 3561 mos
2524 3513 2582 3559 et
2617 3505 2752 3560 ordo
2784 3505 3078 3575 patriaeque
3108 3504 3331 3575 regule,

1986 3596 2063 3653 Ae
2088 3598 2183 3653 Dei
2220 3597 2361 3652 colat
2388 3597 2670 3651 ministros
2697 3595 2985 3651 sanctitate
3014 3593 3261 3665 fulgidos,

1989 3687 2085 3755 Qui
2120 3687 2232 3742 Deo
2260 3686 2473 3756 placere
2502 3692 2700 3739 norunt
2726 3698 2842 3748 ore,
2875 3681 3057 3749 corde,
3091 3682 3356 3738 moribus.

1989 3777 2086 3833 His
2109 3777 2455 3847 precantibus
2479 3774 2653 3829 beatis
2677 3788 2764 3829 res
2794 3773 2951 3827 beata
2979 3772 3194 3843 publica

1990 3867 2254 3925 Omnibus
2285 3864 2445 3920 bonis
2479 3863 2741 3930 abundat,
2771 3864 2910 3919 sicut
2938 3879 3069 3918 arva
3107 3862 3395 3921 fructibus.

1990 3956 2258 4026 Principis
2282 3956 2456 4009 honor
2479 3953 2771 4020 thronizat,
2795 3968 2858 4008 ac
2881 3960 3079 4023 trepaea
3103 3952 3397 4010 buccinant

1992 4048 2138 4103 Lacta
2166 4061 2268 4116 pax
2305 4044 2505 4114 ubique
2534 4050 2725 4113 regnat
2745 4043 2929 4113 quieta
2956 4043 3175 4114 gaudia.

2526 4133 2757 4190 CAPUT
2796 4134 2913 4189 XX.

1993 4230 2102 4284 llas
2123 4237 2301 4283 autem
2325 4240 2525 4299 paucas
2566 4223 2633 4281 de
2662 4225 2845 4280 multis
2864 4266 2879 4291 ,
2908 4226 3119 4282 divinas
3145 4237 3198 4281 et
3244 4230 3513 4284 humanas

1922 4321 2181 4378 historias
2199 4335 2544 4390 percurrens,
2574 4328 2786 4384 vestrae,
2808 4318 3023 4374 domine
3038 4334 3131 4376 rex
3145 4360 3158 4384 ,
3179 4320 3512 4375 excellentia:
3579 4341 3608 4395 ﬁ

1926 4404 2368 4461 commonitorias
2403 4402 2572 4457 obtuli
2602 4401 2815 4457 litteras
2836 4441 2851 4466 ,
2887 4410 3070 4457 vestro
3099 4416 3283 4456 amore
3314 4403 3382 4458 ad
3410 4403 3515 4457 hoc.

234 4517 411 4574 ﬁdem
550 4511 872 4569 servandam
889 4468 943 4564 et
967 4509 1171 4564 cultum
1186 4508 1413 4579 iustitiae
1436 4468 1824 4578 perliciendum
1850 4468 1903 4528 D
1929 4498 2248 4571 opusculum
2277 4497 2563 4567 instigatus
2583 4536 2598 4561 ,
2625 4495 2802 4551 sciens
2828 4510 2912 4550 me
2942 4495 3241 4551 debitorem
3277 4509 3397 4551 esse
3420 4512 3516 4551 ve-

237 4608 488 4664 faveant.
519 4604 769 4673 Ideoque,
789 4608 851 4656 ut
871 4601 925 4656 in
945 4600 1312 4673 superioribus
1337 4597 1707 4669 przediximns,
1733 4611 1828 4666 per

242 4696 496 4768 singulos
540 4708 712 4749 annos
760 4691 1046 4764 synodales
1093 4690 1209 4745 ﬁeri
1263 4695 1558 4757 conventus
1606 4701 1830 4742 necesse

242 4799 358 4853 est,
384 4787 475 4843 ubi
504 4786 870 4843 ecclesiastica
888 4781 1010 4852 jura
1033 4789 1089 4837 et
1115 4780 1327 4851 negotia
1343 4777 1491 4847 juste
1512 4785 1566 4832 et
1587 4775 1829 4846 legitime

244 4879 633 4933 discutiantur.
676 4875 883 4930 Idcirco
922 4872 1335 4943 diligentissime
1365 4870 1505 4925 bono
1532 4875 1587 4922 et
1624 4867 1715 4937 pio
1743 4880 1830 4920 re-

244 4967 391 5023 ctori
424 4964 817 5037 providendum
842 4971 959 5029 est,
990 4970 1052 5018 ut
1076 4960 1434 5016 sanctiﬁcatio
1468 4957 1701 5013 nominis
1727 4956 1833 5012 Do-

245 5060 411 5124 mini,
444 5073 565 5128 qua
604 5058 660 5112 in
689 5057 824 5113 locis
854 5056 964 5111 Deo
992 5053 1323 5111 consecratis
1354 5062 1538 5108 manet
1574 5052 1693 5108 sine
1724 5051 1833 5105 ulla

249 5150 698 5219 reprehensione,
724 5148 778 5202 in
808 5156 1068 5217 quantum
1093 5144 1348 5215 possibile
1365 5144 1548 5208 fuerit,
1564 5150 1828 5199 servetur.

248 5239 326 5294 Et
355 5238 494 5295 tales
525 5245 770 5294 rectores
798 5245 961 5307 atque
990 5235 1391 5306 dispensatores
1423 5236 1476 5289 in
1512 5234 1592 5290 eis
1629 5233 1834 5289 consti-

248 5337 503 5392 tuantur,
535 5329 629 5399 qui
670 5330 788 5384 sine
832 5326 1144 5397 inexplebili
1173 5326 1400 5381 avaritia
1432 5335 1592 5397 atque
1620 5324 1833 5379 luxuria

248 5434 345 5475 res
375 5419 515 5474 bene
545 5426 785 5475 tractent
812 5418 1041 5482 divinas,
1073 5426 1131 5472 et
1162 5416 1259 5473 Dei
1280 5416 1451 5473 servis
1476 5422 1638 5485 atque
1665 5414 1837 5469 famu-

244 5509 413 5564 labus
441 5508 804 5564 sufﬁcientem
845 5508 1046 5563 victum
1087 5515 1247 5577 atque
1286 5507 1540 5562 vestitum
1577 5504 1834 5567 tribuant,

1933 4598 2061 4645 stra:
2086 4588 2421 4644 celsitudinis
2450 4588 2738 4656 obsequio;
2773 4588 2902 4642 utile
2930 4587 3044 4642 fore
3076 4588 3435 4658 perpendens,
3466 4588 3513 4644 si

1933 4690 2055 4745 qua:
2083 4674 2314 4742 sparsim
2344 4672 2397 4726 in
2429 4673 2626 4727 divmis
2667 4680 2723 4727 et
2752 4673 3006 4727 humanis
3049 4673 3278 4743 eloquiis
3304 4674 3369 4728 de
3395 4673 3514 4743 qui-

1900 4760 1905 4764 ⁴
1936 4766 2164 4822 busdam
2203 4765 2361 4821 malis
2390 4765 2604 4836 regibus
2647 4765 2759 4819 sive
2785 4766 3121 4836 principibus
3147 4765 3428 4836 leguntur,
3456 4764 3514 4820 in

1931 4878 2100 4916 unum
2140 4861 2380 4916 breviter
2420 4858 2740 4914 deﬂorarem
2787 4858 3132 4930 opusculum;
3176 4859 3316 4912 unde
3343 4856 3517 4927 possit

1933 4963 2172 5010 vestrum
2216 4953 2472 5009 delectari
2520 4952 2794 5023 ingenium
2819 4992 2835 5017 ,
2884 4958 2940 5006 et
2973 4959 3169 5006 nostra:
3215 4949 3518 5006 devotionis

1933 5062 2061 5116 erga
2103 5053 2296 5100 vestra:
2346 5042 2725 5098 claritudinem
2776 5040 3140 5112 intelligentia:
3180 5038 3516 5097 manifestari

1934 5134 2241 5192 benivolum
2268 5141 2432 5203 queat
2458 5131 2799 5201 obsequium.
2831 5130 2924 5186 Sic
2952 5138 3009 5184 et
3036 5145 3167 5200 apes
3190 5144 3258 5184 ex
3286 5129 3518 5187 diversis

1936 5225 2162 5281 ﬁoribus
2197 5224 2353 5278 mella
2404 5223 2474 5277 in‘
2503 5222 2793 5280 utilitatem
2839 5220 3183 5276 dominorum
3219 5221 3516 5276 transitura

1938 5316 2218 5387 colligunt,
2253 5315 2449 5385 quibus
2470 5312 2807 5386 gratissimos
2840 5310 2991 5367 favos
3016 5311 3310 5368 artiﬁciosa
3338 5311 3511 5382 dispo-

1942 5410 2137 5465 sitione
2167 5412 2516 5477 componunt.

2010 5501 2126 5557 Hos
2165 5501 2345 5570 itaque
2372 5499 2552 5569 apices
2578 5497 2724 5555 velut
2753 5494 3087 5552 encbiridion
3114 5508 3281 5549 vesm
3309 5492 3495 5564 sagaci
3519 5522 3524 5527 -

248 5600 545 5673 viduisque
571 5608 630 5656 et
654 5601 915 5670 orphanis
942 5609 1106 5670 atque
1136 5586 1464 5671 pauperibus
1486 5598 1643 5668 juxta
1677 5610 1840 5653 cano—
1950 5606 2031 5650 tas
2058 5593 2254 5665 ingenii
2282 5592 2478 5662 sapius
2505 5589 2926 5669 transcurrendo
2953 5585 3216 5657 perlegat,
3253 5592 3524 5655 quatenus

238 5706 353 5750 nes
376 5693 748 5763 provisionem
792 5691 1114 5761 condignam
1143 5691 1375 5762 primum
1406 5688 1718 5759 impendant
1743 5728 1758 5756 ,
1786 5694 1841 5749 et
1946 5685 2158 5743 facilius
2185 5684 2614 5741 animadvertere
2643 5681 2815 5753 possit
2838 5690 3041 5751 quanta
3076 5677 3218 5732 tnala
3242 5677 3431 5734 malis.
3467 5683 3521 5730 et

619 5783 897 5845 PATBOL.
944 5778 1105 5844 CIII.

3088 5768 3151 5831 11
