3982 6198
420 345 517 405 δἐι

1778 297 2076 373 ‘ssoULu
2115 312 2310 369 soon

3573 294 3682 350 ὅδε

428 464 630 527 quanta
656 452 797 508 bona
831 447 986 504 bonis
1032 440 1332 498 rectoribus
1359 448 1591 504 superna
1618 439 1673 487 et
1702 431 1883 486 divina
1914 430 1999 501 ju-
2027 434 2077 491 Λ
2104 432 2390 479 noscentes
2413 421 2638 493 gloriam
2667 435 2851 489 regum
2879 432 2998 471 esse
3027 412 3351 483 investigare
3371 423 3684 465 sermonem

1366 526 1411 527 ,,
1876 520 1914 527 ..ιι
2196 518 2232 527 κ
2276 517 2286 527 .
2421 516 2432 527 ι
2516 515 2546 527 ,o
2735 512 2747 524 ι
2826 519 2841 527 -
2878 508 3127 527 κμε-..-μη
3173 514 3249 527 --ι
3286 523 3297 527 -
3344 503 3557 527 ΠΑ--2ΑΙΑ
3596 519 3652 527 ρ-

430 520 577 602 stitia
614 539 890 612 rependat.
924 535 996 591 Ut
1031 532 1177 589 enim
1207 526 1449 599 reprobis
1493 530 1786 594 praesentes
1833 520 2003 577 olfen-

2103 529 2153 575 et
2196 517 2291 572 Dei
2320 515 2673 585 sapientiam,
2704 512 2846 573 sicut
2873 508 3132 578 scriptum
3169 514 3255 561 est
3286 523 3298 558 :
3333 503 3557 558 Posside
3591 519 3684 557 sa-

432 596 631 701 sitines,
668 596 1023 693 calamitates,
1054 596 1413 696 captivitates,
1444 615 1676 671 ﬁliorum
1714 613 2017 676 orbitates;
2101 611 2375 683 pientiam,
2410 606 2616 679 posside
2652 604 2985 677 prudentiam
3019 599 3335 671 principium
3379 596 3690 667 sapientiiv;

433 728 731 783 amicorum
758 733 968 791 strages
993 758 1009 785 ,
1056 717 1269 786 frugum
1296 710 1635 775 sterilitates,
1666 704 2003 779 pestilentias

436 815 827 880 intolerabiles,
880 814 1077 868 breves
1127 818 1181 864 et
1228 805 1471 860 infelices
1527 802 1670 864 dies,
1723 798 2007 853 diuturnas

435 909 834 983 a‘grotationes,
881 911 1087 961 mortes
1123 898 1406 970 pessimas,
1452 902 1507 950 et
1541 894 1763 962 insuper
1804 897 2007 943 {eterna

436 979 695 1072 supplicia
721 993 998 1058 retribuit;
1030 991 1102 1045 ita
1139 1004 1170 1045 e
1202 994 1391 1043 contra
1415 984 1581 1054 justis
1605 990 1661 1038 et
1688 979 1891 1038 sanctis
1919 995 2007 1034 re-

437 1069 677 1148 ctoribus
704 1085 871 1141 multa
902 1084 955 1137 in
981 1078 1233 1152 praesenti
1264 1075 1477 1141 solatia,
1501 1072 1812 1129 divitiarum
1838 1069 2011 1122 abun-

439 1184 700 1245 dantiam,
741 1174 1136 1246 triumphorum
1177 1168 1426 1241 gloriam,
1456 1164 1609 1235 pacis
1645 1159 2008 1229 tranquillita-

443 1286 571 1338 tem,
600 1269 915 1341 praeclaram
961 1261 1162 1319 sobolis
1209 1257 1463 1322 indolem,
1501 1253 1700 1310 multos
1736 1258 1792 1305 et
1829 1248 2014 1341 felices

442 1339 617 1418 annos
638 1375 702 1415 ac
728 1363 1050 1429 perpetuum
1079 1365 1305 1422 regnum
1346 1348 1402 1402 in
1443 1344 1626 1400 futuro
1646 1343 1831 1398 donat.
1878 1339 2013 1393 Nam

440 1456 580 1509 sicut
629 1450 808 1520 impiis
849 1447 963 1503 sive
1007 1457 1267 1513 prospera
1313 1440 1427 1495 sive
1456 1438 1684 1492 adversa
1725 1444 1921 1490 cuncta
1959 1431 2013 1486 in

440 1545 697 1602 exitiosos
724 1541 860 1596 fines
874 1537 1141 1616 accidunt,
1164 1534 1243 1590 sic
1266 1531 1453 1588 electis
1466 1530 1562 1586 Dei
1573 1542 1760 1584 omnes
1775 1524 2015 1581 adversi-

442 1644 581 1691 tates
626 1647 718 1687 seu
764 1627 1037 1684 fclicitatis
1063 1630 1289 1680 eventus
1334 1623 1387 1678 in
1430 1622 1629 1676 bonum
1665 1623 2016 1679 concurrunt,

441 1730 673 1781 testante
702 1717 957 1792 Apostolo
985 1716 1075 1785 qui
1109 1714 1185 1768 ait
1214 1731 1227 1766 :
1262 1711 1455 1767 Omnia
1489 1719 1664 1765 autem
1692 1713 2020 1763 concurrunt

2103 703 2278 775 arripe
2305 701 2452 755 illaut
2495 711 2544 753 ct
2577 697 2828 753 exaltabit
2854 705 2922 760 te,
2971 691 3346 766 gloriﬁcabcris
3379 689 3442 744 ab
3480 704 3542 744 ea
3569 705 3693 743 cum

2104 805 2219 851 eam
2257 794 2421 863 fueris
2462 789 2826 861 amplexatus;
2866 787 3009 841 dabit
3050 784 3210 854 capiti
3262 794 3352 836 tuo
3405 790 3693 852 augmenta

2106 883 2419 952 gratiarum,
2434 890 2480 934 et
2510 895 2701 932 corona
2722 875 2916 946 inclyta
2942 881 3170 945 proteget
3188 882 3237 926 te
3262 871 3444 945 (Prov.
3462 886 3539 936 tv,
3553 868 3694 940 5-9).

2178 991 2288 1046 llas
2319 991 2484 1063 igitur
2504 996 2650 1044 artes
2669 985 3037 1057 Omnipotenti
3059 983 3433 1053 bcncplacitas
3451 982 3698 1037 studiose

2109 1082 2435 1146 didicerunt,
2454 1079 2604 1149 juste
2621 1079 2892 1149 judicare,
2915 1073 3148 1129 humiles
3175 1090 3241 1129 ac
3260 1072 3551 1129 benevolos
3572 1087 3700 1125 esse

2108 1191 2237 1246 erga
2258 1176 2449 1239 bonos,
2473 1173 2734 1241 superbos
2754 1185 2881 1224 vero
2904 1176 2960 1223 et
2981 1168 3219 1221 invectas
3245 1166 3298 1220 in
3325 1165 3527 1229 malos;
3559 1181 3697 1234 pau-

2109 1283 2269 1338 peres
2306 1266 2471 1332 alere,
2520 1263 2780 1320 ecclesias
2828 1261 2919 1315 Dei
2972 1260 3252 1330 adjuvare,
3303 1272 3403 1312 nec
3443 1271 3594 1327 spem
3643 1255 3697 1308 in

2112 1348 2429 1413 transitorio
2473 1364 2527 1410 et
2553 1355 2757 1410 caduco
2793 1366 2960 1422 regno
2987 1364 3222 1421 ponere,
3267 1348 3363 1402 sed
3390 1348 3446 1401 in
3485 1346 3700 1401 cmirsti

2114 1460 2169 1506 et
2207 1447 2575 1519 permanentis
2619 1460 2832 1514 semper
2859 1443 3011 1514 regni
3048 1440 3382 1496 beatitudine
3415 1449 3601 1492 votum
3634 1453 3701 1492 ac

2116 1538 2442 1595 desiderium
2471 1535 2757 1591 collocare.
2804 1532 3045 1601 Quorum
3075 1527 3322 1599 exempla
3369 1535 3424 1582 et
3463 1527 3701 1595 insignia

2116 1638 2309 1702 gesta,
2367 1637 2528 1697 atque
2591 1625 2806 1681 felicem
2876 1621 3199 1677 transitoria:
3253 1618 3378 1674 vita:
3444 1631 3703 1679 cursum,

2120 1723 2339 1791 insuper
2382 1727 2599 1774 (eterna:
2645 1715 3019 1773 retributionis
3061 1712 3290 1786 gloriam
3336 1726 3436 1766 vos
3483 1723 3706 1780 semper

441 1815 495 1868 δη
526 1814 717 1868 bonum
766 1811 847 1863 Ῑιίε
882 1808 971 1878 φεῖ
1012 1801 1655 1872 ’θευηάυηιφτοροδίιωκ
1694 1797 1866 1853 “ea”
1892 1806 2014 1850 “mi
2047 1780 2092 1838 Β
2121 1827 2325 1877 amare,
2356 1810 2616 1881 cogitare,
2669 1817 2833 1878 atque
2864 1804 3088 1871 imitari,
3131 1801 3346 1861 domine
3382 1817 3504 1871 rex,
3553 1816 3705 1857 sum‘

442 1901 609 1956 sancti
642 1898 818 1972 (Rom.
847 1913 969 1961 vni,
994 1894 1108 1963 28).
1138 1893 1195 1947 In
1223 1891 1464 1948 adversis
1507 1889 1723 1960 quidem
1753 1903 1852 1956 pro
1880 1894 2016 1940 tem-
2049 1935 2056 1943 .

441 2008 575 2063 pore
606 1989 909 2054 exercitati,
946 1987 1041 2041 sed
1078 1985 1131 2039 in
1168 1982 1442 2054 prosperis
1485 1980 1823 2036 abundanter
1848 1993 1878 2032 a
1914 1978 2019 2033 Do-

443 2082 590 2136 mino
615 2078 903 2143 consolati,
936 2074 1073 2130 fastu
1105 2074 1457 2144 superborum
1487 2071 1752 2141 despecti,
1774 2070 1868 2126 sed
1906 2084 2018 2126 et»-

446 2172 568 2226 iesti
593 2169 872 2241 juvamine
893 2164 1190 2222 victoriosi.
1221 2163 1460 2231 Quorum
1488 2162 1697 2217 meritis
1721 2170 1777 2216 et
1800 2173 2016 2217 sancta-

447 2279 561 2316 rum
585 2276 805 2333 precum
830 2254 1304 2313 intercessionibus
1322 2254 1509 2307 hostes
1528 2252 1790 2321 superati,
1815 2250 2018 2322 princi-

445 2367 539 2423 pes
567 2351 729 2422 capti,
768 2351 933 2404 nr‘ccs
978 2344 1354 2401 munitissimae
1388 2342 1574 2398 fracta:
1610 2351 1737 2398 sunt
1764 2352 2017 2412 tanquam

446 2445 549 2499 tela
595 2456 806 2498 aranea:
830 2481 846 2507 ,
895 2438 1063 2495 maria
1095 2436 1316 2492 fuerunt
1354 2436 1569 2505 pervia,
1609 2435 1767 2491 fortia
1795 2451 2021 2506 qumque

444 2534 584 2589 facta
618 2537 745 2587 sunt
791 2528 1025 2593 infirma,
1062 2533 1119 2581 et
1144 2540 1264 2596 qua:
1310 2524 1520 2579 infirma
1565 2524 2020 2579 existimabantur

447 2640 571 2681 mox
596 2623 921 2679 exstiterunt
949 2617 1129 2675 fortia.
1159 2616 1266 2671 Aer
1290 2630 1504 2683 qnooue
1531 2631 1671 2685 smpe
1699 2617 1892 2681 ventis,
1922 2631 2020 2669 nu-

444 2715 603 2769 bibus
635 2719 689 2766 et
714 2710 975 2782 grandine
995 2715 1187 2762 contra
1219 2704 1449 2759 rebelles
1476 2705 1793 2769 decertavit,
1826 2705 2020 2759 ultori-

444 2807 546 2861 lius
565 2804 736 2859 aether
765 2801 980 2873 ignibus
1010 2806 1174 2869 atque
1211 2795 1464 2851 tonitruis
1490 2810 1653 2865 super
1674 2796 1856 2850 hostes
1884 2797 2021 2851 into-

447 2898 584 2963 nuit,
614 2910 832 2965 aequora
885 2891 1303 2948 violentissimas
1336 2898 1697 2949 exercuerunt
1732 2899 2021 2960 tempesta-

446 2997 547 3050 tes,
582 2984 824 3056 angciica
869 2983 1244 3039 deservierunt
1282 2980 1603 3045 ministeria,
1646 2980 1725 3035 sol
1760 2981 1884 3036 luna
1918 2999 2019 3039 caa-

445 3085 671 3144 teraque
712 3073 888 3128 sidera
922 3086 1140 3126 cursum
1167 3070 1396 3124 stabiliri
1423 3077 1743 3133 statuerunt,
1778 3077 1919 3125 terra
1941 3072 2019 3126 vi-

448 3179 544 3218 vos
566 3162 846 3232 deglutivit
874 3176 939 3217 ac
958 3170 1223 3224 mortuos,
1245 3159 1315 3213 ab
1340 3159 1524 3215 inferis
1550 3160 1739 3215 eadem
1760 3163 2017 3218 evomuit.

449 3253 650 3309 Omnes
686 3253 829 3308 enim
858 3260 1121 3309 creatum
1150 3251 1230 3305 eis
1254 3259 1412 3305 erant
1446 3251 1720 3321 subjectae,
1764 3254 2017 3324 quoniam

447 3343 551 3414 ipsi
587 3342 829 3400 Creatori
854 3343 1040 3408 corde,
1077 3342 1245 3396 verbo
1266 3350 1317 3395 et
1349 3355 1513 3411 apere
1541 3341 1739 3396 subditi
1771 3357 2020 3412 perman-

449 3444 653 3489 serunt.
678 3433 886 3506 Quippe
914 3449 1142 3505 quorum
1166 3441 1283 3488 erat
1310 3441 1555 3488 sanetum
1585 3432 1818 3488 studium
1845 3435 2013 3491 Deum

448 3519 644 3578 timere
684 3522 843 3578 simul
870 3531 925 3580 et
968 3538 1189 3589 amare,
1233 3537 1386 3579 sacra
1425 3525 1757 3595 perscrutari
1782 3525 2017 3598 eloquia,

526 3671 551 3700 ι
583 3655 897 3728 Sequuntur
922 3658 975 3712 in
1007 3658 1207 3713 Sedulii
1239 3658 1424 3714 codice
1455 3658 1722 3727 poematia
1753 3675 1806 3713 χι
1838 3660 2022 3715 brevia

452 3731 520 3799 de
547 3728 856 3799 virtutibus.
903 3728 1105 3783 Deinde
1136 3730 1199 3783 de
1247 3729 1391 3784 vitiis
1421 3730 1687 3799 pocmazia
1731 3745 1783 3783 χ.
1818 3729 2023 3785 Cuncta

453 3795 603 3870 hair,
627 3798 752 3868 quia
777 3814 952 3869 neque
981 3800 1220 3854 auctoris
1254 3795 1437 3869 neque
1455 3800 1632 3870 aetatis
1662 3807 1843 3870 notam
1881 3815 2023 3870 pra:-

455 3861 717 3942 seforunt,
738 3861 882 3942 nunc
904 3878 1053 3942 certe
1075 3861 1384 3942 omittenda
1397 3885 1558 3942 censu
1568 3869 1724 3942 imus.
1744 3861 2027 3942 Postremo

454 3937 694 3993 earniina
738 3938 792 3992 in
831 3938 1053 4008 basilica
1084 3938 1324 3992 Romana
1354 3938 1537 4008 Sancti
1575 3937 1721 3993 Petri
1750 3940 1876 3993 olim
1900 3954 2025 4008 pro-

455 4008 673 4088 stantia,
709 4022 830 4128 qluze
852 4006 1035 4061 videre
1060 4015 1143 4060 est
1173 4008 1310 4074 apud
1338 4006 1651 4071 Craterum,
1679 4010 1820 4063 inter
1848 4006 2020 4080 epigr.

455 4076 685 4128 Christ”
775 4114 788 4127 .
834 4075 900 4128 Il.
928 4083 1067 4128 Dart.
1101 4091 1140 4126 ι.
1183 4075 1289 4128 Sed
1320 4092 1487 4128 pauca
1516 4078 1761 4128 mundam
1790 4093 1890 4128 nec
1928 4079 2014 4128 ibi.

455 4076 685 4141 Christ.,
727 4075 806 4146 T.
834 4075 900 4138 Il,
928 4083 1067 4146 part.
1093 4091 1140 4146 Δι.
1183 4075 1289 4129 Sed
1320 4092 1487 4146 pauca
1516 4078 1761 4146 qumdam
1790 4075 1897 4131 nec
1928 4075 2014 4142 ibi,

454 4159 630 4216 neque
666 4145 813 4216 apud
854 4142 1041 4216 mé__in
1090 4142 1335 4216 inscript:
1388 4142 1622 4209 Christ,
1665 4145 1864 4216 Seript.
1914 4158 2021 4206 vet.

457 4161 630 4264 neqlue
665 4161 813 4223 apud
854 4161 942 4222 me
988 4161 1041 4195 in
1090 4161 1332 4211 lnSCl‘lpt.
1388 4161 1622 4209 umsu,
1665 4161 1864 4216 Seript.

457 4220 497 4258 ι..
585 4252 600 4278 ,
627 4213 846 4267 Videbar
875 4212 1005 4266 mihi
1044 4212 1300 4282 reperire,
1330 4230 1449 4282 quze
1474 4216 1547 4268 ita
1575 4230 1634 4269 se
1655 4216 1852 4270 habent
1881 4234 1893 4269 :

768 4303 820 4357 ί.
862 4301 928 4357 In
967 4304 1148 4357 dextro
1181 4304 1315 4358 atrio
1344 4307 1511 4359 sancti
1547 4305 1711 4360 Petri.

525 4393 839 4466 ingrediens
867 4394 1111 4463 quisquis
1140 4393 1401 4450 radiantis
1434 4395 1617 4449 limina
1660 4396 1857 4466 templi,

522 4462 579 4535 in
600 4462 782 4535 varias
812 4462 1032 4535 operum
1065 4480 1273 4534 speetes
1302 4465 1425 4519 dum
1444 4466 1655 4519 lumina
1687 4462 1880 4533 ten—dis,

525 4533 794 4589 Inclusum
827 4533 1025 4588 mirare
1062 4533 1202 4588 diem
1233 4534 1435 4604 fulgore
1473 4537 1713 4603 perenni.

526 4604 984 4686 Cuncta‘micant‘,
1015 4605 1060 4659 si
1089 4604 1180 4659 lux
1210 4613 1320 4686 tota
1350 4605 1642 4686 inmittatur
1669 4607 1719 4659 in
1747 4605 1885 4660 aula.

526 4673 751 4757 anavit
777 4673 973 4743 prwsul
998 4675 1331 4731 venerandas
1361 4675 1720 4757 Symmachus
1750 4680 1764 4695 '
1787 4678 1954 4742 uades,

525 4743 818 4815 Priscaque
840 4754 1117 4799 cesserunt
1150 4759 1344 4815 magno
1376 4743 1592 4801 virtutis
1618 4747 1840 4802 honore.

2121 1920 2339 1975 mopere
2364 1904 2536 1958 decet.
2575 1900 2668 1955 Sic
2710 1900 2855 1955 enim
2903 1897 3163 1954 Dominus
3202 1895 3549 1965 omnipotens
3595 1892 3706 1948 erit

2121 2003 2305 2051 custos
2332 2003 2387 2049 et
2417 1992 2670 2047 defensor
2697 1999 2875 2044 vester
2903 1997 3091 2043 contra
3125 2002 3316 2042 omnes
3358 1985 3706 2040 adversaries

2120 2094 2329 2142 vestros
2348 2125 2361 2151 ,
2398 2099 2535 2154 quos
2560 2080 2847 2151 magnifica
2883 2078 3123 2149 potentia
3151 2092 3249 2133 sua
3282 2083 3530 2135 conteret
3553 2074 3705 2144 pedi—

2120 2180 2223 2234 bus
2260 2176 2455 2233 vestris
2476 2215 2491 2241 ,
2531 2173 2617 2230 vel
2643 2172 2836 2228 bellico
2873 2186 2967 2227 seu
3002 2169 3155 2240 pacis
3181 2167 3306 2238 jure
3336 2165 3609 2236 subjiciet,
3649 2174 3705 2218 et

2121 2279 2321 2321 corona
2350 2261 2537 2333 gratia:
2577 2274 2687 2314 suae
2712 2272 2808 2312 vas
2846 2256 2901 2310 in
2948 2254 3199 2310 omnibus
3244 2250 3543 2313 adornabit,
3581 2249 3705 2303 dies

2120 2362 2331 2408 vestros
2359 2367 2481 2406 cum
2510 2348 2766 2404 felicitate
2794 2355 2849 2401 et
2876 2345 3045 2417 gloria
3075 2345 3127 2398 in
3160 2344 3263 2399 hoc
3299 2341 3494 2396 swcuio
3518 2352 3705 2394 exten-

2122 2446 2277 2509 dens,
2315 2452 2477 2513 atque
2500 2439 2771 2509 justorum
2799 2436 3073 2493 consortio
3111 2449 3295 2505 regum
3325 2433 3416 2502 qui
3448 2430 3557 2485 Deo
3584 2430 3706 2502 pla-

2123 2544 2349 2591 cuerunt
2380 2536 2433 2588 in
2470 2543 2726 2605 perpetua
2754 2529 3012 2584 felicitate
3047 2527 3404 2582 constituens.
3445 2523 3513 2579 Et
3541 2532 3703 2577 erunt

2120 2628 2221 2698 [itii
2251 2627 2326 2680 tui
2356 2627 2489 2679 sicut
2520 2622 2734 2678 novellw
2759 2621 3016 2675 olivarum
3041 2619 3097 2673 in
3131 2618 3353 2671 circuitu
3384 2633 3575 2671 mensa!
3595 2625 3703 2668 tute

2124 2716 2294 2787 (Pani.
2331 2731 2532 2779 cum,
2579 2712 2655 2784 5).
2701 2711 2977 2766 Sedebant
2999 2718 3120 2779 post
3162 2723 3258 2762 vos
3293 2708 3347 2762 in
3386 2706 3519 2762 solio
3550 2705 3703 2775 regni

2121 2808 2310 2865 vestri.
2358 2806 2517 2861 Dabit
2560 2804 2639 2859 eis
2677 2803 2975 2874 longzevam
3012 2801 3064 2855 in
3106 2801 3209 2855 hoc
3240 2798 3440 2853 mundo
3487 2804 3743 2851 aetatem.

2122 2902 2328 2959 scilicet
2352 2917 2416 2955 ac
2440 2900 2773 2964 felicitatem,
2800 2897 2845 2952 si
2870 2896 2923 2950 in
2948 2895 3049 2949 viis
3074 2892 3286 2949 Domini
3310 2888 3705 2945 ambulaverint

2121 3004 2284 3068 atque
2332 2994 2584 3049 mandata
2633 2991 2801 3063 ipsius
2849 2987 3236 3052 custodierint;
3300 2986 3520 3053 insuper
3572 2997 3703 3036 vero

2122 3101 2346 3159 regnum
2392 3083 2672 3149 caelorum,
2702 3088 2971 3152 potestate
2999 3086 3054 3134 et
3096 3077 3271 3149 gratia
3316 3075 3617 3130 Salvatoris
3645 3084 3702 3128 et

2126 3178 2339 3233 Domini
2381 3175 2553 3232 nostri
2581 3175 2709 3230 Jesu
2735 3173 2971 3239 Christi,
2998 3171 3087 3227 cui
3111 3178 3192 3227 est
3227 3185 3421 3241 perpes
3457 3165 3627 3239 gloria
3650 3177 3714 3221 et

2125 3274 2366 3338 potestas
2392 3282 2514 3322 eum
2539 3266 2699 3321 Patre
2743 3271 2797 3319 et
2828 3262 3034 3333 Spiritu
3071 3269 3259 3317 saneto
3288 3260 3339 3315 in
3372 3257 3565 3316 saecula
3602 3271 3710 3313 sa“—

2124 3357 2392 3414 culorum.
2421 3356 2614 3412 Amen.

2246 3499 2477 3572 Explicit
2507 3497 2754 3555 Sedulius
2777 3497 2842 3552 de
2873 3494 3180 3551 Reetoribus
3202 3492 3518 3548 Christianis
3546 3502 3597 3542 κ.

2373 3658 2427 3713 2.
2466 3656 2533 3711 1η
2553 3673 2679 3711 area
2701 3671 2858 3727 super
2887 3670 3075 3726 corpus
3095 3653 3264 3708 sancti
3298 3649 3461 3707 Petri.

2306 3784 2529 3825 IUHNUS
2564 3780 2853 3822 IUVENTIUS
2894 3779 3096 3822 GALLUS
3126 3778 3221 3819 VIR
3250 3774 3526 3817 IKLUSTBIS

2693 3852 2935 3891 ΕΣΡΒᾹΈ.
2987 3850 3139 3889 URBIS

2200 3927 2301 3967 PRO
2330 3924 2622 3965 BENEFICHS
2644 3923 2828 3963 DOIIIM
2857 3920 3165 3961 APOSTOLICI
3202 3919 3384 3959 γοτωι
3420 3917 3634 3959 εοινιτ.

2126 4023 2180 4077 5.
2220 4022 2287 4076 1η
2316 4022 2486 4091 fronte
2529 4021 2673 4091 foras
2696 4020 2754 4074 in
2786 4018 3007 4091 ecclesia
3040 4017 3225 4074 Sancti
3263 4017 3429 4091 Petri,
3459 4016 3549 4071 ubi
3575 4032 3710 4085 qva-

2323 4088 2445 4145 tuor
2469 4088 2724 4145 animalia
2747 4090 2885 4143 circa
2909 4088 3176 4144 Christum
3200 4098 3321 4144 sunt
3341 4088 3506 4158 picta.

2199 4218 2521 4256 IABINIAKUS
2547 4217 2635 4255 VIR
2662 4216 2936 4255 INLUSTBIS
2967 4216 3211 4255 EXPB£F.
3241 4216 3311 4255 ΕΤ
3331 4215 3478 4254 coss.
3505 4213 3629 4256 OBD.

2499 4287 2602 4325 εωι
2643 4286 2929 4325 ANASTASIA
2972 4286 3079 4325 INL.
3121 4286 3316 4325 FEHINA

2130 4357 2321 4394 DEBITA
2366 4357 2505 4395 VOTA
2547 4356 2859 4395 BEATISSIMO
2899 4356 3071 4394 PETRO
3107 4356 3373 4395 APOSTOLO
3414 4354 3704 4393 PEBSOIJ'IT

2271 4426 2386 4473 ρυιε
2428 4426 2676 4465 PBZZCIDUS
2714 4427 2858 4465 ΡΑΡιΕ
2896 4426 3081 4465 LEONIS
3120 4425 3382 4465 INVOCA'I'A
3424 4426 3559 4465 SUNT

2670 4497 2842 4544 Ατρυε
2874 4497 3067 4536 Ρειιςες
3076 4499 3140 4535 ΤΔ
3150 4521 3164 4535 .

2194 4666 2261 4727 (⁸)
2285 4664 2375 4715 Hic
2400 4667 2537 4716 vides
2560 4669 2923 4729 epigrammatis
2945 4673 3159 4719 atatem.

1423 4990 2126 5108 SEDULII
2199 4991 2707 5107 SCOTI

530 5194 1376 5289 EXPLANATIONES
1446 5195 1552 5275 IN
1619 5194 2340 5274 Pii/EFATIONES
2414 5197 2777 5276 SANCTI
2847 5199 3429 5279 HIERONYMI
3496 5204 3631 5281 AI)

592 5308 611 5323 ‘
1779 5300 2383 5377 EVAD’GELIA.

1919 5431 2073 5496 (nar,
2101 5431 2243 5494 ibid.)

536 5614 580 5665 i.
618 5608 929 5666 Beatissimo
955 5628 1103 5682 papa'
1132 5610 1364 5665 Damaso
1398 5608 1769 5679 Hieronymus.
1817 5607 2022 5662 Novum
2050 5609 2102 5668 D
2129 5607 2540 5679 Evangeliornm
2577 5608 2824 5664 volumea
2858 5610 3100 5667 Romam
3138 5630 3387 5671 sermone
3431 5621 3597 5672 vanis
3650 5631 3707 5675 et

458 5720 589 5768 Opus
618 5720 695 5756 me
731 5711 896 5779 facere
921 5720 967 5756 c.
996 5721 1041 5756 c.
1071 5722 1114 5758 υ.
1163 5704 1423 5759 Damasus
1458 5719 1591 5772 papa
1630 5720 1749 5757 cum
1797 5720 1845 5772 qr
1869 5712 2026 5757 atuor

2131 5700 2273 5754 inter
2316 5713 2373 5754 se
2423 5699 2850 5754 discordantibus
2900 5705 3297 5772 ezetnplarilms
3338 5720 3708 5776 p:?.'5p."th$€.“
