3982 6198
186 348 305 382 ξκτ

434 360 439 364 ο
936 349 1233 412 EXPLAN.
1275 357 1341 411 IN
1378 355 1883 415 PltzEFATIONES
1926 359 1982 415 s.
2016 312 2304 417 amnes.
2341 361 2433 417 an
2463 361 2712 420 suae.

3360 372 3467 424 ’ὀπί

188 469 369 526 fuisse
391 468 782 539 conscriptum,
812 478 1064 526 sanetum
1111 469 1498 543 Hieronymum
1544 471 1633 542 pia
1666 470 1784 540 ius—
1810 471 2133 534 Averitatis
2185 488 2347 546 sapor
2397 475 2704 546 gratissime
2757 477 3152 548 percipiendus.
3212 481 3420 537 Arbiter
3448 526 3463 543 .

188 562 355 617 sione
382 561 453 617 ad
477 561 585 617 hoc
613 560 895 632 compulit,
934 570 1202 633 quatenus
1245 578 1343 634 per
1384 562 1728 620 collationem
1759 576 1784 605 ι

188 653 535 716 ῦτωοοι-υω,
590 652 686 707 sed
718 661 965 709 veterum
997 654 1244 710 codicum
1271 663 1576 711 correctum
1611 656 1788 711 Evan-

185 743 401 816 gelium
445 742 643 798 Latino
691 758 943 799 sermone
993 746 1379 802 conscriberet.
1418 746 1605 817 Itaque
1647 747 1786 803 tanti

190 832 446 904 praesulis
488 834 633 889 votis
665 834 856 889 beatus
898 834 1259 908 Hieronymus
1294 838 1543 907 assensit.
1575 839 1787 893 Novum

186 944 347 998 opus,
377 937 435 982 et
460 927 689 997 reliqua.
727 926 934 982 Novum
964 943 1100 998 Opus
1129 944 1188 984 se
1224 929 1403 985 facere
1433 930 1582 997 dicit,
1611 931 1788 986 Evam-

186 1017 397 1088 gelium
424 1016 638 1072 scilicet
667 1032 764 1087 per
787 1018 1097 1073 authentico
1119 1018 1432 1075 Graecorum
1454 1021 1785 1092 exemplaria

190 1116 530 1173 correctum,
567 1123 633 1163 ac
660 1107 905 1163 Romano
941 1124 1193 1165 sermone
1216 1112 1608 1182 conscriptum,
1640 1113 1787 1183 quod

190 1212 357 1253 nemo
388 1198 529 1253 alius
558 1207 686 1254 ante
712 1199 888 1268 ipsum
919 1199 1195 1255 Romanus
1217 1199 1427 1267 fecerit,
1453 1211 1509 1257 et
1538 1203 1657 1258 ideo
1682 1219 1782 1259 no-

190 1303 325 1344 vum
361 1304 503 1359 opus
530 1288 849 1359 appellatur.
902 1288 1045 1345 Satis
1073 1301 1254 1345 autem
1282 1291 1511 1347 honeste
1536 1306 1601 1347 ac
1632 1308 1785 1348 vere-

184 1378 373 1433 cunde
403 1376 666 1433 adversus
693 1376 915 1432 aemulos
941 1392 999 1432 se
1021 1385 1266 1443 excusat,
1314 1393 1439 1434 cum
1490 1395 1597 1434 non
1640 1396 1781 1450 pra:-

188 1467 495 1537 sumptiosa
529 1466 831 1522 temeritate
855 1467 882 1506 b
909 1482 968 1522 se
990 1468 1093 1523 hoc
1121 1466 1335 1536 fecisse,
1361 1469 1456 1525 sed
1479 1470 1782 1526 beatissimi

185 1573 346 1628 papae
392 1556 643 1626 iussione
671 1564 921 1611 coactum
959 1571 1017 1611 se
1051 1557 1121 1612 ad
1161 1557 1266 1612 hoc
1309 1573 1445 1628 opus
1486 1560 1784 1617 accessisse

188 1656 494 1703 asseveret.
524 1646 701 1718 Cogis,
732 1663 832 1718 pro
860 1662 925 1703 eo
947 1650 1090 1718 quod
1114 1657 1199 1704 est
1229 1651 1475 1722 coegisti,
1498 1667 1596 1722 per
1623 1654 1783 1709 chro-

188 1741 410 1796 uismon
437 1740 678 1811 positum
707 1755 830 1797 esse
859 1741 1118 1811 intellige,
1142 1757 1251 1811 quo
1271 1745 1546 1800 schemate
1565 1745 1779 1800 diversa

1891 563 2294 632 comprobator.
2342 563 2455 621 Hoc
2482 567 2646 621 distat
2670 566 2813 621 inter
2833 565 3069 637 iudicem
3101 579 3155 627 et
3181 573 3464 645 arbitrum,

1890 652 2032 721 quod
2066 652 2268 723 iudicis
2312 653 2546 709 ofﬁcium
2596 665 2680 711 est
2713 659 2974 713 damnare
3024 658 3109 714 vel
3140 661 3420 721 absolvere
3450 706 3469 732 ,

1887 740 2077 794 arbitri
2109 756 2237 797 vero
2262 742 2620 798 ministerium
2657 753 2742 800 est
2773 746 2974 815 aliquid
3001 747 3202 821 eligere
3252 752 3338 808 vel
3385 770 3475 810 rc—

1889 830 2084 886 futare.
2122 829 2363 901 Variani,
2397 836 2727 903 discordant,
2768 839 3095 910 discrepant.
3135 843 3428 902 Dccernam
3452 888 3469 914 ,

1888 921 2174 993 diiudicem
2200 964 2216 990 ,
2267 928 2634 995 comprobem.
2672 927 2802 983 Pius
2830 928 3015 997 labor,
3054 933 3144 987 sed
3174 935 3470 1004 periculosa

1886 1029 1939 1081 p.
1987 1013 2026 1066 i.
2073 1012 2129 1065 d.
2179 1031 2225 1067 c.
2272 1014 2311 1068 i.
2351 1034 2401 1069 α.
2432 1034 2486 1070 ο.
2520 1018 2557 1071 i.
2600 1016 2747 1088 Opus
2779 1020 2997 1090 pietatis
3019 1033 3101 1077 est
3145 1024 3467 1097 Evangelica

1886 1105 2052 1159 verba
2079 1104 2289 1160 cunctis
2337 1106 2617 1163 erroribus
2661 1110 2953 1166 eradicatis
2997 1127 3333 1183 expurgare;
3374 1118 3472 1171 sed

1887 1201 2147 1261 quantum
2177 1195 2243 1250 ad
2273 1197 2504 1251 toxicum
2534 1198 2851 1254 :cmulorum
2882 1200 3137 1257 invidiam
3188 1204 3468 1275 imperito-

1887 1298 2115 1353 rumque
2161 1283 2423 1353 judicium
2476 1288 2689 1355 attinet,
2732 1290 2789 1345 in
2846 1291 2949 1347 hoc
2978 1295 3281 1364 periculosa
3334 1314 3469 1369 pne-

1886 1376 2121 1446 sumptio
2167 1392 2289 1431 esse
2334 1378 2576 1445 videtur,
2611 1380 2753 1451 quod
2780 1383 2846 1437 de
2877 1383 3103 1438 aliorum
3154 1388 3374 1458 scriptis
3413 1399 3469 1444 ct

1883 1468 2166 1523 erroribus
2209 1469 2325 1540 ipse
2347 1468 2556 1538 iudicet
2580 1489 2594 1538 ;
2639 1471 2793 1542 cujus
2815 1491 3013 1531 novum
3035 1493 3190 1549 opus,
3220 1484 3471 1551 quamvis

1884 1554 2085 1611 Graecre
2112 1558 2330 1612 veritati
2368 1569 2822 1629 consentaneum,
2873 1566 2940 1621 ab
2992 1569 3246 1625 omnibus
3287 1571 3471 1643 legen-

1881 1647 2027 1703 tibus
2052 1649 2153 1702 erit
2174 1647 2550 1718 iudicandum.
2598 1652 2717 1709 Non
2758 1656 2901 1725 quod
2943 1673 3130 1714 revera
3157 1663 3463 1731 periculosa

1879 1742 2231 1813 praesumptio
2280 1744 2335 1797 in
2376 1744 2479 1799 hoc
2524 1744 2614 1815 pio
2655 1745 2843 1803 labore
2880 1757 3064 1815 esset,
3109 1768 3232 1808 cum
3284 1754 3465 1810 nullus

186 1842 439 1903 tempora
471 1847 573 1903 pro
600 1831 725 1888 aliis
757 1835 1093 1905 temporibus
1143 1843 1438 1905 ponuntur.
1480 1836 1569 1890 Ex
1590 1838 1778 1892 reteri.
1808 1823 1857 1883 B
1885 1831 2249 1900 reprehensor
2277 1833 2526 1889 veritatis
2553 1838 2810 1892 sectatori
2838 1836 3210 1897 formidandus
3245 1845 3336 1910 sit,
3362 1848 3464 1903 nisi

187 1922 272 1977 Ex
294 1936 364 1977 eo
384 1922 527 1992 quod
555 1929 642 1977 est
666 1937 821 1992 opus,
847 1937 947 1993 per
972 1923 1249 1994 syllemsin
1275 1965 1291 1989 ,
1315 1940 1478 1996 opere
1499 1942 1782 1982 assumen-

190 2013 319 2067 dum
343 2018 432 2068 est
453 2052 471 2078 ,
502 2019 563 2066 ut
591 2011 748 2082 plena
774 2014 1107 2069 constructio
1139 2013 1269 2068 fiat:
1294 2030 1493 2071 novum
1522 2031 1657 2086 opus
1691 2032 1781 2072 me

186 2104 343 2175 cogis
367 2102 554 2159 facere
574 2118 639 2159 cx
671 2105 843 2160 veteri
872 2119 1055 2175 opere.
1081 2106 1458 2163 Vetusautem
1479 2122 1614 2180 opus
1649 2109 1780 2164 dicit

182 2198 568 2254 authenticum
597 2197 876 2268 quodlibet
902 2198 1250 2269 Evangelium
1293 2198 1485 2255 Graeco
1528 2215 1779 2257 sermone

186 2286 562 2357 conscriptum
580 2326 597 2353 ,
626 2299 695 2341 ex
724 2300 834 2357 quo
869 2301 1068 2342 novum
1099 2302 1236 2358 opus
1261 2304 1443 2355 suum,
1473 2298 1778 2346 correctum

186 2376 440 2434 videlicet
467 2377 818 2449 Evangelium
861 2385 917 2433 et
961 2377 1152 2459 Latine.
1181 2381 1577 2451 conscriptum,
1607 2396 1666 2437 se
1698 2381 1779 2437 fa-

179 2484 310 2524 cere
334 2475 592 2523 coactum
622 2475 874 2524 testatur.
908 2468 1061 2525 Unde
1091 2478 1237 2526 recte
1264 2471 1513 2527 subditur
1540 2490 1552 2525 :
1586 2481 1641 2527 ut
1658 2480 1777 2543 post

180 2558 513 2630 exemplaria
560 2556 957 2630 Scripturan
991 2568 1032 2614 ι.
1067 2576 1118 2615 o.
1148 2560 1203 2615 d.
1234 2577 1286 2632 q.
1318 2578 1372 2633 q.
1415 2579 1468 2616 α.
1504 2578 1549 2617 s.
1587 2562 1779 2618 Exem-

185 2647 360 2720 plaria
397 2659 420 2686 ε
453 2646 591 2702 dicit
629 2664 737 2704 non
778 2648 952 2704 solum
982 2648 1217 2715 Graecos,
1254 2652 1349 2707 sed
1384 2651 1547 2707 etiam
1579 2651 1777 2707 Roma-

186 2760 284 2800 nos
305 2742 728 2813 Evangeliorum
750 2743 967 2799 codices
991 2760 1006 2810 ;
1031 2760 1208 2815 neque
1237 2745 1411 2801 solum
1435 2747 1778 2802 authenticos

185 2843 351 2907 atque
379 2848 570 2899 veros,
606 2834 704 2889 sed
730 2833 895 2888 etiam
924 2850 1092 2890 novos
1113 2843 1278 2905 atque
1304 2835 1525 2891 vitiatus
1558 2836 1729 2893 libros
1758 2878 1773 2903 ,

184 2935 241 2981 et
264 2925 511 2982 maxime
536 2926 594 2981 in
622 2924 816 2981 Latino
849 2940 1097 2981 sermone
1122 2925 1481 2996 conscriptos,
1507 2927 1598 2996 qui
1635 2927 1776 2996 apud

180 3018 370 3072 varias
406 3016 659 3071 nationes
693 3016 978 3086 utriusque
1011 3015 1209 3085 linguae
1258 3030 1358 3086 per
1387 3023 1557 3071 totum
1604 3025 1776 3072 terra-

182 3125 307 3164 rum
336 3110 532 3164 orbem
560 3108 792 3177 dispersi
823 3116 968 3164 sunt.
999 3108 1147 3164 lnter
1173 3107 1452 3179 exemplar
1492 3116 1671 3164 autem
1721 3116 1776 3165 et

1880 1932 2141 1990 quantum
2187 1925 2255 1979 ad
2300 1924 2606 1982 invidorum
2652 1944 2853 1984 caecum
2875 1931 3139 2002 judicium
3180 1938 3461 2007 pertinet,

1878 2009 2076 2081 quibus
2103 2013 2226 2069 talis
2250 2013 2406 2069 labor
2434 2017 2591 2086 quasi
2627 2019 2936 2089 periculosa
2963 2027 3316 2095 praesumptio
3345 2043 3467 2085 esse

1878 2101 2115 2158 videtur.
2187 2103 2254 2160 Et
2309 2105 2452 2161 bene
2503 2123 2658 2162 suum
2708 2108 2949 2167 laborem
2990 2117 3462 2186 praesumptionem

1876 2194 2162 2262 nominat,
2229 2196 2370 2267 quod
2422 2199 2600 2255 nullus
2648 2209 2774 2258 ante
2819 2217 2943 2259 eum
2997 2203 3248 2261 Latinum
3289 2206 3466 2264 Evan-

1878 2285 2078 2358 gelium
2129 2301 2228 2357 per
2278 2296 2425 2345 recta
2472 2289 2789 2347 Graecorum
2835 2294 3171 2365 exemplaria
3220 2296 3300 2353 sic
3343 2314 3467 2354 cor-

1879 2377 2101 2433 rexerit.

1942 2485 2003 2541 5.
2034 2484 2189 2540 Senis
2222 2497 2432 2543 mutare
2469 2489 2724 2560 linguam.
2774 2489 3211 2563 Subintelligitur
3232 2508 3297 2548 ex
3326 2511 3465 2565 pra-

1874 2576 2198 2632 cedentibus
2222 2617 2237 2643 ,
2270 2577 2576 2648 periculosa
2619 2582 2966 2652 praesumptio
3005 2589 3106 2638 est.
3156 2582 3313 2639 Senis
3360 2585 3465 2639 lin-

1877 2682 2039 2738 guam
2063 2675 2292 2735 mutare,
2310 2677 2393 2724 est
2417 2669 2705 2739 cujuslibet
2730 2672 2983 2728 catholici
3004 2674 3150 2728 senis
3169 2673 3460 2743 loquelam,

1874 2758 2038 2831 longo
2070 2775 2172 2816 usu
2201 2760 2255 2815 in
2286 2761 2436 2816 vitiis
2459 2761 2643 2817 tritam
2672 2772 2729 2819 et
2753 2765 3011 2820 usitatam
3037 2805 3051 2831 ,
3082 2764 3376 2822 infamare
3398 2784 3463 2824 ac

1876 2849 2184 2907 meliorare.
2215 2849 2320 2906 Per
2354 2851 2591 2921 linguam
2638 2852 2840 2908 locutio
2886 2854 2971 2909 vel
3017 2854 3232 2925 loquela
3260 2855 3465 2911 intelli-

1877 2941 2038 3011 gitur.
2087 2942 2145 2997 ln
2181 2943 2327 3013 quod
2368 2953 2551 2999 autem
2608 2945 2725 3016 ipsa
2763 2944 2948 3017 lingua
2979 2947 3180 3001 mutari
3224 2946 3460 3015 debeat,

1878 3031 2154 3104 subiungit
2181 3052 2195 3087 :
2224 3042 2275 3088 et
2303 3043 2663 3089 canescentem
2690 3034 2941 3089 mundam
2968 3035 3037 3089 ad
3060 3037 3097 3089 i.
3127 3053 3173 3088 r.
3199 3054 3251 3106 ρ.
3282 3037 3349 3091 Et
3377 3046 3464 3092 est

1878 3137 2071 3179 sensus
2112 3140 2126 3177 :
2166 3139 2272 3179 non
2317 3139 2502 3194 parvae
2523 3123 2853 3180 difﬁcultatis
2878 3134 2980 3191 est,
3022 3126 3117 3181 sed
3143 3126 3463 3195 periculosa:

182 3203 433 3259 codicem
462 3201 568 3256 hoc
594 3201 859 3267 interest,
887 3200 1029 3270 quod
1059 3199 1227 3256 codex
1257 3201 1328 3256 sit
1355 3198 1471 3268 iam
1509 3201 1771 3272 scriptum

1880 3215 2311 3287 praesumptionis
2339 3232 2460 3273 esse
2486 3218 2698 3272 videtur
2719 3256 2735 3282 ,
2764 3224 2822 3270 ut
2848 3232 3144 3272 canescens
3186 3218 3417 3273 mundus
3443 3258 3487 3283 ,.

181 3293 472 3365 quodlibet
525 3291 807 3358 volumen,
849 3292 1060 3347 etiamsi
1096 3308 1164 3347 ex
1202 3292 1320 3364 ipso
1362 3293 1549 3349 codice
1598 3294 1777 3351 adhuc

183 3383 320 3439 nihil
345 3383 659 3448 scribatur;
700 3398 825 3437 cum
851 3397 976 3437 vero
1005 3397 1072 3437 ex
1120 3382 1236 3452 ipso
1276 3382 1415 3439 alter
1439 3383 1609 3440 codex
1635 3383 1776 3441 scri-

185 3476 386 3540 batur,
428 3486 564 3530 tune
607 3474 884 3544 exemplar
931 3489 1052 3530 esse
1094 3474 1304 3545 incipit.
1355 3474 1506 3532 Multi
1560 3491 1777 3549 quoque

184 3567 436 3630 codices,
470 3565 524 3621 id
551 3573 636 3620 est
662 3565 848 3620 decem
877 3564 962 3619 vel
1001 3572 1219 3620 centum
1250 3580 1343 3621 seu
1372 3565 1578 3636 plures,
1606 3583 1776 3623 unum

182 3656 471 3726 exemplar
498 3654 759 3726 appellari
788 3662 1038 3725 possunt,
1061 3653 1106 3708 si
1142 3668 1301 3708 sensu
1328 3654 1616 3725 verbisque
1641 3653 1775 3709 nihil

190 3746 523 3818 discrepent.
552 3744 737 3801 Codex
775 3759 905 3801 vero
944 3744 1161 3800 nonnisi
1186 3760 1350 3800 unum
1382 3745 1634 3802 volumen
1678 3761 1774 3802 no-

186 3841 453 3894 minatur.

260 3952 318 4007 2.
347 3950 592 4006 Sedeam.
616 3949 751 4005 Cum
765 3950 997 4021 iacendo
1014 3950 1099 4007 vel
1119 3952 1312 4007 stando
1334 3951 1424 4007 vel
1452 3949 1773 4008 recumben-

186 4038 261 4094 do
307 4047 531 4094 sanctus
569 4039 733 4093 homo
758 4054 885 4094 vera
915 4055 945 4093 a
970 4038 1120 4096 falsis
1155 4040 1464 4096 discernere
1489 4040 1685 4110 possit,
1718 4040 1773 4095 in

187 4131 300 4186 hoc
323 4130 468 4200 quod
495 4128 629 4184 dicit
652 4128 886 4194 sedeam,
909 4129 1141 4199 dignitas
1167 4130 1336 4184 sancti
1361 4129 1464 4184 viri
1479 4128 1775 4198 iudicantis

184 4221 519 4277 ostenditur.
550 4218 663 4274 Cur
686 4227 866 4274 autem
887 4219 1162 4274 variorum
1200 4220 1591 4291 exemplarium
1629 4221 1775 4276 arbi-

187 4322 276 4366 ter
298 4311 492 4365 scdere
511 4307 756 4378 iubetur,
780 4324 1001 4364 causam
1024 4307 1302 4381 subiungit
1345 4328 1358 4365 :
1389 4319 1439 4365 et
1476 4311 1601 4382 quia
1638 4311 1774 4365 inter

186 4419 244 4455 se
282 4402 493 4455 variant
517 4417 568 4471 ᾳ.
594 4416 641 4453 s.
664 4400 705 4453 i.
734 4415 786 4469 q.
815 4415 861 4452 c.
883 4414 939 4469 g.
963 4415 1009 4453 c.
1036 4416 1082 4453 tv.
1107 4400 1161 4452 d.
1189 4398 1353 4454 Multa
1397 4416 1631 4471 namque
1661 4401 1771 4457 dis-

1874 3305 1927 3360 id
1953 3313 2037 3360 est
2056 3306 2304 3361 homines
2327 3305 2382 3361 in
2406 3306 2607 3361 mundo
2626 3314 2999 3373 canescentes,
3014 3315 3213 3362 cuncto
3228 3307 3461 3378 pristino

1873 3408 2060 3450 errore
2100 3394 2321 3451 deterso
2342 3435 2359 3462 ,
2386 3411 2586 3451 novum
2614 3405 2669 3452 et
2692 3411 2790 3466 per
2820 3412 2904 3452 me
2936 3405 3241 3452 correctum
3290 3397 3461 3452 Evan-

1874 3490 2092 3560 gelium,
2127 3490 2196 3546 ad
2246 3490 2659 3546 similitudinem
2707 3490 3055 3561 parvulorum
3083 3490 3292 3545 discere
3317 3488 3456 3543 inci-

1872 3581 2061 3651 piant;
2091 3592 2359 3650 quatenus
2381 3580 2569 3636 senilis
2600 3581 2785 3649 lingua
2818 3595 2969 3635 more
2992 3579 3187 3650 puerili
3209 3579 3278 3633 ad
3298 3587 3457 3649 recte

1873 3668 2202 3740 loquendum
2227 3671 2565 3736 instruatur;
2596 3686 2720 3725 cum
2747 3670 2936 3725 senilis
2983 3676 3114 3725 mtas
3142 3684 3254 3738 pra:
3280 3669 3459 3724 omni-

1872 3763 1974 3818 bus
1997 3763 2203 3818 tardior
2226 3762 2298 3818 sit
2323 3762 2389 3817 ad
2429 3762 2745 3817 discendum
2774 3777 2789 3827 ;
2817 3760 3145 3832 maiorisque
3174 3759 3457 3816 difﬁculta-

1872 3851 1946 3904 tis
1961 3850 2053 3916 sit,
2066 3851 2211 3906 bosa
2225 3851 2455 3921 pristino
2475 3866 2577 3906 usu
2598 3851 2667 3906 ad
2689 3849 2973 3905 veritatem
2998 3864 3278 3917 revocare,
3291 3865 3453 3922 quam

1870 3939 2009 3995 alios
2049 3938 2338 4010 cujuslibet
2372 3939 2549 3996 aetatis
2590 3939 2882 3995 instruere.
2904 3934 3049 4005 ‘Quis
3082 3940 3222 3995 enim
3246 3939 3452 4004 doctus.

1872 4039 1929 4085 et
1958 4028 2163 4100 reliqua
2187 4044 2358 4099 usque
2386 4028 2718 4101 sacrilegum.
2771 4028 2948 4100 Supra
2979 4031 3115 4087 dixit
3138 4030 3283 4101 quod
3328 4045 3456 4101 pro.

1871 4130 1993 4194 pter
2016 4121 2161 4177 hunc
2179 4138 2375 4179 novum
2397 4130 2706 4192 susceptum
2729 4121 2991 4187 laborem,
3009 4123 3077 4177 ab
3101 4122 3352 4178 omnibus
3371 4136 3458 4179 es-

1874 4220 1955 4267 set
1969 4210 2294 4280 judicandus
2319 4231 2331 4267 :
2359 4228 2502 4269 nunc
2537 4221 2822 4268 enumerat
2845 4212 2938 4282 qui
2966 4213 3074 4268 sint
3098 4213 3174 4267 illi
3201 4229 3392 4270 omnes
3418 4232 3451 4271 a

1871 4306 2069 4375 quibus
2109 4306 2222 4375 ipse
2256 4303 2529 4373 iudicetur
2554 4346 2570 4370 ,
2599 4304 2850 4360 videlicet
2881 4303 3065 4357 doctus
3089 4302 3305 4374 quilibet
3342 4306 3452 4359 sive

1871 4399 2130 4454 indoctus.
2151 4399 2377 4453 Doctum
2400 4398 2530 4452 dicit
2550 4396 2844 4467 quemlibet
2870 4396 2931 4452 in
2950 4395 3190 4450 Romano
3215 4396 3455 4466 Evange-

184 4492 473 4560 crepantia
519 4490 575 4544 in
624 4489 881 4544 Romanis
928 4489 1323 4558 exemplaribus
1359 4500 1479 4546 erat
1499 4532 1516 4558 ,
1557 4494 1769 4562 quando
1795 4516 1848 4576 Ι)
1872 4488 1964 4555 lio,
2001 4490 2249 4560 quamvis
2273 4490 2489 4554 vitioso,
2519 4488 2700 4544 verbis
2721 4503 2785 4543 ac
2810 4488 3056 4545 sensibus
3082 4489 3401 4544 instructum
3433 4506 3450 4556 ;

187 4597 333 4652 pene
359 4589 441 4636 tot
468 4581 801 4651 exemplaria
831 4588 961 4650 quot
1007 4580 1222 4636 codices
1275 4580 1523 4647 fuerant;
1555 4584 1770 4652 quando

191 4673 282 4726 vix
312 4671 452 4727 ullus
476 4672 647 4726 codex
679 4671 834 4727 alteri
857 4671 1033 4727 codici
1068 4672 1314 4737 collatus,
1339 4672 1393 4727 in
1427 4687 1590 4727 sensu
1627 4680 1682 4727 et
1719 4673 1772 4727 in

190 4765 376 4820 verbis
430 4764 817 4820 concordabat.
871 4763 1036 4833 Cujus
1087 4765 1293 4820 erroris
1336 4780 1530 4820 causas
1567 4763 1683 4834 ipse
1718 4766 1775 4820 in

196 4856 554 4924 sequentibus
599 4855 854 4910 ostendit.
905 4854 1117 4911 Idcirco
1145 4869 1363 4911 necesse
1388 4862 1508 4911 erat
1532 4855 1777 4928 diligenti

198 4946 546 5016 indagatione
570 4945 858 5012 discutere,
886 4961 1005 5015 quae
1026 4947 1135 5000 sint
1157 4947 1243 5000 illa
1269 4947 1458 5001 Latina
1503 4946 1775 5017 exempla-

195 5036 275 5090 ria
317 5050 441 5105 quae
467 5050 593 5091 cum
623 5034 809 5092 Graeca
855 5036 1188 5091 concordent
1214 5036 1479 5102 veritate;
1523 5052 1589 5093 ex
1620 5036 1773 5105 cuius

192 5126 396 5198 linguae
419 5126 660 5183 fontibus
692 5141 829 5197 pene
867 5135 980 5183 tota
1026 5128 1208 5184 divina
1239 5126 1516 5198 Scriptura
1540 5128 1591 5183 in
1620 5128 1771 5183 Lati-

195 5233 328 5273 num
357 5234 667 5274 sermonem
696 5220 957 5275 translata
980 5227 1083 5277 est.
1117 5218 1253 5274 Cum
1281 5220 1427 5276 enim
1461 5220 1592 5274 varii
1615 5218 1773 5274 rivuli

196 5309 496 5365 turbulenti
540 5324 660 5385 esse
694 5310 1001 5366 sentiuntur
1025 5351 1042 5377 ,
1098 5309 1218 5366 fons
1260 5325 1428 5382 purus
1464 5320 1548 5364 est
1589 5310 1773 5379 requi-

196 5403 421 5469 rendus,
440 5409 606 5472 atque
650 5417 719 5458 ex
757 5403 1080 5460 authenticis
1118 5400 1516 5473 exemplaribus
1550 5399 1775 5456 melleus

232 5607 242 5613 .
266 5611 299 5708 ἱ
318 5598 839 5737 (ἓξῗνῇῑιῖῗηίω
871 5599 1247 5665 interlinearis,
1278 5612 1546 5655 ceromate
1574 5599 1768 5670 probri.

270 5749 293 5777 ε
317 5738 429 5805 GL,
457 5737 589 5810 pilid
608 5745 796 5808 puoch.

1875 4579 2170 4644 indoctum,
2196 4579 2377 4634 verbis
2407 4579 2621 4648 quidem
2664 4578 2989 4648 cvangelicis
3018 4578 3279 4633 imbutum
3310 4619 3325 4643 ,
3358 4578 3454 4635 sed

1876 4669 2120 4739 mysticis
2175 4676 2230 4724 et
2272 4668 2473 4723 abditis
2523 4668 2772 4724 sensibus
2818 4668 3078 4724 doctrinae
3128 4667 3455 4739 evangelica:

1876 4761 2056 4817 minus
2085 4761 2377 4816 eruditum.
2406 4759 2508 4827 Qui
2552 4760 2770 4830 utrique
2801 4801 2816 4826 ,
2868 4775 2993 4816 cum
3034 4760 3087 4815 in
3118 4775 3309 4815 manus
3334 4774 3456 4814 cor-

1876 4858 2081 4905 rectum
2121 4853 2190 4906 ab
2228 4851 2346 4921 ipso
2370 4849 2739 4919 evangelicum
2767 4850 3007 4906 codicem
3035 4848 3449 4919 assumpserint,

1878 4952 1932 4998 et
1953 4959 1983 4997 a
2013 4944 2186 5013 prima
2210 4943 2399 5007 saliva,
2416 4943 2469 4998 id
2496 4950 2580 4998 est
2605 4956 2703 4997 suo
2733 4940 3048 5012 Evangelia,
3072 4941 3216 5011 quod
3244 4939 3455 5010 prolixo

1872 5033 1987 5103 iam
2025 5044 2268 5104 tempore
2314 5035 2572 5089 usitatum
2621 5034 2851 5088 recitant
2877 5072 2893 5099 ,
2925 5033 3027 5087 hoc
3054 5047 3251 5086 novum
3273 5032 3453 5087 Evan-

1878 5125 2076 5197 gelium
2111 5125 2313 5180 distare
2357 5124 2737 5194 conspexerint
2762 5164 2778 5189 ,
2810 5122 2991 5178 statim
3016 5136 3148 5177 voce
3166 5120 3451 5191 iudiciaria

1877 5218 2319 5290 proclamabunt,
2353 5217 2479 5274 talis
2505 5216 2630 5274 novi
2669 5215 2944 5286 Evangelii
2974 5226 3253 5271 auctorem
3293 5214 3455 5271 falsa-

1879 5308 2018 5362 rium
2045 5322 2164 5363 esse
2185 5314 2240 5361 et
2265 5307 2608 5378 sacrilegum.
2652 5305 2830 5361 Saliae
2849 5304 2899 5370 α,
2930 5306 3099 5376 priori
3138 5321 3299 5361 sensu
3328 5304 3457 5359 Fal-

1878 5398 2099 5463 sarium,
2121 5397 2435 5452 erraticum.
2470 5407 2493 5436 ε
2521 5392 2847 5467 Sacrilegum
2869 5436 2885 5462 ,
2912 5395 3107 5463 furem,
3132 5394 3450 5452 violatorem

1947 5592 2110 5664 461.,
2126 5594 2279 5664 quasi
2306 5591 2525 5648 salivam
2548 5592 2881 5659 imbiberant,
2898 5591 3183 5648 kesluuren.
3211 5586 3450 5651 Imbilrit.
3530 5650 3551 5661 ,

1877 5662 2093 5719 kcslanl.

1954 5744 1978 5772 ⁶
2006 5732 2114 5801 GL,
2148 5748 2346 5798 errare,
2376 5732 2623 5803 lugenare
2649 5732 2667 5786 l
2673 5734 2727 5795 id
2759 5741 2843 5789 est
2866 5733 3091 5805 luegcn).
