3982 6198
455 362 460 367 ’
479 378 587 442 ass

1847 367 2123 428 SEDULll
2165 358 2362 426 SCO'l'l

3644 370 3749 429 536

481 509 793 553 sanctarum
818 493 1231 550 sententiarum.
1267 489 1419 546 Unde
1443 497 1623 543 autem
1650 501 1681 541 a
1709 486 2017 542 temerariis
2039 496 2065 525 ι
2094 486 2147 545 Α
2170 483 2450 556 exemplar
2498 483 2712 541 tierent.
2758 484 2867 542 Sed
2910 478 3037 557 quia
3084 494 3163 542 tot
3211 496 3369 544 erant
3416 488 3754 563 exemplaria

473 588 749 659 judieibus
780 583 1087 655 arguendos
1114 581 1207 646 sit,
1240 578 1479 635 ostendit
1508 576 1834 647 subjungens
1869 575 2065 645 :quid-

477 682 605 747 quid
658 675 884 729 audeam
940 673 993 727 in
1045 672 1295 727 veteribus
1351 668 1499 723 libris
1545 686 1598 722 a.
1637 684 1709 721 m.
1751 683 1798 720 c.
1839 664 2066 721 Veteres

476 768 680 829 libros,
745 766 994 832 antiquos
1041 779 1105 817 ac
1154 762 1377 815 vitiosos
1433 759 1803 813 Romanorum
1852 756 2066 812 codices

478 861 723 916 nominat
747 897 761 919 ,
802 855 1082 926 inquibus
1121 867 1345 908 necesse
1391 857 1510 905 erat
1545 864 1664 921 qua:
1711 849 1936 903 deerant
1971 848 2064 903 ad-

477 956 644 1017 dere;
675 960 729 1008 et
777 966 873 1020 pro
910 949 1149 1011 vitiosis,
1208 961 1446 1015 congrua
1488 952 1543 998 et
1574 952 1720 996 recta
1744 954 1976 1011 ponere;
2011 949 2066 995 et

478 1063 598 1115 qua:
627 1043 895 1114 superflue
920 1050 1045 1095 sunt
1071 1039 1273 1102 addita,
1302 1037 1598 1103 corrigere,
1624 1034 1832 1090 scilicet
1850 1034 2065 1105 penitus

478 1152 728 1195 resecare
769 1144 931 1204 atque
967 1132 1183 1187 auferre
1214 1148 1227 1185 :
1258 1146 1379 1185 eum
1406 1171 1420 1194 ,
1453 1129 1592 1183 sicut
1619 1128 1731 1198 ipse
1759 1128 1811 1181 in
1840 1141 2064 1195 sequen—

474 1229 623 1283 tibus
646 1225 829 1285 refert.
855 1224 1005 1293 plura
1040 1222 1365 1292 propriaque
1388 1218 1620 1288 capitula
1642 1217 1871 1273 aliorum
1900 1231 2065 1270 evan-

475 1319 790 1387 gelistarum
823 1316 876 1369 in
908 1315 1029 1368 aliis
1050 1313 1160 1367 sint
1185 1311 1368 1366 addita
1394 1308 1759 1380 evangelistis.

546 1408 600 1460 4.
636 1392 751 1461 Ηιίο
780 1421 950 1475 usque
979 1420 1179 1474 pravas
1205 1403 1494 1456 adversum
1537 1415 1597 1455 se
1640 1398 1943 1454 invidorum
1968 1397 2062 1453 ob-

468 1498 739 1567 iectiones
768 1490 1008 1550 breviter
1030 1491 1319 1547 intimavit.
1347 1489 1502 1545 Nunc
1526 1505 1621 1544 eos
1649 1496 1840 1559 arguta
1864 1487 2064 1558 dispul-

476 1592 634 1647 sione
663 1591 719 1645 in
754 1589 1109 1660 sequentibus
1160 1586 1399 1644 devincit
1428 1626 1442 1651 ,
1473 1593 1529 1639 et
1581 1584 1819 1653 seipsum
1870 1581 2065 1652 proba-

470 1683 672 1738 bilibus
697 1691 752 1737 et
779 1680 987 1736 idoneis
1026 1678 1206 1735 causis
1244 1676 1483 1733 defendit
1512 1675 1672 1732 simul
1699 1683 1754 1729 et
1778 1681 2061 1744 expurgat.

470 1773 737 1828 Adversus
761 1788 920 1842 quam
946 1769 1199 1824 inuidiam
1219 1768 1275 1822 d.
1304 1784 1353 1821 c.
1383 1782 1484 1821 me.
1507 1782 1552 1819 c.
1573 1764 1852 1828 Invidiam,
1873 1762 2063 1818 aliena:

2166 589 2305 645 pene
2330 581 2463 645 quot
2486 575 2719 642 codices,
2745 575 2799 631 id
2825 585 2910 632 est
2935 578 3151 647 quando
3170 578 3315 633 inter
3337 594 3397 635 se
3423 577 3537 636 fere
3559 598 3757 638 omnes

2168 665 2387 721 codices
2408 681 2571 721 sensu
2592 676 2647 722 et
2671 668 2851 723 verbis
2872 667 3184 735 variabant;
3208 677 3263 724 et
3285 684 3471 725 verum
3505 688 3615 728 non
3637 682 3759 730 erat

2165 767 2327 807 omne
2355 757 2499 825 quod
2525 758 2781 813 mendosa
2810 756 3047 813 falsitate
3070 758 3281 814 varium
3302 759 3518 829 fuerat;
3550 764 3760 835 liquido

2165 843 2509 899 concluditur
2545 848 2689 916 quod
2735 847 2944 902 Latinis
2993 856 3123 904 tunc
3175 851 3580 921 exemplaribus
3622 854 3760 912 fides

2165 934 2471 991 adhibenda
2511 947 2618 992 non
2652 946 2791 994 erat.
2820 938 2879 993 in
2912 940 3017 996 hac
3055 940 3238 1011 itaque
3287 945 3556 1000 sententia
3611 947 3760 1017 ipsos

2164 1027 2428 1082 erraticos
2454 1028 2745 1096 convincit,
2775 1040 2839 1084 ac
2867 1028 2912 1084 si
2950 1029 3230 1085 evidenter
3271 1031 3517 1088 diceret:
3552 1033 3611 1089 Si
3651 1035 3761 1091 La-

2165 1118 2295 1172 tinis
2343 1120 2744 1190 exemplaribus
2779 1120 2913 1177 ﬁdes
2948 1128 3031 1176 est
3068 1122 3404 1190 adhibenda,
3452 1141 3559 1181 non
3585 1128 3758 1183 multa

2164 1214 2219 1261 et
2267 1207 2417 1261 varia
2470 1209 2818 1279 exemplaria,
2873 1210 2967 1265 sed
3007 1226 3176 1265 unum
3221 1212 3425 1283 absque
3485 1216 3759 1273 varietate

2163 1297 2440 1367 exemplar
2460 1298 2663 1353 habere
2685 1297 2867 1355 Latini
2889 1300 3168 1356 deberent.
3198 1299 3268 1355 At
3286 1317 3417 1357 vero
3439 1303 3617 1360 Latini
3644 1321 3762 1362 non

2163 1400 2335 1444 unUm
2366 1406 2431 1446 ac
2466 1402 2654 1447 verum
2676 1433 2691 1459 ,
2728 1393 2823 1448 sed
2847 1394 3000 1447 varia
3031 1392 3275 1464 falsaque
3302 1397 3631 1467 exemplaria
3663 1400 3765 1455 ha-

2164 1480 2296 1535 bent
2321 1498 2336 1547 ;
2369 1481 2490 1537 ideo
2526 1482 2736 1537 Latinis
2765 1484 3169 1554 exemplaribus
3192 1485 3331 1542 fides
3350 1501 3457 1542 non
3484 1496 3569 1543 est
3602 1490 3763 1547 adhi—
3796 1508 3799 1513 ·

2163 1570 2362 1626 benda.
2388 1571 2499 1628 Nec
2524 1573 2721 1628 mirum
2750 1614 2766 1641 ,
2794 1582 3014 1630 centum
3046 1574 3134 1629 vel
3167 1573 3312 1630 mille
3337 1574 3614 1634 autetiam
3637 1580 3762 1651 plu-

2164 1676 2253 1717 res
2283 1662 2516 1731 codices,
2562 1665 2609 1720 si
2639 1664 2782 1721 inter
2805 1680 2864 1720 se
2890 1666 3026 1721 nihil
3054 1667 3220 1723 verbo
3254 1682 3526 1740 sensuque
3552 1671 3765 1728 discre-

2163 1760 2313 1823 pent,
2338 1770 2506 1809 unum
2532 1754 2811 1826 exemplar
2848 1755 3104 1828 appellari
3122 1799 3137 1824 ,
3170 1773 3294 1813 eum
3321 1760 3487 1815 etiam
3524 1772 3773 1833 quatuor

471 1864 750 1922 felicitatis
773 1840 977 1917 rodium
1007 1861 1259 1935 dicimus.
1300 1859 1408 1915 Sed
1445 1858 1535 1914 hic
1566 1857 1845 1920 invidiam,
1871 1854 2062 1911 falsam
2089 1840 2139 1901 Β
2165 1845 2455 1931 Evangelia
2489 1862 2657 1902 unum
2692 1845 3046 1918 Evangelium
3083 1850 3470 1920 appellantur,
3530 1852 3664 1910 licet
3703 1863 3766 1910 et

472 1961 540 2014 de
572 1973 630 2013 se
661 1956 1023 2026 suspicionem
1053 1952 1083 1994 ιι
1114 1993 1129 2018 ,
1165 1966 1270 2023 qua
1318 1950 1570 2007 falsarios
1619 1958 1673 2006 et
1715 1948 2010 2019 sacrilegus
2033 1964 2066 2003 a

471 2044 781 2100 temerariis
805 2042 1081 2113 iudicibus
1121 2042 1236 2112 ipse
1282 2040 1603 2105 :estimetur,
1655 2039 1925 2109 designat.
1959 2038 2065 2094 Sed

473 2150 596 2203 qua:
631 2134 704 2189 sit
730 2133 843 2203 ipsa
871 2132 1068 2203 duplex
1094 2147 1282 2197 causa,
1321 2147 1428 2201 qua
1464 2147 1523 2186 se
1548 2132 1809 2185 adversus
1834 2128 2064 2185 aliorum

470 2222 824 2278 invidentiam
850 2222 984 2277 dicit
1015 2220 1353 2277 consolatum
1396 2234 1541 2285 esse,
1583 2217 1856 2289 subiungit
1882 2232 1897 2273 :
1925 2218 2067 2290 quod

469 2326 518 2368 et
554 2324 633 2380 tu,
666 2316 757 2386 qui
807 2329 1044 2369 summus
1073 2330 1318 2368 suceraos
1347 2329 1400 2366 es
1429 2311 1471 2381 f.
1501 2312 1537 2364 i.
1569 2309 1851 2365 Summum
1877 2324 2062 2364 sacer-

468 2407 676 2471 dotem,
693 2404 750 2460 id
768 2414 856 2460 est
877 2420 1145 2460 summum
1178 2402 1510 2473 pontificem,
1538 2402 1756 2457 beatum
1773 2401 2064 2455 Damasum

469 2496 736 2551 nominat.
802 2495 1071 2550 Sacerdos
1130 2502 1311 2548 autem
1375 2493 1576 2547 dicitur
1631 2491 1787 2560 quasi
1846 2505 2065 2545 sacrum

475 2586 631 2643 (latis.
684 2587 851 2656 Cujus
878 2587 980 2656 piae
1001 2585 1233 2656 jussioui
1265 2585 1573 2641 consentire
1599 2582 1869 2638 laudabile
1896 2589 2015 2636 erat
2044 2597 2059 2647 ;

475 2691 582 2731 non
631 2675 854 2730 obedire
906 2685 1107 2738 autem,
1160 2681 1285 2727 nota
1335 2671 1603 2742 superbia:
1640 2669 1851 2725 fuisset.
1880 2669 2065 2724 Altera

480 2781 697 2836 quoque
726 2781 887 2820 causa
916 2806 929 2827 ,
968 2764 1176 2820 scilicet
1226 2762 1483 2817 mendosa
1533 2762 1779 2817 codicum
1828 2760 2066 2815 varietas

481 2859 735 2914 subditur
764 2876 777 2913 :
812 2869 857 2912 et
901 2873 1079 2911 verum
1110 2873 1213 2911 non
1241 2872 1352 2909 esse
1379 2855 1519 2926 quod
1547 2855 1733 2916 variat,
1766 2870 1812 2907 ε.
1842 2868 1912 2907 m.
1941 2862 1978 2905 t.
2013 2869 2060 2906 c.

481 2949 882 3005 Solidissimum
927 2956 1304 3018 argumentum
1335 2957 1357 2984 ε
1396 2955 1481 3001 est
1534 2945 1791 3000 adversus
1838 2943 2064 2998 maledi-

475 3054 570 3094 cos
607 3037 634 3079 ἀ
667 3039 1023 3102 adversarios,
1057 3039 1201 3107 quod
1228 3047 1281 3092 et
1309 3038 1407 3105 ipsi
1451 3039 1655 3105 aisqne
1699 3034 1804 3090 ulla
1849 3043 2067 3091 contra-

474 3132 713 3199 dictione
739 3147 834 3187 ore
855 3142 1218 3187 consentaneo
1244 3134 1618 3202 comprobant,
1647 3147 1831 3185 verum
1854 3131 2061 3188 scilicet

478 3194 586 3279 non
615 3239 735 3280 esse
773 3238 931 3279 omne
959 3224 1103 3293 quod
1138 3225 1330 3278 varlat.
1362 3194 1467 3279 Sed
1493 3224 1609 3279 lucc
1639 3224 1907 3279 sententia
1935 3225 2059 3279 dili-
2089 3194 2135 3256 Ο

475 3323 666 3386 genter
712 3315 1084 3385 investiganda
1135 3323 1237 3369 est.
1277 3314 1531 3385 Nunquid
1559 3316 1704 3369 enim
1734 3315 1915 3369 omnia
1942 3332 2062 3385 qua:

471 3394 624 3459 varia
648 3415 796 3472 sunt,
827 3420 952 3460 vera
977 3422 1083 3459 non
1107 3407 1277 3460 sunt?
1308 3407 1448 3472 Quid
1470 3405 1616 3461 enim
1648 3407 1820 3477 tnagis
1848 3407 2061 3461 varium

472 3495 544 3548 sit
589 3503 757 3565 atque
800 3495 1117 3566 discrep..ns
1149 3511 1311 3564 quam
1339 3495 1428 3550 lux
1457 3505 1512 3551 et
1543 3499 1779 3552 teneLra:
1801 3538 1815 3560 ,
1851 3498 1961 3553 vi.a
2008 3509 2062 3553 et

472 3600 641 3652 mors,
694 3585 871 3642 dulcia
923 3594 979 3642 et
1025 3602 1210 3641 amara
1240 3627 1255 3652 ,
1287 3587 1409 3642 alba
1439 3595 1493 3642 et
1522 3589 1698 3659 nigra,
1733 3588 1968 3644 formosa
2009 3597 2063 3644 et

468 3673 751 3740 deformia,
797 3685 851 3731 et
896 3685 1089 3731 caetera
1135 3690 1273 3746 pene
1320 3677 1779 3733 innumerabilia?
1806 3678 2058 3748 Nunquid

474 3779 657 3822 tamen
695 3770 811 3824 haec
838 3771 1021 3824 omnia
1052 3786 1178 3825 vera
1208 3785 1312 3825 non
1350 3779 1542 3838 erunt,
1570 3772 1693 3842 quia
1719 3774 1866 3827 varia
1893 3783 2017 3828 sunt
2040 3774 2063 3827 ?

472 3858 625 3922 Quod
666 3859 820 3911 valde
866 3860 1158 3914 absurdum
1211 3869 1294 3915 est
1342 3862 1524 3916 dicere
1568 3862 1647 3916 vel
1678 3865 1918 3917 credere.
1953 3863 2059 3916 Sed

472 3948 544 4002 ita
583 3948 991 4020 intelligendum
1039 3960 1123 4005 est
1153 3992 1167 4015 ,
1215 3952 1357 4021 quod
1386 3952 1473 4005 lux
1505 3969 1630 4008 vera
1662 3970 1765 4007 non
1805 3956 1909 4008 erit
1937 3996 1951 4018 ,
2013 3955 2058 4007 si

472 4038 768 4107 quidquam
802 4039 1149 4093 tene.l)rar..m
1181 4039 1235 4092 in
1267 4054 1325 4093 se
1358 4041 1583 4094 mixtum
1636 4042 1903 4096 habuerit.
1952 4042 2061 4098 Nec

475 4144 604 4181 vera
637 4127 744 4181 vita
773 4169 788 4191 ,
834 4144 1009 4198 neque
1057 4144 1182 4183 vera
1219 4130 1445 4185 dulcedo
1471 4141 1565 4186 aut
1601 4134 1793 4188 albedo
1833 4135 1915 4189 vel
1944 4134 2059 4189 for-

477 4216 703 4272 mositas
732 4217 1046 4288 appellanda
1073 4228 1177 4285 est,
1222 4219 1307 4273 cui
1337 4220 1517 4289 aliqua
1545 4238 1691 4276 mors
1732 4234 1825 4277 aut
1862 4226 2060 4280 amari-

472 4308 601 4364 tudo
645 4308 731 4365 vel
782 4308 1031 4380 nigrerlo,
1080 4318 1172 4363 aut
1218 4309 1397 4380 aliqua
1449 4311 1768 4369 deformitas
1805 4315 2057 4371 immixta

471 4399 651 4455 fuerit.
695 4400 786 4457 Sic
826 4401 987 4457 etiam
1020 4403 1163 4473 quod
1195 4403 1290 4467 ait,
1344 4418 1532 4475 verum
1579 4421 1684 4460 non
1740 4422 1860 4462 esse
1910 4409 2056 4478 quod

473 4492 665 4557 variat,
694 4492 1033 4549 sentiendum
1064 4501 1165 4559 est,
1196 4494 1341 4564 quod
1366 4494 1626 4565 liquidum
1659 4506 1709 4551 et
1738 4513 1933 4569 purum
1956 4514 2056 4569 per

469 4598 528 4639 se
564 4598 754 4639 verum
784 4600 890 4639 non
920 4585 1025 4640 erit
1050 4602 1209 4640 omne
1236 4586 1377 4658 quod
1415 4586 1595 4660 aliquo
1649 4589 1927 4645 mendacio
1963 4598 2058 4645 aut.

472 4675 783 4730 intermixta
821 4676 1072 4731 falsitatis
1095 4679 1291 4732 nebula
1316 4679 1581 4735 variatum
1605 4678 1785 4736 fuerit.
1826 4682 2056 4754 Ideoque

473 4770 714 4824 Romana
744 4769 1032 4841 Evangelia
1064 4786 1189 4825 vera
1244 4788 1349 4827 non
1380 4781 1557 4841 erant,
1592 4776 1643 4828 in
1674 4784 1932 4849 quantum
1963 4794 2057 4835 va-

474 4864 547 4917 ria
587 4860 825 4917 falsitate
847 4871 1100 4934 corrupta
1129 4863 1360 4919 fuerant.

542 4953 595 5007 5.
636 4935 794 5023 Quod
819 4954 1002 5009 statim
1039 4956 1303 5024 approbat
1340 4971 1461 5011 cum
1496 4957 1768 5014 Subinfert
1797 4977 1810 5013 :
1840 4959 1885 5014 si
1915 4961 2054 5016 enim

474 5044 677 5101 Latinis
703 5045 1116 5119 exemplaribus,
1153 5055 1207 5102 et
1237 5047 1441 5119 reliqua
1476 5066 1643 5121 usque
1666 5062 1789 5125 quot
1826 5053 2047 5109 codices.

476 5138 650 5192 Utrum
672 5154 894 5210 prorsus
921 5139 1197 5211 exemplar
1220 5148 1454 5211 quatuor
1482 5141 1891 5212 Evangeliorum
1915 5147 2057 5216 apud

475 5228 695 5286 Latinos
739 5247 856 5284 esse
894 5232 1205 5302 Oportebat,
1237 5239 1293 5283 ut
1329 5231 1455 5287 licet
1487 5232 1802 5288 innumeros
1841 5236 2057 5293 codices

477 5321 762 5382 baberent.
806 5330 987 5377 tamen
1018 5322 1119 5395 ipsi
1147 5322 1289 5378 inter
1313 5335 1373 5379 se
1398 5323 1613 5380 codices
1637 5324 1770 5383 nihil
1796 5325 1850 5380 in
1877 5327 2057 5383 verbis

477 5422 530 5466 et
566 5414 824 5469 in-sensu
867 5413 1268 5487 discreparent;
1301 5423 1357 5472 et
1390 5416 1472 5473 sic
1500 5424 1579 5474 tot
1617 5417 1833 5475 codices
1886 5434 2053 5474 unum

549 5580 573 5608 ⁸
606 5562 716 5634 GL,
744 5568 1020 5636 fravallen.
1110 5590 1115 5593 '

549 5637 576 5676 ι)
600 5638 714 5704 GL,
755 5637 1100 5707 Vuidarsilltt,
1128 5643 1481 5699 surtriuuida.

549 5719 570 5744 ι’
597 5708 708 5773 GL,
738 5709 929 5764 cltleini
957 5711 1065 5766 list.

547 5777 572 5818 ιι
597 5777 706 5845 GL,
733 5777 980 5836 slteltara.
1019 5779 1202 5841 Infra:
1231 5780 1634 5855 maledicorum,
1674 5780 1948 5843 sitellam.

2169 1926 2347 2006 ipsum
2375 1935 2725 2010 Evangelium
2752 1953 2820 1995 ex
2846 1945 3082 2009 quatuor
3113 1938 3478 1997 voluminibus
3522 1950 3765 2000 constet.

2165 2023 2279 2082 Nec
2339 2042 2448 2082 non
2498 2034 2553 2084 et
2604 2027 2805 2085 multos
2852 2028 3066 2085 Veteris
3130 2036 3186 2085 et
3233 2030 3371 2086 Novi
3422 2027 3771 2091 Testamenti

2167 2119 2384 2175 codices
2432 2135 2600 2177 unum
2640 2120 2892 2177 volumen
2919 2121 3007 2178 vel
3033 2122 3310 2195 exemplar
3355 2127 3640 2185 nominare
3672 2144 3771 2187 so-

2112 2222 2117 2235 '
2165 2212 2361 2268 lemus.

2236 2306 2292 2360 6.
2316 2304 2523 2372 Quibus
2558 2315 2739 2363 autem
2770 2309 3174 2379 exemplaribus
3198 2325 3294 2366 seu
3317 2312 3596 2382 codicibus
3624 2312 3771 2373 ﬁdes

2165 2393 2238 2449 sit
2276 2396 2734 2452 accommodanda
2758 2438 2772 2463 ,
2849 2397 3089 2453 insinuat
3131 2400 3367 2456 subdens
3399 2416 3414 2455 τ
3443 2403 3525 2458 sin
3581 2414 3769 2460 autem

2164 2485 2357 2540 veritas
2400 2494 2476 2541 est
2512 2488 2798 2558 qumrenda
2836 2488 2901 2543 de
2937 2488 3196 2560 pluribus,
3244 2499 3299 2545 et
3335 2492 3543 2564 reliqua
3583 2511 3771 2567 usque

2132 2622 2135 2627 .
2167 2579 2502 2649 corrigimus.
2551 2577 2797 2635 Grsecam
2836 2580 3101 2652 originem
3149 2598 3267 2638 esse
3291 2583 3423 2639 dicit
3446 2586 3770 2643 authentica

2165 2668 2480 2725 Grzecorum
2538 2671 2870 2741 exemplaria
2896 2714 2911 2738 ,
2965 2688 3032 2728 ex
3082 2673 3278 2743 quibus
3320 2673 3486 2729 veluti
3538 2675 3773 2747 liquidis

2164 2758 2383 2829 purisve
2420 2756 2656 2815 fontibus
2685 2761 2866 2816 divina
2899 2760 3180 2834 Scriptura
3209 2762 3263 2817 in
3296 2763 3600 2820 Romanum
3638 2781 3772 2822 ser-

2165 2865 2381 2905 monem
2407 2866 2657 2907 manasse
2683 2853 3048 2923 cognoscitur.
3075 2854 3132 2909 ln
3160 2854 3357 2924 quibus
3385 2854 3625 2913 fontibus
3644 2873 3770 2915 me-

2166 2958 2282 2998 ram
2311 2952 2366 2998 et
2399 2943 2700 3014 simplicem
2730 2946 3020 3001 veritatem
3061 2947 3407 3016 quaerendam
3436 2988 3451 3014 ,
3483 2956 3539 3003 et
3578 2950 3768 3006 corri-

2166 3035 2338 3105 genda
2367 3035 2621 3089 admonet
2647 3052 2764 3107 qum
2791 3034 2867 3090 vel
2903 3053 2934 3090 a
2965 3037 3167 3091 vitiosis
3214 3036 3583 3108 interpretibus
3634 3049 3771 3095 sunt

2166 3125 2304 3179 male
2332 3125 2491 3188 edita,
2524 3126 2601 3180 rel
2631 3142 2662 3178 a
2696 3126 3160 3198 prwsuMptaribus
3185 3128 3440 3199 imperitis
3475 3129 3771 3187 emendata

2165 3217 2458 3286 perversius
2483 3256 2498 3280 ,
2530 3226 2623 3270 aut
2656 3235 2687 3271 a
2714 3216 2947 3272 librariis
2983 3217 3392 3274 dormitantibus
3423 3236 3446 3259 ο
3469 3221 3654 3275 addita
3681 3222 3772 3277 vel

2166 3318 2367 3363 mutata
2418 3319 2561 3364 sunt.
2613 3311 2658 3364 Α
2705 3309 2901 3366 vitiosis
2946 3313 3356 3384 interpretibus,
3421 3314 3475 3369 id
3518 3323 3603 3371 est
3659 3330 3773 3374 seu

2165 3400 2349 3456 Graeca
2380 3417 2472 3457 seu
2504 3401 2698 3457 Latina
2752 3404 2865 3459 sive
2919 3411 3149 3475 utraque
3193 3405 3377 3477 lingua
3424 3407 3604 3465 minus
3629 3424 3773 3465 eru-

2164 3493 2323 3559 ditis;
2353 3495 2494 3564 quod
2524 3495 2640 3565 ipse
2666 3494 2721 3550 in
2752 3497 3105 3565 sequentibus
3128 3497 3277 3564 dicit,
3312 3498 3366 3552 in
3394 3498 3574 3555 Marco
3598 3500 3775 3571 plura

2163 3585 2323 3640 Luem
2353 3593 2407 3640 ct
2438 3587 2704 3654 Mattluei;
2740 3605 3034 3659 rursusque
3055 3590 3108 3644 in
3134 3590 3384 3647 Matthaeo
3411 3593 3564 3663 plura
3591 3593 3776 3650 Joan-

2163 3672 2249 3727 nis
2296 3682 2351 3729 et
2399 3674 2597 3740 Marci;
2656 3687 2711 3732 et
2752 3680 2803 3733 in
2847 3681 3091 3743 caeteris,
3125 3681 3454 3750 reliquorum
3482 3724 3496 3748 ,
3528 3700 3650 3754 qua:
3711 3687 3773 3743 in

2164 3764 2288 3820 aliis
2314 3767 2533 3835 propria
2577 3777 2705 3822 sunt
2753 3770 3159 3836 interserendo,
3210 3782 3525 3842 posuerunt.
3574 3774 3688 3829 Aut
3736 3795 3774 3833 α

2164 3855 2397 3910 librariis
2466 3858 2875 3913 dormitantibus
2902 3901 2917 3925 ,
2990 3860 3043 3915 id
3089 3870 3173 3916 est
3222 3865 3519 3936 pervigiles”
3554 3870 3775 3924 mentis

2162 3946 2349 4002 oculos
2392 3963 2498 4002 non
2545 3948 2909 4015 habentibus,
2964 3967 3103 4007 caeca
3152 3953 3455 4024 ignorantia
3498 3955 3772 4014 detentis.

2165 4041 2269 4094 Aut
2303 4040 2483 4095 addita
2528 4052 2649 4096 sunt
2680 4052 2773 4096 aut
2822 4053 3046 4099 mutata.
3075 4045 3265 4100 Vitiosi
3290 4047 3584 4116 scriptores
3610 4065 3772 4121 saepe

2166 4145 2274 4184 non
2329 4130 2500 4185 solmu
2558 4147 2620 4185 ex
2678 4133 2889 4188 vitiosis
2945 4135 3344 4206 exemplaribus
3395 4138 3585 4193 eadem
3619 4140 3771 4197 vitia

2163 4219 2491 4289 scriptitant,
2520 4223 2614 4277 sed
2640 4224 2826 4289 etiam,
2870 4240 2966 4280 sua
2994 4227 3208 4297 propria
3242 4228 3472 4295 incuria,
3499 4233 3770 4300 quadam

2161 4311 2433 4381 superflua
2480 4315 2721 4377 addunt,
2779 4319 3134 4389 qumdamque
3181 4320 3379 4376 vitiosa
3430 4338 3529 4393 pro
3586 4327 3773 4383 rectis

2161 4404 2471 4460 immutant.
2497 4406 2895 4479 Nonnunquam
2925 4410 3090 4465 etiam
3120 4420 3329 4467 rectum
3373 4414 3617 4469 ordinem
3672 4416 3771 4474 vel

2162 4499 2450 4554 verborum
2480 4500 2564 4555 vel
2594 4515 2874 4567 sensuum,
2922 4503 3037 4558 sive
3069 4514 3448 4576 utrorumque,
3482 4516 3773 4571 transmu-

2164 4591 2329 4646 tando
2362 4600 2697 4662 pervertunt.
2745 4593 2813 4648 Et
2849 4595 2992 4665 quod
3041 4597 3283 4667 gravius,
3336 4599 3588 4654 nonnulla
3627 4617 3771 4670 qua:

2161 4682 2317 4739 valde
2342 4684 2648 4739 necessaria
2679 4693 2827 4752 sunt,
2880 4685 3193 4757 frequenter
3234 4690 3508 4745 omittunt.
3542 4691 3773 4758 Quibus

2160 4783 2398 4847 quatuor
2469 4775 2618 4831 vitiis
2648 4816 2664 4842 ,
2719 4777 2774 4832 id
2826 4785 2912 4833 est
2964 4776 3267 4848 adjectione
3291 4821 3308 4848 ,
3374 4781 3719 4838 detractione
3748 4826 3767 4851 ,

2162 4866 2538 4922 immutatione
2563 4907 2577 4933 ,
2608 4867 3062 4924 transmutatione
3085 4911 3100 4936 ,
3132 4880 3330 4927 cuncta
3381 4874 3585 4928 erroris
3614 4875 3767 4929 silva

2160 4961 2424 5013 nascitur.

2232 5050 2286 5104 7.
2319 5048 2426 5105 Sed
2454 5058 2512 5105 ut
2540 5052 2994 5122 reprehensibiles
3027 5054 3292 5110 erraticos
3321 5055 3341 5094 τ
3374 5056 3615 5121 notavit,
3678 5058 3772 5115 ita

2162 5149 2219 5196 et
2263 5155 2358 5196 eos
2404 5156 2543 5212 quos
2569 5151 2828 5213 quantum
2854 5143 2921 5199 ad
2946 5144 3050 5200 hoc
3076 5144 3379 5201 institutum
3412 5148 3437 5187 Β
3467 5162 3600 5217 opus
3624 5161 3775 5216 per-

2162 5233 2318 5297 tinet,
2350 5236 2848 5303 praetermittendos
2891 5252 3011 5293 esse
3059 5238 3358 5306 exiS'imat,
3384 5249 3776 5309 competenter

2161 5336 2479 5394 enumerat,
2521 5343 2646 5383 cum
2689 5327 2964 5403 subiungit
2994 5349 3008 5386 :
3042 5348 3207 5404 neque
3232 5350 3354 5401 vero
3383 5349 3475 5403 ego
3498 5332 3562 5385 de
3588 5335 3776 5390 reteri

2159 5418 2395 5487 disputo,
2415 5426 2472 5473 et
2502 5417 2712 5491 reliqua
2738 5434 2909 5492 usque
2929 5422 3176 5492 pervenit.
3214 5419 3352 5477 Nota
3388 5418 3609 5477 historia
3646 5428 3779 5492 est,

2237 5571 2390 5643 fgL,
2422 5589 2740 5643 ungeouren.

2238 5640 2260 5681 τ
2287 5640 2396 5707 GL,
2428 5640 2676 5707 fefsluoc.

2236 5712 2262 5752 ⁸
2287 5712 2398 5779 GL,
2426 5712 2738 5771 hemeintas.
