3982 6198
224 352 335 407 5Ξῖ

959 347 1257 403 EXPLAN.
1299 348 1364 402 ιχ
1409 348 1834 405 ΡιιΑίμΑῑιυΝ

1955 350 2013 403 S.
2053 347 2333 405 IIIERON.
2375 348 2469 403 AD
2505 348 2758 406 EVANG.

3424 361 3529 417 358

223 468 379 538 ιισςοιι
415 466 735 520 Ptolemaeus
764 464 1148 535 Philadelphus
1174 482 1268 520 rex
1295 466 1513 536 Egypti
1541 467 1730 534 petivit
1758 465 1827 517 ab
1853 464 1907 523 Α
1932 465 2103 518 veniri
2144 474 2391 536 possunt.
2418 463 2592 519 Sicuti
2616 471 2701 519 est
2730 462 2859 519 illud
2892 483 2912 515 ι
2944 464 3020 519 Ex
3060 463 3297 537 Egypto
3333 471 3523 529 vocavi

226 559 505 614 Eieazaro
535 553 794 625 pontiﬁce
824 554 938 607 dari
974 554 1076 608 sibi
1107 555 1319 609 divinas
1354 552 1683 622 Scripturas.
1735 552 1838 606 lta-

226 667 344 721 que
370 648 512 705 LXX
537 647 913 716 seniores,qui
940 647 993 701 in
1017 648 1187 702 sacris
1204 654 1362 701 erant
1384 646 1614 716 eloquiis
1635 644 1832 709 edocti,

230 742 412 799 Vetus
460 742 870 815 Testamentum
920 740 1157 794 maxima
1210 755 1333 794 cum
1391 737 1659 793 industria
1704 749 1728 776 ο
1764 752 1832 790 ex

233 837 471 894 ﬂebrteo
514 835 567 889 in
594 834 845 890 Graecum
901 833 1293 887 transtulerunt
1321 846 1627 886 sermonem
1652 870 1665 894 ,
1699 844 1834 900 quo-

234 945 362 985 rum
391 928 690 983 editionem
743 926 898 980 multi
940 925 1228 981 orthodoxi
1270 924 1459 979 Patres
1506 930 1830 992 sequentes,

235 1021 300 1076 in
343 1019 599 1073 Latinam
653 1018 890 1087 linguam
941 1016 1107 1070 tertio
1129 1014 1241 1083 jam
1275 1015 1445 1085 gradu
1482 1012 1829 1067 transtulere.

234 1112 476 1167 Pulchre
519 1117 703 1165 autem
735 1110 802 1163 ad
852 1123 1045 1162 nomen
1077 1108 1288 1162 Veteris
1317 1106 1651 1162 Testamenti
1698 1103 1833 1158 allu-

236 1206 338 1269 dit,
376 1221 502 1260 cum
550 1205 728 1274 ipsum
774 1203 989 1256 nonnisi
1031 1216 1061 1254 a
1100 1201 1401 1270 grandatvis
1426 1209 1482 1254 et
1529 1199 1832 1254 senioribus

237 1295 415 1351 refert
470 1293 639 1349 fuisse
696 1292 1045 1355 translatum;
1077 1300 1138 1345 ut
1162 1291 1410 1346 videlicet
1452 1289 1612 1345 Vetus
1644 1289 1832 1344 Testa-

235 1393 487 1440 mentum
520 1392 731 1438 vetcres
759 1391 816 1437 et
856 1382 1100 1437 seniores
1138 1383 1568 1437 conscriberent.
1600 1381 1669 1436 Et
1703 1382 1830 1450 quia

238 1474 415 1529 multa
439 1474 603 1529 etiam
624 1473 776 1528 utilia
806 1488 837 1526 a
875 1472 1016 1527 LXX
1044 1473 1449 1543 interpretibus,
1501 1472 1655 1542 quasi
1697 1487 1830 1541 qua-

237 1564 365 1617 dam
419 1563 691 1617 incuriosa
742 1563 1013 1617 oblivione
1079 1564 1437 1633 [iraztcriiiissa
1498 1572 1642 1626 sunt,
1685 1562 1831 1632 quod

1938 556 2107 610 lilium
2142 572 2341 623 meum,
2378 577 2395 608 ι
2439 565 2495 611 et
2529 555 2631 609 alia
2662 554 2916 625 plurima.

2007 647 2059 703 9.
2099 645 2245 702 Satis
2272 656 2452 701 autem
2477 647 2704 701 honeste
2741 661 2804 700 ac
2841 647 3141 700 verecunde
3174 648 3240 701 de
3269 664 3364 702 sua
3412 659 3530 705 tan-

1935 754 2097 807 quam
2122 738 2188 793 de
2214 738 2440 793 alterius
2463 738 2912 807 interpretatione
2934 736 3172 807 loquitur
3193 754 3316 791 cum
3347 740 3483 795 dicit
3507 759 3522 797 :

1932 829 1999 882 sit
2024 827 2119 882 illa
2143 844 2266 881 vera
2297 826 2680 898 interpretatio,
2706 844 2862 898 quant
2887 826 3112 896 apostoli
3136 827 3527 898 probaverunt;

1933 932 2003 972 ne
2050 916 2299 972 videlicet
2340 925 2665 987 arroganter
2706 917 2775 971 de
2814 917 2993 987 seipso
3036 916 3182 988 loqui
3228 918 3523 983 videretur.

1935 1012 2061 1068 Non
2103 1013 2298 1083 igitur,
2349 1012 2569 1081 inquit,
2609 1011 2674 1065 de
2726 1009 2903 1065 Veteri
2955 1010 3308 1079 Testamento,
3340 1030 3432 1067 nec
3460 1014 3526 1069 de
3577 1084 3582 1089 θ

1932 1102 2093 1157 variis
2145 1101 2381 1171 ejusdem
2436 1100 2956 1172 interpretationibus
3018 1118 3155 1155 nunc
3206 1102 3523 1173 disputando

1924 1193 2153 1263 judico;
2207 1193 2272 1246 de
2324 1191 2477 1247 Novo
2522 1210 2660 1247 nunc
2723 1191 2910 1262 loquor
2964 1191 3335 1259 Testamento,
3384 1194 3523 1263 quod

1932 1283 2177 1340 Gra’cum
2219 1302 2331 1340 esse
2380 1302 2485 1339 non
2537 1284 2757 1339 dubium
2809 1295 2918 1350 est,
2976 1295 3030 1340 et
3087 1286 3297 1357 reliqua
3355 1302 3526 1356 usque

1931 1377 2117 1430 edidit.
2170 1376 2378 1430 Novum
2430 1376 2841 1431 Testamentum
2886 1378 3105 1448 proprie
3146 1386 3373 1433 vocatur
3401 1394 3532 1448 per-

1930 1478 2108 1539 petua:
2130 1468 2463 1524 hmreditatis
2490 1468 2835 1538 cmlestisque
2865 1470 3217 1525 beatitudinis
3244 1471 3398 1527 ﬁrma
3427 1473 3520 1525 Dei

1929 1558 2252 1627 promissio,
2298 1558 2551 1613 omnibus
2579 1573 2677 1628 per
2710 1558 2871 1613 ﬁdem
2898 1559 2949 1613 in
2978 1560 3152 1630 gratia
3183 1561 3521 1636 baptismatis

236 1656 540 1726 apostolica
571 1656 870 1711 auctoritas
916 1657 1215 1726 approbat,
1268 1664 1393 1725 apte
1436 1655 1557 1710 illos
1591 1655 1830 1710 seniores
1922 1649 2259 1718 justiﬁcatis.
2312 1648 2721 1704 Testamentum
2790 1649 3212 1704 instrumentum
3280 1652 3509 1718 dicitur,

236 1749 524 1810 nominat,
569 1762 691 1817 quae
716 1754 852 1801 tetas
879 1746 1140 1800 obliviosa
1168 1761 1287 1801 esse
1322 1761 1352 1799 a
1384 1745 1620 1816 physicis
1647 1745 1831 1814 perbi-
1859 1811 1898 1817 __
1933 1739 2077 1809 quod
2133 1740 2381 1795 Graecum
2429 1754 2551 1794 esse
2605 1755 2710 1794 non
2773 1740 2993 1794 dubium
3048 1747 3151 1799 est,
3191 1741 3315 1809 quia
3358 1741 3515 1795 nimi-

237 1837 422 1893 betur.
466 1837 621 1903 Quod
699 1846 880 1891 autem
931 1835 1074 1890 LXX
1127 1837 1482 1906 interpretum
1539 1835 1831 1891 editionem
1859 1811 1907 1871 Β
1936 1848 2053 1887 rum
2078 1847 2269 1887 omnes
2290 1832 2509 1888 codices
2526 1830 2660 1886 Novi
2696 1832 3044 1886 lnstrumenti
3070 1834 3305 1901 primum
3333 1832 3524 1887 Grmco

238 1927 411 1982 tertio
438 1928 609 1997 gradu
650 1929 717 1981 ad
756 1927 1030 1982 Romanos
1066 1928 1378 1998 pervenisse
1417 1936 1732 1990 asseverat,
1778 1927 1837 1983 in

238 2018 349 2073 hoc
381 2016 611 2071 latenter
639 2016 893 2081 ostendit,
925 2025 1148 2087 propter
1173 2018 1354 2072 varios
1399 2032 1463 2071 ac
1500 2018 1725 2072 vitiosos
1752 2018 1835 2071 in-

241 2116 536 2177 terpretes,
580 2107 749 2162 multa
802 2108 929 2162 vitia
983 2108 1036 2162 in
1090 2108 1297 2164 Latinis
1354 2110 1630 2164 codicibus
1668 2108 1835 2164 fuisse

239 2198 815 2268 eonscripta,quando
836 2214 942 2253 non
965 2214 1028 2253 ex
1055 2199 1331 2254 Hebraicaa
1361 2201 1605 2255 veritatis
1628 2200 1834 2270 liquido

237 2286 412 2352 fonte,
446 2289 542 2343 sed
570 2303 670 2357 per
691 2289 874 2343 varios
920 2288 1259 2343 turbulentos
1290 2289 1491 2343 rivulos
1514 2290 1675 2344 tertio
1717 2298 1843 2344 [ειη-ρ

238 2379 365 2435 dem
393 2379 568 2449 gradu
619 2394 775 2435 sacra
809 2380 1008 2436 veteris
1048 2379 1397 2437 lnstrumcuti
1452 2380 1732 2450 Scriptura
1778 2382 1834 2437 iu

238 2468 551 2525 Romanum
591 2470 835 2523 manavit
888 2470 1181 2538 eloquium.
1226 2470 1284 2524 lu
1332 2471 1436 2525 hoc
1483 2471 1663 2540 itaque
1712 2470 1834 2526 loco

239 2568 298 2615 et
338 2561 397 2615 in
452 2561 915 2630 subsequentibus
958 2562 1224 2617 incuriam
1280 2562 1531 2636 suggillat
1572 2564 1835 2635 interpre-

239 2658 381 2705 tum.

308 2765 369 2822 8.
401 2766 531 2821 Non
558 2783 738 2839 qurere
767 2768 893 2840 quid
922 2768 1130 2840 Aquila,
1177 2768 1525 2840 Symmachus
1564 2780 1613 2824 et
1663 2769 1832 2825 Theo-

237 2856 448 2923 dotion,
474 2866 529 2912 et
552 2858 760 2929 reliqua
783 2874 952 2929 usque
980 2860 1208 2914 incedat.
1253 2859 1637 2915 Ecclesiastica
1667 2858 1836 2915 refert

237 2948 472 3005 historia
497 2949 645 3019 quod
678 2950 736 3004 hi
766 2958 876 3004 tres
912 2950 1236 3021 interpretes
1279 2949 1544 3004 Ebionita:
1589 2949 1833 3005 haeretici

236 3038 467 3095 {pertint
488 3082 504 3105 ,
540 3055 662 3109 qua:
704 3041 927 3097 hazresis
954 3041 1152 3097 asserit
1195 3040 1492 3106 Christum,
1541 3041 1607 3095 de
1632 3039 1832 3110 Joseph

235 3140 297 3186 et
327 3130 501 3185 Maria
544 3139 752 3198 natum,
798 3131 1074 3187 hominem
1100 3147 1297 3202 purum
1323 3130 1519 3198 fuisse,
1556 3140 1612 3187 et
1658 3132 1831 3204 legem
1859 3170 1907 3233 Ο

238 3221 351 3276 ritu
384 3219 616 3277 Iudaico
648 3236 771 3277 esse
812 3222 1159 3277 servandam.
1209 3221 1569 3293 Symmachus
1611 3220 1833 3279 Grtecus

237 3312 345 3368 fuit
368 3313 708 3384 temporibus
733 3313 920 3369 Severi
950 3314 1079 3384 imp.
1109 3313 1214 3369 Sed
1236 3313 1429 3383 Aquila
1452 3314 1708 3370 Ponticus
1732 3315 1833 3370 sub

239 3402 569 3468 Commodo,
599 3404 933 3459 Theodotion
968 3404 1235 3474 Ephesius
1263 3404 1364 3459 sub
1387 3403 1650 3471 Adriano,
1671 3404 1833 3460 ambo

243 3502 423 3548 tamen
446 3492 621 3549 Judaei
642 3496 895 3566 proseiyti
923 3495 979 3549 in
991 3495 1180 3550 eadem
1203 3495 1429 3551 historia
1457 3494 1623 3551 fuisse
1648 3496 1833 3568 legun-

243 3595 354 3652 tur,
381 3587 618 3656 ideoque
651 3603 717 3643 ex
748 3588 1031 3644 Hebraicis
1059 3588 1425 3643 voluminibus
1443 3589 1597 3659 quasi
1621 3588 1830 3644 Hebrzei

241 3675 299 3733 in
324 3672 580 3733 Graecum
627 3694 935 3735 sermonem
958 3720 975 3746 ,
1006 3694 1168 3750 quem
1192 3679 1454 3751 proselyti
1488 3680 1792 3736 didicerant
1813 3719 1831 3746 ,

244 3765 645 3839 interpretandi
672 3769 922 3840 peritiam
955 3769 1282 3825 habuerunt.
1306 3768 1478 3825 Porro
1506 3769 1835 3826 Theodotiu-

244 3872 372 3912 nem
403 3858 552 3913 inter
569 3873 740 3914 novos
761 3866 818 3915 et
843 3869 1055 3915 veteres
1083 3859 1290 3916 idcirco
1314 3860 1552 3916 medium
1581 3859 1833 3916 incedere

244 3948 382 4006 dicit
405 3988 422 4014 ,
462 3948 611 4019 quod
639 3948 928 4020 aliquando
950 3947 1095 4004 LXX
1123 3949 1422 4015 seniorum,
1445 3963 1830 4020 nonnunquam

244 4051 377 4092 vero
409 4036 624 4108 Aquila:
651 4047 707 4094 et
735 4037 1048 4111 Symmachi
1076 4036 1302 4094 editioni
1330 4046 1724 4095 consentaneus
1749 4039 1833 4093 in-

243 4127 485 4184 venitur.
534 4126 594 4183 In
644 4142 753 4198 quo
797 4127 964 4183 tacite
1001 4128 1242 4183 insinuat
1277 4128 1640 4201 Hieronymus
1690 4128 1833 4199 quod

245 4215 351 4286 ipsi
387 4215 769 4284 Theodotioni,
820 4217 974 4288 quasi
1013 4218 1228 4275 subtilis
1269 4218 1470 4291 ingenii
1514 4222 1633 4275 viro
1660 4258 1677 4286 ,
1723 4234 1835 4275 non

245 4319 347 4378 per
374 4308 559 4363 omnia
588 4306 733 4363 LXX
762 4308 1120 4379 interpretum
1136 4350 1152 4376 ,
1178 4324 1353 4380 neque
1372 4308 1580 4380 Aquila:
1602 4317 1658 4365 et
1677 4308 1837 4381 Sym-

246 4400 429 4456 machi
474 4401 646 4456 editio
692 4400 988 4470 probabilis
1037 4401 1203 4456 fuerit
1225 4401 1369 4467 visa;
1398 4402 1491 4456 sed
1523 4416 1666 4456 nunc
1703 4400 1836 4458 istos

1934 1939 2184 1979 sermone
2213 1932 2333 1978 sunt
2366 1923 2498 1978 editi
2524 1964 2537 1987 ,
2568 1932 2796 1993 excepto
2831 1920 3076 1992 apostolo
3104 1923 3397 1991 Matth-moi
3416 1940 3524 1979 non

1935 2015 2080 2084 quod
2134 2015 2304 2084 ipsius
2355 2029 2571 2084 quoque
2619 2014 2966 2084 Evangelium
3030 2014 3222 2070 Grarco
3276 2031 3527 2071 sermone.

1933 2125 2042 2164 non
2075 2117 2223 2165 esset
2250 2109 2651 2178 conscriptum,
2683 2110 2777 2164 sed
2808 2111 2930 2180 quia
2958 2112 3208 2181 primtus
3246 2111 3528 2168 Hebraicis

1934 2200 2131 2257 litteris
2165 2210 2250 2258 est
2281 2202 2523 2268 editum,
2550 2217 2617 2258 ac
2640 2204 2836 2259 dehinc
2859 2204 2911 2259 in
2941 2204 3186 2259 Gnecutn
3220 2191 3524 2261 sermonem

1935 2292 2038 2347 fuit
2066 2294 2414 2349 translatum.
2457 2292 2574 2348 Hoc
2619 2304 2757 2349 certe
2805 2311 2921 2348 cum
2955 2295 3009 2348 in
3059 2306 3235 2348 nostro
3289 2313 3528 2349 sermone

1935 2382 2225 2449 discordat,
2255 2393 2303 2437 et
2345 2384 2400 2437 in
2443 2384 2675 2439 diversos
2727 2383 3012 2438 rivulorum
3061 2387 3293 2439 tramites
3339 2387 3480 2439 ducit
3509 2428 3524 2448 .

1936 2489 2041 2527 uno
2079 2473 2144 2527 de
2186 2474 2331 2542 fonte
2366 2474 2711 2544 qua’rcndum
2748 2484 2845 2528 est.
2896 2473 2951 2528 ln
2997 2475 3244 2530 Romano
3276 2494 3528 2533 scruume

1934 2563 2146 2617 varium
2197 2572 2251 2618 et
2301 2564 2444 2619 inter
2499 2579 2557 2619 se
2608 2565 2888 2620 dissonum
2949 2564 3117 2621 fuisse
3170 2568 3526 2636 Evangelimn

1936 2670 2078 2724 saepe
2100 2665 2513 2720 commemorat,
2546 2655 2691 2724 quod
2721 2671 2827 2709 non
2856 2655 3077 2725 limpido
3106 2671 3345 2726 puroque
3368 2657 3525 2723 fonti,

1935 2746 2029 2801 sed
2060 2753 2282 2816 propter
2312 2745 2682 2815 discrepantes
2722 2761 2787 2799 ac
2819 2748 2999 2801 varios
3040 2748 3256 2800 couiees
3296 2748 3529 2803 diversis

1935 2850 2002 2891 ac
2041 2834 2364 2891 turbulentis
2409 2834 2708 2890 rivulorum
2761 2830 3021 2891 tractibus
3062 2837 3350 2907 allegorice
3377 2854 3528 2891 com-

1933 2941 2123 3003 parat;
2153 2930 2379 3001 ideoque
2423 2946 2492 2986 ex
2533 2930 2707 2987 Graeci
2738 2931 3006 2987 sermonis
3046 2930 3193 2985 fonte
3227 2932 3520 3002 purissinu.

1935 3022 2146 3079 dulcem
2174 3023 2419 3079 veritatis
2463 3023 2721 3079 haustum
2759 3021 3109 3094 quaerendum
3138 3038 3259 3077 esse
3287 3021 3437 3085 dicit,
3473 3022 3525 3075 id

1936 3119 2021 3166 est
2047 3110 2333 3169 veritatem
2356 3127 2425 3166 ex
2446 3111 2591 3167 veris
2614 3110 2929 3168 Graecorum
2952 3109 3352 3181 exemplaribus
3381 3126 3529 3180 qua:-

1936 3202 2190 3268 rendam;
2239 3201 2405 3257 falsos
2428 3218 2559 3258 vero
2589 3202 2807 3258 codices
2834 3202 3053 3272 penitus
3094 3201 3411 3257 refutandos
3440 3214 3528 3255 as-

1935 3292 2090 3348 serit.
2130 3291 2281 3348 Unde
2327 3300 2449 3365 apte
2480 3292 2765 3348 subditur:
2813 3292 3155 3363 praetermitto
3181 3308 3268 3347 eos
3296 3293 3526 3358 codices,

1934 3393 1991 3441 et
2020 3384 2228 3456 reliqua
2270 3400 2441 3456 usque
2468 3402 2588 3457 qua:
2614 3385 2798 3440 addita
2832 3393 2972 3439 sunt.
3009 3384 3073 3438 lli
3103 3385 3229 3449 duo,
3254 3384 3528 3440 Lucianus

1934 3484 1989 3531 et
2027 3476 2350 3548 Hesychius,
2376 3477 2719 3532 emendarios
2756 3477 2783 3517 ι’
2816 3476 2926 3531 imo
2957 3475 3210 3531 falsarios
3253 3478 3318 3531 de
3342 3477 3526 3533 Veteri

1933 3575 1990 3621 et
2010 3564 2159 3622 Novo
2195 3566 2547 3624 Testamento
2577 3567 2792 3622 codices
2819 3566 3126 3632 ediderunt,
3157 3566 3355 3637 quibus
3380 3565 3528 3622 LXX

1932 3654 2291 3726 lnterpretum
2354 3657 2647 3713 editionem
2728 3656 3143 3726 przesumptiesa
3213 3657 3527 3713 temeritate

1932 3746 2137 3817 absque
2166 3747 2444 3803 Hebraicae
2472 3748 2717 3803 veritatis
2740 3746 3177 3803 consideratione
3192 3757 3215 3786 ε
3232 3748 3527 3804 emendare

1932 3843 2114 3896 conati
2160 3851 2323 3907 sunt;
2359 3856 2461 3897 nec
2500 3859 2607 3898 non
2652 3843 2723 3897 ad
2768 3842 2973 3898 erroris
3014 3841 3099 3897 sui
3140 3842 3435 3911 cumulum,
3469 3845 3530 3901 in

1933 3928 2083 3985 Novo
2112 3928 2462 3987 Testamento
2484 3932 2729 4003 quaedam
2756 3930 3026 4004 superﬂua
3050 3942 3107 3988 et
3129 3931 3309 4004 inepta
3339 3949 3530 4006 super-

1934 4008 2277 4076 addiderunt.
2321 4020 2564 4089 Quorum
2604 4022 2801 4078 merito
2831 4022 3047 4078 codices
3069 4024 3537 4097 praetermittend't

1933 4120 2083 4175 sunt,
2113 4108 2168 4164 in
2195 4109 2392 4180 quibus
2419 4110 2709 4166 ridiculosa
2748 4112 3061 4168 emendatio
3092 4110 3337 4184 falsaque
3368 4113 3533 4169 addis

1934 4202 2012 4257 tio
2065 4201 2349 4273 perspicue
2400 4202 2699 4258 cernitur.-
2725 4201 2915 4258 Potest
2961 4212 3017 4258 et
3070 4202 3230 4259 aliter
3279 4203 3533 4277 intelligi,

1933 4291 2080 4363 quod
2106 4292 2317 4363 praefati
2343 4292 2557 4350 codices
2582 4307 2684 4348 nec
2717 4306 2906 4347 revera
2929 4307 2961 4346 a
2984 4291 3229 4349 Luciano
3264 4301 3320 4349 et
3350 4293 3527 4366 Hesy-

1935 4384 2059 4440 chio
2088 4384 2214 4440 facti
2253 4393 2396 4451 sunt,
2426 4385 2519 4440 sed
2546 4384 2647 4440 sub
2674 4400 2864 4441 eorum
2892 4385 3111 4441 nomine
3142 4384 3281 4442 falso
3312 4387 3467 4443 titulo
3490 4403 3523 4443 a

248 4508 393 4547 nunc
427 4491 551 4547 illos
596 4507 920 4561 assequeus,
974 4507 1117 4547 nunc
1157 4492 1402 4562 quzedam
1441 4492 1737 4561 peculiaria
1765 4507 1831 4548 ex

1938 4473 2259 4543 quibusdam
2302 4473 2572 4544 perversis
2602 4482 2729 4529 sunt
2768 4475 3083 4545 nuncupati.
3126 4473 3244 4531 Non
3273 4476 3417 4529 enim
3446 4476 3531 4532 di-

249 4582 518 4641 ilebraica
570 4585 798 4640 veritate
845 4601 1130 4641 assumens
1156 4626 1171 4651 ,
1234 4585 1565 4655 elegantiora
1609 4601 1835 4656 qumque

250 4687 312 4732 n'.
340 4678 445 4732 sibi
486 4678 663 4733 visum
689 4676 869 4731 fuerat
895 4678 1083 4732 edidit.
1132 4676 1214 4733 Sit
1250 4676 1343 4730 illa
1378 4693 1500 4731 vera
1530 4677 1838 4747 interpreta-

252 4770 323 4822 tio
349 4787 404 4841 q.
447 4786 505 4823 α.
545 4785 601 4839 ρ.
632 4768 748 4822 Non
777 4783 899 4839 ego,
930 4768 1136 4837 inquit,
1185 4782 1359 4831 nunc,
1407 4767 1640 4823 discutio
1668 4783 1735 4822 an
1766 4768 1839 4824 sit

250 4858 416 4915 etiam
467 4856 557 4911 illa
583 4872 714 4912 vera
762 4856 1159 4927 interpretatio,
1204 4872 1311 4928 qua
1346 4871 1446 4927 ego
1474 4856 1587 4927 ipse
1626 4872 1694 4912 ex
1731 4856 1838 4912 He-

251 4946 434 5002 braica
492 4947 720 5002 veritate
770 4948 935 5003 Vetus
1001 4946 1407 5003 Testamentum
1467 4946 1522 5003 in
1580 4946 1835 5003 Latinum

252 5040 507 5097 transtuli
528 5056 855 5106 sermonem,
880 5056 1004 5097 cum
1033 5039 1434 5096 evidentissime
1458 5039 1627 5109 ipsam
1650 5055 1834 5094 veram

251 5146 372 5187 esse
386 5138 620 5196 constet,
642 5147 805 5200 quam
819 5129 1113 5200 apostolica
1136 5145 1345 5183 mecum
1368 5127 1838 5184 simulauctoritas

252 5221 593 5291 comprobet.
645 5219 809 5275 Multa
846 5235 1080 5289 namque
1105 5218 1410 5273 testimonia
1436 5232 1504 5273 ex
1535 5218 1718 5272 Veteri
1754 5217 1839 5273 In-

252 5319 560 5367 strumenta
601 5311 654 5364 in
694 5310 1006 5380 apostolicis
1040 5309 1200 5365 dictis
1244 5310 1418 5380 posita
1456 5309 1835 5380 reperiuntur,

251 5419 378 5472 qua:
403 5418 511 5458 non
537 5402 594 5459 in
622 5402 765 5456 LXX
800 5403 1159 5473 interpretum
1188 5401 1425 5456 editione
1450 5442 1466 5468 ,
1503 5403 1597 5457 sed
1639 5401 1694 5456 in
1733 5399 1842 5457 He-

254 5496 438 5551 braica
474 5497 737 5559 veritate,
767 5510 831 5551 ex
872 5512 978 5566 qua
1030 5494 1392 5565 Hieronymus
1419 5493 1698 5549 transtulit
1724 5534 1741 5560 ,
1767 5481 1846 5548 in—

328 5686 350 5711 ι
383 5671 496 5738 GL,
522 5670 828 5735 Iteuuerido,
855 5670 1076 5732 khleini,
1101 5670 1270 5733 klerti,
1297 5671 1612 5725 uuistuome.

329 5743 356 5784 δ
393 5740 505 5808 GL,
530 5740 775 5812 puozzz‘la
803 5741 990 5812 puoch.

1937 4570 2012 4624 cit
2034 4570 2181 4641 ipsos
2205 4570 2421 4625 codices
2449 4585 2479 4623 a
2507 4568 2747 4624 Luciano
2784 4579 2839 4625 et
2879 4569 3155 4642 llesychio
3194 4569 3396 4636 factos,
3431 4570 3530 4631 sed

1937 4667 2275 4730 nuncupatos
2324 4674 2446 4714 esse
2485 4659 2802 4725 conﬁrmat;
2845 4660 2987 4714 sicut
3031 4660 3250 4730 quidam
3296 4660 3529 4731 pseudo-

1938 4752 2281 4822 evangelistae
2296 4752 2396 4806 sub
2417 4751 2635 4809 nomine
2662 4751 3033 4827 apostolorum
3058 4750 3195 4807 falsa
3230 4768 3326 4808 sua
3348 4752 3527 4806 Evan-

1940 4841 2076 4913 gelia
2098 4840 2586 4911 praetitulaverunt.

2016 4950 2103 5005 10.
2146 4949 2322 5020 Igitur
2350 4951 2461 5004 lucc
2500 4966 2729 5021 prwsens
2774 4950 3203 5023 prtrfatiuncula,
3232 4960 3287 5005 et
3320 4950 3527 5021 reliqua

1942 5055 2113 5110 usque
2139 5040 2229 5095 sed
2255 5049 2501 5094 veterum.
2547 5041 2660 5097 Hoc
2682 5050 2765 5096 est
2791 5050 3022 5111 quatuor
3042 5050 3251 5095 tantum
3277 5040 3525 5112 Evangc-
3594 5068 3597 5071 -

1941 5131 2013 5186 lia
2047 5147 2143 5201 per
2177 5132 2487 5187 authentico
2519 5131 2831 5187 Grazcorutn
2865 5133 3194 5202 exemplaria
3236 5135 3524 5189 emendata

1942 5237 2061 5278 cs$e
2090 5222 2487 5292 proposuimus,
2516 5223 2717 5276 omissa
2739 5222 2806 5276 de
2834 5221 3015 5276 Veteri
3043 5221 3391 5281 Testamento
3416 5224 3524 5279 dis-

1945 5312 2246 5382 putatione,
2284 5312 2455 5381 deque
2491 5312 2659 5365 variis
2703 5311 3092 5381 interpretibus
3132 5316 3248 5370 sive
3270 5314 3527 5371 veridicis

1949 5404 2064 5458 sive
2100 5402 2367 5458 erratieis.
2415 5401 2708 5473 Signanter
2753 5411 2934 5458 autem
2988 5405 3233 5463 ordinent
3286 5405 3527 5476 ipsorum

1949 5492 2209 5548 describit
2232 5492 2649 5562 Evangeliorum
2682 5508 2803 5549 cum
2832 5494 2964 5550 dicit
2992 5513 3005 5549 :
3031 5511 3254 5567 quorum
3275 5494 3405 5552 ordo
3426 5495 3535 5555 ists

2021 5686 2042 5714 τ
2085 5671 2167 5729 Gl.
2179 5712 2203 5767 ,ι
2231 5671 2534 5729 keuuert'do.
