3942 6190
405 373 507 425 θ’,

405 402 469 425 α..

404 402 469 425 α..

1769 366 2034 423 SEDULH
2076 363 2271 421 δίζοΉ

3554 357 3666 412 δια

403 498 499 548 est,
530 485 833 550 Mattiacas,
863 484 1097 550 Marcus,
1126 484 1319 549 Lucus,
1344 484 1600 548 Joannes,
1628 490 1851 552 propter
1876 482 1986 537 dis-
2015 486 2064 545 Α
2091 494 2183 533 sus
2208 492 2306 547 per
2328 475 2544 530 eosdem
2575 474 2856 529 distinctos
2902 486 3154 535 canones,
3196 471 3403 542 singula
3433 486 3664 542 qua:un

403 581 698 635 cretionem
737 576 1128 633 ostendendam
1156 576 1224 631 ad
1248 620 1249 623 η
1273 575 1405 630 falsa
1446 573 1757 645 Evangelia,
1789 588 1909 644 quas
1948 589 1981 628 a

404 669 722 741 quibusdam
766 666 1319 738 pseudoevangelistis
1342 666 1445 721 sub
1468 665 1825 737 quorumdam
1866 664 1981 718 sive

403 759 644 813 omnium
673 757 1043 829 apostolorum
1077 756 1295 811 nomine
1319 764 1618 826 praznotata
1645 762 1789 810 sunt.
1811 767 1982 811 Μετω-

400 856 624 921 τυμικῶς
656 856 838 903 autem
889 846 1148 917 loquitur,
1195 847 1341 915 ipsos
1381 845 1671 914 scriptores
1712 859 1810 914 pro
1846 844 1972 899 scri-

402 939 509 1008 ptis
538 937 843 1008 Evangeliis
872 936 1180 990 nominans.
1231 934 1457 1004 Proprie
1494 933 1640 988 enim
1686 933 1976 998 diceretur,

401 1045 631 1099 quorum
674 1028 810 1083 ordo
852 1027 957 1081 iste
1001 1035 1084 1081 est
1110 1027 1235 1081 κατά
1261 1030 1530 1091 Ματϐαῐον,
1576 1024 1706 1079 κατὰ
1756 1024 1974 1099 Μάρκοη

400 1122 534 1176 κατὰ
562 1124 781 1183 Λουκᾶν,
810 1119 939 1173 κατὰ
975 1114 1220 1175 Ἰωάννην.
1254 1115 1493 1170 Calamo.
1541 1115 1762 1170 Calamo
1813 1116 1981 1185 impe-

400 1225 524 1263 rare
562 1221 588 1249 ι
619 1208 857 1263 scribere
899 1216 1000 1270 est,
1039 1207 1131 1261 sed
1157 1206 1347 1261 maluit
1376 1205 1582 1276 tropice
1614 1205 1780 1274 loqui.
1823 1204 1977 1260 Hunc

398 1313 580 1355 autem
614 1300 858 1355 ordinem
884 1308 1115 1368 quatuor
1137 1298 1429 1369 Evangelia
1456 1306 1804 1369 sumpserunt
1825 1299 1975 1351 adif-

396 1390 590 1446 ferenti
621 1399 859 1459 tempore
883 1389 1279 1443 conscribendi.
1312 1388 1445 1443 Nam
1469 1388 1645 1457 primo
1668 1388 1976 1452 Matthazus,

396 1483 638 1537 secundo
680 1483 911 1546 Marcus,
943 1482 1138 1536 dehinc
1175 1480 1374 1546 Lucas,
1426 1489 1701 1552 postremo
1741 1479 1978 1535 Joannes

396 1574 743 1644 Evangelium
776 1573 1012 1643 scripsit.
1038 1572 1203 1643 Igitur
1229 1582 1462 1643 quatuor
1485 1580 1693 1628 tantum
1733 1572 1980 1645 Evange-

394 1664 465 1719 lia
513 1679 572 1718 se
623 1664 913 1719 emendare
970 1665 1259 1735 promittit.
1316 1664 1420 1719 Sed
1472 1664 1648 1735 qualis
1690 1667 1762 1721 sit
1810 1667 1977 1737 ipsius

392 1755 784 1810 emendationis
812 1756 1019 1819 modus,
1056 1766 1234 1809 utrum
1262 1755 1468 1811 scilicet
1512 1756 1564 1810 in
1595 1756 1773 1811 verbis
1821 1766 1875 1812 et
1919 1759 1973 1813 in

2083 570 2138 624 in
2166 566 2472 639 Evangeliis
2501 563 2754 636 capitula,
2781 574 2965 620 utrum
2989 564 3200 628 eadem,
3232 564 3313 618 vel
3346 564 3542 629 vicina,
3572 565 3664 619 vel

2083 658 2198 714 sola
2227 658 2357 721 sint,
2389 669 2718 727 cognoscere
2742 654 2933 724 possit.
2963 653 3162 707 Eadem
3197 661 3379 707 autem
3421 653 3662 723 capitula

2081 757 2208 802 sunt
2234 762 2354 817 qua:
2366 747 2437 801 .in
2471 746 2652 801 verbis
2677 753 2732 801 et
2761 746 2815 800 in
2846 760 3009 800 sensu
3054 744 3261 798 null-um
3291 745 3433 799 inter
3455 761 3514 800 se
3543 747 3660 801 dis-

2081 847 2263 893 tamen
2290 837 2511 893 habent.
2547 837 2735 893 Vicina
2765 850 2892 891 vero
2929 835 3298 899 nominantur,
3341 850 3461 904 qua:
3487 835 3575 890 vel
3606 838 3663 891 in

2082 927 2262 983 verbis
2291 927 2375 982 vel
2423 929 2476 983 in
2510 943 2699 993 sensu,
2735 942 2828 982 seu
2859 927 2913 981 in
2957 934 3210 995 utroque,
3263 933 3325 979 ut
3370 927 3667 995 quamdam

2080 1023 2485 1078 similitudinem
2508 1021 2710 1075 habere
2732 1027 3052 1084 noscuntur,
3084 1018 3157 1073 ita
3184 1026 3240 1074 et
3260 1034 3327 1074 ex
3352 1029 3507 1089 parte
3527 1037 3667 1076 non«

2080 1116 2280 1171 nullam
2336 1113 2829 1171 dissimilitudinem
2885 1111 3102 1166 habent.
3186 1110 3312 1166 Sola
3371 1122 3663 1177 vocantur,

2079 1208 2296 1278 propria
2328 1223 2555 1277 qumque
2579 1207 2716 1276 apud
2746 1203 2988 1275 singulos
3010 1202 3370 1273 evangelistas
3404 1204 3661 1274 capitula.

2080 1299 2186 1354 Sed
2209 1300 2323 1355 sola
2345 1301 2399 1354 in
2422 1299 2634 1354 decimo
2652 1312 2883 1361 canone,
2911 1298 3102 1351 eadem
3124 1311 3253 1351 vero
3288 1295 3372 1350 vel
3402 1297 3577 1351 vicina
3607 1298 3664 1352 in

2079 1390 2200 1445 aliis
2228 1406 2421 1445 novem
2460 1389 2761 1445 canonibus
2799 1387 3030 1457 sparsim
3074 1387 3250 1455 posita
3291 1388 3661 1458 reperiuntur.

2079 1482 2212 1537 Cum
2239 1483 2403 1553 igitur
2430 1494 2621 1554 aperto
2651 1482 2858 1547 codice,
2911 1479 3190 1550 quodlibet
3247 1481 3302 1535 in
3368 1481 3675 1552 Evangelia

2078 1575 2373 1644 capitulum
2410 1574 2775 1646 perspexeris,
2819 1587 3029 1628 canone
3073 1572 3313 1642 quolibet
3342 1589 3409 1628 ex
3456 1590 3653 1629 novem

2079 1667 2376 1721 canonibus
2427 1674 2661 1736 reperto,
2713 1664 2898 1735 procul
2947 1664 3118 1718 dubio
3154 1679 3449 1734 cognosces
3476 1664 3568 1734 qui
3601 1674 3663 1719 et

2077 1765 2211 1825 quot
2239 1756 2587 1827 evangelista:
2625 1756 2803 1825 ipsum
2838 1752 3131 1823 capitulum
3168 1753 3467 1820 ediderint;
3497 1764 3671 1826 atque

392 1866 573 1914 sensu,
608 1864 674 1905 an
719 1850 774 1904 in
817 1849 948 1905 solis
980 1849 1182 1914 verbis,
1231 1866 1300 1902 an
1346 1848 1524 1920 potius
1562 1849 1617 1903 in
1664 1848 1779 1905 solo
1809 1866 1973 1905 sensu
2000 1841 2047 1899 B
2076 1847 2287 1911 eodem,
2318 1862 2427 1901 uno
2470 1862 2566 1901 seu
2596 1846 2842 1916 pluribus
2882 1844 3339 1901 concordantibus
3384 1847 3662 1915 evangeli-

394 1945 729 2013 perturbato,
780 1944 894 2014 ipsa
950 1943 1220 1999 correctio
1268 1941 1384 2007 fiat,
1442 1942 1683 1998 breviter
1723 1943 1977 2014 explanat

392 2035 628 2090 subdens
655 2053 667 2089 :
699 2052 815 2104 qua:
850 2051 912 2089 ne
939 2033 1163 2088 multum
1187 2052 1218 2087 a
1244 2032 1482 2088 lectionis
1508 2033 1734 2098 Latiare,
1769 2043 1823 2089 ct
1850 2036 1977 2089 reli-

391 2140 497 2195 qua
540 2140 709 2195 usque
736 2134 793 2178 ut
837 2124 1065 2195 fuerant.
1100 2123 1301 2179 Facilis
1335 2141 1530 2181 sensus
1562 2133 1647 2181 est
1672 2125 1738 2180 ad
1777 2125 1974 2180 intelli-

389 2216 653 2285 gendum;
702 2230 828 2269 nam
860 2230 918 2270 se
944 2214 1141 2269 asserit
1183 2229 1247 2269 ea
1286 2221 1494 2269 tantum
1529 2215 1805 2285 corrigere
1854 2230 1975 2286 qua:

391 2320 611 2362 sensum
641 2304 964 2360 videbantur
1003 2305 1315 2373 immutare,
1348 2315 1407 2360 ut
1432 2322 1540 2361 non
1564 2314 1675 2361 tam
1704 2307 1731 2346 δ
1762 2306 1831 2361 de
1852 2322 1973 2362 ver—

391 2397 583 2450 borum
610 2392 773 2458 foliis,
804 2409 966 2464 quam
996 2395 1061 2450 de
1087 2410 1345 2450 sensuum
1377 2394 1666 2451 fructuosis
1703 2397 1973 2451 thesauris

388 2493 725 2556 procuraret.
757 2483 873 2541 Hoc
896 2493 1078 2540 autem
1114 2485 1259 2550 fecit,
1291 2502 1358 2542 ne
1387 2487 1433 2543 si
1473 2488 1639 2542 verba
1668 2494 1724 2542 et
1748 2504 1971 2544 sensum

388 2590 487 2645 per
525 2575 706 2630 omnia
736 2589 857 2645 qua:
886 2574 1268 2646 discrepabant
1295 2576 1415 2631 loca
1454 2577 1774 2648 corrigeret,
1806 2577 1970 2633 nimia

389 2668 472 2723 sui
497 2668 680 2738 operis
728 2668 967 2723 novitate
1011 2675 1236 2724 cunctos
1284 2665 1581 2732 oll'endeus,
1624 2670 1692 2724 ab
1738 2669 1973 2724 utilitate

389 2768 497 2813 tam
527 2757 801 2830 magnifici
842 2757 1043 2813 laboris
1072 2757 1401 2813 excluderet.

460 2846 545 2900 ll.
588 2845 776 2902 Solent
816 2856 996 2903 autem
1040 2848 1215 2903 sancti
1258 2846 1451 2903 Patres
1484 2856 1706 2919 propter
1736 2847 1971 2902 Charita-

387 2944 495 2989 teut
544 2953 651 2992 noa
697 2938 867 2994 solum
921 2939 990 2994 ab
1021 2939 1140 2996 aliis
1183 2942 1456 3011 postulata
1504 2942 1747 3012 implere,
1783 2957 1968 2997 verum

385 3027 548 3082 etiam
572 3032 817 3098 quaedam
840 3031 1127 3086 utilissima
1158 3042 1213 3087 et
1252 3033 1559 3088 necessaria
1599 3033 1817 3089 addere.
1852 3034 1968 3101 Qua

389 3122 592 3177 virtute
635 3122 824 3178 beatus
877 3122 1239 3196 Hieronymus
1293 3126 1576 3195 praeditus,
1631 3142 1740 3182 non
1791 3127 1966 3182 solum

2074 1937 2200 2002 stis,
2227 1944 2510 2009 perspecto
2541 1952 2603 1991 ac
2642 1936 2872 1990 recitato
2898 1933 3161 2003 capitulo,
3188 1942 3366 1988 utrum
3403 1934 3545 1989 idem
3587 1950 3667 1989 an

2074 2030 2313 2084 vicinum
2338 2029 2409 2083 sit
2432 2028 2604 2098 ipsum
2633 2027 2775 2098 apud
2817 2027 2972 2092 duos,
3001 2033 3093 2080 aut
3137 2035 3265 2089 tres,
3310 2034 3403 2080 aut
3425 2037 3671 2094 qrmtuor

2072 2119 2434 2189 evangelistas
2466 2118 2759 2189 capitulum
2787 2119 2970 2173 statim
2998 2118 3345 2188 przenotabis.
3389 2118 3486 2173 Sin
3529 2135 3671 2175 vero:

2072 2210 2343 2266 decimum
2389 2226 2650 2266 canonem
2682 2211 3109 2283 superscriptum
3137 2227 3258 2267 esse
3286 2212 3506 2277 videris,
3530 2226 3668 2282 pros

2071 2303 2251 2372 prium
2303 2302 2544 2373 ejusdem
2581 2302 2927 2373 evangelista:
2968 2318 3125 2372 quem
3183 2304 3403 2366 recitas,
3462 2311 3665 2357 cuncta

2070 2394 2273 2450 erroris
2300 2393 2495 2449 nebula
2519 2393 2816 2460 subtracta,
2863 2395 3161 2465 capitulum
3188 2409 3309 2450 esse
3352 2412 3459 2451 non
3504 2395 3658 2449 dubi-

2071 2483 2233 2539 tabis.

2144 2575 2228 2630 15.
2269 2573 2443 2643 Quem
2480 2575 2853 2635 detestandum
2884 2590 3126 2632 errorem
3155 2586 3525 2647 competenter
3551 2579 3651 2633 de-

2070 2665 2261 2719 scribit
2295 2680 2419 2719 cum
2441 2665 2518 2719 ait
2550 2683 2561 2718 :
2590 2681 2816 2735 magnus
2841 2666 3121 2737 siquidem,
3161 2674 3216 2722 et
3252 2666 3459 2737 reliqua
3480 2683 3667 2738 usque

2070 2755 2426 2809 inveniantur.
2454 2754 2513 2809 in
2543 2754 2749 2811 Latinis
2794 2756 3071 2812 codicibus
3095 2757 3231 2813 duos
3260 2758 3528 2829 praecipue
3567 2774 3663 2814 cr-

2071 2832 2212 2904 roris
2237 2849 2425 2904 inodos
2450 2849 2691 2905 crevisse
2736 2849 2894 2914 dicit,
2925 2848 3283 2916 adjectionem
3321 2850 3572 2906 videlicet
3598 2859 3663 2905 et-

2070 2940 2526 2997 immutationem.
2555 2940 2927 3010 Adjectionem
2953 2943 3010 2996 in
3040 2942 3146 2997 illis
3172 2943 3419 3013 capitulis
3442 2959 3565 3013 qum
3595 2944 3663 2997 in-

2070 3034 2392 3104 quibusdam
2432 3034 2776 3104 evangelistis
2809 3034 2930 3105 plus
2956 3035 3149 3105 posita,
3193 3035 3246 3089 in
3279 3035 3400 3089 aliis
3426 3036 3515 3106 qui
3549 3036 3661 3090 mi-

2071 3139 2174 3178 nus
2203 3124 2457 3180 dixerunt
2498 3133 2628 3178 sunt
2657 3124 2857 3179 addita.
2898 3124 3331 3181 [inmutationem
3366 3141 3492 3181 vero
3516 3142 3659 3195 quo~

387 3214 700 3286 Evangelia,
747 3214 906 3270 sicuti
949 3212 1161 3284 jussum
1215 3217 1263 3271 ei
1310 3214 1505 3281 fuerat,
1561 3216 1816 3288 corrigit;
1871 3218 1966 3273 sed
1993 3203 2036 3264 C
2070 3212 2172 3268 ties
2201 3213 2431 3283 quilibet
2457 3214 2780 3269 temerarius
2802 3216 2867 3269 ad
2885 3215 3293 3271 similitudinem
3313 3216 3455 3271 illius
3480 3216 3663 3271 Evan‘

388 3303 553 3357 etiam
578 3303 838 3374 quasdam
883 3303 1106 3374 insuper
1150 3320 1318 3360 novas
1344 3320 1408 3361 ac
1436 3304 1587 3361 valde
1629 3306 1967 3361 necessarias

389 3392 686 3465 evangelici
711 3393 1001 3450 voluminis
1038 3394 1252 3468 regulas
1293 3396 1610 3466 descripsit;
1655 3395 1722 3451 de
1769 3396 1967 3467 quibus

387 3490 779 3553 consequenter
798 3483 1068 3552 edisserit,
1094 3502 1216 3540 cum
1240 3486 1420 3542 subdit
1445 3506 1456 3540 :
1492 3503 1715 3542 canones
1740 3503 1964 3559 quoque,

385 3580 442 3627 et
463 3572 667 3643 reliqua
700 3588 871 3646 usque
896 3576 1265 3646 expressimus.
1296 3575 1550 3633 Canones
1571 3588 1593 3617 ο
1630 3576 1838 3643 Graece,
1866 3576 1965 3631 La-

391 3665 502 3720 tine
552 3664 752 3737 regulae
788 3652 1080 3733 dicuntur;
1129 3682 1361 3738 quorum
1404 3670 1623 3724 nomine
1652 3685 1760 3725 non
1791 3668 1962 3723 solum

386 3755 745 3827 evangelicas,
771 3755 864 3811 sed
890 3757 1217 3828 generaliter
1243 3773 1435 3815 omnes
1460 3759 1728 3830 quaslibet
1749 3776 1966 3815 norma-

388 3844 467 3899 les
496 3845 710 3916 regulas
739 3847 1010 3918 appellare
1033 3848 1289 3905 solemus.
1318 3851 1466 3921 Ipsos
1494 3852 1678 3923 itaque
1716 3851 1962 3924 Evange-

385 3934 580 3989 iiorum
617 3949 876 4002 canones,
901 3953 1009 3992 non
1032 3953 1129 3993 sua
1156 3941 1377 4011 pmpria
1404 3940 1669 3996 industria
1697 3941 1749 4009 ά,
1775 3944 1871 3998 sed
1898 3943 1966 3998 ab

385 4025 504 4080 aliis
554 4026 853 4083 illustribus
904 4036 961 4083 et
1018 4030 1353 4099 sapientibus
1397 4032 1530 4088 viris
1585 4034 1855 4099 inventos,
1910 4034 1964 4090 in

384 4117 637 4173 Latinum
659 4133 717 4174 se
747 4120 944 4174 asserit
984 4123 1330 4177 transtulisse
1355 4139 1679 4180 sermonem.
1710 4125 1846 4181 Tres
1870 4143 1965 4181 au-

387 4217 494 4262 tem
521 4208 1060 4289 Czcsareaslegimus,
1076 4228 1240 4267 unam
1261 4213 1564 4269 Cmsaream
1588 4214 1963 4285 Cappadocia},

385 4315 505 4366 quae
534 4306 617 4355 est
643 4300 956 4372 metropolis
988 4299 1184 4374 Syritc,
1214 4311 1269 4358 et
1310 4305 1444 4358 duas
1477 4304 1532 4359 in
1568 4313 1714 4360 terra
1742 4307 1965 4376 promis-

385 4390 575 4456 sionis,
604 4391 657 4445 id
685 4400 769 4447 est
789 4394 1095 4450 Caesaream
1134 4394 1362 4466 Philippi
1408 4396 1476 4450 ad
1519 4397 1733 4453 radices
1763 4401 1968 4456 montis

384 4479 594 4547 Libani,
625 4489 682 4537 et
707 4481 1010 4538 Caesaream
1054 4484 1353 4542 Palrestina:
1396 4502 1517 4558 quae
1562 4497 1646 4543 est
1681 4489 1734 4544 in
1779 4489 1959 4546 littore

384 4573 551 4627 maris
590 4571 767 4645 Magni
814 4574 938 4640 sita,
988 4591 1109 4646 qua:
1136 4549 1431 4646 quondam-
1451 4579 1641 4635 Turris
1689 4580 1960 4637 Stratonis
1986 4549 2037 4608 D

383 4664 525 4718 dicta
563 4670 669 4729 est,
721 4662 812 4717 ubi
855 4681 1022 4736 nepos
1067 4665 1296 4723 Herodis
1340 4669 1409 4723 ab
1447 4671 1636 4740 angelo
1671 4686 1958 4741 percussus

382 4760 488 4819 est,
528 4760 583 4809 et
625 4752 908 4809 Cornelius
955 4758 1200 4815 centurio
1233 4758 1559 4829 baptizatus,
1602 4760 1754 4830 cujus
1783 4761 1960 4817 Caesa-

383 4860 489 4899 reze
510 4844 777 4902 Eusebius
797 4846 1177 4903 cbronicorum
1203 4850 1455 4920 scriptor,
1487 4852 1838 4907 historiarum
1863 4868 1959 4908 ex-

383 4935 612 5005 positor,
643 4936 958 4992 notissimus
986 4938 1270 5008 episcopus
1301 4939 1501 4995 floruit.

456 5024 541 5079 19..
593 5024 675 5082 Ob
706 5042 841 5097 quas
868 5043 998 5084 vero
1043 5044 1237 5085 causas
1273 5029 1321 5084 Χ
1351 5046 1589 5087 canones
1642 5032 1955 5105 Evangelio-

382 5128 501 5168 rum
525 5118 695 5171 notati
741 5118 852 5174 sint
881 5128 1042 5191 atque
1070 5120 1326 5182 ordinati,
1363 5123 1618 5177 continuo
1659 5124 1948 5193 explanat:

381 5206 521 5276 quod
540 5207 585 5261 si
605 5210 720 5280 quis
741 5211 806 5266 de
828 5213 1049 5266 curiosis
1078 5222 1101 5251 θ
1120 5253 1134 5279 ,
1161 5220 1216 5267 et
1241 5212 1447 5281 reliqua
1469 5228 1636 5283 usque
1655 5225 1949 5286 cognoscat.

384 5297 696 5368 Triplicem,
733 5302 925 5371 inquit,
960 5305 1029 5359 ob
1051 5319 1272 5359 causam
1300 5318 1536 5359 canones
1565 5306 1949 5375 expressimus,

385 5387 437 5443 id
465 5401 546 5446 est
587 5393 926 5464 interpretati
953 5411 1160 5461 sumus,
1201 5406 1469 5466 quatenus
1495 5398 1717 5467 quilibet
1748 5398 1952 5454 studio-

456 5576 480 5604 α
516 5566 659 5645 Ergo
689 5566 938 5645 Sedulius
966 5570 1171 5638 legebat
1213 5572 1267 5626 in
1320 5580 1467 5645 textu
1502 5572 1814 5645 Hieronymi
1858 5592 1951 5627 ca-

384 5631 521 5712 lamo
530 5631 1063 5712 irtiperaeitrtzts3‘ntﬁt
1091 5642 1505 5712 temperavimus.

444 5705 485 5744 ’δ
522 5704 631 5771 GL,
671 5705 786 5761 nais
808 5724 866 5758 so
890 5708 999 5773 ﬁlo.

455 5785 475 5813 '
518 5775 630 5843 GL,
656 5773 934 5830 kcrihtida.

2068 3301 2214 3373 gelii,
2256 3303 2400 3372 quod
2430 3303 2664 3373 primum
2706 3303 2820 3373 ipse
2851 3303 3073 3373 legerat,
3117 3313 3313 3360 cetera
3358 3306 3655 3379 Evangelia

2068 3395 2457 3461 emendaverit,
2512 3394 2620 3449 alia
2664 3394 2872 3450 scilicet
2898 3396 3061 3450 verba
3104 3412 3204 3466 pro
3246 3396 3389 3461 aliis,
3415 3397 3545 3454 licet
3591 3398 3651 3452 in

2067 3485 2258 3539 eodem
2286 3499 2471 3548 sensu,
2503 3484 2768 3553 ponendo.
2818 3484 2970 3540 Unde
3006 3487 3202 3540 accidit
3231 3496 3287 3540 ut
3317 3488 3496 3543 omnia
3528 3504 3655 3557 qua:

2067 3577 2236 3632 vaziis
2266 3576 2318 3630 in
2357 3576 2493 3635 locis
2519 3577 2693 3631 vicina
2737 3577 2822 3632 vel
2855 3577 2970 3633 sola
3009 3579 3374 3648 reperiuntur,
3420 3581 3476 3635 in
3524 3581 3658 3637 aliis

2065 3670 2412 3741 evangelistis
2441 3670 2723 3728 immutata
2748 3672 2837 3727 vel
2881 3672 3064 3728 addita
3108 3682 3461 3743 ponerentur.
3509 3673 3652 3729 Nam

2066 3763 2241 3818 vicina
2269 3764 2586 3829 immutata;
2635 3765 2749 3820 sola
2776 3781 2926 3831 vero,
2957 3781 3080 3836 quas
3121 3766 3288 3821 etiam
3316 3769 3536 3837 pr0pria
3567 3770 3659 3823 di-

2064 3861 2286 3919 cuntur,
2308 3863 2436 3909 sunt
2473 3854 2676 3909 addita.
2719 3853 2924 3909 Eadem
2965 3863 3168 3919 autem,
3203 3856 3331 3927 quia
3360 3857 3505 3911 nulla
3560 3874 3659 3913 sc-

2066 3947 2300 4002 cundum
2325 3948 2682 4003 erraticorum
2724 3947 3143 4004 aestimationem
3184 3950 3324 4003 ratio
3369 3949 3659 4021 exigebat,

2065 4054 2167 4095 nec
2197 4048 2402 4095 mutata
2428 4054 2526 4095 nec
2547 4039 2732 4095 addita
2759 4038 2996 4094 fuerunt.

2139 4134 2225 4189 14.
2267 4134 2538 4202 Quaeritur
2566 4149 2666 4189 cur
2688 4133 2852 4187 etiam
2875 4133 3011 4189 alios
3030 4132 3169 4189 duos
3193 4133 3400 4189 erroris
3431 4135 3655 4199 modos,

2065 4226 2262 4296 quibus
2290 4223 2540 4279 Latinum
2580 4223 2925 4293 Evangelium
2962 4224 3212 4280 vitiatum
3244 4223 3445 4289 fuerat,
3493 4226 3659 4280 scili-

2066 4326 2154 4373 cet
2181 4316 2567 4372 detractionem
2614 4324 2671 4370 et
2716 4318 3244 4382 transmutatiouem,
3295 4317 3350 4371 in
3381 4318 3484 4373 hoc
3530 4318 3663 4374 loco

2066 4422 2174 4462 non
2219 4413 2629 4462 commemorat.
2682 4406 2763 4461 Ad
2813 4408 2961 4478 quod
2998 4408 3458 4478 respondendum,
3502 4409 3660 4479 quod

2065 4510 2306 4563 errorem
2345 4510 2533 4550 eorum
2561 4496 2650 4551 hic
2675 4497 2985 4566 specialiter
3010 4498 3307 4569 redarguit,
3346 4501 3436 4568 qui
3470 4500 3659 4569 plora»

2061 4600 2166 4654 que
2188 4583 2434 4640 addendo
2458 4600 2555 4639 sua
2585 4585 2869 4651 industria,
2895 4588 3153 4641 nonnulla
3180 4603 3309 4643 vero
3352 4589 3655 4643 immutan—

2060 4676 2149 4738 do,
2171 4683 2403 4744 quatuor
2438 4674 2729 4745 Evangelia
2771 4677 3107 4732 emendanda
3133 4693 3256 4733 esse
3284 4690 3645 4735 censuerunt.

2059 4765 2328 4821 Caeterum
2370 4764 2388 4804 ί
2435 4781 2559 4836 qua:
2581 4774 2727 4821 recta
2752 4774 2808 4821 et
2838 4767 3078 4837 plenaria
3109 4777 3255 4833 sunt,
3287 4769 3376 4824 vel
3397 4771 3659 4826 minuere

2058 4858 2141 4912 vel
2175 4864 2560 4922 transmutare,
2591 4858 2784 4912 vitiosa
2828 4858 3156 4929 negligentia
3198 4860 3519 4914 vitiosarum
3563 4864 3649 4915 in-

2056 4956 2371 5018 terpretum,
2399 4948 2481 5004 vel
2502 4948 2843 5003 librariorum
2863 4952 3290 5015 dormitantium,
3316 4953 3647 5009 sicutetiam

2058 5054 2219 5107 supra
2249 5039 2453 5093 dictum
2476 5046 2582 5103 est,
2611 5040 2903 5111 contingit.
2956 5041 3155 5097 Potest
3185 5051 3371 5097 autem
3415 5045 3643 5101 nomine

2057 5129 2471 5193 immutationis,
2495 5130 2658 5184 etiam
2689 5133 3088 5198 transmutatio,
3118 5134 3352 5203 adjectio
3379 5143 3435 5190 et
3460 5135 3651 5190 detra-

2057 5221 2165 5275 etio
2184 5220 2426 5291 intelligi.
2450 5219 2584 5276 Cum
2614 5221 2761 5275 enim
2789 5222 3067 5290 quodlibet
3090 5223 3381 5292 capitulum
3409 5240 3508 5294 pro
3529 5226 3644 5281 alio

2056 5312 2294 5381 capitulo
2339 5312 2663 5382 ponebatur,
2712 5322 2802 5367 aut
2835 5313 3007 5382 majus
3054 5330 3153 5384 pro
3182 5317 3397 5382 minori,
3446 5318 3503 5372 in
3533 5334 3649 5388 quo

2055 5402 2299 5472 quaedam
2340 5403 2573 5493 adjectio
2615 5404 2817 5469 ﬁebat;
2849 5413 2943 5458 aut
2986 5406 3163 5460 minus
3191 5420 3291 5475 pro
3340 5406 3557 5478 majori,
3581 5407 3647 5463 in

2126 5581 2152 5621 ἀ
2192 5581 2304 5646 GL,
2329 5581 2498 5636 klerti.

2133 5663 2155 5724 ξ
2198 5651 2306 5724 (ζμ,
2332 5652 2637 5724 forsklinen,
2662 5653 3071 5724 firuuisgemcu.

2136 5720 2153 5759 ί
2197 5721 2306 5786 GL,
2338 5721 2682 5776 uudm‘slabo.
