3942 6190
230 317 334 373 ῖιιι

958 320 1258 380 EXPLAN.
1302 325 1367 379 IN
1406 325 1915 383 PRAEFATIONES
1957 327 2013 383 Β.
2057 329 2331 387 HIERON.
2379 333 2467 386 Al)
2506 332 2752 395 EVANC.

3405 345 3510 400 Si!

225 449 348 503 quo
389 428 662 486 detractio
689 436 838 495 erat;
873 441 966 485 aut
1004 435 1210 502 aequale
1239 452 1338 505 pro
1370 440 1563 508 aequali
1589 440 1824 510 capitulo
1852 445 1902 504 Α
1928 442 2214 506 secundus,
2266 444 2353 499 ubi
2398 444 2540 499 inter
2578 454 2721 510 tres;
2779 449 2992 514 tertius,
3040 452 3129 507 ubi
3182 454 3327 510 inter
3373 460 3510 515 duos

228 521 654 579 immutabatur.
704 519 1004 577 Notandum
1052 532 1232 579 autem
1281 530 1423 597 quod
1468 541 1824 602 μετωνυμικῶς

230 616 388 684 ipsos
422 611 790 681 evangelistas
815 626 916 681 pro
959 612 1266 688 Evangeliis
1294 622 1612 677 nominavit.
1667 623 1822 690 Quali

234 715 421 761 autem
452 705 716 769 remedio,
746 705 831 758 vel
859 707 1056 775 quibus
1079 711 1419 781 regularibus
1459 717 1664 771 normis
1691 733 1828 788 pra:-

235 796 367 852 fatis
396 795 678 851 erroribus
720 805 1094 864 succurratur,
1139 799 1451 873 subjungit:
1492 800 1620 859 cum
1650 806 1825 878 itaque

234 904 469 940 canones
494 885 704 956 legeris,
734 895 792 941 et
816 886 1024 959 reliqua
1052 904 1225 960 usque
1254 894 1514 947 restitues.
1545 894 1825 961 Quomodo

236 994 338 1048 per
383 978 676 1033 distinctos
704 993 941 1033 canones
991 990 1414 1050 cognoscantur,
1460 999 1580 1055 qua:
1616 987 1824 1041 suntin

238 1068 551 1138 Evangeliis
593 1070 783 1124 eadem
811 1070 897 1124 vel
923 1070 1098 1126 vicina
1128 1074 1212 1128 vel
1240 1075 1379 1139 sola,
1408 1091 1572 1145 supra
1609 1078 1828 1147 exposi-

237 1171 356 1215 tum
394 1167 500 1214 est.
556 1158 709 1215 Nunc
736 1163 1033 1217 notandum
1066 1173 1168 1229 est,
1210 1166 1352 1235 quod
1399 1167 1595 1220 similia
1653 1168 1828 1222 nomi-

237 1253 443 1315 nando,
495 1252 687 1307 eadem
747 1268 811 1307 ac
854 1254 1031 1308 vicina
1095 1255 1329 1325 capitula
1371 1257 1633 1327 designat.
1689 1258 1827 1324 Quil

238 1344 385 1397 enim
423 1342 548 1412 plus
586 1342 765 1397 simile
793 1344 898 1399 dici
923 1352 1124 1414 potest,
1164 1362 1327 1417 quam
1375 1349 1518 1417 quod
1564 1347 1702 1404 idem
1734 1359 1827 1404 aut

237 1435 478 1489 vicinum
507 1435 626 1489 est?

310 1524 397 1579 l5.
441 1523 674 1581 Ostenso
724 1526 780 1581 in
827 1529 1198 1599 superioribus
1251 1546 1523 1587 canonum
1574 1551 1821 1598 numero,

236 1618 400 1672 modo
428 1618 576 1688 ipsos
602 1634 841 1675 canones
873 1622 1108 1691 propriis
1132 1623 1542 1680 definitionibus
1569 1627 1829 1683 describit

237 1708 428 1764 dicens
452 1727 465 1762 :
497 1710 554 1763 in
576 1726 773 1763 canone
798 1711 985 1780 primo,
1014 1720 1067 1765 et
1098 1713 1302 1782 reliqua
1334 1729 1505 1784 usque
1528 1716 1822 1772 ediderunt.

236 1794 295 1852 ln
326 1798 519 1867 primis
550 1798 829 1853 scien-lum
882 1807 986 1862 est,
1039 1800 1231 1854 borum
1282 1817 1548 1856 canonum
1593 1814 1828 1872 quatuor

237 1903 363 1943 esse
410 1889 635 1954 modos;
695 1890 901 1958 primus
951 1891 1144 1946 modus
1180 1900 1283 1956 est,
1335 1893 1388 1946 in
1440 1908 1547 1963 quo
1594 1905 1828 1965 quatuor

238 1977 586 2048 evangelista:
640 1977 991 2045 concordant,
1049 1980 1140 2050 qui
1189 1982 1423 2051 primum
1489 1983 1828 2041 solummodo

241 2082 505 2122 canonem
554 2067 820 2123 continet.
865 2069 922 2123 ln
970 2085 1075 2139 quo
1119 2073 1296 2142 primo
1339 2090 1549 2130 canone
1597 2085 1830 2146 quatuor

242 2157 449 2226 species
488 2172 613 2212 esse
649 2158 943 2214 videntur:
996 2171 1089 2217 aut
1130 2165 1273 2217 enim
1308 2181 1449 2220 unus
1496 2168 1827 2240 evangelista

241 2246 405 2302 semel
430 2247 483 2301 in
508 2264 619 2303 uno
639 2248 821 2319 aliquo
842 2251 1078 2321 capitulo
1104 2253 1340 2323 aliquam
1371 2272 1591 2312 causam
1621 2274 1685 2313 ex
1716 2268 1830 2316 toto

240 2341 321 2394 vel
343 2357 412 2396 ex
444 2350 599 2410 parte
622 2341 774 2406 dicit,
798 2343 998 2413 aliique
1021 2353 1133 2400 tres
1156 2346 1386 2403 diversis
1413 2350 1664 2419 capitulis
1690 2352 1832 2406 mul-

239 2432 453 2502 pliciter
482 2441 730 2486 narrant.
759 2432 868 2487 Ant
906 2435 1011 2490 duo
1054 2437 1241 2504 semel,
1274 2447 1330 2494 et
1367 2440 1474 2494 duo
1520 2442 1832 2512 multiplici-

241 2533 341 2576 ter.
396 2522 510 2577 Aut
541 2538 733 2578 omnes
776 2524 1078 2594 mqttaliter,
1126 2529 1230 2583 hoc
1259 2535 1343 2584 est
1395 2531 1563 2586 semel
1609 2547 1825 2601 omnes,

242 2615 455 2683 quando
486 2621 725 2683 quatuor
767 2616 1114 2687 evangelistre
1143 2620 1359 2674 nonnisi
1410 2621 1640 2693 singulis
1675 2625 1833 2694 capi-

244 2705 364 2760 tulis
387 2705 640 2759 eumdem
662 2720 879 2760 sensum
895 2707 1223 2777 exprimunt.
1257 2707 1540 2767 Secundus
1563 2727 1830 2768 canonum

246 2798 433 2851 modus
464 2804 572 2861 est,
602 2796 655 2850 in
687 2812 795 2867 quo
825 2805 937 2853 tres
977 2801 1323 2871 evangelistic
1366 2812 1687 2859 consonant.
1723 2804 1833 2860 Sed

248 2889 356 2955 ipse
384 2888 581 2942 modus
637 2894 749 2942 tres
788 2903 1024 2944 canones
1067 2891 1478 2960 complectitur;
1533 2894 1587 2948 in
1636 2896 1832 2965 quibus

246 2980 420 3034 tribus
452 2980 756 3035 canonibus
805 2986 915 3035 tres
965 2980 1209 3036 formula:
1265 2984 1628 3052 reperiuntur.
1696 2986 1830 3042 Nam

245 3078 336 3124 aut
360 3086 504 3124 unus
532 3069 720 3135 semel,
745 3077 800 3124 et
827 3071 933 3125 duo
955 3071 1360 3142 multipliciter;
1395 3082 1487 3127 aut
1510 3076 1615 3129 duo
1640 3075 1826 3139 semel,

246 3169 299 3215 et
328 3176 471 3215 unus
511 3160 915 3230 multipliciter;
949 3170 1045 3217 aut
1070 3178 1259 3219 omnes
1301 3172 1411 3219 tres
1451 3166 1731 3235 mqualiter
1773 3168 1827 3223 in

250 3251 378 3319 ipsis
403 3258 709 3305 consonant
750 3252 1070 3308 canonibus.
1127 3253 1345 3309 Tertius
1395 3256 1585 3310 modus
1624 3264 1729 3321 est,
1774 3258 1828 3313 in

247 3360 353 3413 quo
402 3346 514 3400 duo
556 3343 908 3417 evangelistae
953 3347 1268 3411 concinnnt,
1320 3364 1426 3417 quo
1476 3350 1635 3405 tertio
1670 3350 1829 3406 modo

250 3439 486 3507 quinque
514 3454 747 3493 canones
772 3438 1201 3501 concluduntur,
1253 3439 1307 3493 in
1345 3441 1544 3508 quibus
1592 3441 1831 3510 quinque

250 3527 545 3582 canonibus
566 3527 814 3584 biformis
838 3529 1073 3584 varietas
1094 3529 1370 3584 elucescit.
1397 3529 1504 3583 Aut
1520 3532 1663 3586 enim
1695 3532 1831 3586 alter

252 3616 437 3681 semel,
464 3625 522 3671 et
542 3617 683 3673 alter
710 3619 1109 3689 multipliciter;
1145 3626 1237 3673 aut
1269 3619 1428 3673 ambo
1459 3619 1745 3688 aequaliter
1774 3621 1830 3674 in

254 3706 336 3760 bis
383 3708 626 3779 quinque
667 3711 966 3766 canonibus
1024 3710 1140 3781 ipsa
1212 3710 1448 3781 capitula
1510 3718 1828 3767 contexunt.

254 3796 492 3862 Quartus
516 3800 708 3855 modus
735 3807 837 3865 est,
872 3802 926 3854 in
948 3816 1058 3870 quo
1092 3801 1238 3856 nulla
1274 3802 1684 3867 concordantia,
1715 3801 1836 3856 nul-

256 3887 409 3959 laque
433 3890 582 3945 inter
604 3892 966 3962 evangelistas
1008 3892 1239 3948 invicem
1279 3891 1619 3947 dissonantia
1668 3893 1835 3948 habe-

258 3987 358 4033 tur.
391 3979 497 4035 Ubi
530 3980 680 4035 enim
709 3981 856 4036 nulla
905 3982 1049 4038 inter
1096 3978 1280 4053 plures
1320 3982 1540 4039 collatio
1579 3991 1685 4048 est,
1735 3996 1836 4039 nec

256 4068 644 4124 concordantia
684 4085 786 4125 nec
825 4071 1160 4126 dissonantia
1196 4070 1315 4126 ﬁeri
1358 4080 1557 4142 potest.
1599 4073 1705 4128 Iste
1740 4088 1834 4128 au-

257 4165 361 4212 tem
400 4167 631 4228 quartus
676 4160 872 4217 modus
909 4161 1174 4216 decimum
1204 4161 1545 4218 solummodo
1571 4178 1833 4219 canonem

256 4252 516 4305 continet.
1656 4260 1671 4267 ’

324 4340 410 4395 16.
451 4342 530 4397 De
569 4342 761 4398 ordine
789 4344 984 4398 borum
1012 4350 1249 4413 quatuor
1276 4344 1559 4399 modorum
1605 4344 1834 4415 quaestio

257 4431 449 4495 oritur,
481 4444 581 4486 cur
606 4432 709 4488 iste
737 4442 964 4503 quartus
996 4434 1206 4498 modus,
1230 4434 1323 4503 qui
1351 4434 1419 4488 ad
1446 4434 1715 4489 decimum
1744 4447 1834 4488 ca—
1860 4470 1912 4528 Β

262 4539 453 4577 nonem
489 4524 742 4594 pertinet,
777 4540 884 4579 non
918 4526 1155 4595 primum
1202 4525 1380 4579 locum
1433 4533 1558 4579 ante
1607 4533 1836 4580 caeteros

261 4614 445 4669 modos
464 4615 698 4679 obtinet,
724 4631 847 4671 cum
872 4617 925 4670 in
952 4616 1165 4671 decimo
1192 4630 1400 4671 canone
1430 4615 1629 4686 singuli
1671 4630 1833 4671 evan-

264 4702 467 4771 gelista:
494 4702 610 4757 sola
637 4703 721 4757 vel
748 4704 968 4774 propria
992 4713 1246 4771 narrent;
1272 4705 1357 4760 vel
1379 4720 1476 4758 cur
1501 4720 1606 4758 non
1629 4713 1714 4759 est
1749 4720 1837 4759 se-

266 4794 468 4850 cundus
496 4795 713 4861 modus,
742 4796 833 4850 ubi
867 4795 1005 4863 duo;
1049 4804 1104 4851 et
1146 4797 1360 4861 tertius,
1387 4797 1442 4850 in
1479 4812 1585 4865 quo
1615 4803 1757 4863 tres;
1786 4808 1844 4853 et

269 4892 510 4951 quartus,
549 4885 640 4940 ubi
676 4892 909 4955 quatuor
949 4887 1295 4956 evangelista:
1320 4885 1672 4949 concordant,
1717 4900 1840 4940 cum

271 4972 356 5028 hic
381 4975 515 5030 ordo
544 4976 737 5030 melior
762 4977 853 5041 sit,
900 4977 992 5046 qui
1033 4993 1062 5030 a
1090 4974 1319 5047 singulis
1352 4976 1421 5031 ad
1464 4976 1621 5030 binos
1646 4990 1712 5031 ac
1736 4984 1847 5030 ter-

275 5078 368 5119 nos
391 5073 732 5135 quatuorque
752 5067 1067 5137 consurgit?
1110 5064 1216 5121 Sed
1244 5064 1675 5136 respondendum
1703 5063 1847 5133 quod

276 5168 377 5207 non
409 5156 479 5210 ab
524 5157 811 5212 ordinabili
851 5173 1099 5223 numero,
1141 5157 1237 5212 sed
1281 5157 1349 5212 ab
1390 5156 1710 5212 excellentia
1751 5171 1851 5209 nu-

277 5245 584 5300 merosioris
629 5248 1029 5303 concordanth
1074 5248 1166 5304 isti
1233 5256 1466 5317 quatuor
1516 5247 1658 5302 modi
1704 5246 1851 5302 ordi-

278 5334 382 5387 nati
409 5344 554 5391 sunt.
582 5336 716 5391 Nam
750 5339 843 5393 ubi
870 5340 1105 5393 maxima
1148 5338 1290 5392 inter
1317 5348 1549 5409 quatuor
1573 5338 1849 5408 cvangeli-

280 5433 389 5479 stas
414 5428 799 5485 concordantia
848 5438 953 5495 est,
998 5429 1208 5500 primus
1254 5430 1444 5485 modus
1494 5444 1616 5484 esse
1652 5430 1850 5495 debet;

348 5570 372 5597 "
402 5557 664 5648 ιῖθιςεηιυε
690 5560 892 5643 Sede“
919 5578 1047 5648 ξριέξ
1076 5537 1556 5648 Ρῖθηίῖῗίίέωιέίῖίίξδ
1581 5575 1687 5648 est
1712 5559 1856 5648 alia!

284 5640 401 5684 esse
428 5638 558 5702 puto
582 5648 745 5700 quam
771 5632 888 5702 ejus
922 5629 1260 5687 Collectanea
1293 5629 1344 5702 in
1377 5630 1702 5702 blattbazum.
1739 5629 1860 5702 Nos

288 5711 410 5755 vero
453 5700 702 5757 laetamur
741 5699 933 5760 saltem
981 5709 1236 5771 excerpta
1282 5700 1400 5770 ejus
1442 5699 1628 5754 incditi
1686 5701 1859 5755 adhuc

1926 534 2285 602 cvangelistas
2320 539 2671 592 consonantia
2716 540 2964 594 habetur.
2996 543 3052 597 ln
3095 556 3287 615 quarto
3335 548 3507 607 limite

1926 621 2013 675 ille
2048 622 2238 677 modus
2275 624 2618 680 collocandus
2644 634 2747 692 est,
2773 629 2825 681 in
2856 645 2966 699 quo
2996 631 3138 686 nulla
3172 641 3512 694 concordan-
3549 627 3553 631 ’

1927 713 2020 777 tia,
2046 714 2139 767 sed
2173 715 2413 769 absoluta
2439 716 2785 788 singularitas
2813 721 3218 780 evidentissimc
3241 729 3506 783 cernitur.

1927 802 2232 857 Notandum
2258 821 2477 875 quoque
2503 809 2645 877 quod
2674 809 2762 864 hic
2792 827 3049 868 numerus
3084 826 3115 869 Χ
3145 830 3410 874 canonum
3454 823 3505 875 in

1932 904 2170 965 quatuor
2207 897 2534 967 Evangeliis,
2570 908 2860 956 attesmtur
2898 904 3200 962 doctrinam
3248 914 3515 983 evangeli~

1924 1002 2043 1041 eam
2060 987 2316 1059 decalogo
2336 989 2471 1062 legis
2489 1007 2606 1047 esse
2622 994 3130 1053 concordissimam.
3159 999 3423 1059 Czeterum
3450 1008 3517 1061 du

1928 1092 2153 1133 numero
2205 1087 2259 1132 et
2312 1079 2505 1135 ordine
2555 1084 2867 1138 earumdem
2910 1100 3199 1155 canonum,
3234 1091 3288 1145 in
3321 1091 3511 1147 Plena-

1927 1168 2004 1221 rio
2036 1181 2093 1231 ιι,
2124 1170 2190 1225 de
2215 1185 2322 1240 quo
2362 1179 2417 1225 et
2441 1173 2557 1227 hrcc
2602 1183 2856 1246 excerpta
2894 1185 3041 1241 sunt,
3090 1181 3347 1249 reperies.
3382 1184 3514 1236 Illud

1927 1275 2140 1328 quoque
2173 1266 2469 1317 notandum
2496 1265 2640 1332 quod
2666 1266 2874 1335 prmfati
2903 1282 3143 1325 canones
3183 1286 3291 1327 non
3326 1286 3516 1328 omnes

1928 1348 1979 1401 in
2013 1349 2239 1418 singulis
2268 1352 2614 1421 evangelistis
2638 1355 2803 1424 positi
2842 1357 3221 1425 reperiuntur.
3272 1357 3409 1414 Nam
3459 1361 3515 1416 in

1928 1435 2182 1493 Matthmo
2230 1446 2355 1497 octo
2398 1440 2604 1509 positos
2646 1456 2766 1498 esse
2795 1445 3026 1511 videbis,
3064 1456 3292 1518 excepto
3320 1457 3517 1505 octavo

1927 1536 1983 1580 et
2011 1542 2153 1582 nono
2181 1543 2410 1584 canone;
2459 1530 2517 1584 ln
2551 1530 2734 1586 Marco
2762 1548 2879 1600 sex,
2917 1538 3286 1605 praetermisso
3331 1540 3517 1605 tertio,

1928 1615 2135 1683 quinto,
2171 1619 2404 1686 septimo
2458 1633 2522 1673 ac
2564 1635 2709 1676 nono
2742 1636 2969 1676 canone.
3013 1624 3069 1677 ln
3103 1625 3247 1680 Luca
3287 1635 3514 1697 septem,

1930 1709 2170 1775 exceptis
2199 1715 2393 1775 quarto
2433 1711 2769 1780 septimoque
2795 1726 3020 1768 canone.
3054 1714 3110 1768 ln
3156 1714 3369 1773 Joanne
3398 1733 3514 1783 sex,

1857 1785 1899 1842 Β
1927 1802 2123 1865 praeter
2155 1798 2473 1862 secundum,
2522 1801 2795 1869 quintum,
2829 1812 3044 1858 sextum
3073 1813 3129 1860 et
3153 1814 3401 1863 octavum
3427 1824 3520 1863 ca-
3558 1852 3574 1862 .

1929 1898 2124 1938 nonem
2151 1885 2357 1955 positos
2382 1889 2642 1957 reperies,
2672 1891 2813 1945 sicut
2855 1892 3022 1948 etiam
3067 1898 3316 1966 superior
3343 1912 3511 1954 cano-

1928 1991 2056 2031 num
2094 1980 2386 2050 descriptio
2414 1981 2744 2038 manifestat.

1998 2069 2085 2123 l7.
2113 2069 2267 2125 Nunc
2297 2071 2362 2125 ad
2388 2072 2623 2140 ipsorum
2652 2077 3167 2145 argumentationem
3195 2078 3223 2118 ιι
3250 2094 3518 2136 canonum

1929 2160 2100 2231 stylus
2130 2164 2395 2217 sermonis
2418 2165 2713 2220 vertendus
2738 2173 2838 2231 est,
2886 2168 2937 2220 in
2993 2183 3099 2237 quo
3152 2185 3376 2240 prorsus
3424 2187 3517 2225 ar-

1929 2260 2183 2322 gumento
2204 2251 2410 2308 fructus
2453 2262 2506 2307 et
2542 2254 2746 2310 utilitas
2779 2258 3037 2328 cujusque
3074 2260 3297 2316 canonis
3337 2261 3520 2317 subtili

1928 2341 2360 2399 consideratione
2381 2344 2685 2400 discutitur.
2730 2346 2971 2419 Singulis
3013 2364 3145 2404 vero
3193 2349 3517 2422 Evangeliis.

1930 2435 1998 2488 ab
2023 2450 2132 2489 uno
2158 2435 2420 2505 incipiens
2456 2450 2628 2505 usque
2670 2438 2739 2491 ad
2784 2438 2945 2492 tinem
2990 2438 3275 2507 librorum,
3325 2441 3512 2510 dispar

1930 2539 2185 2578 numerus
2202 2526 2473 2580 increscit.
2499 2527 2603 2582 Per
2626 2527 2862 2598 singulos
2875 2529 3282 2599 Evangeliurum
3304 2532 3519 2587 codices

1932 2613 2216 2683 bipertitus
2236 2630 2511 2681 numerus,
2555 2617 2909 2687 capitulorum
2954 2621 3204 2675 videlicet
3245 2630 3301 2677 et
3351 2637 3517 2676 cano-

1932 2720 2084 2770 num,
2114 2704 2206 2775 qui
2229 2713 2312 2760 est
2339 2706 2405 2760 ad
2430 2706 2658 2762 invicem
2692 2708 2989 2771 dissimilis,
3017 2710 3243 2781 singulis
3271 2711 3519 2781 capitulis

1932 2798 2224 2867 appositus,
2254 2797 2304 2851 id
2329 2807 2415 2852 est
2440 2800 2834 2868 superscriptus
2863 2800 3123 2866 habetur;
3152 2803 3242 2871 qui
3286 2811 3515 2872 uterque

1932 2902 2210 2953 numerus,
2239 2888 2307 2943 ab
2335 2904 2462 2953 uno,
2490 2890 2664 2957 primo
2698 2890 2904 2945 scilicet
2943 2891 3179 2962 capitulo
3216 2901 3378 2962 atque
3427 2909 3521 2946 ca-

1934 2991 2094 3043 none,
2126 2978 2182 3031 in
2212 2978 2438 3048 singulis
2476 2979 2780 3048 Evangeliis
2812 2981 3098 3051 incipiens,
3131 2996 3301 3051 usque
3348 2983 3415 3036 ad
3458 2987 3523 3036 ti~

1934 3085 2057 3124 nem
2089 3070 2349 3140 cujusque
2369 3070 2643 3142 Evangelii
2669 3088 2766 3142 per
2784 3074 3026 3128 ordinem
3051 3075 3384 3130 conscendit.
3410 3075 3520 3132 Sed

1937 3177 2041 3215 non
2073 3161 2324 3217 similiter
2358 3172 2586 3232 uterque
2618 3179 2873 3219 numerus
2906 3165 3262 3235 capitulorum
3285 3174 3339 3220 et
3360 3180 3522 3221 cano-

1932 3267 2059 3306 num
2085 3252 2139 3306 in
2169 3252 2472 3323 Evangeliis
2497 3255 2819 3325 principium
2856 3258 3037 3312 sumit.
3073 3257 3207 3313 Nam
3255 3258 3522 3329 capitulo-

1932 3356 2051 3394 rum
2081 3356 2342 3398 numerus
2366 3344 2420 3397 in
2448 3342 2625 3398 fronte
2663 3343 2950 3411 cujuslibet
2993 3346 3266 3418 Evangelii
3304 3347 3374 3402 ab
3414 3364 3521 3402 uno

1934 3433 2141 3502 incipit,
2172 3448 2237 3489 ac
2261 3434 2457 3489 dehinc
2491 3450 2588 3505 per
2611 3436 2857 3491 ordinem
2886 3453 3056 3507 usque
3080 3438 3145 3492 ad
3167 3439 3325 3493 linem
3355 3439 3522 3507 ipsius

1932 3525 2207 3595 Evangelii
2243 3528 2530 3594 percurrit.
2560 3527 2632 3582 At
2669 3542 2800 3582 vero
2848 3543 3116 3582 canonum
3168 3543 3426 3584 numerus
3467 3530 3523 3581 in

1932 3614 2128 3668 nullius
2150 3615 2326 3670 fronte
2349 3616 2621 3683 Evangelii
2651 3616 2720 3671 ab
2747 3631 2854 3669 uno
2888 3616 3168 3672 exordium
3193 3618 3519 3682 sutnit,cutn

1930 3706 2165 3777 primum
2200 3706 2490 3775 capitulum
2526 3707 2819 3762 secundum
2846 3707 3155 3760 Mattbaeum
3169 3705 3519 3774 ctJoanncni,

1935 3797 2078 3852 tertii
2095 3812 2109 3858 ;
2132 3796 2426 3850 secundum
2443 3796 2701 3860 Marcum,
2717 3796 2935 3851 secundi
2952 3814 2967 3858 ;
2987 3797 3279 3851 secundum
3296 3797 3518 3861 Lucam,

1935 3887 2131 3942 decimi
2152 3886 2378 3940 canonis
2403 3886 2494 3941 sit.
2526 3885 2631 3941 Sed
2653 3887 2722 3941 ab
2749 3901 2815 3941 eo
2842 3886 2959 3941 loco
2979 3884 3284 3956 specialiter
3314 3886 3522 3956 incipit,

1935 3976 2241 4045 ubicunque
2273 3975 2326 4029 in
2352 3975 2591 4045 quolibet
2623 3975 2912 4047 Evangelio
2936 3975 3145 4046 primus
3193 3991 3364 4032 canon
3411 3976 3524 4045 pri-

1936 4082 2085 4121 mum
2110 4067 2561 4137 superscribitur;
2590 4068 2829 4123 secundo
2847 4082 3062 4137 quoque
3084 4082 3291 4123 canone
3325 4066 3398 4123 ibi
3443 4066 3524 4121 in-

1936 4160 2192 4229 cipiente,
2223 4159 2313 4214 ubi
2342 4159 2394 4213 in
2424 4158 2715 4230 Evangelia
2739 4160 2903 4215 etiam
2936 4160 3049 4230 ipse
3084 4160 3260 4229 primo
3301 4160 3526 4230 apponi-

1938 4259 2044 4305 tur.
2082 4250 2235 4317 Quod
2271 4257 2325 4305 et
2352 4250 2419 4305 de
2436 4244 2651 4306 caeteris
2683 4250 2980 4306 canonibus
3026 4250 3278 4306 similiter
3325 4250 3523 4305 intelli-

1938 4341 2171 4412 gendum
2199 4348 2303 4404 est,
2334 4340 2387 4394 id
2416 4348 2498 4395 est
2528 4348 2589 4395 ut
2627 4341 2818 4395 tertius
2868 4348 2926 4396 et
2965 4349 3192 4408 quartus
3238 4347 3294 4395 et
3332 4339 3526 4407 reliqui

1937 4446 2128 4487 omnes
2150 4446 2388 4487 canones
2419 4431 2491 4487 ibi
2538 4432 2767 4501 quisque
2817 4430 3023 4501 primus
3070 4428 3313 4498 incipiat,
3345 4428 3436 4483 ubi
3470 4429 3527 4482 in

1939 4523 2183 4593 quolibet
2210 4523 2497 4593 Evangelio
2518 4522 2726 4593 primus
2771 4520 3205 4594 superscribitur.
3235 4518 3418 4590 (Quod
3450 4528 3527 4572 ta-

1940 4628 2064 4669 men
2093 4613 2327 4682 primum
2355 4613 2646 4682 capitulum
2675 4616 2972 4670 secundum
3017 4612 3254 4668 Marcum
3311 4626 3419 4665 non
3470 4610 3525 4664 in

1940 4704 2165 4759 exordio
2183 4702 2423 4771 ejusdem
2445 4705 2687 4769 canonis,
2731 4705 2824 4760 sed
2869 4705 3023 4775 quasi
3075 4703 3128 4758 in
3183 4702 3361 4757 medio
3409 4702 3525 4772 ipso

1941 4808 2148 4848 canone
2176 4792 2441 4857 invenies,
2464 4792 2516 4846 id
2561 4800 2647 4846 est
2684 4793 2777 4849 ubi
2821 4794 3100 4849 Mattbaeus
3126 4808 3220 4849 cm
3251 4799 3308 4847 ct
3350 4790 3528 4846 Lucas

1942 4901 2050 4940 ιιι
2075 4883 2365 4953 capitulum
2386 4899 2417 4938 e
2444 4884 2662 4954 regione
2691 4885 2893 4940 habent
2930 4893 3191 4940 notatum.
3223 4882 3402 4938 Prima
3431 4896 3528 4937 au-

1946 4984 2056 5030 tem
2091 4975 2323 5044 capitula
2352 4975 2587 5031 Mattbmi
2612 4985 2668 5031 et
2693 4974 2914 5032 Joannis
2937 4976 2992 5031 in
3020 4976 3239 5031 exordio
3271 4973 3412 5030 tertii
3437 4989 3527 5029 ca-

1947 5065 2104 5119 nonis
2130 5065 2330 5131 liabes;
2361 5074 2417 5119 et
2441 5066 2675 5133 primum
2700 5067 2989 5138 capitulum
3012 5066 3168 5120 Luca:
3190 5066 3241 5120 in
3263 5066 3527 5135 principio

1949 5157 2142 5213 decimi
2168 5157 2391 5213 canonis
2415 5158 2657 5213 invenies
2686 5159 2757 5231 ο.)

2020 5246 2107 5300 l8.
2132 5245 2318 5317 Igitur,
2350 5256 2412 5302 ut
2435 5248 2638 5302 dictum
2661 5255 2762 5309 est,
2796 5246 3149 5316 capitulorum
3173 5259 3431 5301 numerus
3472 5247 3528 5300 in

1954 5335 2130 5390 fronte
2158 5335 2445 5405 cujuslibet
2475 5336 2747 5407 Evangelii
2775 5336 2842 5390 ab
2865 5352 2970 5391 uno
2996 5335 3233 5393 inchoat.
3250 5335 3529 5393 Ca:.onum

1956 5442 2084 5481 vero
2117 5424 2377 5492 calculus,
2423 5425 2551 5481 licet
2598 5441 2707 5481 non
2754 5426 2809 5480 in
2853 5425 3117 5497 principio
3165 5424 3531 5496 cujuscunque

1956 5559 2321 5639 operisedcre
2346 5559 2600 5639 potuisse.
2633 5555 2793 5629 (Vide
2816 5559 3024 5639 supra.)

2032 5632 2057 5669 ὗ
2086 5629 2276 5685 Glossa
2304 5628 2517 5693 Latina,
2549 5628 3064 5699 demonstrationem,
3097 5631 3352 5687 notitiam.

2036 5714 2055 5737 ιτ
2085 5700 2206 5755 llaec
2237 5700 2469 5755 erantin
2497 5700 2738 5771 margine
2768 5701 2985 5755 codicis.
