3942 6190
409 367 519 423 ἔ’3

1798 377 2059 435 SEDULH
2096 379 2292 436 SCOTI
3322 424 3325 425 ν
3538 378 3543 382 ’
3573 388 3651 444 διε

413 483 711 555 Evangelii,
741 491 919 540 tamen
939 487 1008 542 ab
1033 502 1141 543 uno
1167 490 1437 557 similiter,
1468 493 1571 548 hoc
1600 501 1682 549 est
1703 496 1881 565 primo
1909 511 1999 551 ca-
2024 498 2078 558 Α
2102 494 2236 551 Nam
2263 498 2308 553 si
2332 513 2588 564 numerus
2607 497 2965 568 capitulorum
3007 498 3312 554 secundum
3346 495 3481 553 alios
3514 497 3678 553 etiam

413 592 580 643 none,
603 577 658 632 in
678 577 918 648 quolibet
940 577 1232 651 Evangelio
1255 580 1536 637 exordium
1556 583 1737 649 habet,
1763 585 2002 640 secundo

412 676 472 724 et
502 668 665 723 tertio
715 668 1046 741 reliquisque
1094 674 1390 729 canonibus
1436 674 1688 745 deinceps
1731 678 2003 746 sequenti-

411 757 516 813 bus
541 771 590 812 α.
612 757 800 828 Itaque
825 774 1059 817 canones
1078 763 1371 818 secundum
1392 763 1701 821 Mattbmum
1720 766 1789 822 ab
1812 774 2003 823 octavo

413 850 741 923 (secundum
772 851 1010 909 Marcum
1039 856 1300 922 secundo,
1320 855 1475 924 juxta
1506 856 1705 912 Lucam
1745 861 1997 929 septimo,

416 945 712 999 secundum
740 944 1003 1001 Joannem
1034 947 1243 1003 decimo
1271 949 1528 1021 capitulo)
1545 950 1612 1004 ab
1640 966 1767 1016 uno,
1797 951 1901 1006 hoc
1918 958 2003 1006 est

412 1034 588 1104 primo
613 1034 986 1089 exordiuntur.
1011 1033 1163 1101 Quod
1198 1051 1329 1091 vero
1364 1037 1439 1090 ait
1481 1044 1768 1109 utrumque
1812 1054 2003 1094 nume-

414 1141 533 1179 rum
561 1125 831 1195 disparem
868 1141 1010 1192 esse,
1049 1128 1318 1196 quomodo
1362 1128 1465 1183 hoc
1506 1144 1693 1184 verum
1731 1138 1833 1196 est,
1876 1145 2002 1185 cum

412 1216 633 1273 tertium
653 1216 707 1271 in
736 1214 943 1271 Joanne
966 1218 1281 1288 capitulum,
1300 1219 1405 1273 hoc
1434 1228 1534 1282 est,
1565 1230 1677 1274 erat
1705 1228 1885 1275 autem
1909 1220 2002 1274 lux

410 1322 535 1359 vera
563 1322 679 1378 qum
704 1305 988 1370 illuminat,
1017 1316 1071 1363 et
1096 1309 1325 1377 reliqua,
1349 1309 1568 1363 tertium
1607 1325 1868 1363 canoncm
1912 1311 2005 1364 lia-

411 1394 538 1451 beat
558 1397 944 1467 subscriptum,
969 1399 1021 1452 in
1055 1413 1161 1466 quo
1205 1399 1349 1452 nulla
1388 1398 1721 1468 disparilitas
1762 1398 1855 1453 sed
1903 1416 2001 1453 nu-

413 1488 548 1542 meri
589 1490 870 1557 :cqualitas
925 1489 1319 1543 habetnr?Sed
1376 1489 1648 1559 disparem
1714 1506 2001 1545 numerum

412 1579 658 1635 dissimili
697 1580 878 1635 colore
916 1582 1254 1653 designatum
1300 1584 1552 1655 appellat.
1609 1584 1761 1639 Unde
1800 1600 1899 1655 per
1945 1600 2002 1639 se

412 1671 586 1740 ipsum
609 1673 924 1742 explanans,
946 1676 1206 1729 continuo
1223 1676 1528 1747 subjungit:
1555 1677 1637 1730 hic
1660 1676 1805 1746 nigro
1831 1675 2003 1730 colore

357 1820 375 1832 ο
409 1765 748 1834 prtescriptns
776 1764 870 1818 sub
901 1782 955 1818 se
981 1766 1130 1819 liabet
1154 1784 1208 1819 α.
1232 1783 1314 1820 ea'.
1340 1784 1410 1820 ιη.
1437 1784 1488 1820 n.
1519 1766 1573 1820 il.
1612 1766 1744 1821 Nam
1791 1768 2002 1836 capitu-

414 1853 589 1907 lorum
620 1868 879 1908 numerus
909 1870 979 1909 ex
1023 1856 1198 1927 nigro,
1234 1872 1500 1911 canonum
1531 1871 1660 1912 vero
1697 1857 1997 1911 rubicundo

411 1959 476 1998 ex
508 1945 675 1999 minio
700 1945 880 2000 colore
924 1947 1300 2015 perscribitur.
1338 1949 1405 2003 Et
1443 1949 1569 2017 quia
1605 1949 1835 2018 capitula
1872 1956 1998 2003 ante

412 2050 652 2090 canones
682 2036 918 2100 inventa,
955 2036 1110 2107 nigro
1155 2038 1335 2093 colore
1359 2038 1501 2093 sicut
1524 2039 1592 2093 ab
1637 2039 1790 2093 initio
1822 2055 1999 2110 cmpe-

417 2133 571 2188 runt,
600 2125 1005 2190 describuntur,
1049 2134 1195 2182 recte
1237 2142 1473 2183 canones
1498 2144 1597 2199 per
1636 2130 1867 2198 capitula
1917 2131 2000 2184 in-

415 2218 560 2271 venti
597 2257 612 2281 ,
664 2216 962 2273 rubicundo
1013 2218 1193 2273 colore
1238 2221 1308 2275 ob
1356 2236 1572 2276 causam
1629 2222 1999 2278 discernendae

418 2307 793 2378 ambiguitatis
817 2309 1161 2365 adnotantur.
1186 2308 1292 2366 Sed
1314 2310 1441 2367 licet
1465 2321 1693 2382 uterque
1717 2329 1997 2381 numerus,

417 2397 470 2451 id
500 2406 583 2453 est
605 2399 963 2468 capitulorum
987 2409 1045 2457 et
1072 2417 1362 2468 canonum,
1394 2404 1462 2458 ab
1489 2419 1595 2458 uno
1621 2404 1862 2475 incipiat,
1890 2420 1999 2461 non

418 2501 598 2546 tamen
648 2492 704 2547 in
753 2494 1003 2549 eumdem
1053 2495 1266 2551 numeri
1309 2495 1599 2552 articulum
1656 2498 1995 2552 terminatur.

419 2583 554 2639 Nam
579 2585 936 2655 capitulorum
967 2602 1223 2643 numerus
1247 2588 1461 2644 diverso
1498 2588 1669 2644 limite
1697 2588 1750 2644 in
1773 2588 2000 2661 singulis

415 2678 728 2750 Evangeliis
758 2677 1044 2733 clauditur.
1075 2678 1353 2735 Canonum
1390 2695 1522 2735 vero
1565 2679 1805 2736 calculus
1829 2681 1883 2735 in
1911 2682 2002 2736 dc-

415 2771 621 2827 cimum
652 2784 867 2841 semper
896 2786 1179 2825 numerum
1211 2771 1427 2826 desinit.
1481 2772 1635 2828 Unde
1683 2780 1829 2827 recte
1867 2772 2000 2828 sub-

412 2864 562 2921 ditur
589 2882 603 2919 :
633 2864 723 2936 qui
750 2864 819 2917 ad
848 2863 1023 2918 decem
1052 2880 1214 2935 νεῖαι
1238 2863 1520 2935 procedens
1548 2862 1748 2917 indicat
1773 2881 1825 2934 p.
1862 2880 1914 2917 η.
1943 2864 2001 2918 in

410 2970 514 3026 quo
539 2955 609 3009 sit
628 2972 676 3008 c.
704 2970 751 3008 r.
790 2953 1062 3009 Numerus
1086 2969 1355 3009 canonum
1377 2954 1532 3024 juxta
1556 2968 1998 3025 unumquemque

412 3044 798 3115 evangelistam
821 3043 889 3098 ab
914 3060 1042 3108 uno,
1073 3044 1126 3098 id
1148 3052 1231 3098 est
1257 3044 1453 3113 primo,
1484 3058 1689 3097 canone
1718 3042 1994 3112 incipiens,

412 3132 467 3187 in
497 3132 706 3187 decimo
752 3146 957 3187 canone
996 3133 1338 3187 terminatur.
1381 3131 1659 3201 Siquidem
1691 3132 1744 3185 in
1773 3130 1999 3202 singulis

417 3223 748 3293 Evangeliis,
779 3224 905 3279 licet
945 3225 1163 3293 quidam
1194 3224 1452 3280 mediales
1499 3238 1737 3278 canones
1772 3238 1874 3278 non
1914 3238 1998 3277 re-
2025 3195 2070 3257 ε

418 3315 715 3386 periantur,
757 3316 962 3386 primus
990 3324 1166 3370 tamen
1194 3331 1259 3371 ac
1301 3316 1547 3371 decimus
1587 3331 1759 3370 canon
1788 3330 2000 3386 semper

413 3408 553 3481 apud
574 3422 764 3463 omnes
791 3407 1149 3479 evangelistas
1177 3407 1535 3462 communiter
1563 3406 1852 3461 invenitur.

486 3497 579 3554 l9.
605 3496 793 3568 Itaque
818 3511 887 3551 ne
933 3497 1049 3568 ipsa
1082 3496 1337 3568 capitula,
1384 3496 1619 3567 quodam
1664 3496 1886 3551 confuso
1915 3511 2001 3552 cr-

410 3605 558 3657 rore,
586 3589 642 3645 in
698 3589 809 3647 alio
854 3589 962 3645 nisi
1004 3590 1058 3644 in
1103 3589 1217 3645 suis
1246 3589 1543 3645 canonibus
1596 3591 1999 3660 computentur,

409 3682 594 3739 subtili
622 3683 875 3756 indagine
895 3691 1166 3755 praecavet
1189 3698 1311 3738 cum
1341 3682 1612 3738 subnectit
1638 3699 1653 3736 :
1695 3699 1812 3737 cum
1842 3684 2003 3753 igitur

411 3785 594 3848 aperto
618 3777 817 3843 codice,
844 3785 901 3832 et
925 3776 1134 3848 reliqua
1157 3790 1328 3846 usque
1351 3774 1638 3829 doceberis.
1676 3773 1877 3829 Rerum
1907 3790 2000 3829 or-

412 3870 598 3925 dinem
627 3860 887 3926 atténtius
919 3870 1171 3941 inspice:
1209 3885 1334 3924 nam
1382 3870 1562 3941 primo
1605 3884 1707 3924 nos
1750 3868 2003 3924 adunaret

411 3960 789 4031 evangelicum
815 3959 1068 4015 volumen
1118 3961 1375 4031 aperire:
1418 3961 1674 4024 secundo,
1724 3959 2006 4030 quodlibet

411 4051 708 4122 capitulum
738 4067 804 4105 ex
836 4051 1185 4119 subsequenti
1216 4066 1442 4106 nurnero
1472 4066 1570 4122 per
1603 4052 1829 4106 minium
1870 4051 2002 4105 sub-

413 4142 698 4212 scriptum,
720 4139 874 4210 cuius
895 4141 1119 4196 canonis
1144 4142 1232 4206 sit,
1257 4142 1590 4212 dignoscere.
1618 4141 1724 4194 Sed
1745 4142 2002 4211 quoniam

413 4242 590 4303 neque
619 4233 674 4287 in
703 4233 808 4289 hoc
842 4232 1180 4290 solummodo
1200 4232 1438 4304 perfecta
1464 4234 1636 4305 ipsius
1671 4233 1746 4288 rei
1770 4234 2003 4305 cognitio

414 4325 736 4397 percipitur,
780 4325 883 4381 nisi
932 4326 1099 4380 etiam
1132 4324 1262 4380 illud
1309 4324 1527 4387 sciatur,
1560 4325 1617 4378 in
1637 4324 1832 4395 quibus
1855 4324 2001 4393 capi-

415 4419 544 4475 tulis
570 4418 651 4473 vel
678 4435 833 4481 unus,
863 4418 948 4474 vel
971 4418 1094 4482 duo,
1121 4417 1205 4472 vcl
1229 4426 1337 4471 tres
1352 4415 1714 4487 evangelista,
1740 4416 1791 4470 in
1810 4416 1999 4470 eodem

412 4507 498 4561 vel
522 4508 700 4562 vicino
741 4524 902 4563 sensu
937 4507 1027 4561 alii
1056 4506 1397 4577 evangelista:
1422 4507 1770 4571 concordent,
1801 4521 1900 4560 nos
1932 4507 1998 4561 ad
2025 4543 2076 4601 D

411 4600 723 4654 distinctam
771 4600 969 4654 seriem
1000 4613 1266 4653 canonum
1309 4613 1589 4654 recurrere
1630 4598 1883 4663 insinuat,
1926 4599 2000 4652 ita

415 4692 745 4747 subnectens
772 4709 784 4744 :
817 4701 863 4745 et
894 4706 1166 4745 recurrens
1194 4690 1263 4744 ad
1288 4690 1565 4762 principia,
1612 4691 1665 4745 in
1704 4690 1893 4762 quibus
1913 4708 2001 4744 ea-

414 4801 610 4840 nomm:
636 4792 710 4839 est
733 4783 981 4837 distincta
1016 4783 1302 4854 congeries,
1325 4790 1379 4837 et
1409 4782 1614 4852 reliqua
1644 4798 1812 4851 usque
1833 4781 2002 4835 adno-

415 4878 571 4933 ta'ais.
601 4877 698 4933 llis
726 4876 927 4932 etenim
957 4875 1138 4931 verbis
1180 4875 1244 4930 ad
1284 4874 1570 4929 distinctos
1612 4888 1879 4928 canonum
1916 4888 1999 4927 or-

414 4968 569 5023 dines
613 4982 897 5023 recurrere
941 4982 1038 5021 nos
1072 4967 1346 5030 admonet,
1380 4971 1436 5018 ut
1464 4963 1594 5018 illud
1642 4964 1695 5018 in
1742 4963 1997 5033 congerie

415 5077 682 5117 canonum
715 5061 1005 5127 discamus,
1035 5061 1089 5115 in
1119 5059 1317 5130 quibus
1351 5057 1600 5127 capitulis
1636 5058 1721 5111 vel
1752 5065 1882 5121 tres,
1912 5057 1995 5113 vel

415 5152 544 5217 duo,
575 5153 659 5208 vel
689 5168 828 5208 unus
854 5151 1183 5223 evangelista
1212 5150 1266 5205 in
1297 5147 1564 5204 consimili
1592 5162 1751 5202 sensu
1775 5147 1997 5202 cuilibet

413 5246 757 5318 evangelista:
782 5246 1090 5302 concordet.

484 5341 572 5393 ‘20.
626 5339 693 5393 Et
737 5354 802 5394 ex
856 5339 958 5393 hoc
1006 5338 1124 5393 loco
1174 5334 1455 5392 manifeste
1490 5334 1805 5404 intelligitur
1850 5332 1992 5402 quod

380 5420 832 5501 unumquodque
874 5429 1243 5500 Evangelium,
1289 5443 1393 5481 non
1438 5426 1599 5479 alium
1647 5424 1747 5478 nisi
1777 5440 1996 5479 suorum

414 5501 769 5591 capitulorum
793 5536 1101 5586 numerum,
1125 5520 1283 5575 debet
1317 5520 1517 5575 habere
1547 5516 1989 5587 superscriptnm.

490 5666 514 5692 ει
550 5654 604 5708 lu
640 5655 880 5725 margine
905 5654 1138 5725 legitur:
1171 5671 1187 5702 ι
1216 5670 1283 5725 na
1310 5670 1337 5701 '.l
1369 5652 1597 5725 capitula
1645 5652 1799 5725 prim}
1832 5667 1992 5725 cane-

415 5723 498 5782 nis
520 5724 694 5795 primo
718 5721 834 5795 loco
854 5725 907 5777 in
931 5721 1169 5794 quolibet
1217 5721 1505 5795 Evangelia
1530 5739 1699 5795 usque
1721 5721 1785 5773 ad
1825 5723 1985 5795 tinent

390 5791 728 5866 -mx:ipu'arn
771 5791 1066 5860 dcln‘tnus;
1111 5794 1302 5847 dehinc
1331 5810 1490 5848 sccun
1518 5795 1563 5843 'o
1607 5791 1721 5846 loco
1755 5791 1982 5860 capitula

2102 587 2461 659 evangelistas
2493 588 2549 643 iu
2595 602 2919 658 unoquoque
2960 587 3249 657 Evangelio
3279 588 3680 659 superscripr

2102 674 2312 743 fuisset,
2357 692 2463 732 non
2492 692 2592 733 nos
2630 677 2698 732 ad
2737 691 3007 731 canonum
3041 677 3347 745 congeriem
3398 691 3682 732 recurrere

2102 766 2453 832 admoneret;
2490 767 2756 836 siquidem
2785 768 2888 822 hoc
2916 766 3283 821 necessarium
3312 781 3421 820 non
3440 774 3607 830 esset,
3638 766 3684 819 si

2103 856 2154 909 in
2185 855 2423 925 quolibet
2444 853 2737 927 Evangelio
2776 856 2917 912 sicut
2939 864 2994 911 et
3023 855 3076 909 in
3115 854 3366 926 congerie
3393 868 3682 920 canonum,

2102 944 2265 999 iidem
2308 945 2667 1015 capitulorum
2717 943 2928 999 numeri
2958 943 3255 998 secundum
3294 942 3478 1013 plures
3521 956 3688 997 evan-

2101 1035 2318 1105 gelistas
2350 1036 2742 1089 invenirentur.
2764 1033 2870 1090 Sed
2888 1036 3013 1105 quia
3042 1050 3140 1089 nos
3174 1034 3241 1088 ad
3268 1048 3533 1088 canonum
3560 1048 3690 1088 con-

2101 1126 2306 1196 geriem
2356 1140 2639 1181 recurrere
2695 1126 2970 1190 admonet,
3024 1126 3367 1196 perspicuum
3411 1136 3496 1181 est
3543 1127 3691 1197 quod

2103 1215 2230 1270 illud
2269 1216 2324 1270 in
2347 1217 2601 1287 congerie
2639 1231 2903 1271 canonum
2934 1216 3142 1271 discere
3187 1216 3462 1281 debemus,
3493 1216 3545 1271 in
3570 1218 3690 1286 qui-

2102 1308 2204 1361 bus
2230 1306 2483 1377 eapitnlis
2514 1306 2596 1359 vel
2628 1315 2760 1371 tres,
2784 1307 2869 1359 vel
2898 1306 3031 1371 duo,
3058 1305 3141 1360 vel
3167 1321 3305 1360 unus
3333 1306 3683 1378 evangelista,

2103 1400 2155 1454 in
2200 1398 2467 1453 consimili
2512 1414 2673 1452 sensu
2722 1398 2943 1453 cuilibet
2986 1397 3329 1468 evangelistee
3372 1398 3691 1462 concordet,

2100 1489 2245 1559 quod
2270 1504 2375 1544 non
2420 1491 2474 1543 in
2506 1489 2623 1560 ipso
2669 1490 2979 1560 Evangelio,
3022 1490 3115 1544 sed
3159 1490 3213 1543 in
3239 1505 3507 1544 canonum
3542 1492 3688 1548 serie

2103 1583 2414 1638 discendum
2440 1597 2560 1637 esse
2584 1582 2854 1637 ostendit:
2881 1582 3077 1651 quippe
3116 1596 3238 1635 cum
3268 1582 3691 1652 unumquodque

2101 1672 2450 1746 Evangelium
2471 1688 2579 1727 non
2609 1673 2772 1727 alium
2818 1673 2921 1728 nisn
2945 1688 3163 1727 suorum
3199 1672 3556 1743 capitulorum
3586 1689 3691 1728 nu-

2104 1782 2318 1822 merum
2364 1765 2524 1820 debet
2568 1765 2771 1819 haberc
2825 1764 3273 1834 superscriptum.
3326 1761 3478 1818 Unde
3529 1772 3586 1817 et
3635 1763 3693 1817 in

2102 1859 2472 1929 superioribus
2522 1872 2626 1912 non
2683 1857 2865 1928 plures
2920 1856 3081 1926 quani
3125 1855 3261 1910 duos
3292 1855 3344 1909 in
3392 1855 3695 1927 Evangelio

2100 1965 2358 2006 numeros
2391 1965 2638 2005 crescere
2664 1949 3011 2013 conﬁrmans,
3050 1949 3156 2013 hic,
3196 1947 3392 2019 inquit,
3425 1950 3574 2019 nigro
3606 1966 3697 2002 co-

2102 2041 2209 2097 lore
2231 2043 2592 2113 prwscriptus,
2614 2041 2708 2095 sub
2735 2058 2789 2095 se
2818 2040 2969 2094 habet
2996 2041 3158 2093 alium
3180 2056 3261 2093 ex.
3288 2056 3367 2093 nt.
3392 2057 3443 2092 η.
3472 2040 3526 2093 d.
3553 2039 3694 2096 Nam

2101 2134 2147 2189 si
2172 2132 2448 2204 quodlibet
2470 2133 2522 2186 in
2551 2132 2843 2203 Evangelio
2869 2130 3158 2201 capitulum
3185 2145 3289 2185 non
3317 2130 3487 2184 solum
3526 2147 3694 2186 suum

2101 2224 2518 2291 numerum,sed
2542 2224 2705 2279 etiam
2732 2238 2986 2278 numeros
3008 2221 3364 2291 capitulorum
3386 2223 3693 2276 secundum

2101 2317 2237 2374 alios
2258 2315 2621 2388 evangelistas
2655 2314 2881 2369 haberet
2913 2311 3337 2382 superscriptos,
3366 2326 3471 2364 non
3505 2311 3696 2381 singu-

2101 2409 2292 2465 lariter
2320 2423 2601 2463 numerum
2626 2406 2864 2477 ipsorum
2887 2403 3265 2474 capitulorum,
3289 2406 3381 2459 sed
3403 2403 3695 2474 pluraliter

2100 2504 2446 2554 enumeraret
2486 2512 2551 2552 ac
2580 2496 2823 2551 diceret:
2867 2493 2932 2548 lli
2963 2493 3122 2565 nigro
3167 2492 3347 2549 colore
3388 2495 3694 2565 przescripti

2100 2590 2203 2646 sub
2230 2604 2290 2644 se
2321 2589 2525 2643 habent
2555 2586 2719 2641 alium
2762 2600 2847 2639 ex.
2878 2600 2950 2638 m.
2987 2600 3041 2637 n.
3070 2583 3127 2636 d.
3175 2582 3280 2639 Sed
3310 2584 3435 2653 quia
3482 2585 3697 2654 Cupit".-

2102 2680 2274 2735 lorum
2301 2695 2587 2734 numerum
2616 2678 2886 2749 quomodo
2925 2683 2979 2730 et
3022 2691 3288 2731 canonum
3337 2676 3692 2747 singulariter

2101 2775 2377 2840 describit,
2408 2774 2537 2829 illud
2557 2774 2793 2828 insinuat
2813 2771 2954 2841 quod
2990 2770 3404 2840 unumquodque
3429 2770 3483 2826 in
3511 2771 3697 2827 Evan-

2100 2866 2241 2939 gelio
2268 2865 2584 2936 capitulum,
2617 2880 2722 2919 non
2753 2862 2917 2917 alium
2942 2861 3045 2916 nisi
3070 2876 3227 2916 suum
3268 2876 3555 2917 numerum
3600 2863 3696 2917 de-

2100 2958 2192 3013 bet
2234 2958 2436 3013 babere
2477 2956 2923 3026 superscriptum.
2961 2953 3030 3007 At
3076 2969 3205 3008 vero
3252 2953 3376 3007 huic
3409 2955 3701 3024 oppositos

2101 3050 2397 3106 secundum
2428 3049 2562 3104 alios
2611 3046 2974 3117 evangelistas
3005 3044 3364 3116 capitulorum
3408 3060 3698 3109 numeros,

2102 3142 2154 3197 in
2179 3142 2429 3213 congerie
2452 3154 2718 3194 canonum
2747 3137 3138 3208 perquirendos
3158 3152 3278 3193 esse
3298 3136 3576 3191 admonet.

2173 3231 2261 3286 2|.
2305 3230 2573 3298 Quaeritur
2611 3238 2788 3283 auum
2835 3242 2932 3282 cur
2976 3226 3092 3299 ipsa
3137 3226 3365 3283 aliorum
3408 3227 3692 3300 evangeli-

2100 3332 2303 3378 starum
2332 3321 2563 3391 capitula
2602 3335 2724 3374 cum
2764 3319 2981 3389 proprio
3019 3318 3302 3387 cujuslibet
3345 3318 3703 3391 evangelista

2100 3412 2338 3484 capitulo
2383 3409 2713 3480 coniunctim
2764 3410 3275 3479 superscribantur,
3333 3425 3458 3464 cum
3506 3411 3692 3465 sancti

2101 3503 2410 3575 Hieronymi
2441 3502 2707 3557 sententia
2736 3501 3155 3570 unumquodque
3181 3499 3529 3571 Evangelium
3561 3500 3693 3555 nul-

2102 3595 2211 3651 lum
2260 3594 2362 3648 nisi
2404 3608 2599 3663 purum
2639 3590 3000 3662 capitulorum
3041 3605 3324 3645 numerum
3362 3591 3567 3646 habere
3595 3606 3695 3647 su-

2101 3687 2460 3759 perscriptum
2488 3692 2736 3740 astruere
2763 3683 3031 3739 videatur.
3066 3680 3174 3738 Sed
3200 3679 3339 3738 forte
3361 3681 3564 3753 aliquis
3597 3682 3695 3738 br-

2102 3778 2326 3835 nevolus
2372 3777 2611 3848 ipsorum
2636 3774 2994 3847 capitulorum
3042 3788 3328 3829 numerum
3377 3772 3698 3843 Evangeliis

2104 3868 2402 3940 inscripsit,
2453 3873 2720 3937 quatenus
2745 3864 3136 3921 inﬁrmioribus
3165 3879 3326 3920 sensu
3361 3863 3610 3918 laborem
3639 3870 3697 3917 et

2102 3961 2470 4019 ditlicultatem
2498 3958 2817 4016 recurrendi
2845 3958 2912 4014 ad
2938 3957 3248 4030 congeriem
3274 3971 3545 4014 canonum
3589 3955 3695 4011 tol-

2101 4052 2274 4110 leret:
2318 4058 2412 4107 aut
2453 4050 2498 4106 si
2536 4049 2679 4105 forte
2709 4048 2934 4119 quilibet
2962 4048 3134 4119 ipsam
3170 4046 3480 4118 congeriem
3508 4059 3690 4101 canor-

2102 4159 2233 4199 num
2259 4144 2313 4198 in
2358 4142 2471 4197 suis
2505 4141 2785 4197 codicibus
2808 4139 3122 4196 adnotatam
3151 4153 3259 4193 non
3287 4135 3546 4201 haberet,
3576 4136 3692 4192 salo

2103 4242 2212 4289 tem
2238 4248 2519 4289 numerum
2541 4228 2852 4287 eorumdcm
2885 4228 3241 4300 capitulorum
3266 4226 3577 4298 Evangeliis
3607 4227 3695 4283 in-

2101 4325 2360 4394 scriptum
2399 4331 2625 4379 teneret.
2666 4320 2818 4377 Unde
2843 4321 2984 4375 sicut
3003 4321 3115 4393 jam
3153 4319 3370 4390 propria
3398 4317 3694 4388 cujuslibet

2102 4411 2447 4485 evangelista:
2470 4412 2701 4483 capitula
2732 4412 3002 4482 cognovit,
3032 4411 3112 4467 sic
3140 4411 3305 4466 etiam
3331 4408 3421 4480 qui
3446 4410 3534 4465 vel
3556 4420 3694 4482 quot

2103 4505 2445 4575 evangelista:
2481 4502 2606 4567 alii,
2644 4503 2698 4556 in
2739 4502 2851 4557 suis
2889 4501 3137 4571 capitulis
3176 4500 3301 4557 huic
3339 4500 3691 4571 evangelista;

2106 4597 2453 4659 concordent,
2485 4609 2812 4665 cognoscere
2838 4593 3029 4663 possit.

2173 4690 2264 4743 22.
2303 4688 2489 4757 Itaque
2525 4693 2813 4756 postquam
2844 4685 2897 4738 in
2924 4683 3241 4755 Evangelia,
3280 4681 3433 4752 cujus
3458 4679 3689 4735 canonis

2104 4782 2177 4835 sit
2206 4779 2567 4849 quodcunque
2596 4775 2887 4844 capitulum
2935 4772 3241 4837 didicunus,
3284 4772 3352 4826 ad
3388 4770 3686 4840 principia,

2102 4871 2203 4925 hac
2230 4867 2398 4932 estad
2428 4865 2608 4920 titulos
2634 4864 2967 4934 singulorum
2992 4877 3283 4926 canonum,
3309 4874 3679 4916 recurremus.

2099 4962 2233 5016 Nam
2254 4959 2575 5031 principium
2597 4957 2817 5010 canonis
2840 4964 2926 5010 est
2944 4971 3072 5010 suus
3090 4953 3341 5024 proprius
3364 4952 3573 5017 titulus,
3586 4953 3681 5023 qui

2102 5054 2180 5109 sic
2206 5050 2577 5123 praescribitur
2611 5066 2622 5101 :
2666 5046 2859 5116 Incipit
2891 5047 3091 5117 primus
3116 5061 3303 5105 canon,
3334 5044 3391 5098 in
3421 5060 3525 5115 quo
3549 5061 3686 5114 qua-

2101 5156 2241 5210 tuor,
2286 5142 2589 5206 Matthmus,
2638 5139 2870 5208 Marcus,
2904 5138 3095 5204 Lucas,
3133 5138 3388 5193 Joannes.
3415 5136 3687 5192 Similiter

2099 5246 2155 5291 et
2183 5234 2362 5289 mnteri
2402 5247 2572 5303 usque
2598 5232 2663 5286 ad
2711 5248 2743 5285 κ
2792 5246 3027 5286 canones
3054 5246 3147 5285 sua
3177 5229 3468 5300 principia,
3509 5228 3560 5282 id
3594 5237 3686 5281 est

2099 5326 2346 5396 proprios
2373 5323 2556 5378 titulos
2583 5323 2783 5376 habent
2812 5329 3157 5390 prmnotatos.
3190 5321 3294 5375 Sed
3335 5320 3551 5389 cognito
3582 5335 3682 5372 ca-

2100 5434 2239 5472 none
2268 5429 2334 5470 ex
2364 5414 2731 5485 inscriptionis
2753 5412 2928 5473 titulo,
2960 5412 3380 5480 subsequentem
3409 5410 3679 5482 capitulu-

2098 5524 2216 5562 rum
2252 5506 2492 5575 ejusdem
2522 5502 2866 5573 evangelista:
2895 5502 3167 5556 tramitem
3198 5502 3473 5571 perspice;
3511 5509 3683 5569 atque

2092 5644 2310 5699 secundi
2340 5642 2602 5703 canonis;
2646 5640 2809 5695 tertio
2858 5639 3023 5697 tertii.
3060 5648 3489 5703 cu'terorumque
3513 5647 3683 5703 cano-

2092 5733 2218 5770 num
2248 5715 2478 5782 capitula
2523 5714 2572 5763 in
2596 5702 2599 5703 ν
2621 5710 2858 5778 ψεοιίιιοοι
2885 5708 3175 5778 ilvax-igvlio
3198 5706 3491 5762 secundum
3531 5702 3679 5755 ordi-

2090 5803 2208 5841 nem
2235 5797 2357 5843 sunt
2388 5787 2735 5838 numeranda.
2760 5800 2776 5829 ι
