3942 6190
275 386 393 444 845

279 504 341 560 in
369 502 542 576 ipsius
569 500 711 554 serie
754 498 987 552 tramitis
1005 539 1020 564 ,
1050 498 1302 552 eumdem
1333 497 1553 568 capituli
1580 509 1865 552 numerum
1895 490 1950 551 Α

278 610 448 667 quem
502 592 560 646 in
599 589 892 660 Evangelio
936 589 1360 658 superscriptum
1393 588 1588 642 notasti
1614 590 1654 654 ,'
1679 587 1725 642 si
1762 602 1870 642 non

280 686 583 742 mendosus
618 682 792 738 codex
823 680 1017 746 fuerit,
1047 681 1422 735 incunctanter
1448 678 1711 733 invenies.
1761 677 1870 733 Sed

281 779 337 833 iu
362 785 554 849 aperto
575 775 762 830 codice
792 772 1064 844 Evangelii
1094 780 1386 840 utrumque
1417 770 1675 834 didicisti,
1702 771 1753 824 id
1780 778 1867 826 est

278 881 573 922 numerum
603 863 845 934 capituli,
877 870 932 918 et
954 877 1216 916 canonem
1244 859 1399 929 cujus
1421 861 1492 916 sit
1513 861 1687 931 ipsum
1720 861 1868 929 capi-

279 962 474 1015 tulum.
531 959 675 1026 Quid
733 965 914 1012 autem
960 958 1177 1028 proprie
1219 957 1462 1011 discatur
1508 957 1564 1010 in
1613 957 1866 1011 distincta

278 1069 552 1111 canonum
584 1052 857 1119 congerie,
886 1052 1142 1106 continuo
1173 1049 1424 1120 explanat
1454 1048 1676 1103 dicens:
1709 1057 1864 1117 atque

278 1162 310 1200 e
337 1145 526 1200 vicinia
555 1153 862 1196 ctrterorum
898 1141 1194 1195 tramitibus
1232 1140 1492 1208 inspectis,
1518 1154 1646 1208 quos
1681 1155 1867 1191 mtme-

278 1252 368 1289 ros
393 1251 440 1288 e.
478 1249 523 1285 r.
551 1232 606 1284 Ir.
635 1248 686 1284 α.
710 1230 1040 1285 Caeterorum
1071 1243 1304 1297 namque
1332 1236 1418 1282 est
1444 1235 1504 1280 ut
1529 1227 1583 1279 in
1611 1227 1864 1282 distincta

281 1339 480 1379 novem
528 1336 796 1376 canonum
845 1320 986 1374 serie
1035 1318 1166 1372 illud
1214 1317 1432 1386 proprie
1481 1323 1860 1386 cognoscatur,

282 1415 425 1484 quod
456 1413 514 1468 in
539 1412 766 1468 diversis
796 1410 1112 1464 tramitibus
1131 1407 1352 1462 cuilibet
1372 1406 1607 1477 capitulo
1632 1406 1864 1476 oppositi

281 1505 646 1576 capitulorum
682 1501 896 1557 numeri
923 1501 1063 1570 apud
1105 1515 1273 1554 unum
1303 1513 1398 1554 seu
1425 1497 1610 1569 plures
1635 1513 1868 1569 evange-

283 1597 434 1652 listas
464 1593 853 1663 intelligantur.

350 1687 440 1740 23.
481 1683 591 1738 Sed
625 1681 754 1751 quid
792 1679 1010 1750 prodest
1039 1678 1093 1731 in
1134 1691 1402 1733 canonum
1427 1676 1735 1731 tramitibus
1762 1691 1864 1730 nu-

284 1792 494 1832 merum
526 1773 882 1845 capitulorum
911 1771 1250 1826 solummodo
1271 1771 1608 1841 dignoscere,
1631 1772 1741 1826 nisi
1763 1787 1857 1828 eo—

999 383 1290 438 EXPLAN.
1334 384 1402 438 IN
1441 378 1946 439 PREFATIONES
1986 377 2045 435 S.
2086 379 2362 440 HIERON.
2405 387 2496 441 AD
2538 386 2788 446 EVANG.
2880 455 2884 459 _

3449 391 3555 448 5V3

2113 493 2279 549 ΙΤΕΜ
2319 496 2774 557 HIERONYMUS
2810 501 3099 558 DAMASO
3130 503 3331 559 ΡΑΡᾹΞ
3359 520 3405 560 ιι.

2039 584 2132 638 25.
2175 586 2458 642 Sciendum
2488 591 2676 656 etiam,
2709 609 2772 646 ne
2809 594 2924 662 quis
2951 594 3193 663 ignarum
3224 613 3288 649 ea:
3309 598 3563 652 similitu-

1971 675 2094 730 dine
2124 693 2464 732 numerorum
2494 698 2644 734 error
2670 683 2918 736 involvat.
2947 683 3059 738 Hoc
3087 699 3462 756 argumentum
3490 692 3559 745 de

1972 767 2300 822 continuatis
2327 769 2355 807 δ
2384 771 2741 839 capitulorum
2770 775 3214 833 similitudinibus
3232 821 3245 843 ,
3279 789 3334 834 et
3363 782 3430 834 de
3453 798 3551 852 op-

1969 857 2160 931 positis
2206 873 2396 913 eorum
2438 861 2882 919 collocationibus
2924 867 3234 924 indistincta
3281 886 3548 926 canonum

1971 946 2113 1001 serie
2153 956 2472 1016 pertractat.
2526 950 2692 1018 Cujus
2723 959 3028 1024 argumenti
3058 974 3275 1014 causam
3312 964 3551 1017 ostendit

1971 1036 2177 1104 dicens,
2229 1053 2298 1092 ne
2340 1039 2462 1107 quis
2505 1040 2752 1111 ignarum
2796 1060 2862 1098 ex
2908 1047 3261 1103 similitudine
3300 1067 3550 1106 numero»

1970 1145 2090 1183 rum
2110 1169 2124 1194 ,
2156 1131 2364 1186 scilicet
2387 1133 2743 1203 capitulorum
2762 1174 2776 1199 ,
2808 1149 2962 1189 error
2984 1138 3241 1193 involvat.
3275 1140 3371 1211 (Ut
3398 1145 3553 1198 verbi

1971 1221 2166 1291 gratia,
2193 1222 2246 1275 in
2275 1223 2448 1290 primo
2483 1239 2690 1279 canone
2721 1227 3017 1280 secundum
3042 1228 3376 1295 Matthseum,
3409 1215 3581 1301 capi-3

1971 1311 2142 1365 tulum
2179 1313 2522 1367 undecimum
2549 1323 2743 1382 quater
2767 1323 3017 1383 notatur;
3057 1320 3352 1375 secundum
3403 1321 3548 1376 Mar-

1971 1416 2094 1454 cum
2136 1403 2433 1471 capitulum
2462 1405 2708 1473 quintum
2741 1415 2947 1474 quater
2964 1418 3215 1476 notatur;
3255 1413 3556 1466 secundum
3604 1404 3607 1405 ⁷

1969 1491 2187 1560 Lucam,
2219 1494 2518 1564 capitulum
2540 1495 2810 1550 decimum
2841 1507 3032 1566 quater
3061 1509 3278 1555 notatur
3299 1503 3371 1572 ο.)
3397 1501 3552 1557 Sicut

1967 1584 2110 1638 enim
2136 1599 2202 1639 ex
2233 1601 2414 1640 rerum
2454 1586 2758 1642 differentia
2795 1597 2944 1643 certa
2976 1590 3200 1644 scientia
3230 1594 3554 1662 percipitur,

1967 1675 2046 1730 sic
2087 1690 2118 1729 e
2162 1677 2438 1732 contrario
2480 1693 2547 1731 ex
2589 1679 2882 1734 indiscreta
2929 1680 3305 1746 similitudine,
3340 1687 3548 1739 erroris

1965 1764 2138 1835 caligo
2164 1766 2433 1820 nascitur.
2475 1765 2580 1822 Sed
2619 1769 2890 1838 quomodo
2917 1769 3043 1824 huic
3063 1773 3235 1825 errori
3267 1789 3553 1827 succurra-

284 1887 402 1925 mm
429 1870 542 1922 vim
565 1883 630 1922 ac
658 1881 876 1921 sensum
907 1866 962 1919 ίη
998 1871 1252 1919 comem,
1281 1864 1448 1933 ipsius
1481 1864 1760 1935 Evangelii
1790 1865 1858 1919 ad
1884 1842 1934 1904 Β
1963 1863 2073 1921 tur,
2100 1856 2401 1910 videamus.
2450 1856 2603 1922 Quod
2630 1859 2795 1911 sicubi
2820 1860 2875 1912 in
2895 1858 3262 1915 subnotatione
3283 1879 3551 1918 canonum

283 1973 476 2027 purum
501 1955 964 2026 comprehendere
991 1953 1292 2024 possimus?
1320 1953 1473 2008 Unde
1497 1968 1596 2009 nos
1625 1954 1693 2007 ad
1713 1953 1860 2022 ipsos

282 2049 695 2119 Evangeliorum
727 2047 940 2102 codices
971 2061 1251 2101 recurrere
1280 2046 1548 2111 hortatur,
1583 2061 1708 2101 cum
1736 2045 1864 2100 sub-

284 2139 445 2194 inl‘ert
474 2157 488 2192 :
516 2148 562 2192 et
591 2155 709 2192 cum
737 2138 918 2191 scieris
936 2178 950 2202 ,
981 2154 1213 2192 recurres
1239 2137 1308 2191 ad
1338 2135 1603 2191 volumina
1630 2136 1866 2207 singulo-

285 2252 420 2298 rum,
449 2242 508 2289 et
530 2233 737 2303 reliqua
760 2247 932 2302 usque
965 2232 1231 2286 dixerunt.
1263 2231 1397 2286 Cum
1419 2233 1474 2286 in
1502 2231 1744 2300 quolibet
1771 2246 1863 2286 ca-

284 2338 420 2378 none
474 2321 812 2376 intellexeris
857 2321 1038 2376 varios
1085 2319 1444 2389 capitulorum
1486 2334 1764 2385 numeros,
1807 2327 1862 2374 et

283 2419 372 2486 qui
403 2416 485 2470 vel
515 2422 644 2485 quot
671 2413 1016 2484 evangelista
1041 2413 1096 2467 in
1121 2412 1253 2482 ipsis
1280 2412 1445 2466 variis
1468 2410 1719 2482 capitulis
1749 2410 1863 2464 cui-

284 2507 408 2562 libet
433 2507 525 2561 alii
553 2505 897 2577 evangelistas
927 2504 1286 2567 concordent,
1320 2511 1448 2558 tunc
1475 2517 1764 2556 recurrens
1792 2501 1860 2556 ad

283 2597 548 2650 volumina
580 2596 911 2667 singulorum
937 2593 1414 2664 evangelistarum,
1435 2593 1622 2648 statim
1645 2592 1862 2647 eosdem

286 2689 642 2759 capitulorum
664 2702 938 2753 numeros,
969 2701 1105 2756 quos
1134 2694 1259 2740 ante
1286 2686 1342 2740 in
1369 2685 1670 2741 subnotatis
1693 2701 1860 2740 cano-

287 2795 408 2832 nam
459 2779 771 2833 tramitibus
813 2778 1158 2849 signaveras,
1205 2792 1304 2846 per
1347 2775 1586 2846 singulos
1629 2790 1861 2846 evange-

288 2869 460 2935 listas,
511 2869 566 2923 id
612 2876 698 2923 est
740 2883 838 2939 per
877 2867 1086 2939 singula
1134 2865 1457 2936 Evangelia,
1494 2865 1767 2935 appositos
1806 2872 1861 2920 et

285 2961 676 3032 superscriplos
715 2975 836 3016 esse
859 2959 1098 3026 videbis,
1143 2966 1306 3028 atque
1349 2958 1567 3013 eosdem
1592 2958 1864 3029 evangeli-

283 3062 391 3108 stas
447 3054 500 3108 in
559 3053 674 3108 suis
723 3051 1063 3123 propriisque
1105 3050 1241 3105 locis
1285 3051 1474 3118 eadem
1525 3049 1611 3104 vel
1665 3049 1860 3105 similia

281 3142 477 3197 dixisse
523 3142 784 3212 reperies.
835 3141 1104 3196 Recurres
1131 3141 1359 3196 subinde
1383 3156 1507 3196 cum
1534 3140 1640 3196 ﬁxa
1681 3150 1860 3197 mente

1961 1946 2368 2012 distinctorum,
2415 1947 2470 2000 in
2514 1963 2711 2001 canone
2753 1949 3013 2019 quolibet,
3053 1958 3107 2005 et
3139 1951 3346 2021 reliqua
3377 1969 3550 2023 usque

1963 2040 2295 2093 continuatos
2320 2039 2708 2094 similitudines.
2738 2041 2965 2096 Sensum
2992 2043 3154 2108 hujus
3178 2044 3281 2100 loci
3312 2045 3558 2101 breviter
3621 2100 3639 2113 ,

1962 2129 2410 2199 perstrigamus.
2471 2129 2789 2200 Ubicunque
2857 2132 2912 2186 in
2970 2132 3228 2201 subjectis
3277 2151 3546 2191 canonum

1962 2219 2271 2273 tramitibus
2290 2218 2495 2274 videris
2517 2229 2626 2274 tres
2655 2221 3013 2292 evangelistas
3039 2223 3094 2277 id
3122 2225 3295 2294 ipsum
3328 2228 3540 2296 capitu-

1961 2307 2075 2362 lum
2103 2308 2186 2362 bis
2213 2309 2296 2363 vel
2327 2316 2410 2362 ter
2432 2309 2517 2363 vel
2543 2319 2738 2378 quater
2769 2326 2834 2365 eo
2860 2312 3091 2382 amplius
3116 2314 3422 2368 adnotando
3450 2316 3551 2369 ite-

1964 2405 2167 2463 rantes,
2193 2407 2244 2454 et
2271 2410 2522 2469 quartum
2546 2401 2934 2472 evangelistam
2960 2405 3226 2472 oppositis
3247 2406 3300 2458 in
3319 2421 3416 2459 suo
3440 2415 3548 2459 tra-

1963 2490 2096 2545 mite
2109 2491 2336 2546 diversis
2349 2492 2601 2560 capitulis
2623 2494 2972 2563 conspexeris
2999 2496 3395 2560 decurrentem,
3413 2496 3555 2550 nihil

1965 2581 2110 2636 aliud
2138 2581 2212 2636 ibi
2241 2582 2646 2652 intelligendum
2673 2592 2776 2648 est,
2809 2584 2914 2638 nisi
2956 2586 3082 2654 quia
3105 2586 3235 2640 illud
3261 2589 3401 2655 quod
3432 2599 3544 2642 tres

1963 2673 2307 2744 evangelistas
2321 2675 2373 2727 in
2394 2673 2620 2745 singulis
2643 2675 2894 2744 capitulis
2908 2677 3075 2732 semel
3092 2678 3365 2742 dixerunt,
3383 2693 3547 2747 quar-

1966 2773 2052 2819 tus
2084 2765 2414 2836 evangelista
2442 2766 2601 2820 toties
2644 2766 3016 2835 multipliciter
3053 2769 3389 2833 narraverit,
3415 2784 3547 2838 quo-

1965 2859 2066 2913 ties
2096 2857 2325 2914 diversis
2351 2858 2596 2928 capitulis
2624 2860 2872 2913 eumdem
2900 2875 3117 2915 sensum
3137 2860 3498 2932 replicaverit.

2035 2948 2123 3004 26.
2167 2947 2274 3004 Sed
2311 2956 2437 3004 cum
2488 2951 2605 3004 haec
2653 2951 2922 3005 sententia
2953 2952 3020 3006 ad
3064 2952 3298 3020 primum
3346 2952 3546 3005 solum-

1963 3040 2124 3095 modo
2147 3041 2436 3110 pertineat,
2470 3041 2525 3095 in
2555 3057 2663 3111 quo
2691 3050 2924 3112 quatuor
2951 3041 3298 3113 evangellsta:
3318 3058 3546 3098 concor-

1963 3131 2114 3198 dant,
2143 3132 2492 3202 quterendum
2527 3147 2626 3187 cur
2661 3133 2807 3187 dicat
2833 3133 2887 3187 in
2913 3132 3139 3204 quolibet
3163 3151 3382 3201 canone,
3418 3150 3544 3189 cum

279 3242 331 3287 et
377 3233 534 3287 ﬁrma
585 3233 866 3288 memoria.
921 3230 1223 3299 Volumina,
1269 3232 1482 3288 codices
1527 3231 1859 3302 singulorum
1887 3194 1933 3258 Ο
1963 3239 2071 3278 non
2102 3224 2156 3278 in
2182 3223 2287 3278 alio
2330 3224 2432 3278 nisi
2477 3225 2531 3278 in
2575 3225 2751 3294 primo
2778 3225 2952 3279 solum
2990 3240 3196 3280 canone
3235 3227 3350 3281 haec
3402 3227 3544 3281 inter

279 3322 754 3393 evangelistarum.
784 3321 1038 3391 Repertis
1063 3321 1208 3376 enim
1235 3322 1462 3377 subinde
1489 3322 1544 3376 in
1569 3321 1857 3377 volumini-

280 3415 376 3468 bus
406 3413 741 3485 singulorum
766 3414 1222 3484 evangelistarum
1250 3414 1490 3470 numeris
1513 3415 1856 3486 propriorum

280 3503 661 3574 capitulorum,
689 3519 825 3574 quos
851 3504 1166 3575 signaveras
1187 3504 1240 3558 in
1264 3506 1580 3572 canonibus,
1611 3507 1858 3576 reperies

280 3595 421 3651 intus
451 3597 508 3650 in
535 3602 683 3650 textu
714 3595 1020 3665 evangelico
1042 3603 1098 3651 et
1131 3595 1268 3661 loca,
1300 3596 1354 3652 id
1379 3604 1465 3652 est
1497 3597 1856 3668 capitulorum

281 3688 509 3742 aliorum
535 3687 1022 3757 evangelistarum,
1057 3687 1111 3741 in
1149 3687 1347 3757 quibus
1379 3687 1513 3743 locis
1537 3687 1624 3742 vel
1665 3687 1854 3742 eadem

281 3780 361 3835 vel
386 3780 592 3842 vicina,
624 3779 678 3834 id
711 3785 794 3834 est
820 3778 994 3849 ipsum
1017 3777 1103 3834 vel
1125 3777 1358 3833 similem
1385 3792 1625 3843 sensum,
1648 3775 1703 3831 in
1724 3776 1856 3846 ipsis

278 3869 528 3941 capitulis
562 3869 753 3924 iisdem
781 3868 1128 3940 evangelistas
1155 3868 1430 3922 dixerunt.
1465 3867 1648 3922 Primo
1671 3866 1855 3936 itaque

279 3974 376 4012 nos
410 3959 698 4024 admonet,
729 3957 1026 4012 ordinalem
1073 3955 1362 4026 cujuslibet
1405 3955 1625 4028 capituli
1664 3971 1856 4012 nume-

279 4063 394 4099 rum
426 4046 480 4100 in
511 4045 804 4117 Evangelio
839 4047 998 4101 scire.
1047 4045 1298 4103 Secundo
1339 4046 1492 4117 cujus
1529 4045 1754 4102 canonis
1783 4046 1856 4102 sit

279 4135 451 4206 ipsum
489 4137 784 4209 capitulum
823 4137 878 4191 in
907 4137 1024 4207 ipso
1053 4136 1346 4208 Evangelio
1379 4137 1672 4208 suspicere.
1714 4137 1852 4194 Ter-

279 4229 352 4282 tio
394 4229 573 4282 eidem
609 4229 846 4300 capitulo
877 4228 1016 4300 apud
1051 4243 1219 4283 unum
1260 4229 1342 4284 vel
1372 4229 1556 4300 plures
1585 4230 1855 4300 evangeli-

279 4331 388 4376 stas
408 4322 683 4393 oppositos
710 4321 1063 4392 capitulorum
1096 4336 1352 4377 numeros
1379 4323 1434 4377 in
1455 4338 1716 4379 canonem
1745 4324 1854 4378 dis-

283 4414 462 4467 tinctis
505 4412 815 4466 tramitibus
843 4413 1207 4467 dinumerare.
1238 4411 1444 4478 Quarto
1482 4413 1592 4468 vim
1623 4429 1688 4468 ac
1730 4428 1852 4468 sen-

281 4519 396 4557 sum
433 4504 750 4559 eorumdem
780 4503 1135 4574 capitulorum
1166 4503 1219 4557 in
1246 4511 1500 4558 contextu
1543 4503 1851 4573 evangelico

282 4609 536 4662 querere,
564 4594 620 4649 id
646 4603 729 4649 est
749 4603 1013 4664 quatenus
1034 4603 1212 4648 utrum
1234 4593 1421 4648 eadem
1441 4593 1547 4646 sint
1569 4592 1654 4647 vel
1678 4591 1850 4647 vicina

285 4685 533 4753 capitula,
561 4685 878 4754 dignoscere
899 4684 1185 4752 possimus.

348 4775 437 4828 24.
479 4775 742 4845 Sequitur
789 4774 1121 4844 pnefationis
1167 4773 1485 4828 conclusio:
1537 4781 1655 4842 opto
1700 4781 1756 4826 ut
1792 4774 1848 4826 in

287 4867 484 4922 Christo
529 4866 725 4930 valeas,
775 4875 821 4920 et
865 4866 1159 4919 memineris
1187 4865 1310 4929 mei,
1357 4863 1648 4917 beatissime
1675 4867 1846 4934 'papa.

287 4958 468 5028 .‘Jagno
499 4957 802 5011 dilectionis
831 4954 1023 5010 all‘ectu
1052 4956 1210 5010 beato
1239 4955 1488 5017 Damaso,
1521 4961 1579 5007 ut
1605 4954 1658 5007 in
1689 4954 1847 5008 Chri—

286 5059 362 5102 sto
391 5049 597 5111 valeat,
625 5055 863 5116 exoptat.
896 5046 1096 5100 Deinde
1124 5047 1401 5114 praemium
1428 5046 1663 5116 suscepti
1689 5061 1717 5099 a
1747 5045 1848 5099 Da-

289 5159 428 5198 n:aso
471 5142 654 5212 operis
695 5139 1013 5194 charitative
1055 5133 1250 5209 poscit,
1299 5153 1421 5191 cum
1475 5139 1848 5194 beatissimum

286 5247 317 5299 p
336 5249 492 5297 mam,
517 5241 574 5285 ut
604 5232 656 5284 in
686 5231 858 5285 sacris
886 5229 1136 5299 precibus
1159 5235 1215 5281 et
1239 5228 1477 5296 quolibet
1505 5227 1734 5298 spiritali
1752 5229 1845 5299 jn-

287 5324 492 5378 vamine
543 5321 715 5392 ipsius
764 5319 1107 5382 meminerit,
1161 5318 1589 5373 desiderabilitcr
1639 5328 1844 5373 exorat.

286 5413 423 5468 Finit
449 5415 713 5485 praefatio.

350 5581 373 5609 ο
413 5568 586 5638 Negat
607 5567 924 5638 Vallarsius,
949 5565 1118 5638 sancti
1151 5565 1459 5638 llieronymi
1489 5566 1680 5628 editor,
1715 5567 1848 5618 alte-

287 5653 397 5692 rum
423 5635 568 5693 hunc
589 5636 888 5707 prologum,
925 5637 1014 5706 qui
1045 5636 1351 5707 specialiter
1373 5635 1437 5686 ad
1466 5649 1698 5707 canones
1728 5653 1848 5702 per—

288 5709 433 5774 tinet,
449 5703 649 5762 habei'e
671 5703 1209 5760 attctm'em'sanatun
1231 5705 1630 5774 Hieronymum.
1658 5703 1845 5756 stlt‘l'

288 5786 458 5834 tamen
483 5777 754 5841 Sedulius,
780 5777 907 5846 quin
934 5791 1216 5845 germanus
1240 5791 1387 5843 atque
1419 5776 1554 5828 lctus
1582 5777 1592 5824 ε
1615 5776 1716 5830 cui
1751 5795 1843 5828 μυ-

1961 3324 2072 3371 tres
2099 3324 2154 3370 et
2180 3330 2348 3371 unum
2389 3316 2774 3387 evangelistam
2805 3319 3188 3373 concordantia
3227 3319 3316 3372 sit.
3358 3319 3543 3389 itaque

1959 3409 2237 3464 sciendum
2275 3417 2360 3464 est
2393 3409 2538 3478 quod
2583 3424 2774 3465 nomen
2815 3411 2973 3479 primi
3003 3411 3226 3466 canonis
3254 3426 3542 3466 commune

1957 3501 2030 3555 sit
2056 3508 2288 3570 quatuor
2313 3499 2656 3571 evangelistis
2679 3540 2695 3566 ,
2740 3501 2936 3569 quibus
2978 3501 3093 3570 ipse
3128 3501 3335 3570 primus
3365 3516 3538 3557 canon

1957 3590 2315 3646 communiter
2375 3591 2681 3659 deputatur.
2731 3588 2868 3642 Nam
2920 3589 2974 3642 in
3021 3598 3254 3659 quatuor
3298 3605 3541 3644 canones

1957 3682 2073 3754 ipse
2119 3681 2327 3753 primus
2370 3694 2544 3735 canon
2587 3678 2863 3744 dividitur,
2891 3679 2982 3747 qui
3019 3679 3090 3733 sit
3115 3678 3322 3748 primus
3360 3694 3541 3734 canon

1957 3773 2253 3828 secundum
2304 3769 2648 3834 Matthaeum,
2685 3768 2817 3822 item
2863 3768 3071 3837 primus
3118 3783 3294 3824 canon
3338 3784 3533 3824 secun-

1956 3861 2085 3917 dum
2150 3860 2429 3926 Marcum,
2480 3858 2678 3913 dehinc
2739 3857 2948 3928 primus
3002 3873 3176 3914 canon
3238 3860 3535 3917 secundum

1956 3952 2178 4018 Lucam,
2199 3959 2473 4021 postremo
2493 3948 2702 4020 primus
2724 3963 2894 4004 canon
2922 3949 3218 4004 secundum
3241 3947 3531 4006 Joannem.

1956 4043 2108 4112 Quod
2136 4049 2318 4098 autem
2338 4041 2436 4108 ait,
2463 4041 2516 4095 iu
2543 4054 2750 4096 canone
2769 4039 3010 4110 quolibet
3034 4048 3146 4096 tres
3172 4041 3537 4114 evangelistas

1954 4137 2040 4192 bis
2066 4135 2152 4190 vel
2175 4142 2259 4190 ter
2282 4132 2368 4189 vel
2389 4139 2583 4204 quater
2608 4139 2702 4186 aut
2728 4133 2892 4186 etiam
2919 4147 2984 4187 eo
3009 4131 3130 4202 plus
3150 4131 3398 4188 eumdem
3427 4148 3531 4187 nu-

1955 4241 2164 4282 merum
2207 4239 2307 4294 per
2351 4224 2597 4280 ordinem
2645 4223 2847 4278 habere
2879 4222 3265 4289 adnotandum,
3309 4237 3416 4278 non
3459 4222 3536 4278 ita

1955 4314 2295 4372 sentiendum
2322 4322 2407 4370 est
2433 4313 2589 4384 quasi
2629 4313 2871 4382 quolibet
2900 4313 3076 4382 primo
3104 4328 3308 4368 canone
3328 4354 3343 4379 ,
3384 4315 3534 4370 verbi

1955 4409 2127 4478 gratia
2149 4408 2445 4463 secundum
2476 4406 2808 4470 Matthzeum,
2839 4414 2951 4459 tres
2977 4405 3320 4473 evangelista:
3344 4405 3398 4458 in
3423 4419 3534 4460 uno

1952 4501 2122 4569 ipsius
2154 4498 2387 4553 Matthtei
2417 4497 2632 4552 tramite
2655 4537 2669 4561 ,
2707 4497 2952 4552 eumdem
2981 4496 3198 4565 capituli
3243 4511 3529 4550 numerum

1958 4589 2326 4659 multipliciter
2349 4588 2700 4658 adnotarent;
2735 4585 2829 4640 sed
2857 4585 2930 4639 ita
2960 4584 3362 4655 intelligendum
3385 4587 3530 4655 quod

1961 4691 2069 4736 tres
2097 4680 2440 4750 evangelistas
2478 4678 2673 4749 singuli
2703 4693 2799 4747 per
2825 4693 2880 4733 se
2912 4679 2965 4731 in
2995 4679 3233 4747 quolibet
3256 4679 3415 4747 primi
3443 4693 3533 4733 ca-

1956 4774 2114 4828 nonis
2152 4772 2370 4826 tramite
2409 4771 2658 4825 eumdem
2690 4769 2907 4838 capituli
2945 4784 3224 4823 nmnerum
3264 4769 3530 4838 replicare

1955 4866 2149 4920 solent.
2179 4863 2312 4917 Nam
2349 4865 2399 4916 in
2432 4878 2639 4918 canone
2663 4863 2840 4932 primo
2869 4863 3158 4916 secundum
3193 4861 3526 4928 Matthamm,

1957 4960 2192 5027 itemque
2217 4958 2270 5010 in
2295 4971 2498 5010 canone
2523 4955 2696 5024 primo
2723 4954 3014 5008 secundum
3042 4952 3301 5016 Marcum,
3331 4954 3526 5009 dehinc

1952 5051 2006 5105 in
2028 5065 2233 5104 canone
2262 5049 2437 5117 primo
2462 5046 2751 5101 secundum
2781 5045 3000 5108 Lucam,
3025 5043 3216 5098 deinde
3244 5045 3298 5098 in
3320 5060 3525 5102 canone

1950 5141 2126 5210 primo
2142 5139 2434 5194 secundum
2451 5136 2734 5198 Joannem,
2761 5136 2897 5189 hanc
2915 5133 3111 5203 replica
3121 5135 3316 5190 tionem
3332 5139 3524 5193 crebro

1955 5231 2213 5285 invenies.
2253 5229 2378 5282 lltec
2399 5238 2577 5281 autem
2607 5224 2884 5294 replicatio
2914 5223 2988 5289 lit,
3022 5240 3127 5279 non
3150 5227 3290 5295 quod
3315 5227 3368 5279 in
3395 5242 3522 5281 con-

1952 5329 2101 5374 textu
2132 5319 2211 5372 sui
2241 5316 2514 5385 Evangelii
2555 5314 2780 5382 quilibet
2816 5313 3141 5382 evangelista
3186 5331 3347 5368 unum
3376 5317 3522 5384 capi-

1957 5411 2122 5464 tulmn
2155 5407 2271 5471 bis,
2319 5405 2400 5457 vel
2434 5415 2531 5468 ter,
2564 5403 2648 5456 vel
2693 5410 2886 5472 quater
2919 5410 3013 5455 aut
3056 5402 3176 5472 plus
3221 5404 3517 5472 iteraverit,

1952 5565 2117 5619 ctoris
2143 5563 2232 5624 sit,
2257 5562 2529 5615 dubilasse
2551 5575 2656 5612 non
2678 5559 2899 5615 videtur.

2025 5637 2050 5674 ι)
2088 5633 2298 5695 Glossa,
2328 5630 2675 5698 samahaften.

2025 5718 2045 5744 ε
2091 5703 2212 5758 ιίιιξρ
2233 5710 2383 5756 erant
2413 5701 2464 5753 in
2489 5699 2742 5770 margine.
