3942 6190
318 367 419 425 ΞΠ

1696 366 1969 424 SEDULll
2006 365 2199 424 SCOTI

3468 373 3580 429 548

317 499 441 541 cum
472 496 697 553 prorsus
725 480 856 535 illud
895 477 1189 547 capitulum
1217 478 1430 531 nonnisi
1459 477 1627 531 semel
1667 478 1900 542 dixerit;
1931 479 1982 540 Α
2009 478 2062 532 in
2087 477 2305 534 Christo
2331 477 2509 533 valere
2536 478 2794 535 dicendus
2821 490 2924 546 est,
2966 481 3211 551 quisquis
3233 483 3445 540 cunctis
3470 487 3580 539 vir—

316 575 412 629 sed
466 572 535 627 ob
583 572 686 625 hoc
732 583 991 624 numerus
1028 565 1271 635 ejusdem
1320 566 1542 635 capituli
1597 568 1649 621 in
1693 581 1901 621 canone

319 661 631 732 replicando
678 664 1031 727 prtenotatnr,
1074 662 1343 723 quatenus
1384 654 1560 723 ipsum
1605 654 1901 724 capitulum

316 754 623 821 quiLusque
672 746 937 818 appositis
984 746 1125 815 apud
1169 746 1304 800 alios
1342 745 1700 815 evangelistas
1747 746 1897 815 capi—

317 842 446 896 tulis
480 842 535 895 in
564 840 756 895 eodem
778 837 863 892 vel
903 835 1171 892 consimili
1197 850 1361 892 sensu
1397 835 1724 906 respondere
1748 850 1902 890 mon-

317 939 540 986 εινριυιο.

386 1044 476 1096 27.
520 1043 597 1095 Ex
629 1056 736 1110 quo
758 1041 896 1095 mira
918 1053 1006 1093 res
1028 1037 1106 1102 lit,
1135 1038 1278 1106 quod
1298 1035 1511 1106 quando
1533 1037 1587 1091 in
1612 1037 1902 1108 Evangelio

318 1150 419 1190 suo
473 1133 700 1203 quilibet
741 1130 1071 1200 evangelista
1121 1127 1459 1183 consimilem
1518 1140 1737 1182 sensum
1803 1141 1904 1195 per

316 1226 467 1281 varia
497 1223 728 1294 capitula
752 1224 933 1286 iterat,
956 1229 1103 1275 tunc‘
1119 1220 1175 1274 in
1201 1218 1472 1274 distinctis
1497 1218 1766 1273 canonum
1796 1226 1902 1272 tra-

322 1314 572 1378 mitibus,
620 1312 800 1366 nullus
843 1309 1157 1366 eorumdem
1182 1306 1542 1377 capitulorum
1571 1306 1767 1361 similis
1795 1321 1899 1359 nu-

318 1420 502 1460 merus
534 1403 845 1472 replicatur.
888 1400 960 1454 At
991 1414 1121 1453 vero
1162 1413 1285 1452 cum
1325 1398 1379 1451 in
1410 1397 1722 1467 evangelico
1745 1398 1901 1452 volu-

317 1498 461 1550 mine
505 1511 536 1549 a
581 1495 773 1563 quovis
825 1490 1159 1561 evangelista
1214 1488 1383 1545 semel
1432 1488 1635 1559 aliquid
1680 1489 1898 1555 dicitur,

318 1593 445 1638 tunc
476 1585 529 1637 in
556 1598 821 1639 canonum
844 1582 1097 1650 congerie
1118 1580 1358 1651 ejusdem
1386 1579 1606 1649 capituli
1640 1595 1903 1636 numerus

315 1674 738 1742 recapitulatur;
768 1672 896 1741 quia
917 1671 1173 1725 nimirum
1196 1670 1299 1725 hoc
1325 1680 1552 1740 quartus
1574 1670 1900 1741 evangelista

317 1764 484 1818 variis
520 1763 770 1833 capitulis
800 1761 1055 1817 edisserit
1090 1760 1235 1829 quod
1265 1760 1357 1814 alii
1384 1768 1494 1814 tres
1537 1759 1706 1815 semel
1742 1760 1897 1815 dixe-

317 1862 446 1909 runt
493 1872 507 1909 :
545 1855 774 1923 ideoque
816 1867 1074 1907 numerus
1108 1849 1351 1919 ejusdem
1388 1851 1607 1921 capituli
1651 1852 1706 1906 in
1738 1866 1901 1908 cauo-

318 1962 445 2000 num
477 1944 785 2006 tramitibus
809 1945 1089 2014 repetitur,
1123 1958 1189 1998 eo
1225 1943 1369 2013 quod
1413 1957 1604 1998 sensus
1631 1943 1801 2013 ipsius
1844 1944 1900 1999 in

313 2038 574 2107 appositis
603 2036 744 2107 apud
764 2036 899 2091 alios
925 2036 1286 2107 evangelistas
1308 2036 1471 2091 variis
1492 2036 1745 2107 capitulis
1768 2052 1901 2092 con-

317 2126 537 2180 tinetur.
567 2125 750 2195 Itaque
792 2125 937 2194 quod
981 2124 1263 2179 Mattbzeus
1312 2125 1597 2180 undecimo
1622 2166 1638 2192 ,
1682 2126 1902 2182 Marcus

316 2223 536 2283 quarto,
572 2213 746 2268 Lucas
771 2213 981 2267 decimo
1002 2213 1255 2283 capitulo,
1291 2212 1343 2268 in
1366 2214 1590 2269 exordio
1615 2215 1777 2284 primi
1806 2230 1900 2270 ca—

317 2303 477 2358 nonis
504 2303 669 2358 semel
696 2304 1105 2373 proloquuntur,
1132 2311 1361 2373 quartus
1388 2302 1627 2359 Joannes
1646 2306 1896 2361 eumdem

318 2408 537 2449 sensum
590 2403 822 2463 quatuor
873 2393 1143 2462 capitulis,
1188 2392 1293 2449 hoc
1341 2401 1428 2449 est
1461 2409 1537 2461 vr,
1580 2409 1681 2461 xu,
1715 2410 1807 2451 xxv
1845 2403 1902 2451 et

322 2500 522 2551 xxvnt,
552 2484 925 2555 multipliciter
951 2483 1223 2540 edisserit.

385 2615 477 2671 9.8.
516 2615 652 2670 Item
676 2616 721 2671 si
755 2634 861 2672 uno
897 2616 1129 2688 quolibet
1146 2634 1347 2683 eorum,
1373 2627 1467 2673 aut
1488 2617 1645 2672 etiam
1674 2618 1898 2686 duobus,

315 2715 373 2764 et
402 2708 605 2777 reliqua
642 2724 813 2779 usque
851 2709 1087 2780 quotiens
1124 2708 1449 2780 praetulerint
1478 2711 1532 2763 in
1562 2727 1901 2765 numerorum

316 2799 655 2854 adnotatione
681 2801 1009 2855 distantiam.
1038 2801 1266 2855 Sensum
1296 2801 1441 2856 hunc
1470 2800 1707 2855 breviter
1733 2801 1904 2871 expli-

319 2905 524 2945 cemus.
557 2890 671 2945 Hoc
698 2892 896 2946 etenim
926 2890 1059 2946 dicit
1087 2907 1101 2945 :
1138 2890 1241 2946 Ubi
1270 2891 1323 2944 in
1347 2905 1613 2946 canonum
1636 2891 1902 2947 distinctis

321 2980 631 3034 tramitibus
662 2996 798 3035 unus
827 2980 911 3033 vel
931 2981 1035 3034 duo
1058 2980 1402 3051 evangelista:
1416 2980 1665 3035 eumdem
1693 2980 1904 3050 capitu-

320 3069 497 3124 lorum
528 3086 810 3123 numerum
838 3070 944 3134 bis,
966 3071 1051 3124 vel
1080 3080 1182 3136 ter,
1209 3070 1291 3125 vel
1311 3078 1522 3141 quater,
1546 3078 1637 3124 aut
1660 3070 1780 3140 plus
1808 3071 1904 3125 ite-

320 3165 605 3269 ῗῗῩίῗἾῗΪἾζ
640 3159 1349 3269 ΕἷῗῖνθῖῗῗῗῗέἶΡῗῗίῗ¹9¹ἶξ¹¹¹ἶ
1385 3175 1721 3269 illi”???
1746 3168 1904 3269 ἓθῖίθῗ
1929 3174 1973 3236 C
2004 3199 2046 3269 t-
2080 3216 2128 3254 ευ
2169 3199 2330 3256 Petra
2377 3201 2626 3260 Christus

321 3251 399 3305 ris
432 3249 798 3320 evangelistis,
837 3266 943 3305 uno
965 3251 1172 3305 scilicet
1197 3251 1282 3305 vel
1317 3252 1558 3317 duobus,
1596 3251 1903 3307 inveniatur

319 3340 621 3410 Oppositus,
655 3339 785 3393 nihil
823 3339 967 3393 aliud
997 3340 1049 3394 in
1073 3340 1177 3395 hoc
1207 3341 1483 3396 sciendum
1512 3350 1616 3407 est,
1645 3343 1748 3398 nisi
1775 3345 1901 3414 quia

321 3432 451 3487 illud
488 3432 630 3502 quod
663 3446 801 3486 unus
844 3441 938 3485 aut
974 3431 1079 3486 duo
1112 3433 1459 3501 evangelista:
1479 3433 1565 3487 bis
1593 3432 1679 3489 vel
1708 3441 1789 3488 ter
1817 3434 1903 3489 vel

320 3522 440 3593 plus
468 3522 868 3592 replicaverint,
906 3522 1069 3578 toties
1095 3536 1234 3579 unus
1273 3531 1367 3578 aut
1411 3526 1515 3579 duo
1544 3525 1635 3579 alii
1669 3540 1903 3595 evange-

320 3612 457 3669 listae
479 3615 725 3669 eumdem
761 3628 979 3669 sensum
1005 3613 1413 3686 proloquantur,
1443 3615 1654 3686 quoties
1684 3616 1899 3687 opposi-

322 3705 393 3762 tis
426 3706 653 3762 diversis
683 3708 933 3778 capitulis
963 3709 1136 3777 ipsum
1161 3724 1377 3765 sensum
1406 3709 1708 3781 proferunt.

390 3838 478 3894 29.
521 3837 809 3895 Sciendum
848 3849 1027 3897 autem
1067 3842 1213 3911 quod
1254 3842 1371 3898 hinc
1409 3846 1805 3914 argumentatio
1833 3844 1902 3900 ad

318 3945 512 3985 onmes
534 3945 788 3995 canones,
812 3940 1037 4000 excepto
1060 3932 1268 3989 decimo
1292 3948 1525 4000 unone,
1546 3935 1905 3991 communiter

319 4022 612 4093 pertineat.
645 4022 778 4077 Cum
821 4023 965 4077 enim
990 4023 1098 4077 duo
1134 4025 1480 4094 evangelista:
1506 4026 1674 4080 semel
1700 4026 1903 4096 aliquid

322 4110 527 4174 dicunt,
572 4119 626 4164 et
666 4111 756 4163 alii
787 4111 894 4163 duo
936 4109 1322 4178 multipliciter,
1353 4113 1457 4168 hoc
1502 4115 1679 4183 primo
1702 4117 1900 4171 canoni

322 4201 639 4270 deputatur:
659 4216 780 4255 cum
807 4216 936 4257 vero
962 4216 1102 4256 unus
1125 4202 1313 4265 semel,
1328 4211 1383 4257 et
1397 4204 1505 4259 duo
1529 4205 1902 4275 multipliciter

324 4301 550 4352 narrant
571 4330 586 4355 ,
617 4292 852 4346 secundo
885 4300 942 4347 et
988 4292 1148 4347 tertio
1176 4303 1475 4363 quartaque
1504 4295 1696 4350 canoul
1730 4296 1901 4351 ascri-

324 4384 472 4439 bitur
498 4401 511 4437 :
545 4382 760 4453 quando
799 4400 927 4440 vero
961 4400 1100 4439 unus
1125 4384 1312 4450 semel,
1341 4393 1394 4439 et
1419 4384 1556 4439 alter
1584 4386 1900 4457 multiplicia-

328 4482 410 4531 ter
434 4474 728 4543 quemlibet
771 4490 987 4529 sensum
1023 4475 1357 4543 pronuntiat,
1388 4475 1442 4529 in
1472 4475 1711 4546 quinque
1740 4492 1902 4531 cano-

323 4565 505 4630 nibus,
528 4566 628 4620 hoc
649 4574 730 4619 est
755 4565 962 4635 quinto,
985 4574 1155 4630 sexto,
1181 4567 1429 4635 septimo,
1453 4574 1646 4621 octavo
1674 4582 1738 4622 ac
1758 4584 1901 4623 nono

324 4673 533 4712 canone
583 4657 949 4727 hujuscemodi
1000 4660 1355 4713 consonantia
1414 4660 1703 4729 reperitur.
1749 4662 1901 4718 Unde

323 4756 470 4802 recte
498 4748 837 4817 subjungitur
866 4765 877 4802 :
907 4747 1003 4801 hoc
1029 4758 1073 4801 et
1100 4748 1153 4801 in
1184 4750 1415 4803 omnium
1438 4767 1616 4804 novem
1640 4769 1899 4806 canonum

325 4837 600 4892 collatione
632 4838 952 4904 servabitur;
1003 4837 1131 4892 illud
1172 4839 1359 4907 procul
1406 4841 1568 4894 dubio
1619 4842 1901 4898 insinuans

326 4927 468 4995 quod
510 4927 625 4983 haec
655 4928 923 4997 posterior
953 4929 1344 4997 argumentatio
1385 4930 1665 4993 omnibus,
1703 4940 1901 4999 praeter

327 5019 636 5085 decimum,
697 5019 994 5073 canonibus
1056 5018 1358 5072 communis
1423 5020 1510 5073 sit.
1579 5020 1729 5083 Quod
1787 5021 1900 5090 ipse

326 5108 563 5162 ostendit
599 5106 729 5163 eum
772 5109 1036 5165 subinl'ert
1080 5127 1092 5163 :
1140 5119 1384 5162 eceteram
1427 5109 1483 5163 in
1518 5110 1739 5174 decimo,
1777 5127 1902 5180 quo-

328 5201 468 5253 niam
514 5200 724 5268 propria
767 5218 813 5254 s.
850 5210 891 5255 t.
932 5217 979 5255 c.
1018 5218 1124 5255 non
1164 5209 1330 5271 potest
1358 5209 1540 5253 contra
1592 5200 1648 5253 id
1688 5218 1897 5270 compa-

330 5291 461 5343 ratio
487 5307 532 5344 e.
556 5307 607 5361 q.
632 5308 675 5345 s.
703 5301 796 5344 est.
823 5290 955 5345 Nam
979 5293 1023 5347 si
1042 5293 1375 5362 comparatio
1394 5300 1499 5356 est,
1518 5291 1599 5345 vel
1622 5293 1901 5359 similium,

335 5380 412 5431 vel
430 5382 758 5436 diversorum
774 5383 839 5436 ad
855 5384 1086 5448 minora,
1105 5384 1186 5437 vel
1210 5385 1473 5439 minorum
1497 5385 1562 5438 ad
1582 5384 1781 5454 majora
1795 5385 1907 5439 col-

332 5469 477 5533 latio,
507 5473 644 5528 nulla
670 5477 999 5543 comparatio
1032 5475 1145 5529 fieri
1174 5486 1351 5545 potest
1373 5476 1437 5531 de
1467 5477 1551 5530 his
1581 5494 1698 5547 qua:
1719 5493 1817 5545 per
1846 5494 1904 5532 se

332 5559 574 5615 absoluta
619 5563 875 5618 existunt.
931 5563 1190 5631 Sequitur
1229 5565 1506 5619 conclusio
1540 5583 1552 5619 :
1608 5576 1727 5635 opto
1759 5577 1813 5619 ut
1848 5568 1901 5619 in

333 5646 539 5703 Christo
564 5650 731 5705 valeas
757 5662 802 5705 ct
831 5654 1124 5707 memineris
1154 5654 1273 5718 mei,
1308 5654 1595 5708 beatissime
1624 5672 1779 5725 papa.
1812 5655 1901 5709 Ille

2002 568 2210 623 tutibus
2232 585 2328 638 per
2351 569 2627 624 Christum
2657 570 2992 626 confortatus
3017 574 3221 627 existit.

2033 657 2202 713 ITEM
2241 657 2609 715 PROLOGUS
2644 661 2976 726 QUATL'Gll
3014 663 3554 725 EVANGELIORUM

2244 766 2542 804 BIEBONYMI
2583 768 2904 807 PRESBYTER!
2944 771 3011 808 AD
3049 770 3329 810 EUSEBIIJII.

2071 838 2162 893 50.
2189 839 2378 894 Plures
2400 841 2560 909 fuisse
2579 843 2668 911 qui
2688 842 2970 913 Evangelia
2990 846 3330 912 scripserun‘,
3352 858 3396 899 et
3416 846 3586 901 Lucas

2000 930 2313 1000 evangelista
2334 940 2557 985 testatur
2574 933 2782 986 dicens:
2799 934 3215 1004 quandoquidem
3240 934 3391 989 multi
3410 940 3589 992 certati

1999 1031 2143 1086 sunt,
2182 1030 2237 1075 et
2278 1023 2484 1092 reliqua
2514 1039 2684 1093 usque
2718 1035 2765 1078 et
2800 1025 3026 1079 ministri
3061 1026 3272 1096 {uerunt
3305 1033 3583 1084 sermonis.

1998 1112 2057 1167 1n
2087 1114 2192 1168 hoc
2224 1115 2446 1187 prologo
2483 1118 2551 1172 de
2589 1133 2816 1173 numero
2857 1127 2913 1173 et
2938 1120 3129 1175 ordine
3166 1121 3589 1193 Evangeliorum

1999 1204 2368 1272 expositurus,
2391 1206 2544 1275 prius
2567 1207 3053 1279 pseudoevangelia
3077 1226 3375 1281 eorumque
3409 1220 3584 1268 teme-

2001 1293 2179 1349 rarios
2216 1304 2467 1350 auctores
2511 1296 2790 1368 eleganter
2829 1298 3049 1353 refutat.
3096 1301 3178 1356 Ac
3211 1318 3279 1358 ne
3305 1318 3401 1357 suo
3427 1306 3587 1373 quasi

2001 1386 2234 1453 quodam
2266 1386 2581 1457 prejudicio
2606 1390 2727 1447 illos
2750 1407 3009 1463 respuere
3035 1395 3335 1462 videretur,
3363 1399 3587 1455 beatum

2001 1476 2205 1533 Lucam
2236 1480 2628 1551 evangelistam
2655 1481 2814 1552 hujus
2838 1485 2920 1539 rei
2953 1493 3144 1540 testem
3178 1502 3299 1543 esse
3326 1491 3583 1544 ostendit.

2004 1570 2075 1623 Et
2098 1575 2485 1643 perseverantia
2509 1592 2669 1645 usque
2697 1576 2766 1629 ad
2789 1594 3015 1645 prtesens
3044 1589 3243 1650 tempus
3268 1583 3588 1636 monimenta

2001 1659 2295 1731 declarant.
2324 1662 2435 1719 Nec
2461 1665 2661 1731 solum,
2688 1666 2883 1737 inquit,
2909 1669 3024 1738 ipse
3044 1670 3218 1727 Lucas
3239 1672 3383 1742 ipsos
3410 1683 3585 1739 notat,

2002 1751 2097 1806 sed
2122 1761 2178 1806 et
2203 1754 2422 1823 propria
2447 1754 2660 1810 illorum
2680 1756 2974 1825 volumina,
3001 1776 3122 1830 quae
3152 1776 3321 1831 usque
3346 1764 3414 1819 ad
3440 1780 3585 1834 pne-

1927 1825 1975 1883 B
2006 1858 2132 1898 sens
2172 1852 2384 1915 tempus
2422 1856 2795 1916 perseverant,
2839 1850 3058 1904 eosdem
3094 1852 3356 1909 erraticos
3400 1855 3592 1909 multis

1999 1933 2178 1988 modis
2200 1935 2459 2004 produnt.
2501 1936 2611 1991 Cur
2636 1946 2818 1991 autem
2840 1940 3295 2009 reprehensihiles
3323 1942 3589 2006 existant.

1999 2039 2218 2080 causam
2254 2024 2497 2081 declarat
2547 2027 2736 2084 dicens
2769 2046 2925 2100 :qua:
2963 2048 2998 2084 a
3031 2031 3250 2087 diversis
3278 2035 3585 2089 auctoribus

1998 2115 2175 2181 edita,
2220 2117 2548 2171 diversarum
2587 2119 2851 2175 hatreseon
2893 2120 3049 2190 fuere
3080 2123 3374 2193 principia;
3413 2135 3468 2178 ut
3505 2137 3585 2180 est

1999 2204 2133 2259 illud
2164 2207 2326 2277 juxta
2348 2206 2659 2278 .Egyptios,
2703 2220 2754 2264 et
2786 2210 3060 2277 Thomam,
3106 2221 3154 2267 et
3183 2212 3487 2281 Matthiam,
3531 2226 3584 2270 et

1997 2292 2467 2361 Bartholomwum,
2509 2296 2626 2351 XII
2665 2315 2869 2370 quoque
2916 2299 3291 2368 apostolorum.
3339 2302 3585 2369 Illorum,

2000 2385 2192 2456 inquit,
2225 2389 2426 2459 scripta
2456 2390 2795 2446 diversarum
2821 2393 3107 2448 hmresium
3152 2392 3305 2450 fuere
3350 2398 3589 2452 semina-

2003 2474 2083 2529 ria
2110 2494 2123 2530 :
2153 2476 2380 2548 ideoque
2410 2493 2516 2534 non
2546 2480 2816 2545 immerito
2849 2490 2957 2537 tam
2995 2484 3295 2540 detestandi
3326 2495 3578 2543 auctores

2000 2567 2377 2624 haeresiarchas
2398 2571 2559 2640 digno
2583 2571 2846 2627 vocabulo
2867 2584 3177 2641 censentur,
3201 2578 3293 2646 qui
3319 2577 3418 2632 sub
3442 2576 3583 2633 falso

2003 2656 2192 2725 titulo,
2231 2660 2384 2727 quasi
2428 2662 2528 2716 sub
2565 2663 2932 2730 apostolorum
2985 2666 3202 2721 nomine
3250 2669 3585 2739 conscripto,

2004 2747 2136 2803 falsa
2169 2750 2446 2821 evangelia
2481 2752 2862 2808 condiderunt.
2896 2753 3101 2822 Quibus
3131 2755 3390 2812 Basilides
3423 2768 3589 2828 atque

2000 2840 2214 2910 Apelles
2254 2842 2449 2917 merito
2489 2841 2909 2914 subjuuguntur,
2949 2861 3180 2915 quorum
3209 2862 3350 2901 unus
3383 2864 3589 2903 cccrxv

2002 2929 2187 2996 cados,
2216 2931 2351 2987 alter
2374 2932 2511 2987 duos
2538 2932 2770 2988 invicem
2807 2935 3119 3011 contrarios
3138 2935 3267 2990 deos
3297 2936 3441 2991 inter
3471 2938 3581 2992 alia

2003 3020 2237 3076 nefanda
2267 3022 2728 3093 dogmatizabant.

2072 3111 2163 3166 51.
2201 3110 2440 3167 Ecclesia
2467 3123 2664 3181 autem,
2709 3131 2826 3186 qua:
2848 3133 3006 3187 super
3030 3125 3256 3189 petram,
3287 3117 3497 3173 Domini
3534 3139 3584 3174 υ.

2673 3204 3023 3276 intelligitur,
3066 3208 3222 3278 juxta
3264 3209 3586 3278 Apostol-un

2003 3289 2096 3358 qui
2125 3290 2239 3345 ait:
2278 3289 2440 3346 Petra
2468 3303 2643 3367 autem
2667 3305 2780 3350 erat
2803 3295 3073 3364 Christus;
3103 3314 3267 3370 super
3295 3317 3457 3370 quam
3488 3319 3590 3372 pe—

2005 3390 2143 3436 tram
2178 3382 2461 3440 fundatam
2501 3401 2621 3443 esse
2659 3388 2809 3444 dicit.
2853 3390 3004 3446 Unde
3029 3392 3290 3448 Dominus
3330 3394 3382 3449 in
3413 3395 3593 3450 Evan-

2001 3473 2139 3542 gelio
2159 3471 2289 3529 dicit
2313 3493 2327 3528 :
2355 3472 2431 3529 Tu
2453 3493 2506 3529 cs
2528 3474 2742 3543 Petrus,
2761 3490 2808 3534 et
2830 3496 2990 3550 super
3012 3481 3066 3535 It.
3080 3499 3132 3552 p.
3150 3499 3216 3536 at.
3234 3482 3300 3536 Ε.
3319 3501 3391 3537 m.
3409 3483 3585 3549 Quam

2001 3564 2292 3618 introduxit
2332 3582 2424 3620 rex
2461 3567 2515 3620 in
2543 3568 2840 3623 cubiculum
2875 3587 3052 3625 suum.
3097 3570 3413 3628 Cubiculum
3440 3575 3591 3645 regis

2001 3657 2193 3711 aeterni
2230 3658 2443 3713 interna
2479 3667 2605 3714 sunt
2633 3661 2824 3729 gaudia
2855 3663 3047 3732 patria:
3084 3664 3340 3728 cmlestis,
3381 3665 3434 3719 in
3461 3682 3587 3734 qua:

2002 3764 2147 3804 nunc
2192 3749 2497 3805 introducta
2544 3762 2628 3805 est
2665 3751 2915 3809 Ecclesia
2954 3769 3053 3824 per
3086 3754 3266 3821 tidem,
3312 3756 3366 3811 in
3403 3754 3587 3810 futuro

2001 3841 2213 3910 plenius
2255 3843 2599 3912 perducenda
2636 3860 2735 3916 per
2771 3861 2907 3901 rem.
2947 3844 3015 3901 Et
3043 3847 3113 3901 ad
3139 3864 3298 3919 quam
3323 3864 3414 3918 per
3436 3847 3583 3917 fora-

2003 3950 2121 3989 men
2151 3933 2502 3990 descensionis
2541 3953 2591 3990 o.
2627 3953 2699 3991 in.
2723 3953 2795 3991 m.
2827 3954 2873 3990 s.
2910 3936 3127 3992 Manum
3164 3954 3316 3994 suam
3350 3939 3589 3996 dilectus

2004 4039 2236 4093 sponsus
2259 4026 2330 4081 ad
2358 4042 2458 4082 nos
2485 4043 2582 4096 per
2606 4026 2846 4083 foramen
2896 4028 3084 4092 mittit,
3114 4044 3237 4083 cum
3271 4044 3371 4084 nos
3398 4029 3589 4085 Domi-

2003 4127 2107 4167 nus
2150 4112 2363 4168 occulta
2407 4114 2754 4170 invisibiliter
2780 4118 3193 4187 eompunctione
3216 4117 3283 4171 ad
3312 4133 3449 4187 opus
3475 4121 3588 4173 vir-

2004 4209 2178 4256 tutum
2208 4204 2477 4261 accendit.
2510 4203 2709 4259 Similis
2736 4206 3018 4263 dammulae
3051 4207 3369 4277 [tinnulaque
3406 4226 3588 4263 cerro-

2005 4308 2140 4346 rum.
2171 4292 2420 4364 Capreoli
2449 4295 2649 4350 etenim
2681 4296 3003 4366 pernicitate
3032 4298 3250 4367 pedum,
3282 4298 3503 4368 insuper
3527 4308 3586 4354 et

2004 4381 2240 4438 hostium
2283 4385 2505 4440 insidias
2541 4386 2788 4442 cominus
2832 4387 3211 4457 pnevidentes,
3262 4402 3360 4457 per
3400 4388 3593 4442 θυΐαις

2005 4479 2126 4526 ctus
2172 4474 2436 4528 montium
2482 4475 2748 4543 sagaciter
2792 4476 3064 4532 declinare
3109 4476 3306 4532 solent.
3356 4477 3587 4533 Ilinnuli

2006 4577 2249 4632 quoque,
2294 4565 2561 4633 quomodo
2609 4574 2664 4620 et
2710 4567 2976 4637 capreoli,
3024 4568 3341 4639 pernicitate
3384 4570 3587 4638 pedum

2006 4652 2233 4706 multum
2278 4654 2476 4708 valent.
2510 4654 2601 4710 Sic
2630 4665 2816 4711 sancta
2837 4656 3077 4711 Ecclesia
3106 4659 3321 4713 mundis
3348 4659 3432 4713 sui
3460 4674 3585 4713 cor-

2006 4742 2089 4796 dis
2113 4743 2307 4808 oculis,
2339 4759 2459 4813 qua:
2494 4746 2698 4816 agenda
2734 4747 2849 4801 sint
2873 4762 3099 4817 quaeque
3130 4748 3351 4803 vitanda
3380 4748 3582 4802 discer-

2006 4834 2114 4897 nit;
2145 4850 2264 4902 qua:
2290 4850 2529 4890 errorem
2559 4836 2863 4891 declinandi
2895 4836 3372 4901 anfractuanente
3399 4841 3593 4910 sagaci;

2005 4924 2290 4994 perspicit,
2342 4935 2395 4980 et
2452 4943 2614 4982 cursu
2659 4928 2864 4996 pernici
2914 4930 3068 4984 bona:
3121 4931 3453 4999 Operatiouis
3510 4931 3581 4985 de

2006 5016 2246 5070 convalle
2288 5016 2648 5088 lacrymarum
2686 5019 2737 5072 in
2765 5018 2941 5075 locum
2967 5020 3165 5088 quietis
3204 5020 3295 5092 [ad
3323 5036 3590 5089 sponsum

2005 5119 2162 5159 suum
2191 5108 2372 5162 vivere
2402 5107 2750 5180 medi]tatur;
2785 5117 3049 5177 quatenus
3074 5110 3357 5165 ambulans
3381 5110 3446 5164 de
3474 5111 3584 5163 vir-

2005 5202 2120 5248 tute
2159 5195 2212 5248 in
2255 5196 2541 5263 virtutem,
2594 5198 2743 5252 illum
2787 5198 2971 5253 videre
3007 5208 3283 5254 mereatur
3329 5201 3382 5254 in
3422 5200 3581 5264 Sion,

2008 5286 2112 5340 hoc
2136 5295 2219 5340 est
2251 5287 2304 5340 iu
2332 5289 2544 5358 specula
2571 5290 2913 5360 sempiterna:
2940 5289 3311 5344 habitationis.

2075 5375 2163 5429 '52.
2209 5376 2448 5441 Quatuor
2489 5379 2712 5448 [lumina
2760 5378 2994 5448 paradisi
3053 5380 3223 5432 instar
3274 5388 3576 5432 emclurzns.

2004 5467 2245 5534 Quatuor
2270 5467 2488 5524 ﬂumina
2517 5472 2752 5539 paradisi
2777 5472 2907 5527 dicit
2925 5471 3095 5535 Geon,
3122 5472 3343 5535 Phison,
3368 5471 3577 5535 Tigrin,

2003 5558 2343 5629 Ευρέινεηοιη
2383 5577 2502 5630 qua:
2527 5570 2761 5631 quatuor
2789 5561 3008 5617 ﬂumina
3040 5570 3270 5631 quatuor
3301 5562 3575 5629 evangeli-

2004 5661 2115 5705 stas
2159 5651 2439 5721 designant
2466 5664 2512 5718 α,
2561 5653 2663 5708 hoc
2714 5662 2798 5708 est
2842 5651 2989 5709 Geon
3017 5651 3345 5715 Mutum-um,
3374 5648 3574 5703 Phison

407 5793 431 5821 ⁸
474 5782 568 5839 Sic
602 5788 688 5838 est
720 5780 902 5837 videre
934 5783 986 5836 in
1028 5782 1220 5853 priscis
1264 5782 1607 5836 l;..silic.t;um
1653 5783 2012 5839 Romanarum
2049 5784 2287 5838 mushis.
