3942 6190
283 396 397 451 348

1011 398 1307 453 EXPLAN.
1350 398 1415 453 ΙΝ
1455 396 1853 453 ΡΚᾸΞΕΑῚῚΟΒ

1956 406 1961 446 ι
1998 397 2054 454 S.
2097 399 2372 456 HIERON.
2412 402 2505 460 AD
2544 404 2804 465 EVANG.

3436 420 3543 476 550

282 511 579 577 Joannem,
621 513 799 581 Tigris
831 513 1096 581 Marcum,
1133 514 1438 584 Euphrates
1475 513 1696 568 Lucam.
1733 512 1872 578 Qua-
1897 513 1951 577 Α
1974 514 2171 569 dicitur
2195 516 2251 570 in
2274 518 2445 574 medio
2466 519 2582 588 ejus
2604 522 2720 578 sive
2743 523 2926 579 electri
2956 526 3070 581 sive
3097 528 3259 600 ignis,
3285 530 3421 588 nihil
3448 536 3545 589 ob-

284 615 411 657 tuor
442 612 492 657 et
526 602 750 673 angulos
775 613 822 657 et
845 602 1033 658 anulos
1066 604 1121 658 It.
1146 621 1241 675 per
1268 620 1397 676 quos
1430 605 1584 675 quasi
1606 620 1730 657 arca
1754 612 1794 656 t.
1822 610 1873 657 et

284 703 465 747 custos
505 690 545 745 ι.
571 691 630 746 d.
674 691 829 762 lignis
861 709 933 746 m.
975 693 1227 747 evehitur.
1272 693 1378 748 Per
1418 707 1600 747 arcam
1629 691 1871 747 Ecclesia

282 782 492 839 Christi
530 782 874 854 designatur;
911 798 1011 853 per
1046 792 1230 838 vectes
1272 784 1523 839 doctores
1559 782 1873 852 exprimun-

285 886 394 937 tur,
425 873 522 941 qui
557 888 725 928 aurea
758 874 977 929 Veteris
1010 889 1075 929 ac
1105 874 1240 929 Novi
1266 873 1600 928 Testamenti
1628 872 1869 945 gemina-

282 979 390 1034 que
418 963 669 1018 doctrina
705 972 1067 1030 exornantur;
1117 964 1314 1034 quibus
1338 964 1583 1018 vectibus
1613 978 1740 1018 arca
1768 962 1869 1017 Ec-

282 1055 465 1110 clesia:
499 1055 568 1110 ad
600 1055 876 1110 caelestem
902 1056 1143 1141 patriam]
1159 1056 1393 1110 vehitur.
1420 1054 1663 1121 Quatuor
1683 1053 1864 1125 anguli

283 1147 538 1202 diilusam
580 1161 678 1217 per
703 1153 937 1216 quatuor
966 1145 1151 1216 plagas
1190 1146 1338 1201 orbis
1376 1157 1645 1200 terrarum
1674 1144 1860 1199 Eccle-

283 1239 421 1293 siam
446 1237 758 1306 designant.
805 1235 1048 1303 Quatuor
1089 1236 1276 1291 circuli
1305 1236 1603 1290 doctrinam
1632 1250 1865 1306 evange-

283 1326 461 1391 licam,
497 1332 839 1396 quatuorque
874 1325 1125 1390 virtutes,
1160 1325 1524 1401 prudentiam,
1559 1332 1865 1395 temperan-

282 1422 436 1484 tiam,
470 1418 870 1483 fortitudinem,
900 1416 1190 1486 justitiam.

350 1512 442 1565 35.
486 1508 705 1562 Primus
742 1517 917 1561 autem
956 1507 1238 1561 Matt/nens
1283 1516 1359 1561 est
1395 1506 1724 1577 publicanus,
1773 1523 1860 1560 co-

282 1609 559 1672 gnomento
586 1597 727 1652 Levi.
757 1597 1109 1667 Cognomento
1140 1596 1264 1651 Levi
1292 1598 1440 1661 dicit,
1477 1598 1603 1666 quia
1631 1613 1700 1651 ex
1726 1612 1860 1667 pro-

281 1691 429 1760 sapia
460 1690 635 1745 tribus
658 1688 786 1742 Levi
819 1688 933 1758 ipse
959 1688 1224 1755 originem
1253 1687 1418 1742 ducit.
1461 1687 1637 1741 Matha
1672 1688 1724 1740 in
1758 1686 1861 1741 lle-

282 1787 426 1841 brteo
462 1799 717 1839 sermone
753 1783 971 1837 domum
1008 1781 1237 1846 dicitur;
1278 1781 1420 1835 unde
1451 1780 1735 1834 Matthmus
1763 1778 1859 1833 do-

1974 610 2082 659 stat
2100 605 2346 677 intelligi,
2364 610 2507 677 quod
2528 620 2760 680 quatuor
2781 614 2899 669 haec
2922 616 3195 685 animalia,
3212 623 3385 677 sancti
3407 624 3549 680 scili-

1971 700 2060 747 cet
2086 695 2450 766 evangelista,
2482 707 2538 754 et
2564 715 2633 755 ex
2658 700 2870 757 Domini
2915 705 3288 765 incarnatione
3321 714 3389 766 ad
3418 712 3547 769 ﬁdei

1968 783 2224 839 virtutem
2248 787 2462 843 solidati
2480 799 2627 856 sunt,
2649 793 2778 847 etin
2804 795 2925 864 igne
2946 801 3338 866 persecutionis
3363 804 3546 858 multis

1970 876 2413 935 tribulationibus
2447 881 2648 936 aﬂlicti.
2706 883 2844 939 Nam
2879 888 2933 941 in
2965 892 3144 959 specie
3172 892 3359 947 electri
3391 894 3547 950 Chri-

1968 973 2086 1022 stus
2111 970 2378 1025 mediator
2398 972 2495 1026 Dei
2525 981 2580 1028 et
2604 974 2880 1031 hominum
2908 980 3238 1051 designatur.
3270 983 3543 1041 Electrum

1968 1058 2164 1129 quippe
2188 1075 2256 1115 ex
2282 1076 2418 1117 auro
2443 1072 2498 1118 et
2525 1075 2751 1136 argento
2773 1075 2876 1123 est.
2904 1068 2997 1124 Sic
3020 1082 3206 1128 noster
3234 1075 3545 1146 redemptor

1963 1164 2127 1207 verus
2156 1151 2299 1208 Deus
2336 1165 2393 1208 et
2420 1170 2582 1210 verus
2626 1159 2788 1213 homo
2826 1177 2893 1215 ex
2940 1161 3222 1218 divinitate
3259 1174 3314 1220 et
3360 1168 3544 1222 huma-

1965 1246 2134 1301 nitate
2171 1257 2402 1304 constat.
2446 1249 2517 1304 Et
2553 1250 2726 1307 vultus
2760 1270 2970 1320 eorum,
3009 1258 3171 1325 facies
3206 1258 3454 1327 hominis,
3493 1270 3544 1316 et

1928 1364 1937 1371 -
1964 1336 2127 1405 facies
2146 1335 2331 1402 leonis,
2353 1347 2401 1393 et
2421 1339 2584 1409 facies
2612 1341 2775 1407 vituli,
2801 1352 2850 1397 et
2872 1343 3033 1413 facies
3059 1340 3270 1418 aquilei.
3300 1348 3405 1404 Per
3428 1350 3544 1406 hmo

1964 1437 2198 1498 quatuor
2234 1431 2509 1497 animalia,
2554 1433 2695 1491 sicut
2742 1435 2858 1505 ipse
2890 1436 3250 1510 Hieronymus
3284 1456 3409 1496 mox
3446 1458 3543 1499 ex-

1961 1519 2131 1587 ponit,
2174 1528 2406 1588 quatuor
2434 1520 2776 1593 evangelistse
2812 1527 3180 1599 designantur.
3230 1529 3542 1595 Secundum

1960 1608 2227 1685 moralem
2270 1618 2453 1665 autem
2491 1613 2919 1684 intelligentiam,
2964 1617 3145 1687 justus
3175 1621 3404 1690 quisque.
3440 1637 3544 1692 per

1962 1700 2228 1754 rationem
2262 1702 2442 1767 homo,
2480 1717 2577 1771 per
2616 1706 2942 1761 sacriﬁcium
2978 1709 3409 1767 mortiﬁcationis
3448 1727 3543 1767 vo—

1960 1788 2184 1844 luntatis
2230 1806 2342 1845 sum
2386 1792 2618 1859 vitulus,
2668 1810 2765 1864 per
2812 1796 3178 1854 fortitudinem
3230 1803 3543 1858 securitatis

282 1887 440 1931 natus
469 1876 876 1944 interpretatur,
919 1889 986 1928 eo
1014 1873 1159 1943 quod
1184 1874 1236 1926 ei
1266 1873 1522 1927 donatura
1550 1881 1633 1927 est
1665 1879 1720 1925 ut
1750 1886 1858 1925 non
1886 1868 1933 1926 B
1960 1887 2147 1933 contra
2176 1882 2355 1934 orunia
2385 1883 2610 1938 adversa
2642 1884 2747 1951 leo,
2776 1902 2873 1957 per
2893 1890 3400 1959 contemplationem
3428 1908 3541 1948 οω-

283 1968 453 2027 solum
491 1966 800 2037 apostolus,
836 1966 932 2021 sed
962 1965 1126 2022 etiam
1167 1964 1495 2035 evangelista
1526 1972 1689 2020 esset.
1730 1965 1863 2019 Mat-

284 2060 451 2113 Ibazus
503 2057 779 2127 apostolus
834 2056 1196 2126 evangelista,
1248 2056 1341 2125 qui
1388 2057 1551 2110 etiam
1598 2074 1665 2111 ex
1716 2044 1859 2110 tribu

286 2165 377 2205 sua
401 2148 534 2204 Levi
565 2147 795 2217 sumpsit
825 2161 1145 2217 cognomen,
1176 2161 1242 2201 ex
1270 2145 1556 2216 publicano
1585 2163 1615 2201 a
1642 2146 1859 2201 Christo

281 2242 517 2308 cla-ctus,
562 2241 801 2312 primum
847 2240 1065 2307 quidem
1118 2241 1170 2293 in
1199 2240 1380 2294 Judrca
1428 2241 1855 2313 cvangelizabat,

280 2334 620 2403 postmodum
651 2333 704 2385 in
732 2330 1045 2387 Macedonia
1070 2331 1416 2400 praedicabat.
1443 2330 1542 2385 llic
1569 2333 1859 2401 requiescit

283 2422 335 2475 in
356 2422 633 2477 montibus
654 2420 999 2476 Parthorum.
1033 2420 1307 2476 Secundus
1344 2420 1559 2476 Marcus
1604 2423 1857 2492 interpres

285 2513 501 2583 apostoli
514 2511 684 2577 Petri,
708 2522 763 2567 et
784 2513 1008 2584 reliqua.
1029 2512 1320 2580 Qumritur,
1337 2530 1458 2569 cum
1472 2513 1664 2570 Petrus
1686 2515 1859 2571 scien-

282 2604 408 2657 tiam
439 2603 734 2658 multarum
767 2603 1092 2674 linguarum,
1119 2606 1391 2673 quomodo
1427 2614 1482 2658 et
1507 2606 1686 2660 ueteri
1728 2620 1859 2674 apo-

280 2695 422 2761 stoli,
458 2695 786 2765 perceperit,
815 2710 912 2748 cur
939 2695 1082 2748 dicat
1108 2695 1345 2750 Marcum
1372 2696 1489 2766 ejus
1510 2696 1853 2766 discipulum,

281 2785 444 2854 ipsius
466 2784 613 2838 Petri
656 2784 823 2838 fuisse
856 2784 1241 2857 interpretem?
1276 2784 1389 2839 Nisi
1411 2787 1512 2841 hoc
1551 2786 1621 2841 ita
1651 2787 1856 2843 dictum

280 2892 394 2933 esse
432 2878 763 2941 sentiamus,
803 2877 945 2947 quod
981 2876 1198 2947 quando
1240 2879 1354 2948 ipse
1393 2877 1587 2933 Petrus
1629 2878 1856 2934 llebrzeo

280 2985 525 3027 sermone
542 2968 785 3026 Hebraeis
810 2968 1235 3038 evangelizabat,
1266 2978 1393 3024 tunc
1413 2954 1623 3026 Marcus
1646 2978 1700 3023 ut
1729 2978 1857 3040 pote

279 3063 392 3135 ejus
414 3061 715 3132 discipulus
742 3061 827 3116 vel
861 3060 1044 3115 idiotis
1070 3059 1311 3116 Hebraeis
1340 3060 1424 3116 vel
1452 3070 1600 3116 certe
1629 3060 1851 3129 Graecis,

278 3170 367 3210 seu
409 3153 739 3225 quibuslibet
776 3152 1026 3213 barbaris
1071 3152 1413 3209 audientibus
1456 3154 1741 3222 minusque
1768 3154 1854 3211 ir.-

1958 1970 2176 2025 lestium
2206 1971 2438 2027 efﬁcitur
2473 1975 2675 2043 aquila.
2718 1978 2850 2042 Qua:
2883 1978 3249 2049 evangelistam
3278 1982 3475 2037 Lucam
3504 2001 3538 2038 a

1959 2060 2221 2117 Zacharia
2251 2067 2518 2121 sacerdote
2542 2086 2588 2122 s.
2614 2069 2653 2122 i.
2675 2087 2728 2140 p.
2756 2072 2798 2124 A
2818 2070 3104 2134 Zacharia,
3131 2074 3326 2144 inquit,
3359 2094 3539 2132 sacer-

1959 2152 2109 2219 dote;
2150 2154 2205 2210 id
2245 2164 2329 2212 est
2363 2166 2622 2229 tanquam
2658 2160 2727 2216 ab
2773 2176 2840 2217 eo
2880 2162 3033 2232 cujus
3066 2163 3137 2218 sit
3173 2166 3544 2222 ministerium

1958 2260 2101 2315 saepe
2126 2246 2323 2302 vitulos
2359 2250 2661 2307 immolare.

2027 2335 2117 2390 56.
2156 2334 2326 2391 Crura
2356 2357 2534 2393 eorum
2565 2352 2724 2410 recta,
2756 2353 2807 2398 et
2838 2361 2891 2415 p.
2911 2362 2964 2416 p.
2987 2346 3091 2400 Per
3118 2346 3284 2416 pedes
3313 2362 3536 2417 gressus

1959 2433 2177 2480 actuum
2205 2427 2573 2497 designantur.
2604 2430 2847 2499 Quatuor
2870 2450 3000 2504 ergo
3027 2436 3339 2491 animalium
3367 2439 3537 2508 pedes

1958 2518 2091 2571 recti
2134 2532 2257 2572 esse
2300 2518 2705 2588 describuntur,
2755 2525 2880 2593 quia
2920 2535 3230 2581 sanctorum
3266 2529 3541 2599 evangeli-

1958 2614 2166 2659 starum
2208 2617 2371 2676 atque
2415 2610 2655 2664 omnium
2701 2612 3064 2681 perfecturum
3110 2631 3296 2684 opera,
3335 2618 3402 2671 ad
3449 2633 3537 2673 se-

1958 2696 2225 2766 quendam
2264 2698 2602 2768 iniquitatem
2640 2716 2747 2756 non
2791 2711 2915 2757 sunt
2959 2712 3184 2759 retorta.
3233 2703 3301 2760 Hi
3350 2717 3535 2763 autem

1957 2787 2122 2856 pedes
2164 2795 2343 2843 rectos
2385 2804 2492 2844 non
2530 2790 2752 2857 habent,
2794 2793 2886 2862 qui
2929 2791 2997 2848 ad
3031 2793 3170 2849 mala
3199 2796 3386 2851 mundi
3412 2813 3533 2867 qua)

1958 2877 2291 2947 reliquerunt
2330 2878 2698 2936 reﬂectuntur.
2743 2881 2847 2938 Per
2871 2899 3077 2954 pennas
3113 2894 3293 2941 autem
3319 2887 3535 2944 volatus

1956 2969 2388 3039 contemplativae
2417 2972 2542 3026 vitae
2567 2972 2896 3044 designatur.
2935 2975 3005 3030 Et
3035 2993 3343 3048 quocunque
3378 2980 3538 3049 spiri-

1956 3069 2041 3114 tus
2080 3061 2210 3127 ibat,
2250 3063 2417 3130 ibant,
2457 3075 2506 3119 et
2546 3082 2651 3119 non
2691 3067 3095 3124 revertebantur.
3137 3069 3378 3126 Pennata
3409 3073 3536 3127 ani-

1957 3151 2142 3220 malia,
2178 3153 2432 3209 videlicet
2472 3156 2816 3227 evangelista:
2849 3165 2904 3213 et
2940 3161 3125 3215 creteri
3149 3162 3535 3230 praedicatores

279 3245 669 3319 telligentibus,
709 3245 959 3301 eumdem
993 3260 1295 3302 sermonem
1329 3243 1488 3314 plane
1524 3245 1850 3315 interpreta-
1878 3239 1922 3301 C
1954 3248 2161 3312 sancti,
2220 3264 2344 3304 cum
2387 3249 2673 3317 incedunt,
2721 3252 2947 3307 minime
2991 3262 3358 3321 revertuntur,
3406 3255 3534 3325 quia

275 3339 455 3394 batur.
496 3338 631 3393 ltem
664 3351 789 3392 cum
829 3334 1017 3391 Graeco
1058 3350 1309 3393 sermone
1351 3343 1534 3390 tantus
1579 3334 1855 3406 apostolus

273 3430 696 3503 evangelizabat,
736 3438 866 3487 tunc
902 3429 1115 3484 Marcus
1150 3428 1235 3484 vel
1263 3428 1469 3484 Graecis
1511 3429 1689 3485 minus
1730 3444 1854 3485 eru-

274 3525 416 3590 ditis,
445 3523 562 3578 sive
582 3519 803 3588 Judaais,
831 3528 886 3576 et
912 3519 1241 3591 quibuslibet
1268 3518 1516 3576 Graecum
1542 3534 1852 3577 sermonem

273 3614 666 3689 ignorantibus,
702 3630 802 3685 per
822 3614 1038 3670 illorum
1061 3615 1337 3684 propriam
1371 3612 1639 3683 loquelam
1674 3612 1854 3683 expia.

273 3707 455 3763 nabat.
494 3707 548 3762 ls
586 3715 765 3763 autem
798 3705 1011 3762 Marcus
1039 3712 1231 3760 octavo
1265 3704 1498 3761 Nemnis
1538 3718 1680 3760 anno
1708 3718 1853 3758 mor-

275 3812 394 3857 tuus
416 3800 633 3871 placida
662 3800 845 3869 quiete
872 3798 1112 3869 sepultus
1140 3806 1244 3854 est.

336 3891 427 3946 54.
471 3889 681 3945 Tertius
713 3888 889 3943 Lucas
925 3888 1159 3943 medicus
1197 3903 1251 3941 n.
1287 3903 1332 3941 s.
1362 3904 1416 3942 a.
1452 3885 1606 3957 cujus
1647 3884 1767 3941 laus
1794 3885 1852 3941 in

279 3980 589 4054 Evangelia,
634 3989 691 4036 et
744 3979 971 4052 reliqua.
1021 3979 1243 4055 Achaia
1274 3978 1555 4050 provincia
1605 3976 1846 4049 ϐαθεῖς,

199 4117 207 4124 .
272 4069 422 4139 cujus
460 4070 778 4141 metropolis
814 4079 897 4128 est
928 4069 1241 4127 Corinthus.
1272 4069 1523 4141 Bithynia
1558 4068 1851 4141 provinciae

272 4171 352 4219 est
377 4162 542 4218 Asize.
586 4161 736 4219 Obiit
761 4170 945 4218 autem
968 4162 1148 4217 Lucas
1172 4170 1360 4218 Lxxrv"
1388 4161 1513 4216 vitae
1540 4175 1651 4215 suae
1684 4175 1847 4225 anno,

270 4261 323 4307 et
359 4253 606 4325 sepultus
651 4260 737 4307 est
780 4252 836 4307 in
877 4251 1164 4323 Bithynia,
1213 4252 1367 4323 cujus
1414 4267 1539 4308 ossa
1586 4261 1849 4323 regnante

270 4344 624 4400 Constantino
660 4342 1178 4414 Constantinopolim
1219 4351 1347 4399 sunt
1388 4343 1668 4398 translata.
1712 4341 1848 4396 Ulti-

271 4452 380 4490 mus
420 4434 658 4489 Joannes
704 4433 974 4504 apostolus
1020 4442 1072 4487 et
1108 4434 1461 4504 evangelista,
1509 4449 1661 4504 quem
1689 4432 1846 4487 Jesus

270 4527 457 4580 amavit
496 4525 806 4598 plurimum,
852 4532 907 4579 et
948 4524 1175 4594 reliqua.
1213 4522 1314 4579 llic
1341 4539 1482 4577 anno
1517 4538 1691 4579 vatto
1723 4532 1844 4594 post

269 4617 575 4686 passionem
603 4614 816 4670 Domini
847 4613 1167 4681 Salvatoris,
1196 4615 1296 4671 sub
1325 4614 1559 4685 Trajano
1602 4614 1843 4684 principe

270 4707 421 4778 longo
452 4706 740 4762 vetustatis
767 4706 919 4761 senio
949 4704 1145 4769 fessus,
1174 4720 1298 4759 cum
1325 4704 1466 4760 diem
1496 4704 1847 4775 transmigra-

271 4799 425 4853 tionis
472 4813 586 4854 sua:
622 4798 911 4853 imminere
948 4797 1052 4853 sibi
1104 4798 1352 4863 sentiret,
1395 4796 1625 4867 jussisse
1670 4795 1846 4851 fertur

269 4887 419 4942 ell'odi
450 4888 555 4944 sibi
585 4888 916 4958 sepulcrum,
947 4897 1111 4958 atque
1146 4887 1266 4943 vale
1296 4888 1421 4942 inde
1449 4887 1635 4942 dicens
1668 4886 1846 4942 fratri-

273 4979 385 5045 bus,
415 4980 556 5034 facta
583 4980 827 5035 oratione
850 4981 1036 5035 vivens
1064 4980 1327 5035 tumulum
1352 4980 1619 5046 introivit,
1646 4979 1842 5036 deinde

271 5070 320 5124 in
348 5087 411 5125 eo
437 5082 694 5142 tanquam
732 5072 787 5126 in
812 5071 1012 5127 lectulo
1046 5072 1344 5142 requievit;
1378 5072 1519 5127 unde
1553 5072 1752 5128 accidit
1780 5079 1839 5126 ut

271 5162 479 5230 quidam
517 5175 642 5217 eum
682 5162 864 5218 vivere
900 5171 1171 5228 asserant,
1210 5179 1310 5218 nec
1344 5171 1617 5218 mortuum
1659 5165 1714 5218 in
1753 5179 1839 5219 se-

270 5253 464 5320 pulcro,
491 5254 586 5310 sed
612 5253 966 5309 dormientem
1002 5251 1187 5321 jacere
1215 5254 1568 5320 contendant;
1603 5255 1836 5309 maxime

269 5360 361 5413 pro
385 5362 450 5402 eo
475 5346 621 5417 quod
646 5346 759 5401 illic
781 5345 983 5401 sensim
1015 5353 1160 5398 terra
1187 5344 1255 5399 ab
1283 5344 1392 5398 imo
1420 5344 1740 5409 scaturiens,
1768 5343 1838 5397 ad

268 5439 601 5507 superficiem
628 5437 863 5507 sepulcri
892 5435 1239 5501 conscendat,
1265 5444 1320 5491 et
1344 5435 1498 5505 quasi
1525 5434 1652 5489 llatu
1682 5435 1836 5503 quie-

268 5532 461 5586 scentis
496 5532 750 5586 deorsum
788 5530 855 5584 ad
895 5529 1177 5598 superiora
1219 5528 1461 5583 ebulliat.
1502 5525 1716 5597 Quievit
1750 5540 1838 5579 au-

269 5632 366 5673 ltnt
398 5620 537 5690 apud
567 5619 838 5689 Ephesum
868 5634 922 5673 vr
954 5617 1074 5672 Kal.
1098 5616 1221 5672 Jan.

330 5710 415 5764 .33.
451 5708 581 5763 llrrc
606 5710 766 5779 igitur
785 5719 1014 5779 quatuor
1032 5706 1340 5778 Evangelia,
1365 5713 1419 5761 et
1445 5704 1646 5773 reliqua
1670 5719 1840 5773 usque

277 5815 304 5848 τ.
336 5817 385 5850 ιιι
410 5799 579 5854 medio
602 5799 736 5853 sicut
765 5795 1055 5853 similitudo
1075 5805 1299 5867 quatuor
1322 5792 1652 5849 animalium.
1686 5792 1838 5860 Quod

1954 3340 2034 3395 sic
2073 3355 2104 3393 a
2133 3339 2364 3395 terrenis
2405 3342 2616 3396 actibus
2647 3342 2715 3396 ad
2744 3343 3009 3412 spiritalia
3036 3353 3441 3415 pertranseunt,
3473 3354 3537 3403 ut

1952 3431 2021 3486 ad
2060 3445 2126 3485 ea
2164 3446 2285 3501 qua:
2319 3430 2670 3501 reliquerint,
2707 3433 2936 3489 ulterius
2980 3434 3128 3490 nullo
3171 3435 3332 3489 modo
3376 3434 3535 3490 relle-

1951 3533 2190 3581 utantur.
2229 3522 2394 3592 Quasi
2434 3524 2579 3580 enim
2622 3541 2718 3596 per
2763 3525 3053 3597 quamdam
3089 3526 3234 3580 viam
3270 3526 3350 3581 eis
3384 3526 3534 3581 ince-

1953 3619 2109 3680 dere,
2149 3623 2236 3671 est
2268 3625 2453 3671 mente
2489 3617 2569 3670 ire
2602 3632 2820 3686 semper
2857 3618 2924 3671 ad
2968 3616 3212 3672 meliora.
3262 3615 3334 3670 Et
3369 3615 3532 3673 dorsa
3600 3650 3605 3657 -
3703 3672 3711 3685 ,

1950 3722 2129 3760 eorum
2154 3704 2306 3776 plena
2331 3704 2514 3759 oculis.
2547 3704 2622 3758 Ea
2650 3704 2849 3759 etenim
2881 3718 3002 3773 quae
3029 3712 3156 3757 sunt
3181 3709 3306 3757 ante
3334 3701 3532 3759 faciem

1951 3804 2194 3851 nostram
2220 3794 2489 3860 videmus,
2513 3794 2671 3849 dorsa
2704 3801 2884 3849 autem
2913 3802 3099 3849 nostra
3125 3793 3265 3849 alius
3290 3794 3344 3849 in
3373 3794 3533 3853 nobis

1949 3885 2126 3951 videt,
2167 3894 2224 3941 et
2261 3900 2363 3941 nos
2397 3884 2586 3940 videre
2618 3899 2727 3939 non
2764 3897 3071 3953 possumus.
3118 3882 3256 3951 Quia
3293 3897 3531 3953 namque

1949 3976 2127 4032 sancti
2166 3974 2266 4030 viri
2303 3974 2533 4030 solerter
2562 3988 2621 4028 se
2653 3972 2944 4043 aspiciunt,
2985 3973 3041 4027 in
3070 3973 3266 4044 quibus
3299 3974 3370 4029 ab
3404 3972 3529 4029 aliis

1940 4065 2175 4136 judicari
2210 4072 2456 4135 possunt,
2498 4073 2555 4120 et
2593 4063 2837 4120 districte
2870 4077 2930 4118 se
2959 4064 3160 4129 vident,
3204 4063 3346 4119 sicut
3380 4077 3526 4136 saepe

1949 4159 2017 4214 ab
2051 4157 2172 4212 aliis
2206 4156 2451 4212 districte
2484 4156 2750 4217 videntur,
2785 4156 2878 4226 qui
2915 4155 2972 4213 in
3001 4172 3059 4211 se
3090 4172 3190 4213 nec
3221 4173 3285 4213 ea
3320 4173 3441 4229 quae
3465 4172 3528 4214 se

1947 4249 2119 4303 latere
2146 4255 2420 4318 poterant,
2456 4248 2729 4317 ignorant,
2761 4246 2962 4301 lumina
2996 4247 3050 4301 in
3083 4248 3245 4303 dorso
3280 4254 3527 4319 portant.

1948 4340 2017 4394 Et
2057 4350 2172 4395 rota
2214 4341 2271 4395 in
2312 4349 2447 4394 rota.
2517 4339 2656 4394 Rota
2709 4339 2763 4393 in
2809 4346 2926 4393 rota
2970 4346 3056 4394 est
3097 4339 3304 4394 Novum
3341 4341 3529 4396 Testa-

1946 4440 2185 4486 mentum
2210 4431 2266 4487 in
2285 4429 2468 4486 Veteri
2496 4429 2862 4486 Testamento.
2890 4430 3028 4486 Rota
3056 4447 3289 4500 namque
3312 4447 3527 4487 sacram

1948 4520 2287 4591 Scripturam
2313 4521 2585 4591 designat,
2615 4536 2734 4590 qua:
2762 4538 2829 4576 ex
2859 4520 3005 4577 onmi
3030 4531 3186 4591 parte
3219 4522 3285 4576 ad
3314 4523 3527 4578 audito.

1950 4628 2069 4667 rum
2097 4620 2308 4667 mentes
2336 4612 2588 4667 volvitur.
2621 4612 2869 4667 Circulus
2898 4613 3095 4684 quippe
3123 4622 3522 4683 praeceptorum

1945 4704 2090 4759 illius
2135 4719 2286 4758 more
2316 4714 2446 4759 reue
2475 4705 2635 4760 modo
2672 4721 2913 4771 sursum,
2943 4706 3103 4761 modo
3134 4707 3385 4762 deorsum
3414 4714 3525 4774 est,

1945 4795 2073 4864 quia
2100 4810 2220 4864 qua:
2247 4793 2667 4865 perfectioribus
2700 4796 3019 4866 spiritaliter
3051 4798 3326 4861 dicuntur,
3366 4796 3523 4851 inﬁr-

1947 4886 2049 4942 mis
2076 4886 2230 4955 juxta
2258 4886 2496 4941 litteram
2533 4898 2869 4959 congruunt;
2907 4898 2961 4942 et
2989 4904 3109 4957 qum
3135 4889 3339 4957 parvuli
3362 4888 3521 4957 juxta

1946 4976 2183 5031 litteram
2234 4975 2582 5047 intelligunt,
2623 4977 2769 5031 docti
2813 4978 2914 5031 viri
2956 4977 3281 5047 spiritaliter
3328 4977 3523 5033 intelli-

1947 5069 2122 5139 gendo
2152 5069 2208 5122 in
2234 5068 2401 5122 altum
2430 5070 2654 5123 ducunt.

2016 5160 2104 5215 57.
2154 5158 2348 5230 Viginti
2384 5169 2612 5231 quatuor
2649 5161 2936 5224 seniorum,
2967 5167 3024 5214 et
3059 5160 3284 5230 reliqua.
3316 5163 3519 5230 Viginti

1946 5258 2178 5321 quatuor
2212 5252 2454 5305 seniores
2485 5250 2540 5304 in
2576 5249 2681 5304 illis
2721 5249 3093 5321 intelliguntur
3119 5251 3209 5322 qui
3235 5252 3521 5323 perfectio-

1946 5356 2071 5397 nem
2114 5342 2326 5410 operis,
2375 5356 2493 5408 qua}
2542 5340 2759 5394 senario
2805 5355 3030 5395 nurnero
3089 5344 3518 5408 commendatur,

1947 5432 2091 5487 clara
2143 5430 2417 5501 Evangelii
2479 5430 2862 5499 praedicatione
2924 5440 3320 5486 consummant.
3385 5431 3520 5488 Nam

1940 5529 2133 5591 quater
2166 5519 2281 5573 seni
2323 5534 2447 5573 xxxv
2486 5518 2710 5575 faciunt.
2764 5518 2867 5584 Qui
2905 5530 3133 5574 tenentes
3173 5523 3427 5588 citharas,
3468 5523 3522 5579 id

1940 5620 2026 5668 est
2054 5610 2217 5665 corda
2251 5609 2501 5665 laudibus
2528 5609 2637 5665 Deo
2667 5610 2847 5666 dicata
2878 5619 3159 5684 gerentes;
3206 5623 3253 5666 et
3287 5614 3517 5684 phialas,

1941 5702 1997 5756 id
2030 5708 2115 5756 est
2146 5700 2420 5755 orationes
2456 5700 2566 5757 Deo
2600 5699 2955 5757 cll‘undentes.
3013 5702 3107 5758 Vel
3141 5702 3349 5772 phialas
3386 5702 3521 5758 dicit

1943 5792 2169 5849 mundus
2197 5791 2443 5847 cordium
2484 5792 2873 5848 conscientias.
2906 5792 3140 5848 Aderant
3166 5792 3368 5863 Agnum
3394 5792 3512 5852 Du“,

3642 5796 3679 5839 Ι
