3942 6190
289 310 407 373 5ᾳῦ

1611 306 1793 374 \‘l'l‘A.
1824 349 1893 358 -—-
1920 312 2306 375 PRAZFATIO.

3461 323 3569 382 5'4

289 429 513 486 abbatis
540 427 862 484 electionem
891 422 1215 499 confirmant
1254 424 1507 499 bulovici
1530 408 1755 499 [iugasti
1800 427 1888 481 lit-
1915 430 2017 499 Αἰ
2078 444 2153 482 xu
2199 428 2317 482 Kal.
2376 426 2662 499 Novemb,
2687 440 2830 499 anno
2853 424 2925 499 24
2955 408 3188 499 imperii,
3238 427 3424 487 indict.
3481 433 3569 495 15.

290 469 531 556 ἶᾶζέῖ
1017 497 1175 550 edita:
1193 496 1243 549 in
1268 494 1419 549 Notis
1530 469 1885 562 EBiFEF‘mia';

290 571 529 639 aliaeque
581 568 823 639 ejusdem
868 568 1215 639 imperatoris
1243 567 1308 639 ad
1341 566 1590 639 eumdem
1635 568 1886 639 abbatem

292 636 495 696 litterae
523 646 743 695 exstant
769 638 823 691 in
852 637 1120 691 tabulario
1169 636 1464 690 Anianeusi
1519 636 1584 689 de
1634 636 1890 690 immuni.

291 719 413 766 tate
440 708 779 773 monasterii,
823 726 840 758 ι
876 708 1014 762 data:
1043 722 1137 760 xm
1164 706 1282 759 Kal.
1318 706 1514 774 April.,
1550 720 1690 759 anno
1717 706 1750 760 9
1794 706 1890 760 im-

372 781 435 834 rii
484 779 767 840 Ludovici,
815 777 997 831 inlict.
1056 775 1141 839 15,
1192 776 1513 846 Aquisgrani
1578 775 1795 844 palatio.
1863 796 1880 826 ι

322 860 436 906 tem
464 850 585 904 aliae
614 850 679 903 de
713 848 957 909 Gellone,
1007 845 1494 908 Monte-calmcnsi,
1544 847 1771 915 aliisque
1821 848 1889 899 de

295 925 483 984 rebus,
512 921 653 974 data:
672 917 998 988 Aquisgrani
1021 917 1107 969 die
1134 920 1447 985 insequente
1471 914 1711 988 ejusdem
1736 915 1885 988 armi.

296 992 547 1060 Denique
595 985 1207 1060 alim—de‘quibusdam
1250 988 1419 1060 rebus
1460 986 1601 1060 villa;
1647 985 1889 1039 Clnciani

303 1080 327 1133 ι
362 1062 415 1115 in
446 1054 595 1133 pago
609 1054 926 1133 Biterrensi,
962 1075 979 1107 ι
1019 1072 1170 1133 _qt_ias
1200 1071 1287 1109 res
1332 1074 1348 1106 ι
1395 1054 1662 1133 Arualdus
1707 1070 1890 1133 co_mes

299 1125 860 1186 domno'Bencdicto
915 1127 1258 1191 tradiderat;
1305 1145 1323 1175 ι
1368 1126 1462 1180 sed
1520 1133 1706 1194 postea
1757 1125 1889 1179 fisco

307 1221 328 1252 ι
357 1219 385 1256 a
414 1202 601 1257 missis
629 1199 914 1253 dominicis
943 1205 1226 1251 revocatas
1261 1217 1279 1246 ι
1310 1193 1615 1250 Ludovicus
1664 1193 1891 1250 Tructe-

301 1270 458 1343 sjndo
484 1270 730 1343 restituit
753 1290 770 1321 ι
808 1267 1018 1343 ξιιιιιυβ
1046 1266 1279 1343 imperii,
1322 1281 1417 1343 xu;
1454 1265 1573 1343 Kal.
1603 1264 1885 1343 Septemb.

300 1340 621 1397 Carbo..aco
640 1339 787 1403 villa,
811 1334 1197 1392 llirminmai’io
1221 1334 1447 1391 diacono
1471 1336 1539 1390 ad
1568 1335 1738 1390 vicem
1760 1334 1890 1389 Frc-

303 1412 476 1481 dugisi
500 1417 943 1481 recognoscente.
991 1427 1010 1459 ι

303 1430 371 1467 au
412 1430 476 1467 lSl
500 1430 943 1481 recognoscente.
991 1430 1010 1459 ι

262 1528 269 1551 ε
473 1481 858 1535 Trutesindum
885 1477 1134 1551 sequitur
1159 1475 1540 1551 Ermenaldus,
1576 1475 1663 1551 cui
1712 1474 1890 1529 Ludo-

305 1554 455 1608 vicus
476 1551 817 1622 privilegium
840 1545 1056 1622 abipso
1077 1545 1190 1616 jam
1217 1561 1316 1615 pro
1329 1545 1888 1622 Διιιὶγνοιιίιιο.ἰίιιιιιι-ι-ιιιῐι

302 1614 647 1677 confirmavit
675 1614 701 1670 ἶ
736 1632 812 1673 xu
840 1614 974 1673 Kali
995 1614 1134 1687 Aug.
1158 1614 1300 1687 anno
1324 1616 1396 1670 22
1428 1614 1661 1687 imperii,
1693 1615 1883 1687 iudict.

305 1692 392 1759 15,
424 1691 729 1747 Streunaco
756 1687 902 1753 villa,
947 1682 1369 1759 o_quasli_:teras
1400 1682 1596 1759 legésis
1643 1684 1698 1738 in
1728 1682 1884 1738 Notis

305 1755 386 1817 ad
411 1761 755 1823 Cuibertum,
787 1772 911 1827 pag.
965 1755 1089 1810 617.
1120 1755 1329 1827 Eidem
1389 1755 1570 1827 abbati
1612 1769 1884 1827 concessa!

305 1772 374 1817 ad
411 1772 755 1842 uuinertum,
787 1772 911 1881 pag.
965 1772 1089 1839 ost.
1144 1772 1329 1838 niuem
1389 1772 1570 1811 annau
1612 1772 1884 1835 concessae

304 1831 437 1906 item
467 1839 596 1906 sunt
622 1829 770 1906 ιιιιιιεΔ
812 1836 989 1883 [item
1049 1826 1276 1882 inferius
1323 1824 1638 1906 referenda},
1689 1826 1886 1906 quibus

304 1900 609 1959 Imdovicus
634 1897 920 1956 conﬁrmat
943 1910 1135 1954 omnes
1158 1896 1528 1967 possessiones
1544 1894 1882 1958 monasterii,

1991 497 2312 572 Aquisgrani
2340 497 2543 572 palatio
2572 513 2642 572 :__i
2678 498 2821 572 quod
2846 498 2953 552 alio
2975 497 3264 572 diplomate
3287 502 3400 572 jam
3437 518 3575 572 prte-

1992 566 2205 622 sti’terat
2235 569 2303 621 de
2342 566 2480 622 cella
2504 566 2814 622 Gellonensi
2840 585 2858 617 ι
2896 584 2986 623 xiv

1990 646 2047 691 et
2072 637 2189 692 loco
2220 638 2431 692 iisdem.

2064 707 2115 779 9_.
2150 705 2475 779 Ermenaldo
2504 706 2766 779 successit
2791 706 3077 775 Arnulfus,
3109 708 3177 764 ad
3207 724 3365 779 quem
3395 720 3575 767 exstat

1991 776 2224 846 diploma
2274 777 2452 831 Caroli
2489 776 2662 839 Calvi,
2713 777 2895 830 datum
2942 797 2960 829 ι
3007 779 3059 832 in
3116 776 3384 834 Pontione
3439 782 3571 837 fisco

1990 849 2159 916 regio,
2186 864 2329 901 anno
2364 849 2429 901 15
2452 847 2602 918 regni
2640 865 2659 897 ›
2697 846 2834 918 ejus.
2858 847 2985 903 Haec
3011 850 3078 904 de
3117 851 3307 918 primis
3347 850 3571 907 Anianze

1992 914 2278 988 abbatibus
2327 917 2471 988 dicta
2520 914 2643 988 sint
2699 915 2765 968 ad
2820 914 3168 988 corrigendos
3205 914 3411 975 indices
3460 922 3576 975 vul—

1991 997 2166 1056 gatos.
2200 986 2349 1040 Alios
2395 986 2720 1055 investigare
2759 986 2893 1040 mihi
2925 986 3031 1042 nun
3076 998 3404 1058 promptum,
3456 990 3576 1046 aliis

1992 1058 2155 1111 rebus
2193 1063 2478 1125 occupato.

2077 1128 2162 1180 l0.
2205 1125 2335 1199 ANec
2374 1126 2568 1199 mirum
2623 1127 2670 1181 si
2718 1135 2800 1182 tot
2849 1127 3121 1199 tantisque
3176 1128 3472 1199 privilegiis
3521 1138 3576 1184 et

1990 1197 2422 1251 immunitatibus
2443 1196 2700 1250 donatum
2733 1206 2818 1254 est
2841 1195 3049 1251 Aniana
3074 1195 3483 1263 monasterium,
3512 1210 3572 1254 ιιι

1988 1277 2114 1349 pote
2147 1275 2512 1349 {cunctorum
2535 1267 3114 1349 caput‘cmnobiorum,
3125 1284 3230 1349 n_on
3255 1267 3427 1349 solum
3453 1286 3573 1337 quae

1989 1334 2043 1391 in
2068 1334 2279 1391 Gothiae
2298 1335 2544 1403 partibus
2557 1334 2868 1392 constructa
2888 1350 3008 1390 esse
3027 1337 3368 1403 videbantur,
3387 1334 3575 1393 verum

1988 1406 2153 1460 etiam
2186 1414 2242 1461 et
2260 1405 2480 1478 illorum
2514 1406 2780 1478 qum_al_iis
2825 1407 2878 1460 in
2929 1408 3240 1478 regionibus
3264 1423 3328 1461 ea
3372 1418 3578 1478 tempe-

3061 570 3133 624 al.
3156 570 3346 626 Octob.
3386 592 3405 625 ι
3430 570 3574 628 anno

1989 1486 2129 1549 state
2156 1484 2212 1531 et
2239 1476 2495 1549 deinceps
2516 1491 2615 1549 per
2635 1475 2795 1544 hujus
2827 1475 3081 1549 exempla
3103 1476 3367 1549 aedificata
3388 1475 3578 1549 atque
3672 1522 3678 1534 .

1990 1547 2058 1601 de
2091 1547 2363 1617 thesauris
2386 1543 2531 1617 illius
2555 1543 2725 1617 ditata
2780 1553 2925 1609 sunt,
2985 1543 3007 1596 ἱ
3050 1543 3457 1617 riuquibArdo.
3488 1543 3574 1603 Ἰιι

1990 1632 2093 1672 ms.
2142 1616 2327 1672 codice
2370 1615 2667 1670 Anianensi
2715 1617 2851 1672 Viue
2887 1616 3062 1671 sancti
3094 1615 3370 1671 Benedicti
3403 1617 3575 1672 Ania-

1990 1687 2176 1757 nensis
2214 1686 2561 1757 prmmittitur
2589 1685 2869 1757 inscriptio
2890 1686 2954 1757 in
2983 1686 3129 1741 hunc
3168 1686 3387 1741 modum
3419 1706 3431 1741 :
3475 1681 3572 1757 γε.

1990 1766 2045 1809 ta
2077 1753 2231 1827 ligati"
2256 1753 2522 1827 Benedicti
2542 1753 2774 1827 abbatis:
2796 1754 3018 1827 Arriana:
3070 1757 3266 1827 scripta
3314 1765 3366 1827 et
3412 1756 3576 1811 missa

1986 1842 2080 1895 per
2107 1824 2166 1881 S.
2197 1824 2317 1890 Ar.,
2346 1825 2403 1880 id
2426 1832 2510 1880 est
2533 1824 2615 1898 (ut
2634 1822 2887 1898 coniicio)
2916 1822 3270 1898 Smaragditm
3288 1825 3574 1894 Anionem,

1991 1893 2085 1950 aut
2113 1904 2284 1955 certe.
2306 1893 2551 1950 sanctum
2574 1893 2855 1950 Anionem.

296 2027 3561 2055 Μ

1359 2082 1893 2213 PBEFATIO
1967 2128 2506 2209 AUCTORIS.

373 2379 428 2434 1.
484 2376 733 2434 Dominis
751 2376 962 2433 merito
987 2375 1389 2431 venerabilibus
1432 2375 1705 2442 Patribus,
1748 2375 1886 2431 Fra-

303 2469 603 2540 tribusque,
629 2468 762 2523 Inda
803 2465 1136 2523 monasterio
1167 2466 1279 2522 Deo
1305 2464 1431 2521 Jesu
1479 2464 1886 2531 famulantibus,

304 2560 448 2617 Ardo
476 2573 762 2615 servorum
808 2557 1011 2613 Christi
1038 2557 1271 2612 famulus
1317 2556 1548 2613 salutem
1573 2557 1725 2612 dicit.
1771 2554 1890 2611 Jam

304 2655 533 2726 pridem,
579 2652 919 2709 dilectissimi
964 2651 1185 2716 fratres,
1227 2658 1424 2705 vestrae
1475 2652 1542 2706 ad
1592 2667 1677 2706 me
1703 2651 1893 2706 delata:

302 2745 523 2801 fuerunt
539 2742 737 2798 litterae
759 2739 968 2815 (infra),
997 2756 1184 2796 amore
1207 2740 1312 2811 piae
1358 2740 1752 2797 recordationis
1796 2740 1896 2795 Pa-

302 2834 402 2891 tris
418 2832 595 2903 nosui
628 2830 909 2887 Benedicti
947 2831 1156 2886 abbatis
1204 2832 1435 2902 stipatae,
1467 2831 1782 2899 exitumque
1830 2844 1895 2883 ac

301 2925 682 2996 migrationem
721 2922 838 2992 ejus
868 2923 936 2978 ad
966 2922 1243 2979 Christum
1271 2923 1531 2986 breviter,
1560 2922 1653 2976 sed
1688 2920 1896 2976 amabi-

300 3017 422 3074 liter
451 3018 813 3074 continentes.
850 3016 908 3070 In
943 3006 1153 3086 quibus
1173 3015 1526 3086 exiguitatem
1572 3028 1749 3068 meam
1796 3012 1892 3068 ad—

300 3123 519 3164 monere
543 3107 679 3163 estis
703 3107 933 3178 dignati,
967 3114 1025 3161 ut
1068 3106 1229 3160 latius
1275 3105 1486 3159 initium
1523 3102 1895 3160 conversatio-

1991 2374 2157 2430 fontis
2193 2372 2380 2429 sedulo
2404 2370 2681 2442 sapientia:
2715 2369 2939 2428 haurire
2964 2369 3185 2428 ﬂuenta.
3216 2370 3451 2433 Haecine
3492 2394 3582 2435 ra-

1993 2465 2072 2520 tio
2110 2464 2290 2520 annali
2315 2464 2582 2520 continuit
2611 2462 2806 2533 spatio.

2064 2560 2119 2615 2.
2148 2560 2359 2616 Interea
2385 2566 2669 2630 cmperunt
2712 2574 2799 2613 me
2841 2542 3268 2618 mordacissimis
3294 2562 3479 2619 verbis
3510 2562 3580 2618 ab

1997 2651 2162 2707 inerti
2210 2650 2391 2705 studio
2434 2664 2823 2720 expergesccre
2868 2648 3087 2715 fratres,
3139 2666 3273 2720 quos
3331 2653 3446 2723 ipse
3490 2652 3582 2722 pio

1999 2741 2287 2799 conamine
2314 2747 2579 2809 genuerat
2618 2738 2858 2805 Christo,
2895 2747 2950 2794 et
2992 2747 3052 2793 ut
3099 2740 3182 2794 eis
3221 2740 3370 2795 illum
3414 2741 3581 2812 gestis

1995 2836 2122 2890 vita:
2160 2833 2427 2903 religiosae
2457 2831 3228 2900 resuscitaremvcompellere;
3263 2848 3291 2886 a
3329 2848 3436 2901 quo
3480 2833 3578 2889 ab-

1996 2933 2177 2982 sentes
2206 2939 2327 2979 esse
2356 2922 2472 2978 solo
2496 2929 2711 2978 constat
2735 2920 3011 2976 consortio
3036 2921 3300 2991 corporis,
3331 2938 3435 2976 non
3467 2921 3580 2991 ple-

1992 3017 2240 3072 nitudine
2268 3015 2571 3071 charitatis.
2637 3013 2729 3070 Sic
2751 3014 2966 3069 tandem
2987 3013 3271 3085 aggredior
3307 3014 3579 3083 explicare

1995 3124 2150 3181 opus.
2183 3107 2340 3162 Dedit
2369 3121 2560 3162 ausum
2585 3119 2650 3159 ac
2679 3102 2963 3160 consilium
2984 3103 3193 3158 veniale
3210 3104 3373 3157 etiam
3396 3103 3572 3169 locus,

300 3199 386 3255 nis
404 3198 526 3270 ejus
552 3197 747 3253 audire
775 3196 1119 3266 cupientibus
1143 3196 1438 3251 scriberem
1469 3211 1484 3250 :
1516 3194 1609 3249 sed
1630 3194 1892 3250 hactenus
1918 3199 1963 3261 C
1994 3200 2087 3271 qui
2121 3201 2190 3256 ab
2213 3213 2278 3253 eo
2303 3197 2554 3268 primitus
2575 3202 2789 3251 constat
2816 3210 2937 3250 esse
2962 3201 3329 3261 constructus,
3358 3194 3581 3251 fratres-

299 3292 499 3346 virium
535 3304 784 3345 mearum
837 3302 1067 3343 cernens
1099 3287 1309 3357 pondus
1354 3288 1636 3351 excedere,
1685 3284 1888 3340 distuli.

299 3379 584 3452 Siquidem
606 3379 788 3450 sagaci
802 3379 1066 3434 industria
1090 3378 1450 3433 scribentibus
1470 3377 1887 3446 praecedentium

297 3475 463 3529 vitam
499 3472 716 3528 meritis
737 3470 1124 3535 venerabilem,
1150 3471 1441 3525 virtutibus
1470 3469 1759 3533 celebrem,
1793 3484 1892 3524 cu-

300 3564 534 3620 randum
563 3570 671 3629 est,
695 3577 762 3616 ne
791 3571 886 3616 aut
935 3562 1262 3632 negligentia
1307 3570 1585 3632 torpentes
1635 3560 1891 3615 omittant

301 3655 476 3721 utilia,
512 3663 612 3709 aut
635 3652 842 3709 inducti
862 3653 1037 3724 gratia
1065 3651 1323 3722 adiiciant
1344 3667 1679 3724 supervacua
1727 3669 1740 3705 :
1794 3652 1889 3706 sed

303 3749 721 3819 diligentissime
748 3747 1035 3817 exquisita,
1061 3762 1162 3802 nec
1189 3763 1295 3802 non
1318 3747 1650 3802 evidentium
1674 3745 1890 3801 relatio-

303 3852 371 3893 ne
398 3837 625 3892 testium
654 3836 909 3897 roborata
944 3845 1200 3891 currente
1228 3836 1438 3892 calamo
1465 3834 1732 3899 scribant,
1780 3850 1887 3889 non

303 3926 627 3984 rusticitatis
670 3926 863 3982 vitium
893 3925 1201 3981 redolentes
1252 3926 1550 3996 peritorum
1596 3932 1893 3995 aggravent

304 4030 482 4085 aures,
511 4015 608 4073 sed
633 4015 960 4071 urbanitatis
985 4014 1354 4070 salefacientie
1379 4026 1405 4054 ει
1451 4013 1668 4070 condita
1711 4013 1891 4085 profe-

304 4119 426 4167 rant
449 4109 638 4174 verba,
666 4108 956 4181 politisque
986 4108 1349 4173 sermonibus,
1395 4115 1458 4162 ut
1503 4108 1576 4162 ita
1628 4107 1881 4172 dixerim,

305 4201 684 4273 derogantinm
720 4197 1062 4255 demulceam
1087 4214 1267 4255 aures.
1299 4198 1430 4254 Meae
1466 4213 1597 4254 vero
1642 4199 1756 4269 ipse
1785 4198 1888 4253 im-

304 4293 513 4363 peritia:
556 4299 835 4361 expertus,
863 4291 1060 4346 vestris
1099 4291 1422 4361 quandoque
1449 4291 1726 4361 pariturus
1745 4305 1887 4361 pra:-

307 4385 476 4453 ceptis
504 4384 667 4455 longo
704 4383 830 4438 silui
861 4390 1127 4454 tempore,
1176 4392 1232 4440 et
1276 4392 1336 4438 ut
1387 4384 1456 4438 ab
1505 4383 1890 4439 eruditioribus

308 4475 675 4545 explicaretur
717 4474 952 4530 sustinui
1005 4493 1018 4528 :
1073 4474 1417 4544 periniquum
1466 4489 1661 4544 nempe
1703 4474 1891 4529 decer—

1993 3304 2097 3359 que
2127 3287 2218 3358 qui
2264 3286 2382 3356 ejus
2425 3293 2690 3340 noverant
2739 3285 3168 3340 conversationis
3222 3285 3398 3340 initia.
3438 3284 3572 3340 Nam

1991 3379 2137 3449 quod
2164 3378 2285 3435 aliis
2314 3378 2540 3448 contigit
2568 3377 2659 3432 vix
2683 3392 2791 3432 non
2825 3375 3021 3442 audiri,
3054 3378 3123 3432 ab
3151 3377 3237 3432 his
3283 3377 3457 3447 potuit
3481 3377 3573 3432 vix

1990 3485 2097 3525 non
2144 3468 2336 3524 videri.
2380 3468 2550 3540 Igitur
2576 3482 2675 3539 pro
2712 3475 2873 3537 captu
2913 3466 3073 3521 rebus
3103 3481 3170 3520 ex
3209 3476 3365 3536 parte
3412 3467 3577 3522 colle-

1990 3560 2112 3624 ctis,
2136 3560 2408 3630 impensas
2432 3559 2582 3628 operi
2611 3558 2922 3613 accuratius
2946 3556 3263 3626 explicaturi
3291 3570 3573 3626 paramus,

1989 3657 2046 3702 et
2074 3648 2227 3718 quasi
2270 3647 2540 3717 quoddam
2586 3646 2936 3701 seminarium
2968 3645 3135 3700 latius
3178 3646 3572 3717 promulgaturi

1991 3739 2218 3793 nimium
2266 3746 2581 3803 arctamus;
2618 3737 2721 3793 hoc
2750 3737 2938 3790 humili
2967 3752 3129 3807 prece
3156 3747 3462 3807 poscentes,
3518 3748 3579 3794 ut

1989 3829 2034 3883 si
2061 3828 2181 3898 quis
2216 3829 2318 3884 hoc
2360 3827 2669 3897 despexerit
2704 3842 2860 3897 opus,
2906 3827 3116 3896 linquat
3150 3836 3244 3882 aut
3293 3829 3574 3900 corrigat:

1989 3916 2072 3971 sin
2097 3915 2250 3981 alias,
2295 3915 2475 3987 legere
2498 3923 2555 3972 et
2595 3915 2748 3986 sequi
2774 3915 3078 3971 volentibus
3116 3916 3278 3983 sinat,
3310 3933 3476 3987 seque
3507 3918 3576 3973 ad

1990 4007 2412 4077 praecedentium
2443 4005 2667 4061 Patrum
2710 4006 2889 4062 Vitam
2938 4006 3222 4077 legendum
3269 4016 3574 4064 convertat.

1989 4097 2058 4152 Et
2093 4097 2139 4152 si
2169 4097 2309 4152 hanc
2336 4096 2403 4150 ab
2432 4110 2620 4151 eorum
2668 4096 2885 4150 tramite
2922 4094 3077 4165 juxta
3103 4096 3250 4152 vircs
3280 4112 3386 4152 non
3419 4096 3576 4152 aber-

1991 4204 2141 4244 rasse
2171 4188 2467 4260 repererit,
2491 4188 2792 4259 gratuletur
2817 4206 2829 4242 :
2868 4189 2952 4242 sin
2976 4198 3180 4255 autem,
3232 4204 3340 4243 non
3371 4198 3576 4245 temere

1984 4279 2276 4349 judicando
2307 4279 2534 4346 refutet;
2567 4280 2662 4336 sed
2686 4280 3110 4350 lacrymabiliter
3161 4282 3573 4337 interveniendo

1992 4370 2041 4426 ei
2069 4370 2435 4441 aequissimum
2472 4368 2715 4426 Iudicem
2746 4371 3152 4441 pacatissimum
3182 4373 3392 4426 reddat.

2063 4462 2117 4515 5.
2148 4461 2357 4516 Vestris
2384 4461 2511 4530 quia
2540 4460 2692 4531 parui
2716 4461 2904 4531 jussis,
2935 4476 2967 4515 ο
2990 4460 3315 4515 sanctissimi
3343 4461 3562 4527 fratres,

308 4579 459 4630 nens,
486 4565 534 4620 si
578 4557 717 4618 tanti
769 4565 985 4634 patroni
1029 4565 1199 4619 vitam
1248 4563 1515 4633 imperitis
1566 4564 1885 4634 attingerem
1914 4548 1967 4608 Ϊ)
1992 4569 2205 4625 precor,
2234 4561 2293 4606 ut
2324 4568 2410 4607 me
2442 4553 2648 4607 orando
2677 4552 2945 4622 adjuvetis
2967 4551 3035 4605 ad
3082 4551 3251 4607 Deum
3302 4559 3572 4621 quatenus

309 4657 511 4724 verbis,
538 4657 993 4728 peritioribusque
1031 4657 1273 4712 debitum
1315 4654 1585 4710 auferrem
1624 4654 1884 4720 laborem,

310 4747 398 4817 qui
426 4754 654 4817 queunt,
699 4747 855 4816 copia
908 4749 1202 4802 verborum
1253 4744 1551 4811 afﬂuentes,
1585 4746 1889 4815 pompatico

312 4851 536 4908 qumque
555 4836 746 4893 volunt
772 4836 1080 4901 enucleare,
1105 4846 1161 4891 et
1177 4836 1322 4890 inter
1348 4842 1523 4905 syrtes
1549 4833 1893 4904 nihilpavcn-

314 4936 391 4984 tes
413 4943 603 5002 regere
641 4928 912 5000 cymbam,
945 4927 1484 4995 solmcismorumque
1535 4925 1711 4979 vitare
1752 4924 1891 4978 feto-

314 5031 457 5085 rem;
487 5018 850 5087 facundiaque
870 5017 1195 5087 eloquentia:
1218 5014 1455 5087 praediti,
1490 5028 1557 5070 ex
1595 5014 1891 5069 abundanti

314 5107 390 5163 eis
415 5117 500 5165 est
529 5109 684 5179 copia
709 5106 856 5162 fandi
878 5107 1253 5178 derogantium
1275 5106 1633 5175 comprimere
1658 5103 1887 5174 linguas.

314 5188 555 5256 Favebat:
626 5215 693 5257 ne
741 5200 801 5257 hi
856 5200 982 5257 dum
1018 5200 1214 5255 vitiose
1267 5198 1565 5268 composita
1618 5196 1891 5268 corrigere

314 5289 529 5357 vellent,
578 5307 611 5347 a
658 5289 800 5347 male
842 5290 1112 5346 contextis
1157 5288 1470 5345 exacerbati
1518 5287 1891 5359 adjudicarent

315 5380 626 5453 negligenda
653 5400 666 5436 :
697 5382 999 5453 praesertim
1024 5396 1147 5437 cum
1172 5381 1413 5436 noverim
1439 5395 1537 5435 vos
1557 5394 1727 5434 sacrae
1755 5379 1890 5435 aula:

315 5470 492 5538 palatii
526 5472 782 5527 assistere
819 5471 1048 5538 foribus,
1080 5486 1183 5526 nec
1211 5469 1504 5526 turbulenti
1547 5468 1705 5524 rivuli
1739 5469 1893 5524 sitire

315 5570 518 5630 potum,
550 5562 681 5632 quin
706 5561 888 5632 potius
921 5562 990 5617 ab
1038 5560 1370 5618 indeflcienti
1418 5575 1557 5615 vena
1615 5558 1891 5629 purissimi

402 5688 427 5717 ι
466 5676 755 5731 Menardus
821 5677 984 5732 habet
1038 5675 1148 5730 sale
1204 5675 1462 5745 facientis.
1522 5670 1893 5745 Henscbenius

321 5748 574 5817 cxpunxit
618 5761 805 5807 vocem
840 5746 1098 5817 facientis,
1150 5740 1273 5801 cum
1318 5752 1497 5799 tamen
1532 5741 1791 5797 habeatur
1835 5740 1889 5795 in

1994 4644 2274 4698 orantibus
2295 4643 2470 4724 vobis,
2518 4651 2575 4699 et
2604 4658 2848 4698 meorum
2898 4642 3031 4697 mihi
3063 4642 3219 4697 detur
3247 4642 3404 4696 venia
3448 4642 3580 4697 deli-

1994 4743 2226 4799 ctorum,
2284 4743 2339 4787 et
2386 4735 2620 4804 posteris
2648 4734 2894 4805 proﬁciat
2935 4735 2990 4788 in
3036 4741 3403 4804 augmentum.
3437 4733 3581 4788 Rur-

1994 4842 2192 4896 susque
2226 4826 2421 4879 obnixe
2448 4825 2677 4896 postulo,
2722 4832 2782 4879 ut
2826 4826 2968 4879 hanc
2991 4823 3237 4893 pervigili
3266 4823 3445 4877 studio
3495 4839 3580 4878 re-

1993 4918 2200 4988 legatis,
2229 4926 2284 4970 et
2311 4931 2538 4985 quaeque
2562 4917 2755 4970 vitiose
2775 4922 3028 4970 contexta
3058 4912 3172 4969 fore
3192 4914 3578 4982 probaveritis,

1995 5007 2266 5063 elimando
2313 5006 2611 5077 corrigite:
2652 5006 2699 5061 si
2746 5020 2853 5074 qua
2902 5019 3033 5058 vero
3071 5003 3240 5065 utilia,
3271 5002 3325 5057 in
3376 5019 3577 5058 arcano

1994 5097 2237 5169 pectoris
2259 5094 2427 5151 vestri
2453 5094 2746 5150 excolenda
2777 5104 3006 5149 servate.
3037 5091 3318 5163 Siquidem
3350 5093 3579 5163 imperio

1994 5194 2177 5242 vestro
2211 5185 2407 5243 silentii
2431 5184 2483 5238 vi
2505 5184 2781 5239 subtracta
2804 5181 3054 5237 affectum
3093 5182 3443 5251 pnebuimus,
3472 5200 3578 5237 non

1997 5278 2283 5344 effectum;
2315 5278 2462 5347 loqui
2483 5284 2728 5332 nostrum
2767 5274 2921 5331 vobis
2948 5274 3304 5344 imputabitis,
3334 5276 3427 5345 qui
3467 5293 3572 5332 nstt

1997 5379 2180 5426 tacere
2201 5386 2300 5425 nos
2319 5370 2617 5439 imperasse
2650 5368 2906 5423 recolitis.
2946 5368 3010 5421 Et
3041 5368 3292 5437 quoniam
3326 5368 3375 5422 ei
3403 5370 3575 5424 unicae

1998 5462 2300 5517 dilectionis
2340 5460 2530 5515 aﬂ'ectu
2578 5459 2828 5529 migranti
2880 5459 2947 5514 de
2990 5457 3187 5514 smequ
3242 5457 3521 5513 Ilelisacar
3549 5460 3572 5501 ἒ

1999 5557 2157 5612 haesit
2177 5556 2362 5618 abbas,
2394 5554 2533 5610 sicut
2564 5554 2731 5624 ipsius
2779 5570 2912 5608 auro
2943 5554 3206 5624 pretiosor
3244 5553 3398 5607 nobis
3443 5552 3583 5605 dire-

1998 5667 2275 5725 codicibus
2299 5680 2429 5720 mss.
2457 5664 2834 5789 scle'facientic.

2070 5738 2097 5779 δ
2120 5737 2194 5789 De
2220 5752 2285 5789 co
2340 5735 2466 5789 item
2498 5735 2550 5789 in
2581 5753 2636 5789 ra
2680 5736 2731 5789 in
2759 5737 2834 5789 eni

2070 5738 2097 5779 δ
2120 5737 2194 5792 De
2220 5752 2285 5793 eo
2340 5735 2466 5789 item
2498 5729 2636 5792 infra
2680 5736 2731 5791 in
2759 5734 2984 5803 epistola
3037 5734 3092 5789 In
3118 5733 3343 5787 fcnsium
3396 5729 3555 5785 Mona
