3942 6190
312 276 416 336 uas

1311 262 1371 317 ‘5.
1413 255 1773 317 BENEDICTI
1810 251 2102 312 ABBATIS
2140 248 2553 310 ANIANENSiS

3464 248 3572 310 ωδ

316 402 400 445 cta
434 393 666 445 testatur
694 377 948 454 epistola;
988 383 1113 448 post
1154 382 1394 441 vestram
1433 369 1888 427 examinationem
1917 370 1970 431 Α
1994 374 2146 423 ctunt
2173 366 2227 422 hi
2255 366 2345 436 qui
2376 364 2501 420 talia
2554 363 2945 433 concupiscunt
2986 362 3166 434 legere
3200 380 3213 416 :
3242 376 3343 419 nec
3371 358 3441 418 ab
3489 363 3577 420 his

317 482 393 537 illi
445 476 792 548 singulariter
835 481 1032 526 censeo
1073 463 1410 536 praesentari.
1446 463 1597 527 Esto,
1643 463 1894 517 occulen-

318 575 439 628 dam
468 584 587 626 esse
627 561 947 627 decreverit,
985 558 1200 613 veniam
1223 556 1289 611 de
1316 566 1438 610 meo
1467 567 1635 625 posco
1662 565 1851 607 errore
1876 567 1890 604 :

318 666 402 719 sin
449 675 580 716 vero
629 655 849 719 utilem,
894 651 989 722 qui
1040 649 1273 704 libenter
1315 651 1611 717 paruerunt
1658 641 1896 707 viventi,

319 752 524 809 imitari
548 754 796 818 satagant
823 744 988 798 vitam
1016 740 1274 796 absentis.
1313 737 1697 805 Perantiquam
1730 733 1900 802 siqui-

324 851 446 904 dem
473 846 586 900 fore
608 837 1076 899 consuetudinem,
1100 835 1361 888 hactenus
1385 829 1601 900 regibus
1620 828 1898 893 usitatam,

321 954 552 1011 quaeque
582 929 1177 1006 geruntur'acciduntve
1207 923 1491 978 annalibus
1527 918 1669 974 tradi
1722 925 1904 988 poste-

324 1009 402 1087 ris
457 1024 847 1099 cognoscenda,
895 1034 1076 1083 nemo,
1115 1025 1175 1070 ut
1222 1030 1366 1079 reor,
1417 1011 1641 1080 ambigit
1691 1009 1901 1063 doctus.

327 1124 395 1177 Et
429 1120 682 1190 quoniam
713 1128 865 1168 mens
892 1109 1124 1166 diversis
1169 1105 1334 1161 rebus
1386 1104 1586 1173 partita
1636 1099 1906 1155 oblivione

324 1218 584 1272 cmcatur,
613 1204 868 1260 divinitus
890 1200 1163 1256 credimus
1183 1210 1303 1251 esse
1325 1192 1651 1255 consultum,
1686 1196 1747 1242 ut
1787 1201 1907 1256 qua:

328 1305 527 1360 oblivio
554 1300 761 1372 prolixa
786 1299 1136 1366 percurrente
1165 1297 1409 1357 tempore
1432 1288 1642 1355 poterat
1670 1277 1909 1341 abolere,

327 1397 524 1452 litteris
549 1369 936 1447 mandarentur
959 1381 1241 1442 servanda,
1294 1391 1522 1448 quarum
1552 1373 1786 1428 lectione
1823 1369 1912 1439 jo—

329 1487 653 1548 cundantnr,
684 1478 1037 1539 hilarescunt,
1064 1479 1312 1539 totosque
1334 1483 1392 1522 se
1415 1467 1478 1522 ad
1505 1465 1735 1538 gratiam
1762 1462 1915 1517 intle-

330 1624 555 1679 chorum
579 1620 642 1676 de
670 1617 818 1672 obitu
846 1606 1364 1679 Benedicti._Ahbas
1391 1613 1510 1679 erat
1557 1599 1916 1679 monasterio-

471 1670 659 1746 gancti
679 1670 957 1741 Maximini
976 1681 1117 1752 apud
1136 1676 1415 1752 Treviros,
1436 1674 1681 1752 Centulzc
1702 1673 1755 1752 in
1776 1670 1916 1752 I’pn-

787 1728 844 1809 in
864 1728 1151 1813 Neusiria;
1194 1728 1467 1818 Ludovici
1490 1728 1912 1818 Angustietiam
1942 1728 1990 1787 B

331 1811 709 1891 cancellarius,
741 1825 988 1879 laudatus
1008 1811 1147 1891 apud
1166 1811 1915 1891 Amalarinm_iu'pr:et‘atitme

331 1882 732 1971 Antiphonarii,
763 1897 816 1949 in
846 1882 1099 1948 Chronici
1140 1887 1485 1947 Centulensis
1508 1882 1615 1939 lib.’
1637 1899 1677 1948 ι,
1711 1882 1766 1936 ἰιι
1791 1895 1917 1935 con-
1964 1917 1989 1928 ρ

1996 458 2321 514 temerarius
2373 456 2652 527 judicatnr
2698 463 2891 509 auctor
2943 454 3256 524 scripturae,
3318 456 3482 510 etiam
3532 457 3579 511 si

1995 553 2272 624 contingat
2300 549 2481 605 minus
2505 547 2685 618 politis
2714 553 3056 616 perstrepere
3077 543 3277 610 verbis,
3324 544 3391 599 ad
3414 559 3580 615 quam

1999 645 2155 701 avide
2182 639 2609 713 cognoscendam
2633 635 2916 692 desudant.
2956 634 3266 690 Concedunt
3304 635 3465 705 igitur
3490 651 3585 691 uo.

1999 737 2084 791 bis
2106 743 2161 791 et
2185 731 2600 805 praecedentium
2634 728 2810 799 legere
2834 726 3032 792 Vitam,
3058 734 3113 780 et
3153 725 3385 794 posteris
3435 740 3587 779 mau-

2001 828 2131 882 dare
2152 841 2274 897 qua:
2295 823 2426 895 ipsis
2453 820 2657 876 nostris
2685 818 3017 889 temporibus
3041 816 3298 880 vidimus,
3324 814 3409 869 vel
3436 814 3588 867 audio

2002 922 2202 984 vimus,
2236 917 2304 972 ad
2356 920 2704 985 augmentum
2757 911 3060 964 animarum
3116 907 3397 978 profutura
3440 921 3588 961 :nec

2004 1010 2429 1064 condemnemur
2458 1004 2525 1058 de
2548 1000 2817 1071 imperitis
2842 999 3203 1061 sermonibus,
3231 1005 3286 1051 et
3313 997 3589 1052 rusticita-

2007 1101 2077 1155 tis
2106 1098 2296 1152 vitium
2326 1094 2651 1156 redolentes,
2684 1090 2941 1160 quoniam
2982 1096 3158 1142 ratum
3185 1088 3432 1142 ducimus
3462 1101 3591 1140 norv

2007 1205 2150 1245 mam
2176 1184 2510 1242 salutiferam
2537 1182 2660 1236 licet
2700 1179 2923 1233 rudibus
2951 1179 3267 1248 depromere
3302 1176 3497 1241 verbis,
3536 1184 3593 1228 ct

2009 1282 2065 1337 in
2099 1278 2325 1348 abiectis
2370 1273 2598 1345 virgulis
2644 1271 3070 1342 pulcherrimum
3100 1268 3338 1341 pandere
3383 1266 3588 1320 favum.

2012 1373 2123 1429 Suo
2150 1372 2381 1441 quisque
2427 1372 2608 1423 sumat
2635 1363 2885 1428 arbitrio,
2928 1377 3049 1431 qua:
3100 1361 3282 1415 animo
3329 1364 3594 1429 comperit

2010 1463 2296 1534 placitura.

2015 1592 2305 1671 saltatione
2322 1586 2602 1671 Agebardi
2626 1586 2694 1671 de
2722 1581 2993 1671 baptismo
3004 1580 3358 1671 Iudaicarum
3389 1579 3600 1671 rugch

2054 1664 2246 1725 iorum,
2283 1669 2337 1714 et
2382 1649 2440 1713 in
2468 1657 2606 1712 libro
2652 1657 2719 1711 de
2748 1649 3182 1725 dispensatione;
3239 1665 3381 1725 anno
3412 1649 3516 1702 827
3558 1664 3590 1701 a

2062 1722 2288 1787 udovico
2309 1730 2508 1785 missus
2530 1741 2651 1781 cum
2680 1725 2798 1779 aliis
2823 1722 2890 1777 ad
2913 1732 3091 1777 motus
3121 1722 3423 1791 Hispanicae
3450 1730 3599 1773 mar-

2021 1818 2097 1860 cat
2120 1799 2572 1872 comprimendos,
2606 1804 2742 1851 teste
2773 1792 3102 1865 Eginbardo.

336 1994 3590 2060 ____________________________________.____.____.

1449 2128 1989 2247 INCIPIT
2073 2126 2465 2243 VITA.

412 2480 466 2537 ι.
496 2478 663 2550 Igitur
681 2474 767 2532 vir
795 2469 1141 2535 venerabilis,
1181 2467 1396 2525 nomine
1424 2472 1478 2523 et
1506 2466 1702 2523 merito
1743 2464 1915 2521 Bene-

340 2573 517 2628 dictus
544 2568 750 2632 Abbas,
776 2580 844 2619 ex
873 2563 1129 2618 Getarum
1157 2572 1182 2601 ι
1214 2573 1411 2631 genere
1440 2556 1685 2628 partibus
1705 2553 1916 2611 Gothiae

340 2663 602 2719 oriundus
632 2657 752 2713 fuit.
779 2654 1061 2711 Nobilibus
1101 2651 1370 2707 natalibus
1418 2658 1588 2715 ortus,
1650 2646 1743 2704 sed
1792 2660 1916 2701 eum

341 2768 572 2823 superna
591 2750 765 2821 pietas
793 2745 988 2818 potiori
1008 2744 1266 2799 virtutum
1299 2741 1546 2796 claritate
1588 2738 1913 2794 nobilitavit.

341 2845 505 2900 Pater
560 2841 822 2910 siquidem
884 2834 1000 2905 ejus
1057 2832 1375 2889 comitatum
1423 2829 1917 2901 Magdaloncnsem,

341 2935 693 3005 quoadusque
714 2929 867 2992 vixit,
897 2926 1098 2988 tenuit;
1136 2931 1191 2978 et
1233 2922 1565 2976 Francorum
1605 2918 1747 2990 genti
1792 2917 1921 2972 tide-

2022 2474 2144 2530 qute
2191 2465 2377 2530 postea
2410 2455 2635 2511 devotus
2675 2450 2946 2524 implevit;
2980 2452 3076 2508 sed
3106 2464 3413 2523 quanquam
3461 2464 3521 2508 se
3570 2466 3603 2506 a

2025 2549 2208 2607 saeculi
2230 2548 2439 2603 actibus
2460 2558 2660 2602 exuere
2679 2545 2861 2611 vellet,
2884 2544 3168 2600 limsitabat
3195 2553 3375 2599 tamen
3405 2545 3604 2615 quibus

2019 2643 2124 2697 hoc
2169 2641 2342 2695 modis
2374 2637 2675 2693 faciendum
2706 2645 2849 2692 esset
2881 2655 2893 2691 :
2938 2644 3119 2690 utrum
3152 2636 3419 2706 peregrini
3450 2650 3606 2688 assu-

2020 2741 2196 2790 meret
2213 2732 2490 2796 habitum;
2519 2746 2587 2784 an
2624 2728 2764 2783 forte
2815 2742 2875 2782 se
2924 2727 3083 2782 alicui
3137 2726 3504 2798 conjungcrct,
3549 2732 3606 2778 ct

2022 2824 2300 2881 hominum
2323 2835 2452 2877 oves
2473 2828 2565 2875 aut
2584 2827 2829 2874 armenta
2852 2819 3019 2890 gratis
3038 2827 3316 2887 pasceret;
3344 2834 3409 2870 an
3435 2817 3600 2870 etiam

2021 2916 2075 2972 in
2104 2916 2324 2972 civitate
2351 2912 2553 2969 sutoris
2574 2919 2853 2966 exerceret
2887 2917 3080 2973 artem,
3125 2916 3179 2962 et
3236 2924 3354 2978 qua:
3402 2907 3603 2962 habere

342 3000 583 3081 lissimus
608 3000 737 3078 totis
764 3019 970 3073 viribus
994 3016 1235 3077 exstitit,
1266 3014 1422 3069 fortis
1470 3020 1527 3066 et
1566 3011 1916 3081 ingeniosus:
1948 3037 1992 3098 ρ
2022 3019 2205 3080 posset
2231 3007 2557 3079 pauperibus
2586 3010 2855 3075 erogaret.
2895 3003 3005 3056 Sub
3038 3001 3129 3055 tali
3176 3000 3373 3071 quippe
3427 3009 3603 3054 certa.

345 3116 592 3171 hostibus
620 3112 763 3168 enim
789 3108 943 3164 valde
965 3114 1084 3160 erat
1109 3104 1352 3159 infestus.
1393 3101 1492 3156 Hic
1516 3117 1708 3171 nempe
1729 3116 1921 3171 magna

347 3204 644 3278 prostravit
671 3210 850 3270 strage
871 3197 1187 3261 Wascones,
1214 3191 1566 3264 qnivastandi
1593 3191 1764 3262 gratia
1787 3190 1923 3245 ﬁnes

351 3297 503 3368 regni
528 3295 861 3350 Francorum
896 3290 1111 3343 fuerant
1150 3287 1414 3357 ingressi:
1450 3300 1480 3340 e
1506 3284 1701 3355 quibus
1745 3282 1922 3338 nullus

348 3387 540 3451 evasit,
572 3385 675 3440 nisi
706 3396 865 3454 quem
891 3379 1081 3451 pernix
1106 3378 1231 3449 fuga
1273 3377 1518 3432 salvavit.
1547 3376 1643 3430 llic
1687 3373 1921 3444 pueriles

348 3488 624 3551 gerentem
669 3489 840 3530 annos
878 3470 1158 3543 praefatum
1184 3468 1349 3523 tilium
1375 3482 1533 3523 suum
1565 3467 1618 3521 in
1660 3465 1780 3520 aula
1810 3464 1924 3536 glo-

348 3569 480 3625 riosi
520 3565 731 3638 Pippini
772 3564 916 3635 regis
944 3563 1144 3633 reginae
1191 3559 1413 3614 tradidit
1463 3558 1605 3612 inter
1648 3556 1922 3611 scholares

347 3659 730 3721 nutriendum;
761 3653 850 3725 qui
876 3652 1070 3707 mentis
1092 3649 1326 3705 indolem
1357 3663 1572 3719 gerens,
1600 3660 1762 3717 supra
1794 3653 1921 3700 teta—

347 3760 456 3806 tem
491 3748 815 3819 diligebatur
843 3760 872 3798 a
902 3739 1357 3798 commilitonibus
1405 3756 1418 3792 :
1450 3750 1569 3793 erat
1612 3738 1810 3807 quippe
1834 3750 1923 3789 ve-

345 3842 434 3896 lox
465 3850 519 3897 et
539 3841 605 3894 ad
624 3838 803 3893 omnia
824 3835 989 3890 utilis.
1020 3835 1150 3890 Post
1178 3834 1295 3888 haac
1326 3846 1457 3886 vero
1493 3830 1767 3901 pincerna:
1807 3844 1925 3883 sor-

346 3931 485 3986 titur
504 3928 757 3985 oﬂicium.
823 3925 1070 3979 Militavit
1115 3932 1293 3979 autem
1348 3921 1681 3991 temporibus
1716 3918 1923 3991 praefati

346 4021 495 4092 regis
525 4034 539 4073 :
569 4026 690 4088 post
712 4016 864 4085 cujus
901 4029 1206 4077 excessum,
1237 4028 1360 4067 cum
1389 4012 1538 4082 regni
1564 4009 1924 4081 gubernacula

352 4110 579 4166 Carolus
603 4103 1024 4176 gloriosissimus
1045 4116 1142 4157 rex
1162 4102 1445 4169 potiretur,
1470 4100 1519 4154 ei
1548 4099 1774 4154 adhaesit
1812 4112 1926 4153 ser-

348 4202 580 4256 viturus.

416 4287 472 4342 5.
499 4286 705 4341 Interea
732 4284 1034 4339 illustrante
1064 4282 1244 4338 divina
1285 4282 1458 4354 gratia
1484 4323 1498 4349 ,
1551 4295 1785 4350 superno
1816 4295 1927 4336 cut-

2025 3102 2170 3155 mine
2202 3099 2494 3154 fluctuante
2518 3097 2700 3152 animo
2729 3094 2796 3150 ad
2831 3092 3071 3148 ambrum
3104 3106 3163 3147 se
3192 3092 3315 3145 vitm
3342 3089 3604 3161 regularis

2021 3192 2310 3250 convertit.

2093 3280 2145 3336 6.
2186 3281 2264 3335 Eo
2319 3293 2551 3349 namque
2608 3293 2749 3333 anno
2779 3292 2887 3348 quo
2938 3275 3088 3331 Italia
3148 3274 3368 3346 gloriosi
3422 3271 3602 3330 Caroli

2024 3372 2167 3441 regis
2198 3369 2387 3425 ditioni
2418 3369 2661 3439 subjecta
2701 3376 2803 3435 est,
2848 3384 2970 3423 eum
3010 3366 3177 3421 frater
3232 3365 3349 3436 ejus
3391 3364 3604 3418 incaute

2025 3465 2245 3519 ﬂuvium
2288 3463 2575 3532 quemdam
2607 3462 2965 3517 transfretare
2997 3460 3179 3523 vellet,
3210 3467 3266 3512 et
3309 3474 3340 3512 a
3393 3467 3607 3511 tumcu-

2026 3557 2167 3611 tibus
2205 3562 2488 3623 raperetur
2531 3553 2691 3608 undis
2712 3594 2727 3619 ,
2767 3554 2855 3608 hic
2888 3568 3027 3621 equo
3059 3550 3274 3614 sedens,
3306 3547 3602 3618 periculum

2023 3648 2356 3719 conspiciens
2378 3645 2580 3709 fratris,
2610 3660 2727 3700 sese
2756 3646 2898 3700 inter
2936 3644 3108 3698 nudas
3135 3640 3462 3713 prrecipitem
3513 3639 3607 3694 (lc-

2024 3739 2124 3803 dit,
2152 3745 2213 3793 ut
2255 3745 2570 3808 pereuntem
2593 3752 2622 3790 a
2655 3735 2893 3806 periculo
2918 3734 3167 3790 redderet
3195 3740 3487 3795 extorrem,
3523 3741 3606 3783 at-

2025 3842 2129 3901 que
2162 3836 2382 3883 natante
2403 3841 2542 3896 equo
2566 3824 2748 3880 fratris
2775 3825 2955 3902 attigit
2978 3838 3231 3887 manum;
3287 3834 3443 3891 quem
3477 3831 3603 3871 cum

2026 3920 2215 3985 tenuit,
2246 3926 2426 3972 tentus
2456 3925 2575 3982 est;
2626 3917 2825 3985 vixque
2869 3914 2960 3985 qui
3014 3914 3226 3984 eripere
3281 3911 3607 3966 morientem

2024 4013 2211 4078 voluit,
2259 4012 2450 4066 mortis
2478 4009 2650 4066 evasit
2689 4007 3007 4079 periculum.
3056 4003 3204 4058 Tunc
3233 4019 3291 4058 se
3319 4011 3444 4056 voto
3492 4000 3608 4056 Deo

2025 4104 2370 4167 constrinxit,
2399 4100 2595 4157 saeculo
2636 4099 2891 4167 deinceps
2920 4112 3029 4152 non
3072 4093 3447 4150 militaturum.
3501 4088 3606 4143 Pa-

2024 4196 2187 4249 triam
2235 4194 2390 4264 petit,
2438 4191 2659 4247 scdhoc
2704 4189 2843 4260 patri
2901 4203 3006 4242 non
3052 4184 3323 4257 patefecit.
3375 4180 3605 4249 Quidam

2025 4294 2204 4341 autem
2234 4291 2352 4339 erat
2383 4283 2666 4352 religiosus
2702 4280 3015 4334 Widmarus
3067 4276 3303 4338 nomine,
3345 4284 3608 4340 corporea

349 4379 429 4450 pit
465 4375 696 4449 ﬂagrare
741 4390 942 4439 amore,
998 4383 1054 4430 et
1093 4382 1155 4429 ut
1199 4374 1453 4430 saeculum
1497 4373 1770 4444 linqueret
1800 4373 1928 4428 totis
1952 4388 2006 4447 D
2029 4376 2151 4431 luce
2179 4390 2406 4439 carens,
2445 4374 2539 4428 sed
2576 4373 2754 4427 cordis
2789 4371 2908 4424 luce
2937 4367 3305 4437 resplendens,
3356 4363 3440 4417 cui
3472 4361 3612 4415 velle

350 4479 583 4524 aestuare
605 4468 828 4531 nisibus,
850 4467 1257 4537 periturumque
1280 4465 1522 4521 fastidire
1550 4466 1835 4529 honorem,
1861 4465 1927 4519 ad

351 4576 511 4631 quem
541 4574 662 4614 cum
690 4559 873 4613 labore
910 4558 1174 4627 attingere
1203 4571 1361 4626 posse
1396 4557 1687 4619 cernebat.-
1714 4555 1807 4612 sed
1834 4555 1928 4609 ad-

350 4661 533 4722 eptum
557 4651 665 4706 cito
695 4651 960 4704 amittere.
984 4649 1090 4704 Per
1120 4648 1408 4704 triennium
1438 4658 1614 4704 autem
1642 4649 1745 4703 hoc
1766 4649 1928 4702 corde

349 4751 555 4813 tegens,
585 4740 685 4797 soli
707 4739 817 4795 Deo
842 4747 1112 4795 secretum
1136 4740 1326 4803 tenuit,
1347 4754 1592 4809 corpore,
1618 4755 1725 4793 non
1748 4747 1928 4793 mente

349 4849 406 4887 se
434 4831 615 4888 saeculi
643 4832 852 4886 actibus
877 4831 1140 4885 inserens.
1175 4830 1437 4885 Tentabat
1464 4831 1627 4901 igitur
1646 4829 1782 4884 infra
1825 4830 1928 4884 hoc

349 4925 605 4994 spatium,
634 4923 679 4978 si
701 4923 1044 4978 continentiae
1059 4921 1271 4976 culmen
1302 4921 1543 4992 arripere
1567 4932 1769 4991 posset,
1796 4922 1923 4976 sub-

348 5015 565 5068 trahere
593 5012 804 5084 corpori
836 5028 1107 5078 somnum,
1135 5012 1431 5082 reprimere
1457 5012 1717 5082 linguam,
1753 5011 1925 5065 absti-

347 5119 478 5158 nere
501 5120 531 5158 a
559 5104 701 5167 cibo,
726 5104 943 5173 parcius
971 5117 1185 5157 sumere
1214 5102 1421 5166 vinum,
1443 5110 1497 5156 et
1519 5101 1683 5156 veluti
1721 5102 1927 5171 peritus

349 5194 550 5247 athleta
579 5193 644 5246 ad
674 5191 915 5246 futurum
963 5207 1021 5246 se
1056 5205 1380 5260 componere
1426 5190 1642 5244 bellum.
1697 5189 1929 5244 Praeme—

349 5285 553 5339 ditabat
578 5285 843 5354 siquidem
882 5284 938 5339 in
983 5283 1227 5340 smculari
1274 5283 1449 5338 adhuc
1485 5282 1666 5338 habitu
1705 5282 1924 5347 sistens,

423 5407 447 5433 ιι
477 5395 531 5449 Id
562 5405 646 5450 est
668 5394 990 5459 Gothorum,
1022 5396 1113 5463 qui
1142 5395 1210 5449 ab
1240 5409 1381 5447 anno
1409 5392 1515 5446 412
1551 5392 1797 5447 Tolosam
1847 5393 1926 5447 in-

351 5464 605 5517 sederunt
655 5466 706 5519 in
734 5466 936 5535 vicinas
960 5466 1081 5519 inde
1105 5465 1351 5535 regiones
1370 5464 1520 5535 effusi
1558 5482 1577 5535 7:
1618 5478 1927 5532 quanquam

351 5534 536 5597 Getas,
585 5536 807 5589 Danubii
842 5534 991 5603 juxta
1033 5534 1249 5589 Daciam
1295 5534 1508 5587 accolas
1555 5534 1853 5602 indigenas,
1893 5548 1923 5585 a

353 5605 545 5660 Gothis
574 5606 887 5658 adventitiis
917 5606 1201 5660 distinctos
1234 5619 1353 5658 esse
1376 5613 1607 5657 constat.

280 5677 285 5680 ’
425 5675 453 5715 ι’
488 5675 644 5728 Anno
673 5676 876 5728 scilicet
903 5674 1024 5738 ΤΗ,
1063 5690 1169 5742 quo
1205 5682 1417 5742 recepta
1470 5690 1500 5727 a
1528 5671 1719 5727 Carolo
1749 5672 1919 5726 Italia.

2029 4481 2186 4521 suum
2217 4465 2482 4528 ostendit;
2512 4462 2668 4532 isque
2694 4468 2963 4515 secretum
2994 4458 3187 4521 tenuit,
3238 4466 3292 4510 et
3318 4452 3607 4509 consilium

2028 4556 2241 4611 salubre
2295 4553 2543 4625 przebuit.
2586 4550 2912 4621 Prmparatis
2960 4550 3145 4617 itaque
3195 4546 3445 4600 omnibus
3505 4544 3611 4597 iter

2027 4646 2180 4717 quasi
2206 4644 2375 4714 Aquis
2403 4644 2574 4697 iturus
2600 4642 2857 4711 arripuit;
2891 4641 2985 4694 sed
3028 4640 3116 4693 ubi
3150 4637 3319 4691 sancti
3365 4628 3639 4704 Sequani

2028 4740 2305 4807 ingressus
2325 4745 2407 4790 est
2438 4736 2680 4799 domum,
2705 4734 2879 4788 redire
2910 4746 3036 4785 suos
3057 4731 3123 4784 ad
3162 4729 3389 4800 patriam
3426 4725 3607 4796 jubet,

2027 4843 2193 4897 seque
2240 4827 2293 4880 in
2334 4826 2519 4881 eodem
2553 4823 2799 4879 coenobio
2834 4822 3053 4876 Christo
3095 4821 3206 4874 Deo
3234 4819 3437 4873 servire
3468 4816 3610 4871 velle

2029 4921 2301 4976 iudicavit.
2322 4920 2561 4975 Postulat
2578 4916 2909 4987 ingrediendi
2930 4916 3198 4971 licentiam
3220 4931 3235 4977 ;
3256 4929 3360 4982 qua
3387 4913 3605 4982 adepta,

2027 5027 2148 5065 mox
2174 5011 2368 5081 capitis
2396 5025 2604 5063 comam
2628 5007 2893 5077 deposuit,
2917 5014 2972 5062 et
2999 5006 3114 5060 veri
3166 5003 3417 5059 monachi
3454 5002 3611 5057 habi-

2028 5112 2140 5156 tum
2171 5103 2198 5141 ιι
2230 5101 2474 5169 sumpsit.

2098 5192 2150 5246 7.
2189 5190 2388 5245 Factus
2413 5205 2544 5243 vero
2597 5188 2896 5241 monachus
2934 5178 3236 5239 incredibili
3287 5182 3459 5233 incilia
3511 5194 3609 5250 per

2027 5283 2301 5338 biennium
2333 5289 2387 5335 et
2414 5294 2509 5335 sex
2546 5279 2812 5333 mensium
2863 5277 3034 5348 spatia
3067 5284 3264 5342 corpus
3286 5287 3441 5326 suum
3472 5270 3609 5324 ami-

2028 5393 2185 5449 Certe
2212 5394 2541 5448 Benedictus
2562 5391 2694 5447 obiit
2741 5406 2881 5445 anno
2909 5390 3029 5451 82!,
3066 5396 3189 5457 post
3214 5401 3383 5440 annos
3416 5400 3607 5457 mona-

2029 5465 2175 5518 stica:
2226 5463 2577 5532 professionis
2624 5455 3149 5532 qtiadragintadoc‘to.
3185 5458 3258 5509 De
3290 5458 3459 5532 sancti
3506 5455 3600 5532 Se:

2028 5535 2190 5604 quani
2220 5523 2817 5604 monasteriodiximus
2836 5523 2905 5604 ait
2926 5600 2939 5604 Α
2960 5530 3135 5581 Vitam
3160 5523 3605 5604 sanctiZSeqaani

2029 5595 2225 5658 smculo
2268 5621 2281 5657 ι
2322 5613 2376 5656 ct
2413 5603 2607 5656 sazeulo
2653 5617 2736 5667 ιιι,
2772 5601 2858 5654 ubi
2911 5600 2975 5653 de
3000 5599 3203 5653 sanctis
3251 5595 3525 5664 Altigiano
3548 5602 3602 5647 et

2029 5674 2269 5727 llilarino
2301 5673 2597 5726 monachis.
