3942 6190
280 273 392 333 εειτ

1826 274 2002 333 YlTA.

3440 287 3545 343 $58

279 407 416 459 gere
466 391 654 462 carpit.
690 386 780 444 Sic
832 391 1029 461 quippe
1079 391 1232 446 carni
1265 406 1397 456 suae,
1437 407 1500 445 ac
1545 392 1591 446 si
1626 398 1866 446 cruenta:
1891 392 1943 452 Α
1971 388 2168 462 mentis
2227 387 2537 458 praelibans,
2598 392 2856 461 quoniam
2911 390 3247 452 inlmitabilis
3297 405 3417 454 erat
3464 402 3548 454 vel

280 482 475 537 bestiae
504 492 623 537 erat
685 480 931 546 infestus,
977 482 1155 537 cibum
1203 482 1575 552 permodicum
1622 496 1864 546 sumens,

278 588 428 645 pane
476 572 729 630 videlicet
765 581 822 628 et
874 588 1013 643 aqua
1043 588 1241 643 corpus
1267 580 1597 637 sustentans,
1637 579 1867 626 mortem

278 667 468 737 potius
500 681 664 737 quam
699 664 896 721 famem
924 680 1139 729 arcens,
1162 665 1346 719 vinum
1368 664 1630 733 siquidem
1655 679 1752 718 ceu
1776 677 1868 733 pe-

279 757 537 812 stiferum
583 757 736 811 virus
767 756 1032 811 devitans.
1082 754 1346 810 Somnum
1376 753 1423 808 si
1451 751 1665 822 quando
1714 752 1866 806 devi-

280 857 407 901 ctus
437 846 655 902 animus
681 860 896 900 sumere
940 845 1123 910 vellet,
1163 844 1255 898 vili
1301 858 1360 899 se
1384 850 1556 898 strato
1590 842 1867 914 paululum

284 935 576 1003 quieturus
604 934 895 998 collocans,
942 934 1232 1004 aliquando
1269 933 1412 988 nuda
1442 933 1607 988 humo
1628 940 1869 1002 prostrad

278 1034 378 1080 tus
409 1024 638 1079 nimium
671 1023 918 1080 defessus
943 1026 1165 1094 quievit,
1192 1026 1305 1094 ipsa
1332 1040 1426 1080 sua
1458 1040 1516 1079 se
1538 1024 1659 1094 plus
1680 1023 1868 1093 requie

280 1117 613 1172 lassaturus.
654 1113 809 1184 Smpe
845 1116 1008 1170 etiam
1037 1115 1263 1185 pervigil
1313 1116 1368 1169 in
1397 1115 1648 1169 oratione
1673 1128 1871 1183 perno—

281 1217 469 1274 etans,
516 1206 675 1262 nudis
729 1206 928 1277 plantis
981 1206 1037 1259 in
1079 1206 1389 1276 pavimento
1432 1204 1647 1276 glaciali
1690 1205 1869 1274 rigore

280 1301 564 1371 perfusus,
609 1299 911 1368 persistens
940 1298 993 1352 in
1027 1297 1228 1352 divinis
1260 1311 1453 1367 nempe
1500 1296 1870 1351 meditationi-

280 1391 389 1444 bus
420 1389 496 1442 ita
523 1403 581 1443 se
612 1396 781 1442 totum
812 1386 1060 1451 contulit,
1092 1395 1151 1441 ut
1188 1386 1539 1457 quamplures
1584 1386 1871 1441 continua-

283 1489 372 1534 ret
402 1480 541 1543 dies,
593 1478 767 1533 sacris
802 1477 1116 1549 psalmodiis
1158 1477 1386 1539 deditus,
1445 1475 1646 1531 silentii
1697 1474 1868 1545 legem

282 1583 397 1623 non
427 1567 846 1638 interrumpens.
873 1566 1284 1634 Quiescentibus
1305 1565 1539 1629 cunctis,
1569 1564 1658 1619 hic
1678 1577 1868 1618 eorum

283 1660 661 1717 calceamenta
714 1659 871 1729 aquis
926 1658 1195 1712 mundans
1245 1657 1511 1726 tergebat,
1539 1670 1709 1724 eaque
1734 1654 1868 1710 locis

1969 475 2132 529 nullis
2159 476 2241 530 vel
2270 478 2476 547 paucis,
2504 481 2870 549 coepitulante
2890 485 3063 551 gratia
3093 485 3298 553 divina,
3330 497 3389 542 ut
3415 489 3548 543 mul-

1968 573 2147 619 torum
2181 565 2336 620 ﬁeret
2377 568 2761 624 documentum
2814 571 3023 633 salutis,
3059 574 3112 626 in
3140 589 3380 630 amorem
3412 593 3547 646 prte-

1967 654 2064 709 fati
2106 657 2208 709 viri
2255 656 2527 712 Benedicti
2576 660 2774 729 regulae
2821 662 3154 726 accenditur,
3183 673 3237 718 et
3286 666 3450 720 veluti
3482 669 3548 721 de

1968 746 2226 815 singulari
2259 750 2555 804 certamine
2596 766 2766 805 novus
2795 753 2999 808 athleta
3035 756 3105 809 ad
3149 771 3398 825 campum
3448 775 3547 827 pu-

1968 837 2107 891 blice
2130 849 2467 907 pugnaturus
2517 844 2767 896 accessit.
2829 845 3037 898 lnterea
3096 850 3262 918 cmpit
3312 851 3545 907 aliorum

1968 928 2246 997 corrigere
2279 944 2478 993 mores,
2520 932 2855 1001 negligentes
2894 949 3140 1004 arguere,
3173 940 3449 993 exhortari
3482 942 3548 995 ti—

1968 1034 2151 1083 rones,
2185 1029 2246 1075 ut
2273 1022 2602 1090 proficerent
2648 1023 2941 1080 admonere
2979 1028 3201 1094 probos,
3224 1039 3284 1083 ut
3307 1033 3547 1102 corrige-

1970 1121 2160 1165 rentur
2184 1113 2470 1181 increpare
2502 1115 2794 1185 improbos.

2038 1202 2089 1256 9.
2132 1202 2434 1273 lnjungitur
2462 1205 2509 1258 ei
2534 1215 2652 1273 post
2676 1206 2789 1261 hanc
2811 1210 3221 1266 custodiendum
3245 1213 3547 1282 cellarium,

1969 1309 2075 1363 quo
2103 1296 2382 1349 memorire
2428 1296 2694 1367 Regulam
2744 1300 2954 1367 praefati
2993 1303 3169 1359 Patris
3194 1309 3547 1362 commenda-

1968 1382 2071 1447 vit,
2089 1392 2144 1437 et
2162 1382 2317 1451 juxta
2346 1394 2677 1454 prmceptum
2708 1388 2850 1442 illius
2874 1391 3003 1446 totis
3023 1393 3230 1449 viribus
3257 1411 3376 1451 sese
3402 1384 3551 1453 com-

1966 1488 2190 1542 ponere,
2228 1490 2294 1529 ac
2327 1475 2476 1528 licita
2506 1478 2815 1544 petentibus
2846 1481 2964 1536 sine
2998 1499 3150 1538 mora
3177 1488 3427 1542 studebat
3446 1488 3552 1543 lar-

1968 1565 2092 1635 giri,
2125 1565 2267 1620 male
2295 1567 2607 1634 petentibus
2633 1570 2919 1641 denegare,
2970 1574 3321 1643 impossibilia
3364 1581 3548 1647 exqui-

1971 1658 2215 1711 rentibus
2253 1657 2447 1712 blande
2498 1674 2782 1714 excusare.
2833 1663 2900 1717 Et
2955 1667 3209 1733 quoniam
3257 1683 3356 1738 pro
3395 1669 3547 1725 libita

282 1750 549 1819 congruis
598 1748 706 1804 lota
760 1748 1107 1804 restituebat.
1148 1747 1287 1812 Heu,
1348 1747 1487 1816 proh
1513 1746 1703 1801 dolor!
1741 1746 1866 1816 qui-
1894 1737 1942 1796 B
1967 1746 2244 1801 voluntate
2277 1747 2359 1801 eis
2383 1749 2573 1816 pocula
2613 1765 2719 1804 non
2745 1753 3046 1820 praebebat,
3071 1758 3244 1826 aequis
3264 1737 3548 1816 obtutibus

284 1843 421 1896 dam
447 1840 613 1896 veluti
663 1840 948 1895 illudentes
984 1841 1173 1895 insano
1204 1853 1449 1909 prorsus,
1475 1838 1661 1908 procul
1691 1838 1868 1908 posito

287 1931 500 2004 caligas
537 1931 839 2001 jactabant,
873 1945 1103 2000 quorum
1156 1945 1414 1985 vesanam
1466 1930 1869 1998 insipitudinem

285 2024 384 2080 bie
412 2023 593 2080 altiori
619 2022 844 2078 consilio
878 2023 1018 2079 bene
1066 2022 1390 2092 tranquillus
1425 2021 1652 2077 ferebat.
1685 2023 1744 2075 lu
1771 2037 1868 2077 ve-

283 2122 428 2176 stitu
458 2134 688 2189 namque
742 2133 842 2173 suo
896 2125 1046 2171 tanta
1071 2131 1131 2172 se
1182 2116 1389 2171 vilitate
1417 2114 1638 2184 dejecit,
1683 2125 1743 2170 ut
1775 2115 1867 2169 vix

279 2211 608 2283 persuaderi
631 2210 993 2266 nescientibus
1016 2209 1131 2264 veri
1162 2208 1341 2262 simile
1368 2207 1507 2263 forte
1527 2208 1714 2277 possit.
1738 2208 1870 2261 Erat

282 2303 479 2370 itaque
502 2301 553 2356 ei
583 2300 707 2355 vilis
730 2307 786 2354 et
816 2306 1129 2369 pervetusta
1167 2298 1372 2362 tunica,
1403 2313 1563 2367 quam
1622 2312 1728 2351 non
1759 2298 1866 2352 nisi

278 2403 413 2464 post
438 2393 620 2463 plures
646 2398 868 2446 exactos
893 2391 1138 2445 mutabat
1165 2389 1299 2443 dies.
1345 2388 1685 2458 Quapropter
1712 2390 1866 2458 copia

278 2483 663 2554 pediculorum
699 2482 754 2535 in
802 2480 1067 2551 squalenti
1119 2480 1377 2550 surgebat
1418 2488 1566 2545 cute,
1612 2495 1642 2532 a
1673 2480 1869 2548 quibus

277 2572 513 2643 jcjnniis
542 2580 820 2628 attenuata
854 2572 1286 2641 depascebantur
1333 2572 1595 2625 membra.
1629 2569 1865 2625 Cucullze

278 2663 364 2719 illi
391 2663 558 2718 nimia
583 2672 739 2718 erant
766 2669 1036 2717 vetustate
1086 2669 1418 2730 consumptus
1443 2677 1457 2724 ;
1490 2668 1543 2714 ct
1570 2660 1613 2715 si
1645 2660 1863 2729 quando

282 2752 685 2810 veterascentia
739 2760 1125 2823 rnmperentur
1153 2750 1260 2815 fila,
1291 2766 1358 2805 ex
1405 2751 1652 2805 dissimili
1683 2752 1865 2806 colore

281 2848 536 2902 foramen
557 2852 751 2916 patens
796 2858 1030 2914 pannum
1082 2850 1356 2912 repertum
1389 2842 1661 2896 sarciebat
1696 2861 1709 2895 :
1740 2859 1862 2913 qua:

282 2954 380 2994 res
410 2952 537 2992 eum
568 2936 700 2991 satis
747 2935 1004 2990 reddebat
1035 2932 1353 2988 deformem.
1387 2932 1559 3000 Quam
1584 2933 1654 2987 ob
1689 2948 1801 2987 rem
1834 2948 1863 2987 a

284 3029 657 3100 compluribus
693 3027 1053 3089 deridebatur,
1107 3023 1502 3094 impellebatur,
1526 3025 1861 3093 eonspneba-

287 3129 531 3190 torque:
563 3118 659 3173 sed
710 3116 847 3172 ccclo
901 3116 1116 3170 animus
1142 3113 1301 3178 ﬁxus,
1333 3114 1525 3168 viliora
1588 3122 1863 3183 appetens,

290 3226 416 3265 cum
449 3210 502 3264 in
539 3208 696 3264 festis
732 3208 922 3262 diebus
973 3205 1293 3261 cultioribus
1336 3220 1394 3259 se
1426 3205 1617 3273 reliqui
1646 3220 1866 3275 compo-

292 3305 491 3355 nerent
525 3297 788 3359 vestibus,
822 3296 912 3352 hic
938 3284 1057 3350 sine
1112 3296 1415 3349 reverentia
1455 3309 1639 3349 coram
1668 3295 1869 3349 obtuti-

287 3390 391 3443 l.us
421 3388 661 3442 omnium
690 3386 963 3440 utebatur.
1025 3384 1348 3438 Balnearum
1406 3399 1536 3439 usus
1578 3398 1677 3453 per
1726 3383 1867 3440 idem

290 3487 512 3546 tempus
538 3490 638 3530 suo
690 3472 906 3543 corpori
944 3488 1221 3541 nunquam
1274 3472 1534 3537 indulsit;
1572 3474 1867 3528 munditias

290 3575 473 3618 autem
531 3563 870 3628 monasterii,
936 3562 1151 3632 quoties
1207 3563 1584 3634 opportunitas
1620 3562 1867 3632 expetiit,

289 3654 559 3709 exercuit.

362 3744 418 3800 8.
458 3742 900 3814 Compunetionis
924 3742 1116 3814 gratia,
1146 3758 1249 3814 ope
1297 3744 1479 3799 divina
1511 3744 1866 3810 concedente,

293 3842 446 3889 tanta
476 3834 528 3889 ei
556 3833 752 3905 largita
779 3845 886 3899 est,
932 3844 994 3889 ut
1027 3835 1242 3905 quoties
1273 3835 1456 3900 vellet,
1477 3834 1648 3890 ﬂeret.
1678 3835 1870 3902 Quoti-

296 3925 428 3979 tidie
450 3923 730 3994 lacrymis,
757 3925 997 3993 quotidie
1046 3924 1249 3993 gemitu
1276 3926 1346 3980 ob
1378 3926 1637 3995 gehennae
1665 3933 1870 3980 metum

296 4012 566 4075 alebatur,
596 4012 726 4066 illud
752 4014 1066 4069 Davidicum
1089 4015 1400 4070 amabiliter
1444 4031 1646 4072 canens
1671 4032 1686 4071 :
1717 4015 1871 4071 Cine-

297 4117 407 4155 rem
451 4101 591 4155 sicut
648 4118 837 4173 panem
886 4103 1294 4170 manducabam,
1331 4114 1377 4159 et
1403 4105 1650 4176 poculum
1696 4124 1869 4161 meum

296 4208 416 4245 cum
474 4193 605 4263 ﬂetu
644 4192 922 4247 miscebant
974 4192 1147 4264 (Paal.
1179 4211 1252 4258 Cl,
1294 4195 1405 4267 10).
1446 4195 1738 4251 fallebant
1773 4213 1868 4251 ora

288 4282 531 4353 jejuniis,
561 4289 622 4340 et
647 4284 819 4338 macie
845 4285 1107 4340 exhausta
1156 4300 1343 4350 carne,
1370 4287 1528 4354 pellis
1555 4287 1766 4341 ossibus
1790 4288 1871 4341 in-

296 4375 536 4429 luerebat
562 4414 580 4441 ,
609 4389 674 4430 ac
711 4374 764 4429 in
801 4376 1014 4430 modum
1037 4376 1287 4444 palearia:
1326 4377 1488 4431 boum
1522 4386 1709 4446 rugata
1739 4393 1871 4446 pen-

296 4467 477 4522 debat.
516 4466 633 4521 Hoc
660 4467 819 4521 modo
861 4478 1101 4522 tenerum
1140 4469 1294 4537 quasi
1318 4468 1641 4523 indomitum
1670 4468 1872 4522 animal

300 4574 404 4612 non
442 4568 551 4613 tam
587 4558 1041 4624 mansuefaciens,
1093 4566 1369 4629 qnam,-ut
1394 4559 1468 4613 ita
1488 4559 1687 4625 dicam,
1721 4577 1871 4615 mor-

302 4649 514 4704 tiﬁcans
551 4664 776 4720 corpus,
828 4666 950 4706 cum
1000 4658 1284 4721 cogeretur
1330 4640 1403 4705 'ab
1433 4651 1628 4706 abbate
1659 4653 1873 4721 parcius

301 4755 428 4809 erga
481 4741 836 4809 semetipsum
884 4756 1145 4795 exercere
1169 4741 1423 4811 rigorem,
1461 4755 1742 4794 assensum
1773 4742 1875 4794 mi-

302 4831 444 4885 nime
471 4830 728 4901 praebuit.
756 4829 1019 4901 Regulam
1050 4846 1263 4899 quoque
1302 4831 1445 4885 beati
1496 4830 1770 4885 Benedicti
1806 4831 1873 4883 ti-

303 4921 522 4976 ronibus
590 4936 689 4977 seu
734 4920 961 4975 infirmis
1018 4921 1247 4990 positam
1298 4919 1411 4974 fore
1441 4930 1770 4983 contestans,
1804 4921 1871 4974 ad

300 5008 448 5063 beati
470 5009 655 5066 Basilii
685 5009 829 5063 dicta
857 5023 956 5063 nec
985 5024 1092 5062 non
1138 5008 1412 5062 Pachomii
1444 5008 1687 5078 regulam
1716 5026 1872 5064 scau-

304 5103 432 5155 dere
456 5102 658 5167 nitens,
686 5100 932 5169 quamvis
956 5095 1168 5169 exiguis
1210 5100 1490 5169 possibilia
1522 5111 1753 5171 gereret,
1778 5101 1870 5170 ju—

308 5191 443 5259 giter
469 5188 887 5260 impossibiliora
920 5188 1171 5242 rimabat.
1202 5178 1299 5243 llis
1342 5203 1399 5242 se
1434 5190 1765 5258 paenitentia:
1793 5191 1872 5246 la—

378 5337 406 5364 ι
440 5321 776 5379 Theodulfus
812 5322 1225 5378 Aurelianorum
1262 5321 1546 5391 episcopus
1572 5323 1670 5376 hos
1692 5322 1874 5376 laudat

316 5394 368 5446 in
392 5396 629 5448 carmine
651 5392 879 5447 Inferius
905 5393 1219 5446 adducendo
1249 5409 1263 5444 :
1296 5408 1361 5445 ex
1392 5407 1497 5461 quo
1529 5391 1655 5444 mihi
1683 5392 1740 5444 fit
1759 5393 1873 5445 veri

318 5464 549 5519 simileid
579 5465 725 5533 quoi
756 5464 832 5515 ait
860 5463 1161 5523 Menardus,
1188 5461 1499 5533 ﬁeiiridium
1548 5476 1641 5514 seu
1693 5461 1873 5533 Nibri—i

320 5535 455 5587 diem
490 5530 635 5588 hunc
699 5549 817 5587 esse
856 5534 1145 5602 ipsnmmet
1200 5530 1512 5585 Nein'iiium
1562 5532 1875 5584 monasterii

322 5602 664 5657 Urbionensis
718 5618 808 5657 seu
844 5601 1054 5657 σωθείη
1100 5602 1368 5661 abbatem,
1429 5608 1481 5652 ct
1511 5601 1875 5667 archiepisco—

321 5689 434 5738 pum
462 5674 888 5737 Narbonensem,
918 5674 1006 5741 (ι’ιί
1054 5672 1317 5739 Νἱίνὶτὲἰηδ
1346 5692 1353 5715 ;
1379 5670 1639 5737 ppellatur
1670 5680 1779 5723 tum
1808 5671 1875 5724 ab

1971 1850 2002 1888 a
2030 1835 2400 1904 compluribus
2428 1853 2533 1891 non
2564 1839 2897 1896 intuebatur.
2924 1843 3229 1914 Hospitum,
3254 1848 3544 1917 infantum,

1969 1939 2372 1994 pauperumque
2397 1928 2542 1981 omni
2566 1930 2859 1999 sagacitate
2889 1948 3074 1987 curam
3098 1939 3341 2005 gerebat.
3362 1940 3545 1995 Abbas

1967 2028 2182 2084 quoque
2206 2032 2330 2071 eum
2360 2033 2574 2073 summo
2613 2020 2828 2075 colebat
2864 2022 3084 2090 affectu,
3137 2043 3204 2081 eo
3231 2031 3374 2098 quod
3402 2041 3550 2086 esset

1968 2103 2024 2158 in
2062 2106 2315 2160 omnibus
2343 2109 2513 2172 utilis,
2568 2117 2624 2162 et
2647 2125 2757 2164 sua:
2805 2111 2930 2167 vita:
2958 2123 3172 2180 cautus,
3223 2118 3291 2172 de
3314 2118 3545 2174 aliorum

1973 2195 2148 2251 salute
2199 2197 2463 2253 sollicitus
2491 2207 2547 2254 et
2586 2200 2732 2255 circa
2786 2202 3151 2258 ministerium
3180 2204 3457 2277 frequens,
3492 2210 3547 2264 in

1974 2287 2243 2358 loquendo
2281 2300 2450 2355 ratus,
2503 2292 2570 2345 ad
2602 2293 2960 2349 obediendum
3000 2299 3459 2366 promptissimus,
3490 2302 3545 2356 in

1967 2378 2236 2434 monendo
2294 2380 2542 2435 all'abilis.
2577 2381 2891 2438 Contulerat
2937 2386 3206 2455 siquidem
3256 2389 3332 2443 illi
3364 2389 3547 2446 divina

1968 2466 2143 2534 pietas
2166 2469 2307 2522 inter
2341 2468 2478 2523 alias
2498 2471 2845 2539 quamplures
2874 2473 3105 2530 virtutes
3149 2477 3313 2531 etiam
3346 2479 3548 2534 intem-'-

1969 2559 2168 2628 gentia:
2206 2560 2425 2623 donum,
2450 2561 2773 2629 eloquentiae
2799 2565 3059 2633 spiritalis
3089 2570 3315 2637 copiam.

2040 2649 2125 2703 10.
2170 2648 2408 2705 Decurso
2425 2653 2783 2720 quinquennii
2827 2664 2883 2708 et
2926 2666 3048 2711 octo
3081 2661 3343 2713 mensium
3378 2662 3431 2715 in
3458 2677 3546 2716 sa-

1970 2740 2200 2796 lutiferis
2248 2742 2409 2796 rebus
2439 2745 2615 2812 spatio
2639 2746 2807 2801 abbas
2848 2748 3057 2815 prmfati
3090 2744 3403 2807 monasterii
3438 2758 3536 2810 mi-

1971 2833 2149 2901 gravit
2177 2846 2207 2885 e
2236 2832 2454 2887 saeculo.
2497 2834 2648 2888 Tunc
2691 2850 2881 2891 omnes
2928 2853 3035 2891 uno
3088 2841 3271 2895 anizio
3318 2847 3546 2915 parique

1970 2936 2237 2975 consensu
2289 2922 2638 2977 Benedictum
2684 2926 2785 2980 sibi
2834 2928 3079 2995 praeferri
3115 2940 3325 3001 Optant.
3363 2936 3547 2993 Atille

1971 3010 2083 3064 suis
2115 3010 2437 3080 illorumque
2466 3028 2571 3067 non
2603 3017 2894 3072 convenire
2921 3021 3166 3075 moribus
3196 3039 3447 3090 cernens,
3479 3030 3557 3083 ad‘

1970 3101 2203 3168 patrium
2228 3106 2471 3159 concitus
2513 3105 2686 3160 solum
2737 3111 2963 3164 contulit
3014 3114 3228 3182 pedem,
3280 3118 3462 3188 ibique
3493 3124 3548 3176 in

1969 3193 2139 3259 patris
2180 3208 2443 3264 suamque
2490 3200 2887 3266 possessionem
2942 3218 3105 3274 super
3160 3208 3419 3276 rivulum,
3457 3214 3544 3268 cui

1969 3294 2163 3335 nomen
2191 3292 2275 3336 est
2297 3282 2558 3351 Anianus,
2587 3304 2689 3344 nec
2719 3305 2823 3344 non
2850 3307 3017 3362 prope
3053 3293 3274 3351 fluvium
3296 3300 3545 3366 Aranris,

1969 3382 2091 3423 cum
2142 3371 2370 3439 praefato
2418 3375 2536 3430 viro
2587 3376 2855 3433 Witmaro
2910 3384 3164 3450 paucisve
3217 3387 3361 3450 aliis,
3386 3391 3543 3458 juxta

1967 3460 2114 3516 beati
2148 3462 2426 3519 Saturnini
2456 3470 2823 3536 permodicam
2854 3473 3164 3540 ecclesiam,
3205 3479 3396 3532 cellam
3429 3484 3546 3536 exi-

1970 3567 2127 3622 guam
2154 3556 2221 3609 ad
2250 3556 2602 3614 habitandum
2657 3566 2960 3618 construxit
2990 3586 3002 3619 :
3049 3583 3156 3636 quo
3186 3571 3239 3623 in
3265 3572 3382 3627 loco
3410 3592 3546 3630 non-

1970 3643 2147 3697 nullos
2178 3660 2349 3701 annos
2411 3663 2606 3719 magna
2638 3666 2760 3706 cum
2811 3657 3035 3722 penuria
3089 3661 3245 3726 vixit,
3295 3669 3547 3724 tractibus

1971 3733 2269 3802 diebusque
2296 3752 2417 3790 cum
2446 3741 2646 3808 gemitu
2674 3750 2728 3795 et
2772 3742 3024 3815 lacrymis
3072 3750 3412 3809 clementiam
3444 3759 3549 3812 im-

1969 3825 2190 3892 plorans
2220 3827 2481 3895 divinam,
2511 3838 2570 3884 ut
2599 3832 2733 3887 velle
2762 3849 2916 3890 suum
2953 3837 3202 3895 eli‘ectum
3223 3848 3547 3914 proveheret

1970 3914 2420 3971 efﬁcacissimum.
2476 3920 2646 3975 Erant
2688 3932 2871 3980 autem
2918 3942 3017 3996 per
3070 3931 3210 3988 idem
3253 3944 3462 4009 tempus
3490 3942 3543 3995 in

1970 4006 2247 4073 provincia
2297 4007 2389 4062 illa
2448 4011 2665 4078 quidam
2718 4030 2942 4071 summa:
2988 4025 3291 4080 sanctitatis
3337 4006 3546 4087 strenui

1969 4096 2095 4161 viri,
2119 4098 2282 4153 Atilio
2330 4100 2585 4157 videlicet
2611 4112 2669 4157 et
2704 4104 2985 4164 Nibridius
3022 4124 3069 4177 ιι,
3102 4131 3307 4172 necnon
3355 4130 3409 4173 et
3438 4121 3549 4176 An—

1968 4187 2164 4243 nianus
2180 4189 2426 4260 religiose
2461 4192 2740 4262 degentes,
2771 4198 2865 4252 sed
2893 4201 3193 4271 regularem
3235 4207 3546 4276 ignorantes

1971 4280 2270 4337 custodiam
2298 4300 2310 4335 :
2344 4299 2375 4337 a
2409 4285 2607 4354 quibus
2638 4300 2950 4357 compertus
2979 4307 3087 4347 non
3114 4298 3321 4352 modice
3351 4303 3544 4373 dilige-

1974 4370 2150 4425 batur.
2184 4372 2461 4444 Siquidem
2496 4377 2623 4431 dum
2658 4394 2782 4433 eum
2813 4379 2992 4450 aliqua
3040 4386 3267 4440 adversa
3294 4370 3545 4459 impulsio

1975 4463 2245 4531 paululum
2278 4480 2537 4535 superare
2589 4477 2836 4536 tentaret,
2890 4488 3015 4527 mox
3059 4484 3232 4530 strato
3284 4482 3447 4535 asello
3479 4484 3545 4539 ad

1971 4553 2283 4619 Atilionem,
2339 4558 2432 4627 qui
2477 4560 2528 4613 ei
2576 4561 2808 4617 vicinior
2861 4573 3000 4630 erat,
3056 4583 3283 4638 propere
3318 4571 3546 4629 festina-

1974 4643 2084 4697 bat.

2046 4735 2130 4787 ll.
2174 4735 2356 4790 Primo
2384 4738 2647 4806 siquidem
2674 4749 2915 4812 tempore
2947 4747 3156 4801 ardenti
3216 4750 3396 4804 animo
3419 4770 3545 4823 per--

1970 4824 2176 4893 plures,
2198 4826 2395 4880 saeculo
2411 4828 2619 4893 relicto,
2642 4846 2764 4885 cum
2786 4847 2852 4888 eo
2882 4835 3132 4905 religiose
3158 4840 3340 4895 vivere
3370 4851 3546 4899 tenta-

1972 4916 2139 4981 bant;
2168 4916 2262 4971 sed
2292 4917 2451 4972 fracti
2482 4920 2681 4984 animo,
2725 4938 2923 4977 novum
2973 4925 3327 4985 formidantes
3377 4949 3547 5003 genus

1976 5004 2123 5071 vita),
2147 5006 2274 5061 dum
2303 5007 2598 5065 inauditam
2628 5013 2958 5080 cogebantur
2985 5018 3228 5089 arripere
3274 5022 3548 5080 abstinen-

1977 5099 2063 5153 tia:
2089 5100 2252 5162 viam,
2272 5109 2332 5153 ut
2355 5117 2550 5171 panem
2583 5103 2637 5156 in
2668 5107 2923 5172 pondere,
2976 5108 3271 5179 vinumque
3324 5114 3374 5166 in
3405 5133 3550 5169 men--

1977 5203 2102 5243 sura
2132 5189 2496 5258 perciperent,
2530 5206 2652 5245 mox
2678 5199 2735 5244 ut
2763 5207 2888 5248 sues
2934 5195 2999 5249 ad
3030 5211 3246 5253 caenum
3286 5204 3549 5274 canisque

1974 5322 2202 5396 glcnino
2241 5325 2293 5377 iu
2333 5324 2556 5396 epistola
2606 5325 2825 5394 prmﬁxa
2874 5328 3026 5385 libris
3079 5334 3286 5390 duobus
3353 5350 3539 5396 contra

1979 5394 2318 5461 Ειῐρςιιιοιιιπι,
2352 5404 2463 5480 tum
2486 5395 2547 5474 in
2577 5396 2866 5480 diplomate
2898 5401 3128 5480 quodam
3157 5405 3332 5467 Caroli
3366 5394 3543 5480 Magni

1977 5479 2234 5537 concesso
2261 5464 2462 5537 anno-6
2484 5463 2714 5533 imperii.
2760 5463 3077 5537 Nimﬁ‘idins
3106 5489 3231 5527 vero
3259 5463 3309 5528 in
3345 5463 3546 5533 Nec-7'0;

1977 5533 2421 5606 legitillrnssensi
2460 5542 2679 5588 notatur
2718 5537 2800 5589 his
2841 5533 3057 5595 verbis:
3105 5561 3121 5590 ι
3162 5545 3273 5598 Kal.
3316 5546 3539 5606 ἑλείων.

1976 5603 2291 5656 Ennii-istius
2313 5604 2477 5657 abbas
2499 5614 2551 5656 et
2579 5607 2725 5659 urebi
2742 5608 3012 5678 cpiscopus
3035 5612 3412 5671 Narbonensis.
3446 5640 3464 5670 ›
