3942 6190
362 286 465 346 39)

1357 276 1421 334 S.
1462 269 1826 332 BENEDlCTl
1861 268 2157 327 ABBATIS
2197 267 2602 325 ANIASENSIS

359 404 429 457 ad
461 398 721 455 vomitum
745 396 805 452 in
829 394 961 451 calle
990 388 1181 448 salutis
1210 392 1445 461 positum
1485 389 1835 444 relrahebant
1855 400 1947 455 pe-
1973 387 2023 447 Α
2051 397 2155 452 Que
2191 383 2254 439 de
2284 397 2390 453 qua
2418 383 2675 438 hauserat
2694 400 2916 452 aquam,
2947 384 3043 440 sed
3072 391 3125 438 et
3152 383 3482 444 ferramenta
3505 405 3625 446 mo-

362 495 506 549 dem.
545 496 783 556 Quorum
839 485 1149 541 instabilem
1205 484 1288 536 vir
1327 482 1422 536 Dei
1480 482 1703 535 intuens
1747 478 1937 540 ﬁdem,

366 584 612 639 turbatus
636 583 702 634 ad
729 579 1007 648 proprium
1037 576 1210 629 voluit
1261 574 1437 628 redire
1463 570 1792 627 cmnobium.
1825 568 1942 634 Qua

365 675 432 727 de
463 687 625 725 causa
663 666 1052 723 consulendum
1092 665 1379 735 prtefatum
1436 662 1570 715 adiit
1613 661 1825 714 virum:
1853 657 1941 712 cui

367 777 493 818 cum
520 759 655 813 velle
693 774 847 811 suum
886 762 1182 819 narrasset,
1238 752 1536 821 increpavit
1586 764 1711 804 eum
1742 747 1830 802 ille
1868 747 1944 801 di-

365 866 515 915 cens,
549 850 649 904 sibi
701 864 824 903 esse
872 856 1151 901 ostensum
1185 843 1421 906 ctelitus,
1480 840 1761 895 lucernam
1790 837 1941 891 illum

368 944 553 997 datum
598 940 924 997 hominibus.
962 937 1302 1005 Quapropter
1339 941 1578 1001 emptum
1627 936 1942 985 constanter

366 1040 654 1104 oporteret
676 1030 898 1100 implere
928 1029 1159 1091 bonum;
1199 1026 1387 1080 fraude
1442 1025 1547 1078 hoc
1584 1022 1793 1091 antiqui
1824 1020 1942 1083 ﬁeri

366 1124 562 1187 hostis,
595 1122 687 1190 qui
712 1134 927 1189 semper
961 1118 1207 1172 invidens
1255 1116 1410 1169 bonis
1444 1113 1673 1168 infestus
1698 1121 1784 1167 est
1810 1111 1943 1165 acti—

367 1214 489 1279 bus,
532 1214 619 1269 cui
665 1226 919 1266 assensus
968 1208 1288 1280 praebendas
1313 1215 1397 1261 est
1435 1219 1730 1274 nunquam,
1758 1203 1944 1271 sicque

367 1301 485 1371 ejus
517 1302 745 1359 consilio
774 1298 1190 1356 adminiculatus
1229 1295 1493 1366 intrepide
1530 1308 1816 1365 aggressus
1839 1299 1940 1355 est,

365 1398 512 1465 quod
542 1394 753 1449 ardenti
786 1391 1044 1462 perﬁcere
1081 1390 1304 1459 optabat
1355 1388 1556 1450 animo,
1613 1403 1722 1442 non
1782 1402 1945 1456 super

368 1485 609 1539 alienum
659 1483 1068 1537 fundamentum
1119 1479 1416 1543 aedificans,
1467 1478 1563 1533 sed
1613 1492 1753 1532 novo
1779 1492 1944 1548 opere

365 1584 687 1630 construere
724 1574 913 1643 domos
967 1571 1154 1642 cmpit,
1202 1569 1554 1640 ignotamque
1589 1566 1781 1623 salutis
1806 1582 1942 1639 pan-

367 1664 498 1719 dere
529 1663 751 1718 curabat
779 1662 943 1715 viam.

2049 474 2142 528 lini
2166 490 2272 530 non
2298 474 2497 531 oblitus
2528 476 2815 541 abscessit;
2842 490 2940 547 pro
2960 474 3115 531 bonis
3136 476 3276 532 mala
3299 479 3621 549 rependens.

2048 564 2106 618 lu
2137 565 2435 619 crastinum
2488 579 2617 619 vero
2670 566 2925 619 damnum
2977 574 3315 636 compertum
3362 570 3627 641 magistro

2049 654 2297 723 discipuli
2335 666 2579 721 narrant,
2619 671 2753 725 quos
2794 656 3056 711 benevole
3106 656 3252 713 ferre
3288 657 3468 715 illatas
3495 676 3630 716 con-

2050 743 2305 799 tumelias
2330 745 2533 811 decuit,
2566 746 2870 816 damnaque
2904 746 3052 803 lucra
3076 756 3290 817 putare,
3321 749 3503 820 illique
3532 768 3631 822 po-

2049 833 2157 889 tius
2182 834 2470 889 dolendum
2502 850 2843 901 asseverans,
2874 836 2966 905 qui
2999 836 3125 891 dum
3154 837 3304 893 nisus
3334 848 3417 893 est
3439 841 3630 911 acqui-

2048 940 2171 980 rere
2193 925 2422 989 lucrum,
2455 926 2691 996 perdidit
2715 925 2893 980 ﬁdem.

2124 1016 2203 1070 ll.
2246 1016 2421 1087 Coepit
2476 1017 2683 1071 interea
2732 1018 2992 1086 paulatim
3046 1018 3202 1072 turba
3236 1018 3626 1090 discipulorum

2046 1122 2314 1175 crescere,
2352 1118 2406 1163 et
2453 1108 2597 1163 fatua
2648 1109 2750 1179 pia:
2800 1109 3075 1180 religionis
3124 1110 3326 1165 sensim
3354 1127 3451 1180 per
3478 1114 3628 1170 circa

2047 1198 2411 1253 habitantium
2474 1215 2571 1255 ora
2626 1200 2876 1266 volitare,
2941 1216 3169 1270 seseque
3220 1203 3516 1258 extendens
3558 1206 3627 1260 ad

2047 1287 2205 1357 longe
2240 1288 2416 1358 posita
2457 1289 2748 1343 decurrere
2776 1288 2912 1342 loca.
2969 1288 3035 1342 Et
3060 1289 3317 1359 quoniam
3364 1289 3537 1355 vallis,
3571 1292 3626 1347 in

2047 1396 2152 1450 qua
2200 1382 2435 1450 primum
2475 1382 2766 1447 insederat,
2812 1390 3140 1453 perangusta
3165 1390 3300 1449 erat,
3350 1384 3626 1453 paululum

2046 1481 2202 1525 extra
2248 1471 2483 1527 conﬁnia
2519 1472 2637 1542 ejus
2688 1472 3079 1529 monasterium
3120 1487 3260 1528 novo
3305 1488 3469 1543 opere
3495 1489 3630 1530 con-

2047 1571 2258 1618 struere
2306 1564 2493 1634 cmpit,
2543 1563 3024 1633 laborantibusque
3068 1563 3330 1620 fratribus
3358 1566 3473 1636 ipse
3520 1566 3625 1621 ali-

2045 1654 2262 1723 quando
2287 1653 2640 1717 collaborare,
2689 1652 2982 1723 aliquando
3011 1661 3192 1707 autem
3219 1667 3406 1709 eorum
3436 1654 3504 1709 ad
3533 1670 3629 1711 ve-

441 1753 530 1809 12.
567 1752 734 1824 igitur
759 1750 1083 1806 venerabilis
1130 1748 1216 1802 vir
1235 1747 1559 1803 Benedictus
1592 1760 1718 1801 cum
1754 1745 1944 1816 paucis
1971 1763 2019 1824 Β
2045 1745 2303 1800 scendum
2332 1745 2636 1815 decoquere
2658 1745 2886 1810 victum,
2933 1744 3241 1816 librumque
3290 1746 3457 1802 etiam
3478 1747 3632 1817 pari-

366 1845 473 1901 sihi
499 1845 803 1915 aggregatis
829 1842 1105 1901 fratribus.
1139 1841 1231 1909 qui
1251 1841 1368 1910 ejus
1383 1847 1664 1909 comperta
1690 1839 1944 1909 opinione

365 1936 437 1990 ad
464 1950 593 1989 eam
650 1933 1047 1995 conﬂuxerant,
1106 1931 1159 1985 in
1199 1928 1309 1999 jam
1361 1939 1717 1984 memoratum
1766 1927 1944 1983 locum

366 2024 539 2094 etrapit
566 2022 758 2077 florere
782 2023 835 2076 in
869 2020 1130 2091 religione
1155 2022 1264 2089 pia,
1301 2028 1357 2073 et
1381 2018 1603 2074 caeleste
1629 2018 1735 2074 iter
1760 2017 1946 2073 volen-

372 2112 519 2168 tibus
545 2113 782 2182 pandere
807 2110 995 2181 gratis,
1025 2109 1261 2180 propriis
1307 2108 1555 2164 laborare
1586 2107 1864 2162 manibus:
1888 2114 1945 2162 et

367 2218 439 2257 ne
469 2202 591 2257 aliis
645 2202 948 2273 pradicans
982 2201 1095 2271 ipse
1128 2201 1392 2270 reprobus
1438 2200 1793 2264 inveniretur,
1823 2213 1946 2268 qua;

365 2294 640 2363 sequenda
663 2293 935 2357 monebat,
967 2292 1116 2362 prior
1141 2291 1367 2360 implere
1381 2290 1631 2345 curabat.
1657 2289 1774 2345 Non
1797 2291 1942 2345 enim

367 2385 694 2454 perterritus
736 2382 914 2453 inopia
965 2391 1201 2452 ett-ptum
1243 2382 1479 2436 deseruit
1528 2396 1701 2451 cpus;
1744 2383 1857 2446 sed,
1887 2390 1948 2436 ut

370 2476 450 2530 ait
490 2476 802 2547 Apos;olus,
832 2477 885 2528 in
926 2475 1085 2543 f..me,
1122 2484 1167 2528 et
1198 2474 1310 2539 siti,
1335 2475 1387 2527 in
1414 2474 1606 2544 frigore
1634 2483 1681 2527 et
1712 2474 1947 2528 nuditate

373 2566 457 2637 (II
487 2566 611 2620 Cor.
645 2582 723 2631 xt,
751 2567 840 2633 27)
873 2567 1081 2635 positus
1116 2564 1441 2620 hortabatur
1479 2565 1799 2620 inconcusso
1826 2567 1947 2620 sub-

365 2653 542 2722 jectos
574 2656 863 2726 persistere
898 2656 1084 2722 corde,
1112 2657 1312 2712 docens
1346 2664 1551 2709 arctam
1581 2664 1636 2710 et
1664 2665 1944 2725 angustam

368 2747 512 2801 viam
540 2762 661 2803 esse
691 2742 813 2817 quan
861 2748 1011 2802 ducit
1046 2748 1113 2802 ad
1146 2748 1333 2812 vitam,
1385 2755 1442 2801 et
1487 2763 1593 2801 non
1616 2762 1736 2801 esse
1761 2748 1948 2801 condi—

367 2850 506 2905 gnas
545 2836 830 2905 passiones
850 2834 1009 2904 hujus
1039 2836 1296 2905 temporis
1324 2836 1391 2890 ad
1421 2833 1657 2889 futuram
1693 2834 1943 2905 gloriam,

363 2942 487 2996 qua:
515 2926 799 2982 revelanda
823 2935 905 2981 est
926 2927 1158 2988 sanctis.
1189 2927 1305 2993 Quo
1329 2926 1653 2982 documento
1682 2927 1945 2991 roborati,

368 3019 666 3090 majoribus
713 3034 773 3073 se
830 3019 988 3073 atteri
1045 3020 1306 3087 optabant
1355 3017 1647 3073 laboribus.
1685 3017 1838 3072 Nulla
1868 3018 1947 3074 eis

2048 1844 2133 1891 ter
2179 1836 2327 1892 circa
2373 1837 2662 1907 coquinam
2713 1845 3008 1906 occupatus
3034 1837 3277 1894 scribere
3317 1839 3626 1911 satagebat.

2044 1924 2361 1996 Lignamiua
2392 1940 2522 1981 vero
2570 1940 2712 1998 sape
2736 1935 2960 1997 propter
2996 1927 3279 1996 penuriam
3320 1926 3485 1983 boum
3522 1929 3631 1984 hu-

2045 2017 2210 2072 meris
2265 2018 2501 2089 propriis
2561 2034 2685 2073 cum
2749 2018 3033 2090 discipulis
3094 2018 3391 2076 deferebat.
3419 2021 3627 2078 Domus

2045 2108 2188 2164 enim
2226 2109 2278 2164 in
2305 2125 2371 2164 eo
2398 2119 2517 2165 erat
2542 2109 2679 2175 loco,
2709 2126 2820 2181 quo
2853 2108 3082 2167 fundare
3112 2111 3478 2168 moliebantur
3506 2130 3629 2167 mo-

2043 2199 2365 2266 nasterium,
2393 2217 2556 2272 quam
2593 2210 2808 2258 auctam
2837 2202 2893 2258 in
2932 2203 3140 2259 honore
3167 2213 3370 2260 sancta
3400 2204 3493 2260 Dei
3522 2221 3626 2276 ge-

1996 2300 2001 2305 '
2046 2288 2258 2345 nitricis
2285 2300 2676 2346 consecrarunt
2721 2292 2927 2349 Mariae.
2976 2293 3437 2352 Concurrentibus
3463 2299 3629 2352 undi-

2044 2395 2171 2451 que,
2203 2389 2257 2435 et
2309 2381 2452 2436 illius
2476 2398 2535 2437 se
2592 2383 2840 2438 certatim
2875 2383 3143 2453 subjicere
3187 2386 3501 2457 magisterio
3527 2402 3629 2459 po-

2045 2472 2393 2536 stulantibus,
2420 2481 2472 2525 et
2502 2472 2705 2528 fabrica
2748 2474 3061 2529 monasterii
3097 2476 3204 2531 cito
3240 2476 3543 2547 perﬁcitur,
3568 2486 3630 2532 et

2046 2559 2099 2612 in
2134 2560 2292 2614 rebus
2337 2561 2485 2614 locus
2528 2561 2729 2616 ditatus
2770 2574 3174 2633 augmentatur,
3211 2566 3467 2622 dantibus
3505 2568 3627 2623 sin-

2044 2651 2183 2721 gulis
2208 2668 2327 2721 qua:
2356 2652 2555 2706 habere
2577 2663 2848 2724 poterant.
2881 2655 2996 2712 Non
3025 2658 3169 2712 enim
3197 2660 3407 2715 ornatis
3434 2662 3625 2729 parie-

2047 2740 2188 2793 tibus
2219 2739 2516 2809 tegulisque
2542 2741 2884 2810 rubentibus,
2918 2745 3000 2800 vel
3028 2746 3187 2816 pictis
3222 2747 3575 2817 laquearibus
3601 2786 3619 2815 ,

2044 2830 2139 2884 sei
2170 2831 2430 2887 stramine
2469 2832 2665 2903 vilique
2713 2837 2953 2892 maceria
2994 2841 3297 2909 cooperire,
3330 2842 3409 2897 vel
3441 2844 3626 2903 facere

2045 2920 2235 2975 tionios
2264 2920 2601 2978 decreverat.
2655 2924 2807 2981 Licet
2855 2929 2997 2982 enim
3040 2930 3318 3000 multiplex
3362 2950 3625 2993 numerus

2047 3009 2275 3065 fratrum
2328 3022 2637 3084 augeretur,
2668 3015 2757 3069 ille
2793 3033 3007 3089 semper
3033 3021 3219 3077 viliora
3251 3033 3305 3078 et
3332 3025 3623 3085 humiliora

376 3119 505 3164 tunc
562 3118 681 3164 erat
727 3110 1017 3179 possessio,
1052 3126 1160 3163 non
1211 3110 1402 3174 vincte,
1432 3125 1541 3163 non
1584 3124 1801 3179 pecora,
1836 3125 1939 3164 nou

2048 3103 2354 3170 appetebat.
2415 3105 2757 3177 Quapropter
2799 3109 2844 3164 si
2899 3111 3021 3181 quis
3074 3115 3139 3169 de
3174 3121 3623 3185 possessionibus

365 3202 492 3270 equi
517 3219 532 3268 ;
567 3219 704 3257 unus
728 3210 936 3257 tantum
962 3210 1080 3255 crat
1112 3201 1331 3267 asellus,
1360 3200 1511 3270 cujus
1534 3202 1794 3258 solamine
1816 3218 1939 3257 cum

367 3294 565 3350 alicubi
592 3294 928 3364 pergendum
960 3303 1124 3360 esset,
1177 3293 1417 3347 vicissim
1452 3294 1677 3347 fratrum
1718 3294 1941 3348 arceba-

367 3395 454 3440 tur
483 3383 736 3440 defectio.
778 3384 974 3439 Vinum
1028 3392 1233 3438 tantum
1284 3383 1475 3439 diebus
1526 3383 1822 3439 Dominicis
1856 3400 1942 3438 so-

366 3474 741 3547 lenmibusque
792 3478 1180 3547 percipiebant.
1211 3476 1519 3532 Pellebatur
1541 3477 1827 3547 aliquoties
1851 3494 1942 3532 co-

367 3582 486 3622 rum
515 3570 723 3624 esuries
757 3569 895 3624 lacte
926 3569 1102 3624 delato
1126 3586 1156 3624 a
1182 3570 1376 3624 vicinis
1404 3568 1723 3623 mulieribus
1747 3586 1760 3622 :
1809 3584 1943 3638 quo-

366 3660 512 3714 niam
566 3662 822 3715 ariditate
879 3662 1163 3715 tabueraut
1201 3676 1428 3731 corpora
1462 3676 1669 3725 eorum,
1717 3659 1831 3715 solo
1858 3660 1939 3713 vi-

365 3761 554 3804 ventes
586 3766 724 3820 pane
751 3760 805 3804 ct
834 3767 994 3821 aqua.
1028 3752 1364 3821 Quapropter
1408 3760 1469 3806 ut
1519 3752 1733 3822 pigrum
1762 3751 1942 3821 depcl-

364 3841 538 3895 lerent
581 3840 771 3913 frigus,
823 3842 1044 3897 lectaria
1076 3855 1101 3884 ει
1130 3844 1438 3908 utebantur,
1469 3858 1591 3897 cum
1637 3842 1691 3897 in
1744 3842 1941 3913 vigiliis

363 3931 561 3986 divinis
611 3933 948 3987 assisterent.
985 3935 1154 3987 Erant
1205 3936 1405 4005 quippe
1439 3950 1707 4004 pauperes
1755 3936 1936 3999 rebus,

365 4021 678 4089 praedivites
705 4023 954 4085 meritis;
988 4031 1042 4076 et
1086 4039 1192 4092 quo
1221 4037 1409 4076 eorum
1455 4024 1824 4078 atterebantur
1855 4026 1938 4078 in-

363 4110 487 4178 opia
503 4125 750 4178 corpora,
765 4125 830 4163 eo
845 4111 1015 4181 magis
1028 4111 1411 4179 saginabantur
1426 4112 1641 4167 virtutil.
1650 4128 1710 4169 us
1725 4114 1936 4169 animat.

363 4196 700 4251 IEstuabant
724 4198 991 4268 siquidem
1018 4215 1201 4254 amore
1239 4199 1468 4265 caelesti,
1499 4200 1734 4270 solaeque
1766 4202 1941 4273 lacry-

362 4300 465 4339 mre
492 4284 597 4340 illis
624 4286 677 4339 in
717 4288 963 4358 angustia
994 4288 1239 4343 ferebant
1285 4289 1548 4344 solamen.
1577 4289 1817 4357 Quorum
1864 4294 1941 4346 iu-

361 4376 561 4431 victam
590 4375 886 4433 fraternam
913 4380 1171 4435 unitatem
1224 4382 1398 4437 hostis
1428 4397 1657 4438 cernens
1685 4384 1935 4455 antiquus

358 4464 463 4522 hac
488 4480 607 4520 eam
638 4468 887 4523 scindere
918 4481 1036 4525 arte
1066 4471 1301 4526 molitur.
1328 4536 1333 4543 .

434 4559 519 4613 15.
562 4557 737 4613 Unum
791 4561 871 4615 eis
924 4572 1042 4616 erat
1095 4564 1241 4617 circa
1284 4563 1570 4629 molinum,
1603 4564 1656 4619 in
1684 4580 1790 4635 quo
1817 4582 1937 4636 qua:

360 4650 561 4704 habere
586 4657 837 4717 poterant
864 4651 1137 4705 molebant
1172 4653 1398 4707 cibaria.
1432 4653 1722 4724 lustigatus
1751 4662 1935 4711 autem

364 4736 585 4806 maligni
616 4737 1034 4806 cogitationibus
1068 4742 1298 4808 quadam
1333 4742 1413 4797 eis
1444 4752 1599 4797 nocte
1620 4744 1817 4814 hospes
1844 4744 1939 4798 ad-

359 4827 526 4889 venit,
568 4841 728 4894 quem
761 4826 918 4894 juxta
946 4843 1107 4897 posse
1148 4830 1409 4886 refectum
1462 4833 1516 4887 in
1562 4842 1733 4889 strato
1785 4835 1937 4889 aselli

358 4916 646 4972 collocant.
671 4916 745 4972 At
772 4917 860 4973 ille
888 4919 1027 4973 male
1064 4921 1187 4992 vigil
1228 4922 1629 4991 quiescentibus
1673 4925 1776 4980 illis
1803 4941 1927 4981 sur-

359 5006 521 5071 rexit,
550 5014 605 5061 et
634 5024 816 5063 secum
872 5009 925 5062 in
955 5025 1062 5079 quo
1084 5010 1335 5079 jacuerat
1363 5012 1665 5082 perferens,
1691 5015 1931 5070 situlam-

429 5168 454 5195 ει
497 5156 792 5233 Menardus
833 5158 1249 5233 interpretatur
1288 5160 1525 5214 culcitra.
1566 5161 1636 5216 At
1665 5163 1790 5233 quid
1820 5162 1931 5217 cul-

355 5236 507 5280 cttmc
558 5241 678 5280 cum
709 5228 881 5284 ofﬁcio
935 5229 1160 5284 divino?
1212 5231 1490 5285 Conseotit
1538 5228 1715 5287 tamen
1766 5234 1933 5287 liens-

356 5296 598 5358 ehenius,
630 5299 721 5365 qui
744 5298 872 5370 legit
900 5298 1148 5370 lectarit’s.
1186 5300 1388 5355 Forsan
1420 5302 1644 5357 lectaria
1673 5304 1927 5357 dicuntur

354 5378 479 5474 saga
507 5375 791 5433 nocturna,
823 5369 1016 5436 quibus
1038 5370 1162 5425 lecti
1190 5371 1582 5425 insternnntur.

498 5436 554 5474 Ri
589 5443 763 5474 Intnnn
811 5453 934 5474 u-tco
965 5440 1198 5474 nralincn
1246 5451 1431 5474 nnoln.
1464 5442 1514 5474 in
1552 5458 1582 5474 In

495 5436 559 5508 Et
589 5443 764 5489 tamen
811 5453 936 5491 vasa
965 5440 1200 5506 pretiosa
1246 5451 1432 5508 postea
1464 5442 1515 5495 in
1549 5458 1660 5496 rem
1712 5456 1923 5494 sacram

355 5503 588 5575 admisit,
616 5515 681 5575 ut
707 5515 852 5575 patet
877 5522 944 5562 ex
966 5503 979 5506 ’
998 5524 1145 5562 num.
1181 5503 1269 5563 27'.
1302 5511 1467 5566 Porro
1498 5527 1561 5564 ex
1607 5514 1707 5565 hoc
1732 5512 1849 5563 loco
1871 5518 1926 5563 et

353 5586 416 5624 ex
457 5573 658 5651 Regula
687 5573 923 5651 Magistri
953 5588 1109 5651 patet
1161 5582 1323 5634 etiam
1378 5582 1706 5651 temporibus
1735 5581 1840 5635 illis
1871 5579 1925 5633 in

353 5657 451 5696 usu
481 5641 649 5700 fuisse
682 5641 880 5701 cali'ccs
917 5641 1132 5713 vitreos,
1163 5665 1391 5718 quorum
1452 5641 1581 5707 usus
1633 5652 1926 5722 abrogatas

2044 3193 2157 3247 suis
2183 3194 2386 3264 aliquid
2408 3198 2659 3255 conferre
2680 3204 3009 3260 monasterio
3034 3206 3216 3273 vellet,
3247 3213 3619 3284 suscipiebat;

2043 3280 2126 3335 sin
2166 3298 2291 3337 vero
2319 3300 2506 3341 servos
2555 3289 2888 3360 ancillasque
2934 3295 3175 3364 cop:.lari
3212 3280 3497 3368 niteretur,
3530 3280 3623 3360 re;

2040 3370 2295 3441 fugiebat,
2331 3392 2429 3432 nec
2455 3394 2645 3448 passus
2679 3389 2761 3436 est
2802 3398 3129 3455 quemquam
3180 3405 3275 3460 per
3306 3392 3447 3448 idem
3476 3404 3615 3450 tem-

2041 3479 2141 3532 pus
2165 3481 2261 3533 per
2307 3468 2553 3523 chartam
2603 3475 2934 3529 monasterio
2979 3479 3139 3545 trudi,
3194 3483 3289 3537 sed
3335 3492 3396 3538 ut
3423 3484 3621 3542 ﬁerent

2044 3551 2201 3608 liberi
2255 3556 2304 3609 ir
2329 3560 2571 3627 perabat.
2605 3562 2744 3617 Vasa
2775 3575 2955 3620 autem
2981 3568 3050 3621 ad
3074 3568 3273 3626 Christi
3322 3574 3620 3637 conﬁciem-

2041 3643 2166 3698 dum
2202 3661 2398 3718 corpus
2433 3651 2646 3707 nolebat
2678 3654 2780 3710 sibi
2820 3671 2939 3711 esse
2967 3659 2994 3698 ιι
3021 3671 3315 3731 argentea:
3348 3667 3619 3738 siquidem

2039 3735 2276 3803 primum
2313 3739 2363 3793 ei
2402 3739 2617 3797 fuerunt
2641 3743 2840 3816 lignea,
2867 3747 3123 3819 deinceps
3149 3753 3321 3810 vitrea
3346 3773 3360 3820 ;
3388 3735 3465 3813 sic
3496 3766 3621 3814 tan-

2042 3825 2163 3880 dem
2217 3831 2532 3886 conscendit
2560 3834 2627 3889 ad
2657 3844 2915 3903 stannea;
2945 3840 3219 3911 planetam
3251 3861 3377 3902 vero
3392 3848 3616 3906 ‘refuta~

2037 3918 2132 3971 lzat
2158 3919 2359 3976 habere
2389 3924 2651 3979 sericeam
2682 3945 2695 3980 :
2726 3937 2778 3982 et
2807 3929 2852 3983 si
2883 3930 3080 4002 aliquis
3108 3933 3184 3989 illi
3207 3937 3463 4006 dedisset,
3484 3957 3615 3999 mox

2039 4010 2159 4066 aliis
2188 4013 2256 4065 ad
2282 4015 2535 4069 utendum
2564 4022 2876 4086 prmstabat.

2117 4102 2196 4156 l5.
2234 4103 2501 4160 Przeterea
2552 4121 2907 4167 surrexerunt
2961 4114 3015 4169 in
3066 4118 3285 4187 regione
3309 4121 3501 4177 eadem
3526 4124 3618 4181 vel

2038 4193 2461 4265 circumquaque
2521 4200 2761 4255 nonnulli
2815 4204 2918 4259 viri
2982 4206 3216 4278 religiosi
3282 4210 3617 4270 aediﬁcantes

2037 4286 2384 4351 monasteria,
2404 4300 2754 4360 aggregantes
2776 4296 3088 4362 monachos,
3107 4313 3332 4371 seseque
3352 4304 3418 4358 ad
3433 4319 3619 4360 exem-

2036 4374 2185 4444 plum
2213 4376 2357 4430 beati
2415 4378 2516 4432 viri
2546 4383 2910 4439 exercitantcs
2941 4397 2998 4440 et
3051 4403 3120 4442 ex
3147 4386 3264 4456 ejus
3294 4392 3615 4461 magisterio

1958 4448 2012 4507 Ι)
2036 4464 2252 4532 imbuti,
2279 4467 2446 4522 vitam
2472 4470 2757 4539 pristinam
2805 4474 3123 4547 priscosque
3151 4448 3496 4550 a'mputan'tes
3521 4448 3617 4538 er-

2033 4570 2205 4621 rores,
2237 4558 2435 4627 quibus
2486 4560 2602 4628 ipse
2632 4569 2693 4615 ut
2726 4572 2883 4631 pater
2911 4573 3049 4630 erat,
3086 4568 3385 4630 subsidium
3415 4585 3614 4641 opem-

2031 4661 2136 4715 que
2176 4646 2380 4713 ferens,
2430 4664 2538 4703 non
2595 4651 2957 4720 spiritualium
3008 4656 3346 4713 solummodo
3397 4675 3618 4732 rerum,

2032 4751 2220 4791 verum
2251 4745 2305 4791 et
2353 4740 2755 4809 corporalium:
2786 4758 2923 4811 quos
2962 4760 3104 4816 saepe
3154 4749 3383 4805 visitans
3422 4752 3621 4809 horta-

2033 4825 2193 4879 batur
2218 4833 2453 4897 cteptum
2500 4843 2607 4882 non
2648 4829 2900 4887 deserere
2933 4848 3092 4904 Opus,
3122 4851 3189 4890 ne
3217 4848 3459 4909 egestate
3484 4856 3619 4911 per-

2032 4914 2214 4969 culsus
2263 4916 2673 4987 terroribusque
2733 4920 2955 4976 attritus
2983 4933 3130 4979 retro
3157 4928 3454 4996 respiceret
3479 4932 3613 4985 ani-

2033 5022 2175 5061 mus.
2220 5006 2417 5077 Sicque
2440 5009 2763 5067 documento
2799 5013 3001 5070 salubri
3032 5015 3165 5072 fulta
3197 5036 3484 5077 numerosa
3510 5027 3617 5080 ad-

2033 5161 2101 5240 in_
2115 5160 2343 5240 concilio
2363 5162 2695 5221 Triburiensi
2722 5182 2863 5240 anno
2884 5169 3008 5235 895,
3033 5172 3398 5240 perseveravit
3419 5182 3611 5231 tamen

2035 5232 2103 5286 ad
2147 5232 2604 5310 sarculumusque
2635 5232 3004 5310 undecimum,
3028 5232 3134 5310 quo
3177 5241 3440 5298 Henricus
3469 5243 3614 5299 Cer-

2034 5302 2227 5383 mania:
2249 5316 2344 5355 rex
2366 5302 2653 5383 Richardo
2675 5302 3060 5383 Yerodunensi'
3083 5312 3487 5383 archiepiscopo
3513 5331 3616 5370 ca-

2029 5369 2189 5426 licem
2216 5387 2386 5451 tmum
2410 5373 2476 5428 de
2500 5377 2791 5451 onychino,
2825 5386 2882 5432 et
2907 5378 3068 5451 alium
3112 5369 3481 5451 crystallinu‘m
3510 5369 3614 5439 du-

2029 5455 2191 5526 nasse
2217 5443 2585 5526 perhibetur._'
2616 5443 3358 5526 Quanquamcalices'etiam
3387 5469 3456 5526 cx
3487 5471 3614 5526 sap-

2030 5509 2387 5581 phirogvitrei
2428 5509 2881 5580 dicebariturfex
2912 5521 3101 5574 charta
3141 5521 3175 5576 5
3214 5509 3614 5581 Patriciacen'si

2032 5579 2173 5660 apud
2197 5579 2515 5660 Perardum,
2546 5602 2665 5660 qua:
2690 5597 2773 5641 est
2805 5589 3064 5645 lleccardi
3089 5592 3322 5654 comitis,
3355 5579 3616 5650 Rotardo

2031 5650 2244 5703 cuidam
2263 5650 2494 5722 legantis
2521 5650 2738 5713 calicem
2762 5660 2979 5717 vitreum
3010 5660 3075 5716 de
3100 5650 3367 5732 sapphir'o.
