3942 6190
243 257 349 317 561

1777 254 1952 311 νιτΑ.

2342 196 2381 226 /

3397 249 3504 306 362

243 376 376 427 sunt
405 367 674 436 camobia,
698 375 754 423 et
792 369 1029 425 maxima
1061 370 1452 426 monachorum
1482 376 1660 426 exstat
1684 368 1826 424 mul-
1853 370 1901 429 Λ
1931 361 2172 418 turbatas
2210 360 2505 432 reperiens,
2536 369 2591 418 et
2637 362 2931 434 benignum
2971 360 3240 433 malagma
3273 346 3506 434 castiga-

240 462 443 518 titudo.

319 552 407 607 i6.
447 550 580 607 Orta
606 558 788 606 autem
818 549 960 607 fame
991 563 1017 592 α
1048 550 1369 622 gravissima
1400 566 1498 621 per
1523 551 1664 606 idem
1689 556 1821 603 tem-

242 659 365 715 pus,
412 643 579 714 cmpit
625 643 917 698 multitudo
966 657 1288 712 pauperum,
1324 643 1609 697 viduarum
1637 650 1692 694 et
1723 656 1823 710 pu-

245 733 500 803 pillorum
539 734 608 787 ad
632 747 757 787 eum
810 730 1103 797 conﬂuere,
1158 748 1224 787 ac
1269 740 1455 803 portas
1507 730 1821 786 monasterii

245 824 473 891 viasque
535 822 761 892 stipare.
789 821 936 888 Quos
986 821 1076 876 ille
1105 822 1322 876 intuens
1361 820 1539 875 inedia
1586 818 1818 883 tabidos,

246 913 358 967 imo
387 912 505 982 ipsa
533 911 647 980 jam
676 926 815 981 pene
856 918 1030 965 morte
1076 911 1316 982 glutitos,
1347 911 1667 981 angebatur,
1692 924 1824 978 quo-

246 1003 396 1056 niam
428 1002 572 1056 unde
592 1010 795 1056 tantam
819 1009 1069 1070 pasceret
1095 1000 1494 1056 multitudinem
1518 999 1822 1069 ignorabat.

249 1090 361 1145 Sed
387 1089 518 1160 quia
568 1090 703 1144 nihil
753 1090 906 1144 deest
957 1089 1269 1145 time’ntibus
1305 1089 1494 1153 Deum,
1544 1094 1825 1157 quousqtte

250 1178 439 1249 fruges
483 1179 813 1246 attingerent
872 1192 1061 1243 novas,
1092 1192 1213 1246 qua:
1267 1175 1525 1230 fratribus
1580 1174 1825 1230 suﬂicere

248 1270 483 1339 possint,
511 1282 756 1322 seorsum
790 1265 953 1335 jussit
978 1266 1186 1335 reponi,
1217 1274 1412 1320 caetera
1436 1280 1536 1334 per
1565 1265 1827 1319 constitu-

249 1368 339 1413 tos
370 1358 572 1412 fratres
595 1372 693 1427 per
719 1355 958 1426 singulos
985 1357 1100 1411 dies
1144 1356 1402 1424 praecepit
1453 1356 1659 1425 largiri.
1697 1354 1825 1409 Car-

248 1464 354 1503 nes
389 1448 555 1502 etiam
585 1454 954 1501 armentorum
978 1446 1267 1515 oviumque
1297 1445 1564 1499 dabantur
1596 1461 1692 1514 per
1718 1445 1827 1499 sin-

247 1537 407 1608 gulos
435 1537 575 1600 dies,
606 1535 690 1589 lac
717 1535 881 1589 etiam
911 1548 1197 1589 vervecum
1232 1535 1510 1603 praebebat
1540 1533 1822 1587 auxilium.

246 1627 533 1695 Siquidem
561 1624 804 1679 fecerant
839 1624 941 1678 sibi
1000 1624 1211 1694 tuguria
1266 1623 1520 1692 congruis
1574 1623 1730 1688 locis,
1769 1622 1826 1678 in

1928 451 2089 504 tionis
2122 452 2430 521 impositum
2450 450 2517 504 ad
2543 464 2833 521 congruam
2863 448 3091 505 formam
3118 452 3371 508 instituit.

1992 540 2079 595 l9.
2122 539 2227 595 Sed
2262 541 2514 609 antiquus
2548 540 2740 605 hostis,
2773 555 2914 610 aegre
2939 539 3120 596 ferens
3154 543 3415 598 unitatem
3446 550 3503 600 et

1921 637 2267 694 augmentum
2292 630 2420 683 boni
2451 630 2628 698 gregis
2647 670 2660 692 ,
2695 629 2845 684 nisus
2869 639 2955 685 est
2988 634 3344 701 quorumdam
3372 650 3506 689 con-

1924 729 2110 773 cutcre
2141 721 2327 784 corda,
2356 728 2416 773 ut
2443 721 2643 774 bonum
2675 721 3040 777 institutorem
3071 739 3101 776 a
3130 726 3350 795 proprio
3373 727 3506 781 ovili

1926 808 2177 862 redderet
2203 815 2497 861 extorrem.
2527 807 2718 863 Plures
2743 809 2959 878 quidem
2991 826 3087 865 sua
3113 820 3230 866 arte
3259 828 3289 866 a
3320 828 3511 868 mona-

1924 899 2094 952 sterio
2128 897 2352 968 pepulit,
2384 897 2676 967 pluresque
2716 900 2971 965 turbavit,
3006 902 3102 955 sed
3142 913 3383 972 paratam
3417 892 3512 959 tri-

1922 987 2294 1042 bulationibus
2326 1002 2433 1040 non
2463 987 2635 1041 valuit
2664 998 2955 1043 concutere
2987 999 3244 1045 tuentem.
3283 992 3510 1048 Confra-

1925 1089 2040 1133 ctas
2066 1094 2279 1132 rursum
2305 1087 2592 1148 recuperat
2614 1079 2885 1147 perituras
2906 1078 3052 1134 vires
3082 1097 3094 1133 :
3118 1080 3217 1134 sibi
3235 1080 3504 1150 subjectos

1926 1167 2166 1238 instigat,
2221 1166 2426 1221 inferre
2479 1168 2674 1221 damna
2728 1168 2976 1237 imperat,
3025 1182 3195 1237 equos
3237 1170 3508 1240 bovesque

1925 1258 2110 1313 furtim
2159 1267 2516 1329 patenterque
2557 1258 2758 1313 auferri
2800 1258 2975 1327 jubet.
3032 1258 3141 1314 Sed
3193 1261 3283 1329 qri
3339 1261 3507 1316 Deum

1926 1353 2134 1409 cunctis
2161 1362 2531 1423 prteposuerat
2575 1352 2753 1416 rebus,
2787 1353 2903 1407 siue
2934 1352 3118 1407 dolore
3158 1355 3359 1409 amittit
3388 1370 3509 1425 (pta:

1927 1445 2044 1498 sine
2090 1459 2274 1497 amore
2320 1444 2648 1511 possiicbat.
2697 1442 2857 1497 Certe
2898 1459 2996 1512 pro
3032 1444 3176 1497 nulla
3220 1446 3421 1499 amissa
3451 1461 3510 1501 re

1927 1550 2165 1602 unquam
2209 1549 2333 1589 eum
2366 1534 2651 1603 quisquam
2681 1533 2817 1587 vidit
2860 1544 3213 1599 connnotum,
3241 1523 3511 1603 perditam

1927 1637 2205 1691 nunquam
2252 1622 2486 1691 repetiit,
2518 1621 2751 1675 furatam
2798 1636 3076 1691 nunquam
3120 1622 3392 1692 quaesivit,
3420 1623 3508 1678 l'u-

242 1719 453 1789 quibus
478 1731 648 1786 usque
674 1716 741 1770 ad
772 1729 942 1769 novas
967 1714 1279 1768 habitarunt
1303 1713 1503 1783 fruges.
1535 1712 1827 1769 Deficiente
1858 1707 1900 1765 Β
1928 1712 2092 1778 ranti,
2122 1712 2169 1767 si
2214 1719 2401 1782 captus
2443 1719 2549 1778 est,
2577 1710 2903 1766 beneficium
2948 1712 3217 1781 praestitit,
3248 1712 3508 1770 latentem

238 1805 481 1869 cibaria,
539 1820 731 1859 rursus
777 1819 841 1859 ea
863 1819 983 1872 quae
1028 1804 1080 1857 in
1110 1803 1341 1857 fratrum
1370 1805 1557 1873 reponi
1587 1803 1827 1873 jusserat

244 1913 407 1961 usus,
439 1909 759 1950 mensurare
785 1895 1081 1965 praecepit:
1117 1895 1261 1963 quod
1300 1893 1499 1949 factum
1528 1904 1612 1950 est
1637 1904 1739 1950 ter.
1766 1895 1827 1950 In

242 1988 486 2042 fratrum
510 2002 639 2042 vero
688 1985 883 2040 animis
940 1992 1121 2039 tantus
1148 1984 1327 2039 inerat
1354 1982 1581 2039 affectus
1610 1985 1828 2040 miseri-

244 2079 475 2142 cordiae,
503 2086 566 2131 ut
590 2077 825 2131 libenter
852 2075 1017 2130 etiam
1054 2074 1446 2144 impenderent,
1480 2074 1525 2129 si
1553 2073 1635 2129 fas
1661 2083 1825 2139 esset,

240 2175 471 2222 cuncta.
506 2166 637 2220 Nam
667 2181 788 2236 quae
834 2166 940 2220 sibi
970 2165 1293 2220 subtrahere
1321 2172 1534 2235 poterat
1576 2164 1827 2234 quisque,

243 2260 397 2313 clam
429 2256 707 2312 deferebat
730 2256 911 2311 inedia
954 2257 1289 2325 consumptis
1317 2272 1330 2308 :
1372 2255 1558 2324 sicque
1586 2255 1677 2308 vix
1708 2269 1826 2309 ere-

242 2350 331 2419 pti
362 2364 393 2402 a
424 2347 583 2402 famis
636 2348 786 2403 fuere
836 2347 1098 2417 periculo.
1129 2346 1435 2416 Aliquoties
1473 2347 1617 2402 enim
1649 2347 1704 2401 in
1733 2361 1830 2401 ore

244 2454 452 2509 panem
480 2439 684 2493 habens
714 2449 958 2492 mortuus
988 2438 1381 2507 reperiebatur.

328 2529 417 2583 Π.
460 2529 568 2584 Nec
594 2530 720 2584 illud
748 2530 1014 2584 silendum
1043 2538 1196 2599 puto,
1240 2530 1365 2598 quia
1393 2543 1513 2583 cum
1543 2543 1680 2599 pene
1702 2545 1829 2599 pro-

245 2619 489 2673 vinciam
513 2619 659 2673 illam
689 2619 880 2673 eodem
901 2626 1144 2688 tempore
1166 2624 1477 2686 perversum
1516 2617 1772 2672 Felieiani
1802 2618 1831 2657 δ

244 2711 520 2765 invaserit
543 2710 755 2779 dogma,
786 2710 875 2764 hic
904 2711 971 2764 ab
998 2709 1148 2765 omni
1189 2708 1449 2778 pestifero
1474 2707 1714 2777 perﬁdia:
1740 2723 1832 2761 er-

248 2816 382 2854 rore
421 2800 622 2853 illaesus
674 2814 776 2867 ope
836 2799 1015 2852 divina
1053 2798 1198 2852 intus
1251 2797 1443 2861 evasit,
1505 2796 1831 2866 multosque,

244 2906 366 2945 non
390 2889 563 2943 solum
590 2887 820 2952 infimos,
848 2904 1037 2943 verum
1086 2890 1248 2943 etiam
1281 2886 1542 2956 praesules
1570 2887 1833 2943 Ecclesite

248 2996 363 3037 suo
416 2980 618 3050 eripuit
663 2978 857 3043 studio,
890 2987 946 3033 et
998 2979 1257 3035 adversus
1285 2977 1580 3033 nefandum
1631 2978 1826 3049 dogma

1929 1818 1997 1857 ne
2031 1810 2317 1872 caperetur
2345 1802 2570 1857 dimisit.
2618 1800 2852 1868 Quidam
2882 1801 3027 1857 enim
3052 1818 3175 1857 cum
3203 1818 3370 1873 equos
3394 1819 3512 1859 mo-

1930 1895 2158 1950 nasterii
2188 1895 2373 1950 furtim
2405 1893 2666 1959 auferret,
2709 1909 2740 1948 a
2770 1893 2963 1948 vicinis
3000 1909 3106 1948 non
3139 1896 3257 1951 sine
3290 1896 3511 1951 vulnere

1930 1993 2145 2052 capfus,
2171 1991 2228 2038 et
2251 1983 2401 2038 Patri
2431 1991 2515 2037 est
2538 1989 2916 2052 praesentatus.
2946 1981 3043 2037 Cui
3094 1984 3186 2038 ille
3232 1985 3509 2055 impensas

1929 2074 2178 2143 pr:ebuit,
2204 2074 2473 2129 medicum
2504 2073 2758 2139 instituit,
2786 2082 3036 2128 sanatum
3073 2074 3398 2130 incolumem
3427 2076 3509 2131 di-

1934 2165 2093 2220 rexit.
2153 2164 2394 2235 Contigit
2439 2170 2619 2222 a‘utem
2672 2168 2791 2224 vice
2836 2171 2960 2237 alia,
3012 2186 3137 2227 cum
3183 2172 3510 2228 venerabilis

1931 2257 2094 2312 Pater
2121 2258 2226 2312 iter
2252 2257 2564 2324 conﬁceret,
2593 2259 2699 2314 alio
2741 2275 2925 2316 secum
2974 2262 3267 2317 comitante
3316 2262 3507 2329 fratre,

1932 2346 2219 2417 quemdam
2251 2363 2450 2417 equum
2477 2363 2507 2402 a
2540 2352 2871 2406 monasterio
2911 2353 3183 2407 sublatum
3232 2352 3511 2410 sedentem

1933 2436 2169 2491 obviare.
2201 2426 2395 2493 Frater
2415 2452 2544 2493 vero
2572 2439 2802 2495 curiosis
2829 2440 3122 2497 luminibus
3143 2442 3358 2498 intuens
3384 2459 3509 2499 eum

1932 2525 2025 2593 qui
2053 2524 2261 2595 furatus
2290 2526 2467 2582 fuerat
2487 2543 2607 2583 esse
2634 2514 2909 2600 cognovit,
2936 2546 3054 2585 mox
3085 2548 3217 2587 voce
3264 2536 3511 2603 prorupit

1933 2617 2250 2670 monasterii
2295 2630 2418 2671 esse
2461 2632 2680 2686 equum.
2712 2619 2782 2673 At
2830 2620 2918 2674 ille
2966 2621 3126 2674 silere
3172 2637 3294 2675 eum
3333 2620 3508 2689 jubet.

1936 2704 2089 2774 Scepe
2134 2705 2372 2761 similare
2416 2721 2587 2777 equus
2636 2724 2833 2779 equum
2882 2709 3046 2771 solet,
3101 2711 3197 2764 ait.
3252 2710 3510 2767 Seorsum

1937 2805 2116 2851 autem
2159 2797 2459 2868 increpavit
2506 2796 2730 2855 fratrem
2776 2799 3001 2855 dicens:
3029 2800 3099 2855 Et
3139 2816 3239 2872 ego
3282 2804 3510 2873 agnovi;

1937 2890 2031 2945 sed
2056 2889 2250 2946 melius
2276 2889 2541 2947 silendum
2569 2905 2788 2956 censeo,
2815 2906 2980 2961 quam
3023 2892 3406 2949 verecundiam
3432 2893 3515 2950 in-

1938 2978 2198 3036 feramus.
2830 2976 2835 2981 ’

245 3073 402 3128 veris
436 3072 859 3141 disputationum
890 3071 1086 3141 jaculis
1132 3079 1375 3127 armatus
1403 3087 1546 3143 saepe
1571 3087 1835 3145 congres-
1861 3051 1906 3112 C
2005 3072 2096 3127 20.
2136 3073 2205 3127 Et
2258 3073 2516 3143 quoniam
2564 3073 2906 3143 omnipotens
2972 3074 3115 3130 Deus
3182 3076 3274 3146 qui
3323 3087 3516 3134 cuncta

250 3172 487 3220 SUSCSL

325 3258 416 3312 18.
460 3256 589 3311 Erat
612 3258 755 3311 enim
785 3272 851 3313 eo
870 3264 1112 3326 tempore
1140 3265 1195 3312 et
1224 3272 1510 3312 numerosa
1536 3258 1649 3328 jam
1681 3258 1838 3313 turba

248 3350 510 3413 fratrum,
536 3358 594 3404 et
617 3350 670 3403 in
701 3348 912 3404 fervore
936 3358 1210 3419 perpetuae
1237 3349 1361 3403 vitae
1389 3364 1669 3403 succensa.
1704 3348 1838 3405 Cer-

250 3442 451 3496 tabant
478 3441 746 3510 siquidem
782 3442 903 3512 quis
926 3456 1116 3497 eorum
1164 3449 1307 3495 esset
1336 3440 1608 3505 humilior,
1648 3442 1838 3510 quisve

254 3532 311 3584 in
348 3531 659 3587 obedientia
713 3531 1031 3600 promptior,
1064 3531 1116 3584 in
1146 3530 1475 3585 abstinentia
1532 3530 1834 3595 ardentior,

258 3618 317 3671 in
346 3617 545 3688 vigiliis
573 3618 832 3682 anterior,
873 3618 926 3671 in
954 3618 1219 3687 loquendo
1237 3618 1526 3687 posterior,
1555 3618 1607 3671 in
1638 3620 1836 3673 vestitu

255 3710 440 3770 vilior,
475 3708 527 3761 in
556 3708 823 3762 charitate
853 3707 1149 3762 ferventior
1174 3727 1186 3761 :
1211 3709 1531 3777 quibusdam
1557 3708 1719 3762 etiam
1759 3723 1841 3763 re-

256 3798 560 3853 velationes
596 3797 816 3852 fiebant.
850 3797 1075 3864 Quidam
1122 3812 1356 3867 namque
1404 3806 1522 3852 erat
1552 3797 1722 3851 frater
1745 3799 1837 3867 qui

251 3887 405 3955 juxta
436 3887 729 3941 humanam
759 3886 1099 3941 honestatem
1126 3887 1304 3940 minus
1327 3895 1447 3939 erat
1475 3886 1832 3955 compositus,

258 3993 419 4046 quem
448 3976 785 4046 negligenter
831 3976 1164 4030 incedentem
1220 3976 1347 4029 dum
1378 3974 1542 4029 Pater
1564 3975 1840 4045 perspice-

258 4074 367 4130 ret,
394 4066 452 4119 in
482 4065 665 4118 animo
691 4060 935 4119 eamdem
991 4065 1346 4119 rusticitatem
1368 4064 1618 4134 judicare
1647 4066 1835 4134 cmpit.

261 4154 361 4210 Hic
389 4163 570 4209 autem
621 4155 675 4208 in
705 4153 879 4208 extasi
915 4154 1126 4218 ductus,
1182 4169 1400 4226 gregem
1456 4154 1832 4210 columbarum

261 4253 610 4315 aggregatum
656 4257 909 4309 cernens,
940 4246 1184 4314 quaedam
1240 4247 1395 4301 mira:
1450 4246 1702 4301 candoris
1732 4246 1838 4301 ful—

264 4349 470 4407 gentes,
486 4341 734 4409 quaedam
761 4352 889 4392 vero
914 4344 1071 4392 erant
1090 4336 1226 4390 mira
1251 4324 1514 4390 varietate
1549 4336 1835 4402 distinctae,

265 4397 519 4496 quedam-
538 4436 720 4483 autem
752 4426 867 4481 solo
896 4426 1074 4495 capite
1102 4433 1327 4479 'tetrum
1373 4424 1610 4480 colorem
1659 4397 1837 4494 gesta;
1865 4397 1918 4455 Ῑ)

266 4518 413 4571 bant.
444 4516 691 4584 Quicum
719 4517 1050 4572 sciscitasset
1067 4515 1196 4584 quid
1224 4515 1327 4570 hoc
1355 4524 1520 4579 esset,
1544 4515 1687 4570 dicta
1716 4524 1843 4570 sunt

268 4608 484 4662 nomina
507 4607 864 4678 singulorum,
902 4620 1136 4676 quorum
1170 4614 1264 4659 aut
1291 4604 1617 4675 negligentia
1641 4604 1845 4660 fecerat

272 4698 470 4767 nigros,
499 4705 592 4751 aut
627 4696 866 4751 studium
911 4697 1201 4766 splendore
1254 4696 1508 4750 nitentes.
1546 4694 1596 4751 ls
1627 4695 1845 4750 rediens

274 4784 339 4838 ad
364 4801 442 4849 se,
466 4784 618 4841 Patri
666 4798 788 4853 quae
814 4780 1024 4838 viderat
1074 4783 1273 4847 retulit,
1309 4798 1539 4852 eumque
1567 4798 1634 4838 ne
1663 4798 1721 4839 se
1747 4784 1843 4839 de-

276 4876 522 4946 spiceret,
584 4873 883 4930 admonuit.
915 4872 987 4927 At
1030 4873 1124 4927 ille
1148 4873 1483 4944 singulorum
1512 4883 1633 4929 acta
1672 4874 1848 4931 discu-

280 4969 435 5032 tiens,
457 4978 664 5022 mentes
695 4965 943 5029 fratrum,
972 4964 1038 5019 de
1088 4965 1284 5034 quibus
1305 4981 1334 5018 a
1364 4963 1532 5019 fratre
1560 4966 1845 5029 didicerat,

349 5093 374 5123 ι
403 5082 461 5136 id
491 5080 686 5136 accidit
713 5089 839 5133 ante
875 5079 1148 5132 conditum
1177 5078 1409 5147 amplius
1435 5079 1846 5143 monasterium,

284 5166 417 5222 anno
435 5152 679 5222 proinde,
711 5158 821 5222 non
861 5149 985 5213 793,
1013 5158 1077 5222 ut
1114 5158 1300 5222 censet
1332 5148 1724 5222 lienscheuius,
1756 5151 1849 5202 sed

285 5221 403 5291 779,
427 5217 533 5291 quo
590 5220 746 5291 famis
772 5236 974 5291 magna
1008 5218 1063 5272 in
1102 5217 1278 5273 Gallia
1333 5217 1500 5273 fuisse
1532 5219 1849 5288 perhibetur

287 5290 341 5344 in
368 5287 659 5345 Annalibus
688 5287 1030 5343 Loiselianis.
1281 5309 1286 5313 ·

352 5362 380 5401 δ
409 5360 737 5415 Felicianum
789 5358 1002 5429 dogma,
1041 5374 1071 5412 a
1098 5357 1274 5413 Felice
1301 5358 1613 5429 Orgelitano
1657 5356 1851 5429 Hispa-

290 5428 384 5484 nia
413 5431 665 5501 episcopo
717 5427 879 5481 male
909 5427 1353 5501 fabricatumLab
1377 5427 1639 5497 Elipando
1688 5427 1849 5501 Iole—

291 5508 409 5570 tano
445 5496 900 5570 pejus—assertum
933 5515 944 5549 :
980 5497 1033 5570 id
1056 5505 1196 5570 erat,
1228 5496 1501 5570 Christum
1530 5511 1653 5552 esse
1678 5497 1848 5552 lilium

293 5566 377 5623 Dei
408 5566 740 5639 adoptivum.
782 5566 860 5619 Ad
887 5567 1031 5639 quod
1082 5568 1467 5639 revincendum
1495 5576 1681 5639 coacta
1721 5584 1849 5622 con-

297 5640 400 5695 cilia
453 5636 868 5710 Ratisponense,
932 5636 1401 5707 Franeofurtense,
1457 5645 1513 5693 et
1559 5636 1851 5711 Aquisgra-

598 5732 876 5792 Parnoa.
922 5726 1082 5790 CIII.

1938 3164 2164 3227 creavit,
2194 3163 2331 3216 mira
2358 3163 2523 3217 etiam
2553 3164 2811 3234 congruis
2841 3166 3177 3235 temporibus
3203 3182 3301 3236 per
3331 3182 3516 3223 servos

1938 3253 2050 3322 agit
2076 3267 2224 3316 suos,
2257 3268 2378 3323 qua:
2414 3266 2514 3322 per
2559 3253 2702 3308 hunc
2740 3255 2990 3325 gesserit,
3022 3271 3195 3326 pauca
3248 3257 3514 3315 relatione

1939 3340 2318 3411 perstringam.
2360 3339 2506 3411 Ignis
2534 3342 2768 3410 quodam
2811 3350 3055 3413 tempore
3104 3345 3320 3400 domum
3361 3348 3519 3418 juxta

1939 3432 2111 3486 beatae
2138 3432 2322 3487 Maria:
2361 3432 2601 3502 Virginis
2641 3433 2921 3488 basilicam
2955 3433 3112 3488 sitam
3159 3436 3377 3491 invasit.
3411 3437 3517 3493 Sed

1940 3537 2060 3576 cum
2088 3537 2256 3576 vorax
2302 3521 2515 3576 ﬂamma
2548 3521 2802 3590 stipulam
2830 3521 3093 3576 lamberet
3131 3525 3356 3590 siccam,
3383 3542 3515 3581 cou-

1940 3621 2232 3667 currerunt
2272 3612 2515 3667 dolentes
2562 3611 2780 3674 fratres,
2810 3612 3025 3665 domum
3056 3627 3217 3681 quam
3249 3630 3355 3669 non
3400 3617 3520 3671 sine

1940 3715 2138 3771 magno
2187 3701 2371 3755 labore
2418 3708 2854 3763 construxerant,
2885 3714 2915 3752 a
2955 3701 3156 3769 rapidis
3188 3696 3421 3758 flammis
3448 3706 3524 3758 vi-

1942 3794 2131 3847 dentes
2150 3791 2417 3855 consumi,
2441 3805 2758 3860 summoque
2785 3791 2963 3846 studio
2987 3799 3258 3862 satagunt,
3282 3809 3351 3847 ne
3382 3795 3522 3866 ignis

1941 3882 2176 3936 vicinam
2224 3880 2577 3935 succenderet
2631 3880 2964 3936 ecclesiam:
2998 3880 3087 3937 illo
3141 3884 3284 3940 enim
3343 3890 3523 3948 omnis

1943 3972 2179 4041 impetus
2203 3969 2342 4039 ignis
2368 3968 2662 4025 ferebatur.
2691 3970 2768 4025 Ad
2794 3972 2937 4042 quod
2965 3975 3334 4043 spectaculum
3355 3980 3520 4036 etiam

1943 4063 2270 4118 Benedictus
2312 4062 2476 4117 Pater
2510 4063 2768 4129 accessit,
2798 4065 2886 4121 cui
2929 4066 3176 4135 protinus
3220 4068 3434 4130 fratres.
3466 4082 3529 4132 ut

1943 4154 2275 4209 orationibus
2304 4168 2398 4209 eos
2421 4152 2725 4223 adjuvaret,
2749 4155 3038 4225 imperant.
3073 4157 3139 4211 At
3167 4159 3257 4214 ille
3282 4160 3523 4221 festinus

1942 4249 2324 4317 obtemperans
2342 4245 2512 4315 jussis
2536 4246 2783 4313 fratrum,
2818 4261 2934 4302 sese
2961 4264 3086 4303 cum
3113 4248 3366 4322 lacrymis
3394 4266 3523 4311 ante

1947 4339 2119 4393 beatae
2150 4336 2388 4407 Virginis
2416 4345 2470 4391 et
2514 4337 2611 4393 Dei
2639 4337 2915 4408 genitricis
2960 4336 3143 4392 Mariae
3174 4339 3345 4396 altare
3391 4359 3520 4412 pro-

1947 4430 2156 4484 stravit.
2209 4428 2304 4483 lllo
2355 4438 2533 4484 autem
2574 4438 2785 4493 orante,
2822 4442 2948 4487 mox
2997 4430 3179 4484 divina
3222 4433 3522 4502 Opitulanto

1948 4518 2314 4575 misericordia
2371 4518 2425 4571 in
2480 4518 2815 4572 contrarium
2890 4518 3125 4590 impetus
3188 4521 3343 4593 iguis‘
3393 4540 3525 4581 con-

1947 4608 2127 4662 vertit.

2017 4698 2107 4750 ‘21.
2148 4696 2503 4752 Locustarum
2524 4699 2689 4752 etiam
2711 4706 2860 4753 tanta
2884 4700 3074 4755 eodem
3099 4709 3339 4772 tempore
3353 4700 3525 4763 adfuit

1953 4788 2239 4845 multitudo
2268 4829 2283 4852 ,
2332 4800 2390 4843 ut
2442 4805 2540 4845 sua
2587 4790 2856 4848 densitate
2903 4794 3087 4849 radios
3133 4794 3531 4855 abscondercut

1947 4879 2112 4942 solis;
2143 4893 2264 4947 qua:
2292 4880 2610 4950 conglobate
2648 4882 2849 4951 impetu
2882 4883 2936 4937 in
2969 4884 3205 4949 vineam,
3234 4901 3357 4957 qua:
3401 4903 3525 4947 mo-

1949 4969 2186 5023 uastcrio
2213 4970 2389 5024 vicina
2416 4978 2520 5038 est,
2547 4979 2842 5027 vastaturae
2865 4975 3122 5041 resident,
3145 4992 3209 5032 ex
3233 4994 3337 5048 qua
3363 4995 3528 5050 quam

1950 5096 2117 5135 nense
2133 5084 2383 5155 _;A_missus
2414 5083 2466 5138 in
2497 5083 2809 5155 Hispaniam
2857 5102 2965 5141 non
3008 5089 3176 5144 semel
3202 5089 3529 5151 Benedictus

1950 5166 2072 5233 eum
2101 5151 2239 5215 aliis,
2296 5151 2611 5233 attestatur
2653 5154 2994 5233 Alcuinusin
3044 5159 3272 5233 epistola
3299 5165 3527 5233 praefixa

1950 5221 2106 5300 libris
2146 5233 2381 5300 quatuor
2431 5225 2689 5300 adversus
2716 5221 3356 5300 Elipaqdupniingrip‘ta
3410 5232 3541 5289 Lei-

1955 5291 2124 5368 dra‘do
2174 5290 2431 5368 episcopo
2488 5290 2855 5368 Lugdunensi,
2896 5290 3138 5368 N_efridio
3164 5290 3531 5368 Narbonensi,

1953 5367 2007 5414 et
2032 5359 2324 5436 Benedicto
2345 5361 2700 5436 abbati,_cum
2723 5374 2895 5436 essent
2921 5364 2975 5436 in
3005 5368 3277 5434 procinctu
3303 5359 3529 5436 itineris;

1951 5438 2008 5482 ut
2031 5429 2107 5483 ait
2129 5429 2179 5482 in
2206 5428 2325 5502 line.
2353 5428 2415 5502 Υ.
2446 5430 2506 5502 C.
2538 5429 2841 5502 Stephanus
2865 5428 3138 5502 Baluiius,
3167 5440 3221 5492 in
3247 5440 3399 5496 calce
3423 5428 3535 5497 No;

1955 5500 2229 5579 tarum_ad
2256 5499 2641 5579 Ago})artlut_n,_
2662 5500 2831 5579 refert
2850 5499 3133 5579 synodum»
3151 5506 3533 5579 Urgelleusetn

1954 5568 2229 5643 anno_7_99
2258 5583 2319 5623 ea
2352 5571 2418 5624 de
2473 5585 2529 5625 re
2553 5570 2814 5640 habitam,
2864 5568 2951 5631 cui
2984 5568 3309 5636 Benediefus
3343 5568 3537 5643 nosterl

1955 5636 2217 5693 interfuit.

2988 5737 3061 5801 1".
