3942 6190
418 262 524 317 565

1421 247 1478 303 s.
1525 244 1879 302 hENEDtCTl
1920 200 2211 295 ABBA'flS
2248 233 2658 290 ANIANENSIS

3563 237 3671 293 561

364 370 369 375 ’
424 373 657 429 maxime
710 371 899 440 pocula
944 380 1144 424 fratres
1192 364 1469 433 percipere
1520 359 1662 415 soliti
1697 364 1871 412 erant.
1905 355 2002 409 V’ir
2028 356 2077 415 A
2104 349 2371 420 plurimis,
2400 365 2518 419 qua:
2541 347 2656 401 sitm
2686 355 2809 401 Sunt
2834 345 2885 399 in
2920 346 3248 416 porticibus;
3279 361 3388 399 non
3406 342 3521 413 jam
3539 355 3672 405 stra-

424 481 554 523 vero
603 461 926 520 venerabilis
960 461 1132 514 beatae
1176 455 1272 510 Dei
1309 452 1606 509 Genitricis
1644 449 1778 505 adiit
1820 446 2004 504 basili-

428 574 578 622 cam,
611 565 666 609 ct
691 552 853 609 flebili
885 566 1018 605 voce
1061 545 1313 617 perfusus
1351 544 1605 615 lacrymis
1634 540 1877 597 divinum
1906 532 2040 592 im-‘

426 646 604 717 plorat
627 636 905 698 auxilium.
937 638 1044 694 Sed
1064 645 1185 708 post
1205 634 1480 707 paululum
1502 632 1640 687 male
1665 630 2008 700 quiescentes

430 734 725 791 abscedunt
756 732 975 786 locustae

499 825 589 878 22.
630 824 836 877 Rursus
864 822 981 876 vice
1008 820 1113 875 alia
1152 826 1390 873 montem
1419 815 1658 870 vicinum
1690 810 1830 880 ignis
1858 808 2009 863 inva-

432 916 520 981 sit,
550 920 875 980 et,arentem
911 910 1161 981 stipulam
1193 906 1539 975 frondesque,
1568 919 1630 957 ac
1659 901 1788 957 solis
1816 899 2011 953 ardore

431 1015 704 1079 perustam
737 1006 901 1075 cmpit
927 1003 1167 1058 lambere
1195 1009 1417 1065 terram,
1443 1010 1646 1065 suoque
1673 994 1876 1063 impetu
1906 990 2014 1044 rui—

432 1116 557 1155 nam
608 1101 777 1155 vineae
815 1114 879 1153 ac
928 1095 1255 1151 monasterio
1285 1093 1545 1149 minitans
1571 1091 1700 1145 ibat.
1733 1085 1817 1141 Ad
1847 1099 2008 1155 quem

433 1190 887 1261 exstinguendum
932 1188 1109 1243 omnis
1148 1185 1304 1241 turba
1346 1185 1573 1239 fratrum
1602 1178 1864 1243 cucurrit,
1889 1190 2015 1231 cum

434 1282 631 1351 quibus
674 1289 728 1336 et
772 1276 1097 1333 venerabilis
1144 1273 1469 1330 Benedictus
1516 1271 1679 1325 Pater
1722 1267 1885 1331 adiit;
1920 1263 2015 1320 sed

436 1373 577 1446 ignis
632 1380 868 1442 coeptum
918 1387 1043 1425 mox
1092 1367 1330 1424 deseruit
1366 1367 1470 1421 iter
1495 1406 1509 1429 ,
1545 1365 1734 1417 dextra
1777 1361 2017 1428 laevaque

436 1464 865 1533 exstinguendus
908 1474 1223 1532 properans.
1272 1457 1387 1512 Non
1436 1456 1580 1511 enim
1626 1453 1728 1509 nisi
1773 1452 2018 1509 oratione

437 1556 553 1626 ejus
586 1555 912 1613 credendum
958 1561 1090 1624 puto
1130 1558 1341 1606 tantum
1370 1547 1676 1605 incendium
1706 1551 2019 1616 superatum

428 1647 578 1703 fore.

2109 440 2254 495 mine
2299 439 2507 502 domos,
2534 435 2636 492 sed
2687 434 2881 506 tegulis
2928 435 3227 505 cooperuit.
3276 435 3449 489 Tanta
3499 446 3676 495 autem

2110 532 2397 587 sanctitate
2426 530 2567 584 idem
2605 528 2755 582 locus
2781 527 3167 598 estprazditus,
3196 534 3255 581 ut
3277 526 3524 597 quisquis
3548 527 3678 591 fide-

2110 620 2233 676 liter
2258 620 2526 691 petiturus
2552 617 2852 681 advenerit,
2883 627 2939 673 et
2958 634 3065 672 non
3095 618 3427 673 hazsitaverit
3445 618 3500 673 in
3524 621 3685 677 corde

2112 727 2234 778 suo,
2265 711 2359 766 sed
2405 708 2718 776 crediderit,
2757 709 2939 764 statim
2981 708 3125 778 quod
3156 709 3488 780 poposcerit,
3520 711 3691 783 impo-

2113 811 2260 856 trare
2289 799 2489 854 licebit.
2523 798 2660 867 Quia
2682 814 2813 869 ergo
2840 800 2979 854 mira
3005 800 3360 871 religiositate
3386 800 3688 873 praefulget,

2114 900 2291 947 ratum
2318 890 2583 955 ducimus,
2612 890 2658 945 si
2686 889 2752 944 de
2786 890 3052 961 positione
3076 888 3321 963 ejusdem
3352 889 3460 946 loci
3489 890 3692 961 aliquid

2114 988 2238 1050 post
2269 979 2465 1035 futuris
2492 979 2813 1049 pandamus.
2848 978 3128 1048 Siquidem
3153 979 3486 1036 venerabilis
3510 980 3690 1048 Pater,

2116 1072 2439 1128 Benedictus
2488 1072 2575 1142 pia
2633 1071 3067 1127 consideratione
3116 1079 3445 1142 praeventus,
3482 1088 3592 1128 non
3640 1073 3696 1128 in

2118 1163 2346 1233 alicujus
2396 1173 2708 1220 sanctorum
2763 1162 3200 1233 praatitulatione,
3240 1163 3336 1220 sed
3392 1164 3448 1219 in
3492 1163 3698 1220 deities

2119 1255 2424 1320 Trinitatis,
2448 1253 2529 1309 uti
2571 1252 2687 1322 jam
2737 1253 2996 1319 diximus,
3022 1253 3244 1308 nomine
3282 1252 3565 1323 praefatam
3611 1268 3700 1311 ec—

2121 1348 2340 1403 clesiam
2387 1361 2708 1402 consecrare
2734 1346 2763 1386 b
2801 1346 3083 1416 disposuit.
3134 1345 3291 1413 Quod
3328 1354 3389 1402 ut
3431 1347 3552 1404 dico
3578 1347 3701 1404 luce

2123 1435 2325 1490 clarius
2351 1441 2694 1505 agnoscatur,
2739 1434 2793 1488 in
2821 1433 3000 1500 altari,
3030 1434 3178 1504 quod
3218 1435 3559 1506 potissimum
3586 1453 3702 1508 pra

2125 1526 2336 1581 caeteris
2362 1526 2596 1590 videtur,
2631 1532 2743 1581 tres
2774 1540 2901 1580 aras
2927 1527 3140 1581 censuit
3163 1527 3414 1598 supponi,
3437 1536 3500 1582 ut
3532 1528 3593 1584 in
3619 1528 3705 1583 his

2125 1616 2485 1688 personalitas
2527 1616 2810 1671 Trinitatis
2870 1616 3046 1688 typice
3091 1616 3341 1672 videatur
3384 1618 3700 1689 significari.

504 1734 597 1794 25,
636 1722 861 1793 cumam
905 1734 1073 1789 etiam
1123 1732 1276 1788 (mu;
1324 1730 1568 1788 custodia
1597 1729 1759 1795 boum
1790 1735 1910 1782 em;
1937 1726 2021 1780 ίη-
2048 1704 2095 1763 Β
2124 1709 2192 1763 Et
2218 1707 2358 1763 mira
2384 1708 2688 1780 dispositio,
2717 1717 2779 1763 ut
2798 1708 2853 1763 in
2881 1708 3055 1765 tribus
3082 1709 3194 1765 aris
3223 1709 3502 1765 individua
3528 1709 3709 1765 Trini~

434 1828 641 1900 juncta.
669 1826 722 1882 Is
771 1841 894 1881 cum
945 1840 976 1879 a
1027 1823 1361 1878 monasterio
1408 1822 1476 1877 ad
1531 1837 1689 1877 suum
1738 1818 1898 1875 vellet
1942 1819 2021 1873 ire

439 1917 691 1982 cilicium,
720 1915 870 1969 Patri
920 1912 1356 1969 benedictionem
1402 1911 1591 1983 petiit;
1627 1910 1715 1967 cui
1773 1909 2023 1980 protinus

440 2012 532 2067 ille
560 2011 774 2083 signum
800 2007 977 2063 crucis
1003 2005 1173 2072 dedit,
1203 2005 1391 2060 dicens
1418 2020 1431 2059 τ
1456 2004 1715 2059 Dominus
1747 2013 1801 2057 te
1841 2009 2025 2057 custo-

442 2104 572 2159 diat.
602 2103 672 2155 At
695 2116 816 2156 cum
853 2098 1023 2153 frater
1052 2098 1108 2153 in
1133 2096 1497 2152 diversorium
1523 2095 1783 2160 venisset,
1812 2093 2024 2147 duobus

443 2193 743 2263 latronibus
775 2190 1043 2257 occurrit;
1072 2205 1104 2244 a
1139 2188 1359 2258 quibus,
1400 2185 1526 2241 dum
1576 2186 1793 2241 incaute
1836 2198 2024 2239 acces-

444 2285 624 2348 sisset,
653 2290 833 2338 tentus
860 2289 945 2336 est
966 2295 1065 2351 per
1093 2280 1364 2335 habenam
1407 2277 1556 2346 equi,
1581 2291 1741 2345 quem
1770 2273 2024 2338 sedebat;

443 2391 504 2432 se
546 2389 673 2431 vero
708 2374 909 2430 diutius
955 2371 1297 2443 aspicientes,
1328 2368 1461 2424 nihil
1492 2367 1774 2437 loquentes
1811 2364 2029 2419 dimise-

438 2475 572 2525 runt
605 2482 749 2522 cum.
794 2463 866 2519 At
903 2463 994 2519 ille
1025 2463 1135 2517 cito
1159 2460 1431 2525 discessit,
1462 2469 1517 2515 et
1562 2465 1849 2528 postquam
1880 2454 2028 2508 Patri

444 2557 652 2623 retulit,
684 2556 760 2610 ait
789 2574 800 2609 :
833 2553 1147 2609 Benedictio
1173 2560 1226 2608 te
1262 2551 1358 2607 Dei
1387 2550 1625 2606 servavit
1649 2548 1898 2603 illaesum.

514 2649 604 2703 9.1.
646 2648 753 2703 Nec
804 2647 1018 2702 silentio
1065 2646 1193 2700 illud
1242 2643 1676 2713 prmtereundum
1726 2648 1839 2704 cst,
1887 2637 2029 2708 quod

446 2741 565 2811 ipse
609 2737 838 2808 aspexit.
887 2735 1079 2790 Frater
1120 2735 1265 2789 enim
1314 2734 1533 2804 quidam
1589 2730 1908 2802 prmpositus
1950 2735 2034 2782 est

449 2830 796 2893 constitutus,
818 2828 910 2883 sed
937 2828 990 2881 in
1027 2825 1332 2897 superbiam
1363 2824 1566 2894 lapsus,
1595 2823 1662 2876 ab
1684 2821 1871 2875 ordine
1899 2834 2034 2889 prmo

450 2920 707 2992 positura:
753 2918 1061 2987 deponitur.
1111 2917 1193 2971 Ad
1244 2925 1451 2970 tantam
1504 2916 1719 2971 demum
1766 2912 2034 2966 malitiam

452 3013 581 3078 ruit,
610 3021 668 3067 ut
702 3028 732 3064 a
761 3010 1092 3066 monasterio
1135 3023 1387 3079 egressus
1419 3005 1705 3061 latrocinia
1731 3010 2031 3067 exerceret,

2127 1807 2229 1865 tas,
2252 1807 2308 1852 et
2335 1797 2389 1852 in
2412 1812 2522 1852 uno
2549 1797 2711 1852 altari
2736 1797 3099 1853 essentialiter
3120 1798 3278 1853 ﬁrma
3306 1797 3711 1854 demonstretur

2124 1888 2330 1945 Deitas.
2358 1886 2545 1944 Altare
2568 1903 2700 1945 vero
2731 1888 2862 1944 illud
2900 1886 3207 1945 forinsecus
3245 1897 3330 1946 est
3360 1889 3615 1955 solidum,
3645 1891 3713 1947 ab

2126 1978 2273 2033 intus
2328 1985 2510 2033 autem
2555 1991 2793 2032 cavum:
2824 1975 2958 2034 illud
3015 1977 3267 2034 videlicet
3314 1980 3712 2049 praeﬁgurans,

2125 2069 2269 2139 quod
2304 2067 2513 2140 Moyses
2558 2066 2800 2124 condidit
2827 2067 2883 2123 in
2908 2081 3127 2136 eremo,
3160 2075 3460 2125 retrorsum
3489 2069 3709 2126 habens

2125 2164 2400 2230 ostiolum,
2416 2178 2522 2235 quo
2547 2162 2775 2235 privatis
2797 2162 2987 2219 diebus
3015 2162 3238 2220 inclusa:
3259 2171 3511 2219 tenentur
3533 2178 3717 2235 capsa

2128 2274 2251 2313 cum
2296 2257 2528 2313 diversis
2582 2255 2829 2325 reliquiis
2871 2266 2893 2295 ο
2939 2254 3180 2311 Patrum.
3239 2255 3366 2311 llaec
3401 2255 3469 2311 de
3516 2255 3718 2311 altario

2129 2352 2275 2407 dicta
2301 2349 2590 2407 suliiciant.
2614 2348 2699 2404 Ad
2723 2349 3142 2404 instrumentum
3169 2347 3363 2421 domus
3390 2362 3497 2417 quo
3522 2349 3721 2403 ordine

2130 2443 2216 2498 vel
2264 2441 2653 2497 numerositate
2680 2440 3043 2510 compositum
3092 2440 3370 2495 succincte
3415 2440 3718 2510 pergimus.

2132 2533 2339 2588 Cuncta
2370 2530 2638 2604 siquidem
2668 2529 2940 2594 utensilia,
2970 2544 3091 2599 qua:
3116 2528 3172 2583 in
3198 2527 3389 2583 eadem
3427 2529 3592 2585 domo
3626 2530 3720 2584 ha-

2132 2623 2347 2686 bentur,
2372 2620 2426 2674 in
2456 2619 2768 2689 septenario
2795 2634 3024 2675 numero
3049 2626 3367 2674 consecrata
3394 2627 3719 2674 noscuntur.

2136 2712 2356 2783 Septem
2404 2709 2610 2766 scilicet
2660 2708 2990 2765 candelabra
3039 2708 3219 2764 fabrili
3249 2717 3366 2766 arte
3397 2710 3725 2767 mirabiliter

2135 2802 2393 2873 producta
2420 2840 2435 2867 ,
2489 2801 2555 2856 de
2602 2816 2833 2871 quorum
2889 2800 3073 2870 stipite
3125 2801 3430 2871 procedunt
3473 2803 3723 2863 hastilia,

2137 2892 2530 2964 sphaarulteque
2583 2906 2647 2946 ac
2694 2890 2827 2955 lilia,
2877 2890 3070 2946 calami
3116 2906 3181 2946 ac
3230 2890 3416 2961 scyphi
3464 2891 3520 2945 in
3562 2892 3726 2947 nucis

2138 2983 2356 3037 modum
2381 2981 2449 3037 ad
2474 2981 2646 3036 instar
2671 2980 2925 3036 videlicet
2952 2979 3097 3035 illius
3120 2979 3288 3045 facta,
3316 2979 3459 3050 quod
3476 2980 3726 3038 Beseleel

453 3101 527 3156 ita
564 3108 622 3154 ut
655 3100 723 3154 ab
765 3100 881 3169 ipso
934 3098 1265 3154 monasterio
1317 3097 1458 3151 clam
1509 3095 1767 3151 educeret
1812 3108 2029 3162 equum.

2140 3073 2277 3128 miro
2311 3073 2608 3142 composuit
2659 3071 2857 3127 studio.
2903 3075 3043 3127 Ante
3090 3072 3266 3127 altare
3292 3073 3461 3128 etiam
3510 3081 3725 3144 septem

454 3190 624 3258 Quem
655 3197 859 3246 tentum
884 3187 1087 3258 junctis
1126 3187 1352 3259 pedibus
1384 3187 1571 3243 subter
1593 3199 1791 3254 equum
1822 3184 1889 3237 ad
1916 3198 2035 3237 mo-

456 3282 755 3337 nasterium
797 3281 986 3337 deduci
1026 3279 1184 3351 jubet
1230 3277 1620 3333 vociferantem
1655 3283 1712 3331 et
1752 3273 2035 3343 jurantem

458 3388 733 3443 nunquam
779 3388 836 3428 se
882 3372 970 3427 illo
1016 3371 1304 3427 abiturum.
1341 3368 1422 3424 Ob
1449 3366 1603 3436 cujus
1633 3364 2038 3436 insipitudiuem

460 3464 628 3535 virgis
680 3479 803 3518 cum
850 3462 1100 3535 laevigare
1140 3460 1335 3531 jussit;
1374 3460 1558 3530 sicque
1606 3458 1857 3525 deinceps
1894 3455 2039 3526 juste

458 3556 653 3627 pieque
694 3554 883 3610 vivens
912 3553 966 3609 in
997 3538 1243 3609 coenobio
1287 3551 1520 3622 quievit,
1554 3564 1617 3605 ac
1649 3547 1695 3603 si
1727 3547 1843 3618 ipse
1882 3545 1937 3600 in
1973 3558 2040 3599 eo

461 3645 633 3700 hostis
662 3644 929 3715 malignus
958 3658 1128 3699 cmsus
1160 3640 1367 3697 fuisset.

530 3733 619 3788 25.
662 3732 933 3788 Hactenus
962 3732 1028 3788 de
1052 3732 1162 3787 vita
1195 3732 1326 3785 tanti
1368 3730 1569 3795 Patris,
1601 3729 1836 3799 qualiter
1857 3725 2041 3781 divina

462 3827 766 3882 illustrantc
810 3824 1095 3880 clementia
1143 3822 1395 3879 szeculum
1448 3821 1757 3891 reliquerit,
1786 3817 2043 3889 qualiter—

464 3937 569 3991 que
596 3921 648 3975 in
677 3919 886 3975 Gothiae
909 3917 1155 3989 partibus
1183 3915 1682 3985 transmigraverit,
1714 3928 1781 3968 ac
1808 3912 1874 3967 de
1902 3923 2044 3965 novo

463 4025 627 4081 opere
674 4006 1063 4063 monasterium
1116 4004 1513 4067 construxerit,
1558 4004 1700 4058 dicta
1756 3998 2041 4057 sufﬁciant.

467 4098 640 4161 Nunc,
667 4093 962 4165 opitulante
990 4091 1227 4155 Christo,
1255 4106 1322 4144 ex
1344 4099 1613 4159 prmccpto
1643 4088 1822 4144 Caroli
1849 4088 2047 4158 quibus

468 4184 643 4241 modis
690 4181 833 4236 aliud
860 4180 914 4235 in
940 4178 1129 4235 eodem
1168 4178 1286 4235 loco
1328 4179 1633 4234 emnobium
1671 4176 2044 4242 aediﬁcaverit,

467 4274 701 4332 evidenti
728 4273 935 4328 ratione
959 4269 1279 4342 pandamus.

538 4365 627 4420 9.6.
669 4364 827 4420 Anno
872 4362 1036 4433 igitur
1064 4361 1168 4414 772
1194 4372 1243 4427 ο,
1274 4360 1454 4416 Caroli
1503 4376 1631 4415 vero
1680 4359 1859 4430 Magni
1904 4359 2047 4430 regis

472 4461 558 4526 ll,
598 4458 973 4529 adjuvantibus
1023 4471 1146 4512 eum
1178 4454 1403 4510 ducibus
1448 4462 1504 4508 et
1547 4451 1854 4515 comitibus,
1885 4451 2046 4505 aliam

471 4565 661 4606 rursus
707 4550 761 4604 in
788 4549 1052 4603 honorem
1080 4544 1293 4601 Domini
1321 4552 1378 4598 et
1418 4541 1717 4609 Salvatoris
1759 4540 1928 4595 nostri
1957 4555 2048 4595 ec-

471 4642 689 4697 clesiam
716 4636 1089 4711 prmgrandem
1116 4645 1435 4691 construere
1465 4633 1663 4702 cmpit;
1702 4631 1795 4685 sed
1818 4638 1873 4685 et
1900 4630 2047 4685 clau—

473 4716 587 4789 stda
613 4746 754 4801 novo
773 4744 935 4802 opere
968 4728 1073 4783 alia
1100 4743 1222 4783 cum
1248 4725 1511 4781 columnis
1537 4723 1855 4777 marmoreis
1885 4737 2045 4791 quam

544 4882 570 4911 ι
611 4866 857 4923 Mendum
885 4865 972 4918 hic
1003 4877 1106 4916 non
1134 4861 1370 4915 advertit
1397 4858 1699 4912 Menardus.
1731 4856 2040 4926 Lugendum

471 4940 651 5012 potius
677 4952 821 4993 anno
853 4935 957 4991 782
977 4948 1091 5012 quo
1112 4928 1560 5012 jact_a_a3npli.oris
1588 4925 1898 5012 monastemi
1924 4925 2042 5012 filu-

475 4996 758 5072 iiamenta;
791 5022 915 5060 nam
943 4996 1017 5059 ab
1039 4996 1179 5057 anno
1223 5000 1324 5054 776
1353 4996 1716 5053 Anianensem
1742 4996 1919 5051 locum
1954 4997 2043 5049 Be-

473 5080 722 5136 nedictus
746 5076 981 5132 incolere
1012 5073 1195 5143 C(Dpit.

549 5149 578 5190 ι»
615 5147 731 5204 Non
773 5163 862 5202 me
904 5145 1040 5215 fugit
1070 5134 1198 5212 quid
1227 5142 1292 5197 de
1322 5140 1436 5215 hac
1460 5136 1800 5215 dedicatione
1846 5134 2049 5202 legatur

477 5219 532 5274 in
563 5217 884 5289 quibusdam
914 5205 1198 5289 codici-bus
1226 5227 1355 5266 mss.
1391 5208 1589 5289 Yerum
1630 5205 1683 5260 id
1714 5214 1885 5260 totum
1914 5219 2050 5271 pre

478 5278 781 5346 territittere
825 5287 994 5342 satius
1026 5293 1128 5347 est,
1160 5298 1321 5352 quam
1346 5278 1660 5334 criticorum
1690 5289 2053 5352 censurteex-

397 5394 406 5403 υ
476 5344 698 5431 ponere.
734 5357 975 5431 Sulliciet
1004 5344 1196 5431 lucide.
1225 5362 1497 5431 re‘sermo
1535 5348 1807 5431 quondam
1840 5344 2056 5431 haLbitus

480 5411 1184 5555 "festo-dedicationis,
1241 5420 1379 5476 infra
1431 5420 1489 5473 in
1532 5411 1843 5488 Appendice
1897 5411 2056 5481 hujus

536 5508 640 5554 tua.

536 5500 640 5554 itm.

558 5579 582 5607 ο
618 5567 675 5621 In
714 5565 1101 5620 Auiaaeusium
1151 5555 1712 5631 reliquiarumnindice
1737 5568 1842 5608 ms.
1867 5568 2053 5631 nume-

488 5648 639 5696 ratur
686 5638 825 5691 inter
860 5637 992 5690 alias
1020 5625 1287 5703 particula
1320 5643 1463 5685 vera:
1497 5625 1706 5693 Crucis,
1729 5640 1844 5695 qua:
1883 5632 1956 5678 est
1997 5625 2051 5678 in

2135 3164 2437 3235 dependent
2479 3163 2754 3232 lampades
2806 3162 2959 3217 mirae
3005 3170 3169 3232 atque
3213 3162 3618 3233 pulcherrimae,
3646 3164 3727 3218 in-

2137 3255 2439 3311 :estimabili
2464 3253 2598 3310 fusa:
2620 3255 2964 3324 laborc,quaa
2990 3269 3021 3308 a
3048 3254 3260 3325 peritis,
3291 3255 3383 3325 qui
3413 3270 3509 3311 eas
3541 3256 3728 3313 visere

2138 3351 2417 3414 exoptant,
2444 3343 2822 3399 Salomoniaco
2849 3344 3102 3399 dicuntur
3133 3343 3397 3400 «inflatas.
3441 3343 3576 3399 Alia:
3611 3352 3732 3399 tan-

2141 3439 2381 3494 tumdem
2407 3439 2462 3494 in
2488 3438 2656 3494 choro
2684 3438 2991 3509 dependent
3030 3437 3305 3510 lampades
3346 3447 3642 3510 argenteae,
3673 3438 3729 3495 in

2140 3530 2355 3585 modum
2397 3545 2639 3597 coronae,
2671 3546 2792 3601 quae.
2817 3531 2874 3586 in
2912 3546 2973 3587 se
3007 3531 3227 3587 insertis
3254 3530 3472 3587 circulis
3497 3534 3731 3602 cyathos

2141 3624 2411 3695 rccipiunt
2448 3639 2545 3694 per
2591 3640 2785 3696 gyrum
2826 3641 2842 3679 :
2880 3625 3158 3695 morisque
3200 3633 3286 3680 est
3330 3623 3629 3695 praecipuis
3676 3626 3728 3679 in

2143 3713 2528 3771 festivitatibus
2556 3715 2679 3770 oleo
2704 3714 2938 3786 repletas
2964 3715 3213 3780 accendi,
3248 3715 3448 3785 quibus
3476 3716 3732 3770 accensis

2142 3807 2310 3862 veluti
2335 3807 2390 3862 in
2421 3807 2529 3873 die,
2556 3807 2630 3863 ita
2651 3808 2706 3862 in
2732 3815 2891 3863 nocte
2918 3815 3030 3862 tota
3062 3806 3290 3877 refulget
3312 3805 3561 3862 ecclesia.
3599 3806 3730 3861 Tria

2144 3899 2378 3969 denique
2420 3899 2615 3956 altaria
2657 3900 2711 3955 in
2757 3899 2945 3954 eadem
2993 3906 3122 3954 sunt
3162 3896 3340 3953 dicata
3379 3896 3615 3953 ecclesia
3644 3898 3732 3953 vel

2143 3989 2386 4056 basilica,
2416 4005 2584 4044 unum
2612 3988 2864 4044 videlicet
2884 3988 2939 4043 in
2964 3988 3225 4044 honorem
3249 3988 3423 4042 sancti
3450 3986 3733 4043 Michaelis

2146 4079 2480 4150 archangeli,
2505 4080 2649 4134 aliud
2673 4079 2728 4133 in
2759 4079 3164 4133 venerationem
3195 4078 3472 4133 beatorum
3505 4087 3732 4147 aposto-

2145 4172 2319 4227 lorum
2348 4171 2494 4228 Petri
2523 4180 2578 4225 ct
2606 4170 2779 4236 Pauli,
2811 4170 3034 4225 tertium
3065 4170 3121 4224 in
3153 4171 3414 4224 honorem
3447 4167 3574 4223 aimi
3605 4183 3735 4240 pro-

2146 4263 2461 4335 tomartyris
2509 4262 2785 4333 Stephani.
2840 4260 2898 4316 In
2949 4261 3176 4317 ecclesia
3225 4275 3356 4315 vero
3408 4260 3601 4315 beate
3636 4260 3732 4314 Dei

2147 4355 2424 4428 genitricis
2460 4353 2661 4418 Marim,
2687 4367 2809 4424 quae
2851 4352 3106 4423 primitus
3148 4358 3234 4405 est
3275 4350 3520 4414 fundata,
3551 4349 3732 4403 sancti

2150 4447 2388 4512 Martini,
2420 4460 2628 4501 necnon
2672 4453 2727 4499 et
2756 4441 3218 4499 beati'Benedicti
3249 4439 3440 4495 haberi
3474 4439 3736 4494 videntur

2149 4539 2365 4594 altaria.
2388 4537 2480 4592 llla
2504 4551 2636 4592 vero
2660 4550 2778 4606 quae
2797 4535 2851 4589 in
2875 4534 3189 4613 cremeterio
3211 4532 3432 4586 fundata
3459 4531 3732 4597 consistit,

2150 4628 2206 4682 in
2235 4628 2494 4683 honorem
2525 4625 2701 4680 sancti
2729 4622 2955 4679 Joannis
2997 4622 3252 4692 Baptistae
3295 4627 3613 4675 consecrata
3654 4619 3736 4674 di-

2151 4720 2454 4791 gnoscitur,
2476 4733 2582 4788 quo
2605 4717 2748 4772 inter
2774 4724 2930 4770 natos
2951 4715 3238 4769 mulierum
3267 4710 3527 4781 majorem
3557 4712 3707 4766 nemi

2150 4872 2275 4909 arca
2306 4870 2491 4919 aurea,
2514 4868 2630 4923 qua:
2660 4851 2757 4923 fuit
2782 4849 3111 4923 imperatoris
3140 4841 3733 4913 Constanu'nopolitani;

2153 4927 2280 4979 item
2314 4925 2439 4988 alia,
2468 4919 2586 4993 quas
2614 4919 2689 4975 est
2722 4919 3011 4973 incattrata
3038 4919 3093 4972 in
3127 4924 3731 4993 garouetjemperima-

2153 5005 2236 5049 net
2263 4996 2318 5048 in
2343 4982 2585 5062 scutella,
2609 5007 2727 5062 qua:
2749 4999 2822 5043 est
2846 4996 3090 5062 argenteo
3120 4983 3307 5062 Κανοᾷ
3349 4982 3576 5062 (πῃπῇ,
3604 4982 3734 5062 item

2154 5082 2260 5118 una
2311 5050 2583 5134 spinaidev
2618 5050 2810 5115 corona
2864 5050 3076 5134 Domini
3109 5055 3299 5134 _nostri
3336 5050 3465 5134 {esu
3514 5050 3732 5134 Christi,

2156 5120 2445 5187 incastrata
2473 5133 2528 5185 in
2554 5146 2707 5193 auro,
2735 5143 2855 5194 qua:
2884 5127 3064 5181 itidem
3108 5125 3161 5178 in
3209 5123 3469 5194 praedicta
3509 5120 3734 5194 scutella

2159 5218 2371 5273 semper
2398 5189 2729 5273 asservatur.
2755 5189 2825 5254 'ln
2872 5202 3083 5273 vetusto
3112 5189 3251 5248 libro
3277 5189 3737 5273 Cmremonia‘rum

2160 5258 2397 5343 ejusdem
2422 5269 2733 5326 monasterii
2752 5265 3142 5343 praescribitur,
3166 5262 3509 5343 ut_sa_cerdos
3530 5258 3737 5343 hebdo:

2161 5328 2434 5399 inadarius
2455 5355 2650 5410 panem
2687 5328 2912 5393 solemni
2943 5334 3051 5390 ritu
3078 5332 3477 5410 benedictunrus,
3510 5328 3736 5410 accipiat

2158 5397 2430 5469 seniellum
2459 5397 2646 5465 'Karoli
2676 5424 2795 5462 cum
2836 5422 2955 5460 vera
2999 5420 3172 5465 cruce,
3194 5410 3300 5457 etc.
3345 5397 3742 5469 Scutella_hmc

2158 5465 2556 5553 compluribus
2596 5479 2723 5553 aliis
2748 5479 2909 5553 rebus
2934 5474 3105 5553 sacris
3147 5468 3428 5553 deperdita
3462 5476 3564 5523 est.
3589 5465 3740 5534 Lege

2158 5540 2474 5610 Ss‘rm'oncm
2503 5551 2568 5607 dc
2605 5547 2943 5605 dedicatione
2973 5546 3027 5600 in
3055 5540 3387 5613 Appendice.
