3942 6190
227 286 338 346 565

1760 286 1937 344 VITA.

3376 286 3477 340 535

231 414 359 457 nem
394 396 704 454 surrexisse
724 398 905 453 divina
936 406 1262 453 attestarunt
1284 398 1520 453 oracula.
1554 398 1814 453 Conside-
1843 401 1890 460 Α
1921 396 1990 450 tis
2018 395 2073 448 in
2097 395 2302 450 honore
2349 394 2558 449 Domini
2591 395 2683 450 Dei
2714 412 2776 451 ac
2803 395 3102 453 Salvatoris
3144 397 3313 453 nostri
3356 396 3483 452 Jcsu

229 504 360 545 rare
402 488 541 543 libet
585 497 786 557 quanta
832 488 1137 543 humilitate
1176 503 1242 544 ac
1283 489 1586 543 reverentia
1624 487 1816 541 iisdem

232 584 563 640 metuendus
589 583 661 637 sit
681 583 853 648 locus,
879 582 970 652 qui
998 589 1078 635 tot
1103 581 1438 652 principibus
1456 580 1670 634 videtur
1697 593 1819 634 esse

232 676 498 731 munitus.
554 672 833 744 Siquidem
875 672 1136 727 Dominus
1179 671 1427 727 Christus
1452 671 1711 739 Princeps
1738 676 1821 722 est

230 764 477 821 omnium
525 762 851 832 principum,
882 760 998 815 Rex
1030 777 1234 832 regum,
1263 768 1317 815 et
1356 759 1619 815 Dominus
1645 758 1819 812 domi-

232 855 483 911 nantium
513 854 711 907 :beata
761 867 893 906 vero
934 849 1175 918 ejusdem
1221 849 1317 904 Dei
1371 849 1602 921 genitrix
1651 848 1821 901 Maria

232 951 561 999 cunctarum
591 943 860 1012 virginum
904 942 1146 996 creditur
1173 955 1294 996 esse
1334 942 1558 1011 regina;
1592 939 1822 994 Michael

234 1037 451 1091 cunctis
483 1034 772 1106 prrefertur
811 1034 1156 1105 angelorum;
1194 1033 1391 1088 Petrus
1418 1040 1473 1086 et
1500 1031 1702 1086 Paulus
1730 1046 1823 1086 ca-

228 1127 347 1195 pita
369 1133 502 1181 sunt
523 1125 925 1195 apostolorum;
950 1122 1260 1194 Stephanus
1288 1129 1651 1193 protomartyr
1674 1122 1824 1191 prin-

234 1219 479 1288 cipatum
536 1222 683 1270 tenet
741 1215 795 1269 in
847 1214 1019 1269 choro
1077 1213 1329 1278 testium;
1386 1206 1647 1266 Martinus
1692 1223 1823 1264 vero

234 1322 453 1378 gemma
500 1304 735 1374 refulget
770 1304 1093 1374 praesulum;
1141 1302 1464 1357 Benedictus
1505 1308 1823 1356 cunctorum

232 1405 321 1451 est
349 1394 516 1449 Pater
554 1394 965 1448 monachorum.
1017 1393 1076 1447 in
1120 1400 1326 1462 septem
1358 1392 1485 1446 item
1526 1389 1740 1454 altaria,
1770 1389 1822 1441 in

232 1495 449 1555 septem
482 1483 827 1548 candelabra,
856 1483 992 1539 etin
1019 1490 1225 1552 septem
1257 1481 1535 1552 lampades
1574 1478 1827 1550 septifor-

234 1576 346 1630 utis
370 1568 550 1645 gratia
578 1573 816 1644 Spiritus
844 1574 1018 1629 sancti
1047 1572 1380 1644 intelligitur.
1695 1599 1699 1603 -

310 1664 404 1718 27.
442 1663 750 1735 Cognoscat
790 1661 1037 1731 quisquis
1080 1661 1170 1739 ille
1215 1670 1318 1727 est,
1353 1660 1443 1730 qui
1490 1661 1633 1716 hanc
1677 1660 1825 1729 cupit

233 1756 427 1826 legere
452 1754 536 1809 vel
566 1754 756 1809 audire
792 1753 997 1818 Vitam,
1029 1738 1349 1807 cunctorum
1376 1752 1479 1806 boe
1514 1758 1678 1820 caput
1703 1766 1825 1805 esse
1854 1738 1902 1798 Β

231 1844 639 1909 coenobiorum,
684 1857 793 1898 non
844 1843 1019 1897 solum
1048 1856 1171 1911 quae
1215 1840 1427 1896 Gothiae
1470 1841 1525 1894 in
1577 1841 1824 1910 partibus

1922 465 2493 547 Christinseusanct'e
2517 480 2834 547 semperque
2866 468 3090 537 virginis
3124 467 3362 547 ejusdem

1921 534 2207 601 genitricis
2227 534 2432 599 Mariae,
2462 550 2557 589 seu
2588 534 2815 589 aliorum
2845 534 3165 591 sanctorum
3201 536 3491 593 abdilicavit

1921 602 2120 677 inloco
2163 612 2506 677 nuncupante
2545 604 2776 677 Quiane,
2802 605 2855 660 in
2904 620 3040 677 pago
3080 605 3490 677 Magdalenense

1921 672 2110 725 subtus
2132 681 2309 725 castro
2343 672 2847 740 Monte-Calmensc,
2883 672 2948 729 ad
2977 672 3217 730 nostram
3263 677 3495 731 accessit

1922 739 2283 810 clementiam,
2315 751 2369 795 et
2406 741 2720 810 praedictum
2746 746 3131 799 monasterium
3163 760 3285 799 cum
3311 752 3491 800 omni—

1922 810 2023 884 bus
2057 809 2216 884 rebus
2253 819 2315 884 et
2347 809 2680 884 ornamentis
2726 814 3002 884 ecclesiae,
3030 830 3124 869 seu
3164 815 3494 884 appendiciis

1922 877 2347 954 veladjacentiis
2372 881 2504 954 _suis
2547 881 2602 934 in
2646 883 2901 954 manibus
2942 885 3142 954 nostris
3181 877 3491 954 plenissima

1924 948 2310 1021 deliberatione
2336 949 2481 1003 visus
2521 957 2604 1021 est
2630 951 2924 1021 delegasse,
2948 962 3004 1006 et
3046 948 3218 1021 ipsum
3247 965 3491 1008 sanctum

1923 1016 2121 1090 locum
2141 1019 2242 1073 sub
2280 1027 2463 1090 nostra
2507 1016 3005 1090 defensionemque
3034 1016 3395 1077 dominatione
3425 1023 3494 1077 ad

1923 1088 2217 1160 regendum
2245 1089 2400 1160 nobis
2431 1090 2576 1144 visus
2602 1099 2687 1145 est
2723 1088 3027 1146 tradidisse.
3057 1091 3261 1146 idcirco
3287 1095 3354 1147 ad
3380 1092 3497 1160 ejus

1923 1157 2238 1227 petitionem
2277 1157 2383 1213 tale
2408 1174 2508 1229 pro
2536 1170 2736 1215 aeterna
2775 1162 3132 1215 retributione
3175 1157 3494 1217 beneﬁcium

1924 1243 2050 1296 erga
2080 1229 2254 1297 ipsum
2282 1239 2524 1282 sanctum
2551 1230 2726 1283 locum
2752 1231 2851 1284 visi
2884 1230 3083 1285 fuimus
3108 1231 3414 1296 indulsisse,
3439 1239 3499 1284 ut

1926 1297 1980 1370 in
2010 1299 2253 1370 ecclesiis
2278 1307 2332 1353 et
2362 1298 2493 1354 locis
2513 1301 2598 1353 vel
2628 1301 2772 1368 agris
2799 1316 2894 1356 seu
2921 1301 3041 1356 aliis
3065 1301 3497 1370 possessionibus

1927 1368 2097 1437 ipsius
2140 1370 2480 1441 monasterii,
2508 1382 2647 1439 quas
2690 1370 2950 1441 moderuo
2997 1368 3241 1441 tempore
3276 1385 3375 1441 per
3400 1384 3500 1425 no-

1927 1447 2096 1492 stram
2127 1439 2470 1493 donationem
2496 1438 2559 1493 ac
2578 1438 3041 1496 conﬁrmationem
3063 1438 3157 1496 seu
3178 1438 3500 1497 cancrorum

1927 1505 2164 1580 ﬁdelium
2180 1507 2325 1580 justo
2346 1507 2622 1577 possidere
2648 1507 2882 1580 videtur,
2906 1510 2959 1563 in
2988 1508 3495 1580 quibuslibethlocis,

1968 1577 2187 1648 uidquid
2218 1578 2416 1633 ibidem
2446 1587 2667 1648 propter
2699 1578 2955 1648 divinum,
2977 1577 3212 1634 amorem
3244 1578 3500 1634 collatum

1953 1647 2050 1720 ’uit,
2076 1662 2300 1717 quaeque
2333 1647 2498 1719 etiam
2546 1649 2796 1720 deinceps
2843 1649 2896 1702 in
2934 1647 3064 1720 jure
3109 1649 3280 1720 ipsius
3324 1649 3502 1704 sancti

1930 1716 2055 1782 loci,
2085 1716 2180 1789 aut
2202 1716 2300 1787 per
2325 1716 2423 1789 nos
2452 1728 2545 1770 aut
2569 1732 2668 1789 per
2693 1717 2828 1773 alios
2859 1717 3095 1774 voluerit
3119 1716 3301 1774 divina
3325 1720 3502 1789 pietas

1929 1788 2146 1857 augeri;
2188 1786 2563 1857 praecipientes
2587 1786 2840 1857 jnbemus
2871 1796 3032 1856 atque
3077 1786 3502 1844 anathematiza-

1927 1864 2169 1929 mus,gut
2212 1857 2391 1911 nullus
2436 1872 2638 1922 comes,
2690 1871 2866 1927 neque
2909 1859 3213 1929 episcopus.
3253 1858 3502 1929 autulla

233 1943 561 1992 constructa
604 1950 729 1991 esse
772 1936 1049 2001 videntur,
1076 1949 1265 1989 verum
1298 1934 1458 1989 etiam
1508 1941 1563 1986 et
1605 1933 1826 1987 illorum
1920 1926 2207 2001 iudiciaria
2255 1934 2497 1997 potestas
2536 1929 2613 2001 _ad
2664 1926 2858 2001 causas
2899 1926 3195 2001 audiendas
3224 1928 3305 2001 vel
3352 1927 3503 1983 freda

233 2042 369 2097 qua:
407 2026 530 2080 aliis
558 2026 612 2080 in
647 2025 956 2096 regionibus
990 2038 1054 2078 ea
1106 2034 1446 2092 tempestate,
1473 2032 1529 2078 et
1569 2022 1829 2092 deinceps

233 2132 345 2189 per
393 2115 555 2185 hujus
601 2115 847 2186 exempla
901 2114 1191 2180 mdilicata,
1238 2122 1401 2184 atque
1445 2115 1512 2169 de
1558 2113 1830 2170 thesauris

231 2209 395 2265 illius
427 2202 616 2274 ditata,
652 2208 788 2262 sicut
838 2207 1060 2263 inantea
1104 2219 1389 2263 narraturo
1421 2215 1508 2263 est
1544 2207 1826 2264 schednla.

230 2300 410 2357 Dedit
430 2308 608 2355 autem
635 2314 731 2355 cor
751 2314 907 2354 suum
947 2298 1015 2353 ad
1041 2299 1468 2368 iuvestigandam
1489 2300 1633 2354 beati
1659 2298 1832 2355 Bene-

230 2389 380 2446 dicti
402 2388 683 2460 Regulam,
717 2387 1071 2457 eamdemque
1092 2395 1152 2441 ut
1180 2386 1479 2455 intelligere
1506 2387 1674 2456 possit
1715 2394 1828 2442 sat-

231 2495 416 2551 agere
446 2479 772 2535 circumiens
797 2478 1145 2543 monasteria,
1170 2478 1374 2548 peritos
1397 2492 1641 2548 quosque
1664 2478 1833 2533 inter-

232 2587 455 2641 rogans
474 2586 593 2642 quae
616 2571 930 2641 ignorabat;
960 2579 1016 2625 et
1035 2570 1279 2625 omnium
1309 2577 1645 2635 sanctorum,
1670 2584 1833 2639 quas—

233 2678 473 2734 cunque
505 2663 747 2717 invenire
795 2661 971 2731 potuit
1018 2661 1231 2731 regulas
1277 2662 1646 2733 congregavit.
1696 2660 1835 2717 Nor-

233 2769 511 2824 mamque
536 2753 746 2815 utilem,
765 2761 823 2807 et
852 2754 1306 2808 monasteriorum
1336 2752 1580 2808 salubres
1607 2767 1836 2808 consue-

234 2843 474 2899 tudines
493 2842 701 2906 didicit,
727 2842 947 2911 suisque
975 2857 1069 2897 eas
1097 2842 1319 2898 tradidit
1342 2843 1624 2898 monachis
1651 2845 1837 2898 obser-

233 2934 483 2989 vandas.
530 2932 770 2988 Instituit
809 2943 1091 2997 cantores,
1129 2933 1312 2989 docuit
1346 2932 1599 2997 lectores,
1646 2933 1837 2989 habuit

229 3024 655 3097 grammaticos,
681 3032 738 3078 et
785 3024 1011 3079 scientia
1058 3024 1462 3094 Scripturarum
1510 3026 1736 3096 peritos,
1767 3026 1835 3081 de

230 3115 454 3186 quibus
475 3116 631 3170 etiam
656 3116 873 3185 quidam
895 3124 1016 3185 post
1038 3115 1189 3172 fuere
1211 3118 1471 3187 wiscom,
1499 3118 1828 3189 aggregavit.

232 3208 544 3264 Librorum
578 3207 979 3263 multitudinem
1005 3196 1373 3280 congregavit,
1405 3210 1645 3280 pretiosa
1675 3211 1837 3264 vesti-

235 3310 443 3357 menta
473 3302 869 3367 ecclesiastica,
899 3300 1097 3357 calices
1143 3309 1427 3372 argenteos
1470 3301 1833 3370 praegrandcs,

236 3392 533 3448 offertoria
577 3401 851 3464 argentea,
886 3400 942 3445 et
974 3390 1238 3461 quidquid
1264 3392 1413 3461 operi
1452 3390 1548 3446 Dei
1579 3407 1834 3447 necessa-

238 3487 397 3540 rium
427 3499 546 3539 esse
574 3485 875 3554 conspexit,
901 3498 1115 3539 summo
1158 3499 1281 3539 cum
1318 3484 1499 3539 studio
1529 3484 1833 3553 acquisivit.

240 3578 427 3634 Notus
454 3578 634 3647 itaque
663 3577 837 3633 factus
864 3588 948 3634 est
971 3579 1244 3644 omnibus,
1278 3588 1334 3634 ct
1360 3578 1501 3634 fama
1531 3580 1837 3636 sanctitatis

237 3669 375 3739 ejus
422 3668 602 3738 regias
645 3670 1064 3740 imperialesqne
1109 3673 1413 3741 penetravit
1456 3689 1637 3727 aures.
1691 3673 1839 3728 Abiit

242 3759 454 3815 deinde
489 3758 556 3814 ad
590 3759 1038 3831 gloriosissimum
1067 3756 1446 3831 imperaturem
1486 3762 1736 3817 Carolum
1766 3763 1839 3818 ob

242 3849 547 3904 utilitatem
600 3851 951 3916 monasterii,
984 3850 1168 3920 illique
1196 3853 1501 3907 coenobium
1532 3854 1617 3923 pia
1658 3854 1839 3908 consi-

248 3941 539 3996 deratione
582 3950 890 4010 praeventus
913 3982 931 4007 ,
963 3957 1033 3998 ne
1077 3943 1437 3999 incommoda.
1462 3961 1491 3999 a
1522 3945 1837 4017 parentibus

246 4034 351 4107 {Id
404 4044 517 4115 est,
549 4034 985 4115 consanguineis]
1018 4037 1133 4092 suis
1184 4046 1499 4106 paterentur
1542 4046 1667 4109 post
1720 4037 1837 4107 ejus

243 4112 554 4195 discessum
592 4112 937 4195 superstites,
967 4142 1065 4196 per
1102 4127 1350 4183 chartam
1397 4129 1614 4183 tradidit
1659 4130 1836 4200 possi-

244 4217 487 4273 dendum
517 4233 534 4271 :
565 4231 598 4270 a
631 4232 740 4288 quo
764 4232 887 4272 mox
920 4218 1313 4299 immunitatem
1339 4220 1581 4290 percepit
1608 4232 1637 4260 δ
1665 4221 1838 4276 conti-

244 4315 475 4362 nentem
504 4307 585 4362 ita
606 4321 623 4360 :

330 4414 351 4447 ι
369 4395 690 4481 λιιροπιξρθ
714 4406 915 4481 sanctae
942 4405 996 4452 et
1025 4397 1316 4481 individua:
1339 4398 1639 4481 Trinitatis,
1668 4400 1836 4458 Caro—
1858 4422 1913 4481 Ι)

244 4466 341 4520 lus
369 4465 468 4540 Dei
501 4467 676 4540 gratia
702 4483 796 4522 rex
833 4467 1163 4523 Francorum
1187 4479 1241 4524 et
1269 4468 1746 4540 Longobardorum
1772 4485 1835 4525 ac

250 4535 526 4606 patricius
554 4535 947 4592 Romanorum.

329 4606 623 4661 Maximum
662 4609 814 4677 regni
859 4607 1029 4662 nostri
1075 4610 1129 4664 in
1168 4610 1269 4665 hoc
1319 4622 1516 4678 augere
1565 4607 1837 4663 credimus

254 4678 679 4750 munimentum,
722 4678 781 4750 si
805 4679 1064 4750 beneficia
1091 4688 1388 4750 opportuna
1417 4679 1548 4732 locis
1576 4678 1833 4733 ecclesia-

258 4762 378 4800 rum
438 4748 700 4802 benevola
753 4749 1039 4804 devotione
1090 4748 1464 4815 concedii‘nus,
1496 4765 1559 4803 ac
1612 4750 1837 4804 Domino

256 4826 577 4889 protegente
602 4817 871 4889 stabiliter
896 4818 1191 4889 perdurare
1225 4820 1638 4874 COIISCl'liilllltlS.
1670 4818 1837 4889 Igitur

260 4894 447 4960 notum
478 4887 547 4941 sit
573 4888 824 4960 omnibus
847 4887 1152 4960 episc0pis,
1198 4889 1503 4960 abbatibus,
1536 4888 1838 4960 comitibus

258 4968 319 5009 et
348 4958 774 5020 vicecomitibus,
810 4956 1425 5025 vicariis,'centenariis,
1450 4956 1724 5026 jndicibus
1746 4972 1841 5013 seu

260 5042 300 5098 ς)
322 5027 512 5081 mnibus
532 5026 780 5082 ﬁdelibus
801 5030 1153 5098 praesentibus
1176 5029 1382 5086 scilicet
1403 5037 1457 5083 et
1478 5028 1694 5092 futuris,
1713 5044 1847 5098 qua-

258 5096 389 5149 liter
412 5098 493 5151 vir
522 5096 849 5152 venerabilis
875 5096 1197 5154 Benedictus
1225 5099 1391 5153 abbas
1418 5113 1484 5152 ex
1516 5096 1846 5154 uiciiasterio

260 5168 409 5235 quod
434 5169 547 5236 ipse
579 5183 721 5223 novo
747 5181 910 5237 opere
931 5168 1054 5237 jure
1082 5169 1441 5241 preprietario
1471 5185 1500 5222 a
1528 5166 1846 5223 fundamen—

341 5292 365 5318 ι
400 5282 529 5351 Quae
576 5296 881 5351 sequuntur
905 5296 1085 5351 usque
1107 5281 1174 5351 ad
1202 5295 1486 5336 numerum
1533 5279 1620 5342 42,
1651 5281 1847 5335 desunt

341 5297 365 5318 ι
402 5297 529 5346 una:
576 5297 635 5335 se
678 5297 881 5335 uuntur
912 5297 1085 5351 usque
1107 5297 1174 5336 ac
1202 5297 1454 5336 numerum

262 5347 327 5402 in
346 5350 505 5431 editis
528 5297 673 5431 apud
698 5349 1011 5431 _Menardum
1042 5360 1098 5431 et
1119 5350 1454 5431 Doliandum.

346 5419 370 5458 δ
397 5420 454 5473 In
479 5418 807 5489 quibusdam
855 5421 1012 5476 istius
1038 5421 1352 5490 diplomatis
1392 5418 1654 5490 exemplis
1682 5434 1848 5490 appo-

263 5488 416 5561 nitur
435 5488 549 5546 huic
568 5490 847 5546 clausula:
874 5489 1012 5561 Data
1043 5488 1111 5544 vr
1132 5489 1532 5561 Kl._Augustus',
1555 5505 1703 5561 anno
1713 5488 1848 5561 nono

266 5558 466 5638 decimo
491 5563 640 5638 regni
668 5560 855 5638 nostri.
896 5560 1084 5638 Actum
1121 5560 1176 5614 in
1212 5557 1596 5638 Rugnncsbnrg‘
1610 5557 1811 5638 palatio
1829 5574 1853 5622 ;

270 5642 390 5695 qua:
416 5627 657 5685 clausula
689 5631 897 5686 certior
938 5631 1153 5699 videtur
1189 5627 1361 5699 quain,
1396 5627 1659 5697 appositio
1707 5627 1848 5680 Bar-

276 5700 535 5755 thofoma’i
573 5702 771 5756 notarii
807 5701 876 5755 ad
917 5702 1074 5755 vicem
1122 5698 1373 5753 Ludovici
1425 5699 1849 5768 recognoscentis.

1928 1997 2208 2069 exigenda,
2237 2006 2332 2052 aut
2376 1997 2687 2069 mansiones
2717 1997 2803 2069 vel
2831 2005 3052 2069 paratas
3081 1997 3377 2062 faciendas,
3411 2006 3505 2054 aut

1929 2066 2274 2150 fideiussores
2318 2066 2599 2131 tollendos,
2630 2081 2731 2123 nec
2763 2066 3011 2124 homines
3037 2068 3206 2150 ipsius
3233 2075 3506 2125 monaste-

1930 2137 1997 2191 rii
2024 2143 2131 2190 tam
2161 2137 2421 2209 ingenuos
2449 2151 2957 2209 quamqueiservos,
2984 2137 3073 2207 qui
3108 2154 3271 2209 supra
3302 2148 3502 2209 terram

1930 2208 2213 2278 memorati
2243 2207 2559 2262 monasterii
2604 2208 2845 2278 residere
2888 2207 3509 2278 videntur,'distringen-

1930 2277 2050 2343 dos,
2079 2292 2181 2333 nec
2209 2278 2346 2334 ullas
2376 2276 2765 2333 redhibitiones
2807 2285 2902 2333 aut
2942 2277 3161 2334 illicitas
3188 2275 3506 2333 occasiones

1930 2348 2340 2417 perquirendas,
2365 2356 2459 2403 aut
2488 2347 2652 2403 ullum
2695 2348 2916 2403 omnino
2962 2363 3184 2403 censum
3232 2347 3509 2417 inquiren-

1932 2416 2079 2482 dum,
2109 2418 2218 2472 ullo
2246 2433 2484 2488 unquam
2512 2426 2753 2487 tempore
2784 2417 2993 2486 ingredi
3025 2418 3237 2484 audeat,
3270 2416 3353 2472 vel
3381 2432 3508 2471 exa-

1931 2492 2082 2542 etare
2108 2487 2417 2556 praesumat.
2451 2488 2556 2543 Sed
2583 2488 2684 2542 hoc
2713 2487 2827 2556 ipse
2854 2488 3023 2543 abbas
3053 2490 3137 2543 vel
3167 2502 3511 2544 successores

1932 2557 2139 2627 sui_aut
2184 2558 2434 2612 monachi
2465 2557 2749 2611 memorati
2795 2558 2921 2621 loci,
2971 2566 3267 2627 praesentes
3298 2558 3510 2613 scilicet

1928 2635 1988 2683 et
2013 2625 2197 2698 futuri,
2229 2636 2451 2698 propter
2477 2642 2673 2682 nomen
2699 2627 2915 2698 Domini
2940 2625 3040 2682 sub
3063 2627 3285 2698 integrae
3310 2628 3508 2682 immu-

1932 2697 2120 2752 nitatis
2148 2696 2366 2767 nomine
2386 2698 2597 2767 absque
2624 2696 2908 2767 cujuslibet
2932 2696 3227 2767 inquietate
3259 2705 3353 2767 aut
3378 2711 3510 2767 con:

1934 2767 2214 2837 trarietate
2241 2764 2454 2821 valeant
2482 2764 2780 2837 dominare,
2807 2776 2864 2822 et
2887 2764 3020 2820 nulli
3040 2781 3278 2837 unquam
3303 2765 3510 2821 homini

1935 2850 2036 2920 pro
2065 2835 2518 2920 qualicunquere
2545 2836 2747 2891 nullum
2782 2851 3004 2920 censum
3029 2835 3260 2920 omnino.
3278 2837 3513 2920 audeant

1936 2906 2402 2977 impenderezsed
2444 2908 2618 2977 ipsum
2652 2916 2905 2977 sanctum
2952 2906 3129 2977 locum
3179 2906 3280 2961 sub
3325 2913 3512 2961 nostra

1936 2976 2248 3047 defensioue
2298 2976 2473 3047 atque
2520 2976 2884 3047 dominatione
2938 2976 3182 3032 volumus
3239 2983 3510 3031 constare.

1938 3046 2251 3116 Statuentcs
2270 3045 2400 3116 ergo
2426 3054 2586 3116 atque
2609 3045 2881 3116 iubentes,
2907 3056 2969 3101 ut
2994 3060 3169 3116 neque
3196 3060 3312 3116 res,
3341 3060 3516 3116 neque

1938 3060 2251 3101 Statuentcs
2270 3061 2400 3116 ergo
2426 3060 2586 3116 atque
2609 3060 2881 3116 jubentes,
2907 3060 2969 3101 ut
2994 3060 3169 3116 neque
3196 3060 3312 3111 ros,
3341 3062 3406 3101 ne
3447 3060 3515 3101 ue

1927 3115 2176 3188 juniores
2202 3131 2295 3172 seu
2324 3130 2666 3188 successores
2697 3116 2882 3188 vestri,
2917 3116 2999 3188 vel
3043 3115 3300 3188 quislibet
3332 3060 3515 3188 ett‘jn-

1936 3187 2162 3242 diciaria
2206 3194 2475 3257 potestate
2522 3186 2577 3240 in
2601 3187 2849 3243 ecclesiis
2871 3195 2928 3242 et
2954 3185 3088 3242 locis
3110 3187 3194 3241 vel
3241 3185 3387 3257 agris
3416 3185 3516 3257 seu

1936 3255 2638 3327 reliquisipossessionibus
2667 3257 3020 3327 suprascripti
3059 3255 3395 3322 monasterii,
3426 3255 3511 3312 vel

1936 3327 2002 3382 de
2044 3326 2297 3397 omnibus
2324 3341 2442 3395 qua:
2478 3341 2640 3395 supra
2672 3326 2875 3397 scripta
2907 3335 3051 3392 sunt,
3081 3326 3227 3381 nullo
3273 3341 3513 3397 unquam

1936 3407 2176 3466 tempore
2220 3395 2523 3467 inquietare
2570 3403 2664 3450 aut
2713 3395 2967 3452 exactare
3019 3395 3517 3466 praesumatiszscd

1935 3468 2079 3537 quod
2102 3480 2201 3522 nos
2212 3476 2447 3591 (propter
2485 3480 2679 3522 nomen
2710 3467 2924 3522 Domini
2949 3475 3006 3521 et
3030 3475 3233 3521 aeterna
3268 3479 3522 3519 remune-

1936 3537 2145 3591 ratione
2177 3552 2207 3590 a
2273 3537 2381 3591 iam
2427 3536 2594 3591 fatum
2628 3536 3013 3590 monasterium
3052 3534 3393 3591 indulsimus.
3423 3548 3518 3591 ne-

1936 3534 2145 3591 ratione
2177 3534 2246 3591 ad
2268 3534 2381 3607 jam
2427 3536 2594 3607 fatum
2628 3536 3013 3607 monasterium
3052 3534 3393 3607 indulsimus,
3422 3548 3518 3607 p_e_-

1934 3607 2193 3662 rennibus
2236 3603 2592 3676 temporibus
2652 3603 2901 3676 proficiat
2951 3604 3005 3658 in
3054 3603 3378 3676 augmentis.
3451 3604 3520 3658 Et

1936 3674 2388 3747 quandoquidem
2402 3675 2584 3747 divina
2609 3675 2895 3747 vocatione
2921 3674 3320 3747 suprascriptus
3340 3686 3517 3747 _veue-

1934 3743 2122 3801 rabilis
2148 3743 2472 3801 Benedictus
2503 3745 2669 3799 abbas
2693 3743 2779 3798 vel
2807 3758 3151 3799 successores
3179 3743 3296 3813 ejus
3322 3743 3389 3797 de
3414 3743 3519 3798 hac

1935 3816 2054 3871 luce
2082 3816 2434 3885 migraverint
2462 3815 2529 3885 ad
2560 3813 2868 3885 Dominum,
2898 3813 3112 3883 qualem
3148 3812 3431 3885 meliorem
3459 3822 3518 3885 et

1935 3886 2091 3940 nobis
2119 3883 2216 3954 per
2245 3885 2427 3940 omnia
2460 3883 2669 3954 fidelem
2699 3883 2814 3953 ipsa
2845 3892 3031 3939 sancta
3063 3884 3414 3954 congregatio
3447 3883 3518 3938 de

1936 3953 2303 4025 suprascripto
2359 3953 2689 4009 monasterio
2724 3961 2818 4007 aut
2860 3954 2926 4009 de
2987 3953 3350 4024 qualicunque
3394 3953 3517 4007 loco

1936 4024 2205 4081 voluerint
2230 4026 2430 4096 eligere
2459 4025 2739 4096 abbatem)
2772 4024 2862 4096 qui
2894 4024 3067 4093 ipsam
3117 4032 3360 4096 sanctam
3386 4037 3518 4096 con-7

1935 4088 2332 4168 gregationem'
2349 4095 2644 4168 secundum
2699 4088 2959 4163 Regulam
3013 4088 3188 4151 sancti
3239 4093 3519 4168 Benedicti

1937 4164 2123 4238 regere
2172 4168 2383 4238 valeat,_
2418 4181 2531 4238 per
2564 4164 2706 4238 hanc
2761 4174 3000 4238 nostram
3051 4164 3432 4238 auctoritatem
3461 4172 3521 4220 et

1934 4234 2198 4307 permissa
2241 4234 2568 4307 indulgentia
2601 4234 2887 4307 licentiam
2911 4234 3163 4299 habeant,
3204 4234 3518 4307 et_ubi_cun-

1936 4303 2042 4379 que
2081 4308 2351 4363 voluerint
2377 4303 2637 4379 ordinari,
2671 4312 2764 4379 aut
2792 4304 2889 4373 ipsi
2930 4312 3024 4357 aut
3071 4303 3324 4358 monachi
3371 4304 3519 4372 ipso-

1940 4373 2082 4444 rum,
2108 4379 2193 4431 vel
2223 4393 2255 4432 a
2293 4376 2532 4446 quolibet
2580 4373 2833 4453 pontillee
2880 4387 2948 4453 ex
2996 4380 3268 4453 prmcepto
3294 4379 3350 4453 et
3380 4386 3515 4453 con-

1941 4442 2104 4505 sensu
2132 4442 2657 4516 nostro—potestatem
2681 4444 2930 4516 habeant,
2960 4452 3225 4513 quatenus
3248 4442 3350 4516 ipsi
3372 4442 3519 4516 servi

1940 4519 2055 4583 Dei,
2091 4520 2181 4588 qui
2211 4511 2409 4588 ibidem
2437 4516 2546 4571 Deo
2573 4512 2819 4570 famulari
2842 4511 3114 4588 videntur,
3141 4528 3240 4588 pro
3266 4511 3422 4569 nobis
3445 4527 3520 4588 _ac

1942 4581 2168 4659 conjuge
2193 4581 2449 4659 proleqne
2478 4595 2659 4659 nostra
2693 4592 2747 4639 et
2781 4583 3075 4659 stabilitate
3105 4581 3268 4659 totius
3302 4581 3459 4659 regni
3485 4596 3519 4659 a

1942 4652 2059 4714 Deo
2073 4652 2228 4713 nobis
2249 4652 2520 4713 commissi
2544 4654 2625 4710 vel
2645 4654 2997 4710 conservandi
3023 4655 3280 4709 attentius
3302 4652 3517 4707 Domini

1942 4727 2368 4784 misericordiam
2398 4740 2627 4780 exorare
2648 4724 2981 4780 delectentur
3012 4724 3062 4776 δ.
3098 4745 3118 4777 ι

2012 4819 2101 4874 28.
2155 4817 2281 4872 Haec
2325 4815 2744 4887 gloriosissimus
2799 4827 2891 4868 rex
2943 4811 3189 4876 Carolus,
3220 4807 3517 4867 venerabili

1945 4913 2061 4967 viro
2084 4911 2375 4966 Benedicto
2403 4923 2499 4979 per
2525 4916 2855 4978 praeceptum
2902 4905 3164 4963 contulit:
3195 4905 3289 4959 sed
3330 4911 3388 4958 et
3410 4903 3522 4958 cir-

1946 5020 2284 5075 cumquaque
2332 4986 2484 5059 utilia
2524 5017 2788 5079 pecorum
2835 5001 3214 5069 laboribusque
3258 5009 3384 5071 apta
3427 5015 3526 5071 per

1950 5098 2196 5152 chartam
2220 5093 2554 5164 imperialem
2577 5093 2694 5147 loca
2725 5094 2792 5148 ab
2820 5106 2887 5147 eo
2909 5090 3162 5159 suscepit.
3196 5088 3410 5146 Honore
3430 5104 3528 5144 au-

1949 5198 2059 5244 tem
2088 5201 2284 5256 magno
2333 5186 2401 5241 ab
2426 5186 2751 5254 imperatore
2781 5183 3033 5246 donatus,
3060 5180 3271 5237 scilicet
3318 5179 3526 5252 argenti

1951 5297 2173 5354 Constat
2198 5295 2342 5350 enim
2366 5294 2692 5348 Ludovicum
2724 5290 2892 5346 fuisse
2938 5289 3321 5346 cancellarium
3345 5288 3528 5345 Caroli

1952 5367 2120 5430 Calvi,
2150 5381 2255 5420 non
2306 5364 2482 5420 Caroli
2534 5362 2730 5432 Magni,
2777 5362 3016 5431 quitum
3060 5360 3201 5430 apud
3246 5357 3530 5432 Bajoarios

1954 5452 2078 5492 cum
2103 5435 2346 5491 exercitu
2375 5440 2511 5488 erat.
2544 5430 2690 5488 istud
2717 5430 3061 5502 privilegium
3082 5437 3269 5502 postea
3287 5430 3532 5502 ‘Benedi—

1955 5515 2044 5581 ct_o
2071 5505 2411 5581 conﬁrmavit
2438 5499 2740 5581 Ludovicus
2758 5499 3037 5581 Augustus
3051 5499 3410 5581 litteris‘datis
3428 5514 3529 5555 vni

1956 5574 2052 5701 ἐξιεῖ
2082 5575 2236 5642 Maii,
2277 5591 2414 5630 anno
2443 5573 2612 5645 primo
2658 5569 2884 5643 imperii,
2914 5569 3110 5627 lndict.
3146 5570 3197 5639 7,
3228 5571 3390 5626 Aonis
3436 5584 3536 5637 pa-

2035 5662 2106 5700 to.

1934 5688 1937 5691 -
1957 5647 2106 5701 latio.
