3942 6190
385 293 496 349 367

1422 287 1477 343 S.
1519 284 1878 341 BENEDlCTl
1917 280 2210 339 ABBATIS
2248 281 2657 338 ANIANENSlS
3180 290 3204 305 '

3538 276 3642 335 508

326 424 327 429 ‘
392 409 562 467 libras
605 406 771 462 ferme
801 424 888 471 ιι,
920 407 986 461 ad
1016 420 1172 460 suum
1221 405 1274 458 in
1306 416 1438 473 pace
1468 400 1626 455 rediit
1650 397 1969 469 quantocius
1998 403 2044 461 Α
2072 397 2216 452 enim
2241 399 2385 468 quod
2408 396 2531 461 sibi,
2564 396 2659 451 sed
2682 395 2861 466 potius
2884 392 3026 462 quod
3050 391 3180 447 utile
3217 390 3340 446 aliis
3363 389 3648 461 judicavit,

395 499 804 556 monasterium.
852 496 972 551 Mox
999 505 1177 549 autem
1216 495 1449 564 patrium
1486 501 1544 545 ut
1570 491 1748 560 attigit
1776 488 1971 551 solum,

395 591 626 645 divisum
659 603 757 658 per
788 569 998 657 partem
1031 585 1173 654 quod
1201 584 1456 639 attulerat
1484 591 1764 654 argentum
1805 580 1972 635 bene—

394 678 645 735 dictionis
673 677 844 748 gratia
896 691 993 746 per
1015 674 1346 745 singulorum
1380 673 1576 727 direxit
1621 668 1970 725 monasteria.

338 796 343 801 ι
393 770 519 824 Fuit
551 768 695 823 enim
723 766 797 821 illi
846 767 950 821 hoc
980 765 1182 820 nostris
1232 763 1562 833 temporibus
1598 775 1710 829 prae
1763 758 1975 814 cunctis

393 858 666 929 singulare
692 857 912 921 donum,
936 855 1190 910 benevola
1232 854 1436 908 scilicet
1464 853 1608 906 circa
1645 864 1832 912 omnes
1861 849 1976 919 pia-

393 966 498 1020 que
522 948 908 1013 consideratio,
932 956 1093 1016 atque
1118 946 1422 1000 sollicitudo
1440 944 1681 1000 omnium
1704 949 1975 997 monaste-

393 1042 596 1096 riorum
623 1039 769 1094 circa
798 1038 1061 1110 longeque
1089 1036 1407 1107 positorum.
1441 1033 1653 1089 Etenim
1679 1035 1742 1088 ea
1782 1031 1975 1086 crebro

392 1132 668 1197 visitabat,
710 1140 765 1185 et
786 1130 977 1186 ordine
1009 1136 1211 1184 sancta:
1257 1128 1381 1181 vitae
1429 1124 1702 1180 imbuebat
1732 1140 1744 1175 :
1777 1122 1845 1176 de
1891 1120 1974 1175 his

320 1295 325 1300 Α
394 1240 574 1285 autem
603 1243 722 1299 qua:
749 1227 826 1282 illi
855 1242 886 1280 a
918 1225 1163 1280 ﬁdelibus
1197 1222 1636 1283 conferebantur,
1679 1216 1834 1287 juxta
1876 1230 1975 1269 nu-

391 1339 604 1379 merum
645 1319 1024 1385 hahitantium,
1052 1316 1136 1372 vel
1164 1315 1460 1372 secundum
1512 1327 1667 1383 posse
1699 1308 1974 1364 transmit-

393 1415 564 1480 tebat,
604 1414 690 1469 his
710 1412 803 1481 qui
837 1409 1011 1479 magis
1033 1408 1346 1478 indigebant
1375 1404 1623 1474 amplius,
1655 1401 1847 1470 exigua
1874 1413 1973 1452 an-

390 1513 502 1560 tem
529 1502 894 1575 indigentibus
918 1498 1115 1577 minus.
1160 1495 1397 1551 Noverat
1427 1492 1611 1561 utique
1641 1487 1974 1559 singulorum

395 1596 750 1658 monasteria,
767 1604 1064 1658 eorumque
1086 1586 1305 1642 nomina
1328 1583 1611 1639 retinebat.
1632 1580 1796 1634 Pallia
1822 1594 1971 1643 vero,

392 1686 521 1757 quia
546 1682 772 1752 singulis
800 1681 929 1735 dare
976 1694 1080 1733 non
1110 1684 1342 1747 poterat,
1372 1690 1469 1744 per
1496 1681 1678 1744 partes
1703 1670 1873 1725 divisa
1905 1668 1972 1722 ad

393 1792 583 1834 cruces
614 1776 804 1832 saltem
850 1771 1124 1827 faciendas
1153 1768 1418 1823 mittebat.
1450 1767 1702 1822 Omnium
1744 1764 1975 1833 denique

394 1868 867 1932 monasteriorum,
888 1875 996 1941 tam
1022 1865 1072 1919 in
1094 1862 1379 1918 Provincia
1404 1875 1563 1930 quam
1594 1859 1645 1912 in
1662 1856 1857 1912 Gothia
1882 1871 1974 1910 seu

392 1960 837 2031 Novcmpalitana
868 1971 893 1999 ει
919 1956 1196 2027 provincia
1235 1951 1646 2008 consistentium
1676 1957 1794 2003 erat
1821 1948 1974 2019 quasi

365 2051 576 2106 'nutrix
618 2050 805 2105 fovens
820 2049 1153 2119 juvansque;
1181 2052 1343 2113 atque
1376 2043 1443 2096 ab
1479 2042 1728 2096 omnibus
1758 2040 1978 2093 amaba-

390 2151 483 2197 tur
524 2151 584 2196 ut
632 2148 809 2211 pater,
835 2139 1198 2194 venerabatur
1226 2144 1282 2190 ut
1328 2134 1597 2197 dominus,
1631 2131 1978 2187 reverebatur

394 2240 453 2295 ut
485 2232 760 2301 magister.

410 2364 414 2371 .
463 2322 554 2378 29.
587 2321 891 2391 Pauperum
935 2334 1149 2391 quoque
1183 2333 1392 2373 summo
1421 2332 1545 2371 cum
1594 2316 1775 2370 studio
1796 2329 1978 2369 secer-

396 2416 627 2471 nebatur
649 2414 849 2485 portio,
867 2402 1148 2468 viduarum
1174 2428 1281 2466 non
1307 2412 1613 2481 patiebatur
1638 2409 1691 2462 in
1720 2407 1854 2461 alios
1880 2421 1978 2460 ex-

393 2506 629 2581 pendere
662 2520 793 2560 usus
838 2502 1155 2575 particulas.
1186 2501 1438 2557 Omnium
1487 2499 1752 2569 siquidem
1778 2497 1979 2552 sancti-

394 2597 708 2654 monialium
762 2595 1156 2663 viduarumque
1211 2593 1355 2648 circa
1411 2591 1710 2661 positarum
1755 2595 1979 2642 noverat

393 2689 612 2744 nomina
673 2686 913 2756 Captivis
956 2686 1203 2740 hilariter
1254 2683 1596 2754 praebebatur
1642 2679 1973 2749 re..'emptio,

395 2781 570 2836 nullus
598 2780 686 2835 illo
716 2781 949 2835 habente
975 2779 1283 2844 indouatus,
1315 2786 1377 2831 ut
1401 2794 1547 2840 reor,
1577 2776 1726 2839 abiit,
1759 2773 1851 2828 sed
1882 2786 1978 2841 pro

394 2860 552 2943 posse
582 2872 836 2926 omnibus
863 2871 1051 2926 omnia
1104 2870 1277 2925 factus
1321 2877 1423 2924 est.
1456 2867 1795 2935 Quapropter
1833 2865 1978 2918 ultro

394 2961 625 3030 quisque
671 2961 719 3014 ci
753 2976 907 3015 suam
935 2960 1143 3015 ferebat
1172 2960 1372 3014 substa:
1398 2959 1547 3021 tiam,
1576 2971 1736 3026 quam
1763 2956 1819 3009 in
1848 2970 1977 3009 usus

394 3063 712 3120 pauperum,
761 3065 1075 3121 egenorum,
1117 3051 1398 3105 viduarum
1442 3049 1884 3118 captivorumque
1911 3063 1975 3104 ac

395 3140 786 3201 monachorum
839 3140 1246 3210 expendendam
1290 3146 1673 3209 compererat:
1706 3138 1779 3191 ita
1833 3147 1893 3192 ut
1942 3154 1972 3192 a

395 3229 710 3299 quibusdam
736 3245 873 3299 pene
898 3246 951 3284 tv
976 3239 1069 3283 aut
1096 3247 1127 3281 v
1144 3230 1445 3300 susciperet
1464 3229 1632 3283 millia
1659 3229 1973 3295 solidorum,

395 3340 758 3394 vasorumque
784 3325 1145 3396 indigentibus
1175 3325 1561 3380 distribuenda.

461 3414 555 3471 50.
581 3414 722 3470 Cura
766 3413 842 3469 illi
891 3414 1053 3469 etiam
1099 3423 1217 3469 erat
1246 3415 1434 3484 ingens
1484 3430 1611 3469 suos
1638 3429 1745 3469 non
1781 3415 1980 3469 solum-

394 3506 556 3563 modo
583 3506 984 3577 pnedicationis
1011 3506 1235 3562 reficere
1262 3505 1404 3572 cibo,
1423 3522 1611 3561 verum
1635 3507 1800 3561 etiam
1818 3523 1978 3577 quos-

397 3613 612 3668 cunque
639 3599 861 3654 obviare
911 3599 1268 3669 contingeret,
1299 3615 1421 3654 mox
1449 3598 1655 3653 caelesti
1683 3614 1778 3655 eos
1803 3599 1983 3654 alebat

394 3696 563 3761 pane:
588 3698 642 3745 et
668 3708 735 3746 ne
754 3690 1025 3746 oblivione
1047 3690 1321 3747 salubrem
1344 3691 1618 3747 amitteret
1638 3707 1842 3757 escam,
1866 3708 1984 3748 ver-

395 3781 479 3835 bis
508 3780 705 3835 talibus
732 3789 791 3835 ut
832 3774 1080 3836 tenacius
1131 3781 1461 3837 inluererent
1505 3784 1657 3838 cordi
1710 3783 1982 3838 inculcare

398 3880 781 3926 consueverat:
802 3871 952 3936 Esto,
976 3871 1242 3940 inquiens,
1265 3879 1414 3927 casto
1435 3887 1661 3942 corpore
1684 3880 1738 3927 et
1766 3871 1984 3926 humilis

400 3965 584 4028 corde,
611 3963 866 4032 quoniam
888 3962 997 4017 Deo
1021 3940 1240 4033 accepta
1264 3979 1369 4019 non
1399 3972 1483 4018 est
1508 3964 1738 4033 superba
1761 3965 1985 4019 castitas

400 4064 493 4107 aut
522 4053 794 4107 humilitas
837 4052 1133 4120 inquinata.
1165 4053 1495 4116 Quibusdam
1524 4069 1653 4108 vero
1683 4054 1787 4108 hoc
1815 4053 1984 4107 incul-

400 4160 524 4199 care
571 4143 760 4197 solitus
805 4152 922 4195 erat
954 4160 966 4193 :
1000 4141 1056 4194 Si
1093 4142 1325 4210 plurima
1359 4143 1452 4196 tibi
1487 4144 1840 4213 impossibilia
1865 4160 1984 4199 esse

401 4243 667 4304 praecepta
685 4232 1125 4297 noscuntur,hoc
1154 4232 1404 4302 exiguum
1436 4247 1592 4287 serva
1621 4242 1978 4303 praeceptum:

400 4321 619 4385 Declina
659 4340 690 4377 a
714 4320 876 4387 malo,
899 4331 949 4376 et
974 4320 1059 4391 [ac
1083 4321 1273 4375 bonum
1302 4318 1472 4393 (Psal.
1500 4338 1686 4387 xxxvi,
1714 4322 1824 4391 27).
1854 4323 1983 4390 Qua:

2074 504 2234 557 agere
2271 488 2441 543 voluit
2467 506 2479 541 :
2508 486 2651 556 quod
2675 485 2719 540 si
2757 484 2996 547 fecisset,
3026 483 3136 537 cito
3171 481 3431 537 correxit.
3459 480 3654 537 Cbari-
3679 550 3688 563 ο

2076 579 2203 632 tatis
2231 578 2375 649 enim
2406 591 2591 631 amore
2612 584 2672 629 ut
2710 574 2894 645 plures
2923 571 3127 627 faceret
3149 569 3373 635 .salvos,
3419 569 3652 626 alierum

2074 667 2337 722 circuibat
2363 666 2544 730 cellas,
2574 673 2629 720 et
2648 666 2727 719 eis
2757 663 2975 733 Regulm
3002 669 3205 717 sancta:
3227 660 3501 731 pandebat
3524 661 3653 717 abs-

2076 775 2256 815 cousa.
2299 758 2578 815 Charitate
2608 759 2790 826 itaque
2819 755 3028 826 plenus,
3060 754 3280 809 Arelate
3314 769 3437 808 cum
3465 769 3658 823 quam—

2073 850 2317 920 pluribus
2357 849 2644 920 episcOpis,
2696 838 3003 910 abbatibus,
3040 843 3319 903 monachis
3350 857 3447 912 per
3472 843 3659 913 plures

2077 939 2278 994 resedit
2301 940 2434 1004 dies,
2457 953 2725 994 canonum
2753 937 2968 992 decreta
2987 933 3251 1004 pandens,
3274 941 3330 987 et
3353 934 3499 988 beati
3519 931 3660 987 Gre-

2075 1027 2210 1098 gorii
2244 1026 2393 1097 papae
2419 1027 2670 1082 bomilias
2711 1025 2998 1080 enucleans
3036 1022 3426 1094 ignorantibus.
3456 1021 3659 1076 Plenus

2077 1134 2267 1187 nempe
2307 1119 2588 1179 charitatc,
2627 1133 2695 1173 ex
2722 1115 2953 1172 diversis
2979 1114 3111 1170 locis
3152 1114 3207 1167 in
3260 1128 3360 1168 suo
3404 1113 3662 1168 coenobio

2075 1218 2353 1279 susceptos
2381 1210 2558 1265 alebat
2600 1210 2825 1265 clericos
2855 1222 2920 1262 ac
2967 1205 3278 1270 monachos,
3309 1204 3507 1274 quibus
3540 1218 3664 1258 ma-

2074 1299 2298 1369 gistrum
2329 1313 2649 1370 praaponens
2669 1297 2843 1353 sacris
2887 1295 3165 1351 imbuebat
3215 1295 3483 1349 sensibus.
3515 1294 3664 1349 Cha-

2078 1392 2235 1447 ritate
2272 1393 2375 1447 sibi
2404 1390 2654 1460 injuriam
2697 1389 3018 1445 facientibus
3061 1402 3289 1442 munera
3326 1386 3657 1442 destinabat.

2076 1479 2261 1552 Neque
2308 1480 2659 1536 laborandum
2698 1487 2783 1534 est
2829 1487 2892 1533 ut
2942 1477 3243 1547 pendamus
3289 1491 3409 1544 quae
3460 1475 3663 1531 melius

2076 1570 2257 1625 cuncti
2286 1569 2559 1634 viderunt,
2589 1567 2874 1637 perplures
2909 1565 3074 1634 obseq
3099 1566 3168 1619 .io
3197 1564 3405 1634 experti
3436 1571 3585 1618 sunt.

2147 1687 2235 1742 5‘2.
2268 1684 2312 1739 Α
2344 1687 2520 1755 rigore
2543 1699 2671 1740 vero
2700 1699 2813 1739 suae
2838 1685 3029 1753 prima:
3073 1682 3442 1738 conversionis
3467 1680 3666 1751 paulu-

2080 1778 2188 1832 lum
2216 1778 2532 1842 declinarat,
2555 1777 2806 1845 quoniam
2838 1775 3168 1845 impossibile
3194 1790 3328 1847 opus
3350 1788 3669 1844 assumpse-

2079 1875 2163 1920 rat
2189 1883 2200 1920 :
2232 1867 2325 1921 sed
2345 1866 2595 1921 voluntas
2617 1867 2807 1920 eadem
2829 1865 3205 1935 permanebat.
3231 1863 3508 1933 Siquidem
3531 1879 3668 1919 cum

2077 1957 2357 2011 arantLbus
2389 1957 2503 2026 ipse
2543 1957 2749 2016 arabat,
2784 1970 2904 2009 cum
2938 1954 3262 2009 fodientibus
3299 1955 3477 2009 socius
3517 1963 3667 2020 erat,

2077 2063 2198 2102 cum
2233 2047 2562 2102 messoribus
2588 2048 2843 2102 metebat.
2879 2047 2945 2100 Et
2971 2046 3219 2115 quamvis
3241 2047 3387 2116 regio
3416 2046 3502 2100 illa
3530 2046 3673 2102 solis

2077 2142 2258 2196 calore
2282 2149 2425 2197 esset
2448 2122 2657 2205 adusta,
2679 2150 2734 2194 et
2764 2142 2837 2195 ita
2866 2156 3032 2209 vapor
3052 2140 3191 2210 ignis
3216 2140 3360 2194 velut
3386 2157 3417 2194 a
3446 2140 3671 2196 clibano

2076 2233 2374 2301 procedens
2404 2233 2653 2287 incendat
2682 2233 2863 2302 potius
2891 2247 3054 2301 quam
3084 2231 3393 2296 calefaciat;
3428 2232 3517 2286 hic
3546 2232 3674 2286 suis

2078 2326 2245 2380 nimio
2278 2324 2488 2379 fervore
2530 2325 2887 2379 aestuantibus
2914 2324 3003 2378 vix
3034 2331 3157 2377 ante
3184 2324 3376 2378 horam
3407 2323 3675 2378 refectio-

2077 2415 2162 2470 nis
2190 2430 2343 2483 aqua:
2370 2414 2620 2485 poculum
2649 2414 2890 2468 indulsit.
2912 2414 3045 2467 Nam
3078 2414 3260 2468 labore
3288 2412 3507 2478 defessi,
3539 2414 3675 2484 igne

2077 2506 2303 2576 perusti,
2337 2505 2585 2576 frigidam
2626 2505 2807 2574 potius
2851 2503 3236 2559 desiderabant
3264 2519 3460 2573 aquam
3496 2519 3674 2573 quam

2078 2596 2261 2650 vinum
2296 2613 2308 2648 :
2342 2610 2443 2650 nec
2476 2610 2603 2665 erga
2634 2610 2758 2650 eum
2790 2595 3018 2666 quisque
3061 2609 3404 2649 murmurare
3424 2604 3674 2666 poterat,

2078 2687 2332 2753 quoniam
2371 2684 2566 2739 similia
2595 2684 2922 2754 patiebatur.
2955 2683 3085 2751 Qure
3125 2686 3205 2740 eis
3234 2698 3321 2740 res
3346 2700 3450 2740 non
3493 2687 3677 2741 modi-

2078 2792 2201 2830 cum
2226 2775 2438 2830 ferebat
2483 2775 2747 2841 solamen,
2773 2777 3029 2846 quoniam
3060 2777 3186 2832 dum
3214 2790 3273 2831 se
3300 2784 3542 2831 arentem
3572 2777 3676 2835 siti

2078 2877 2347 2932 cerneret,
2393 2868 2682 2923 humanius
2727 2883 2854 2939 erga
2881 2883 3010 2923 suos
3036 2868 3255 2939 agebat;
3286 2883 3385 2923 nec
3414 2868 3678 2924 laboran-

2081 2964 2213 3017 tium
2256 2963 2379 3033 quis
2425 2961 2618 3016 fabulis
2662 2969 3004 3031 perstrepere
3050 2961 3303 3026 audebat,
3337 2960 3430 3016 sed
3469 2976 3675 3018 manus

2003 3085 2047 3146 ρ
2078 3069 2263 3124 opere,
2316 3052 2512 3123 lingua:
2565 3052 2967 3121 occupabantur
3013 3051 3351 3120 psalmodiis.
3405 3050 3674 3134 Euntium

2079 3144 2224 3199 enim
2249 3151 2304 3197 et
2350 3143 2686 3197 redeuntium
2720 3157 2783 3196 ac
2808 3142 3168 3196 laborantium
3205 3158 3301 3197 ora
3324 3142 3522 3198 divinis
3550 3128 3677 3199 nie-

2079 3237 2430 3292 ditationihus
2466 3244 2626 3291 erant
2667 3236 2890 3291 intenta.
2921 3235 3074 3307 Saepe
3111 3252 3232 3292 eum
3263 3237 3425 3291 etiam
3451 3237 3676 3306 palmas

2079 3326 2285 3381 credere
2332 3325 2580 3388 vidimus,
2629 3341 2818 3380 eorum
2872 3325 3122 3381 videlicet
3150 3327 3241 3396 qui
3273 3341 3400 3398 erga
3432 3340 3555 3381 eum
3620 3330 3676 3383 in

2078 3424 2205 3485 potu
2230 3415 2455 3484 ciboque
2477 3415 2769 3470 humanius
2796 3432 2955 3486 agere
2980 3418 3158 3472 conati
3189 3410 3333 3472 sunl.
3372 3418 3527 3488 Stepe
3562 3420 3676 3475 sibi

2079 3498 2312 3576 positum
2358 3520 2455 3560 vas
2506 3521 2821 3561 mensurare
2854 3507 3268 3578 conspeximus;
3307 3515 3382 3571 et,
3416 3508 3559 3563 sicut
3616 3510 3677 3565 hi

2081 3599 2172 3667 qui
2202 3598 2421 3653 cellario
2449 3598 2769 3668 praefuerint
2796 3607 3044 3664 narrant,
3086 3598 3209 3652 aliis
3250 3598 3566 3654 bibentilus
3590 3599 3679 3654 vi-

2082 3706 2234 3756 num,
2263 3705 2458 3759 aquam
2498 3699 2721 3761 excepto
2750 3691 2978 3745 sabbato
3002 3697 3096 3743 aut
3120 3689 3400 3745 Dominica
3432 3689 3521 3744 die
3566 3704 3678 3745 sm-

2084 3798 2149 3854 pe
2169 3783 2407 3838 bibebat.
2435 3781 2589 3853 Saepe
2618 3799 2648 3837 a
2686 3784 2810 3838 cibo
2832 3782 2948 3852 ejus
2975 3782 3356 3853 pinguedinem
3384 3782 3675 3838 subtraxi-

2084 3891 2227 3939 mus,
2251 3882 2304 3928 et
2330 3889 2398 3927 ne
2422 3874 2505 3927 vel
2529 3874 2718 3946 exigua
2749 3874 3016 3944 particula
3057 3874 3199 3929 casei
3246 3874 3361 3927 triti
3403 3873 3456 3927 in
3483 3888 3551 3929 eo
3587 3876 3675 3929 in-

2087 3964 2376 4028 veniretur,
2405 3978 2747 4033 summopere
2790 3964 3102 4019 curabatur.
3153 3963 3383 4018 Carnem
3427 3965 3674 4034 quadrn-

2086 4051 2281 4120 pedum
2307 4068 2338 4105 a
2365 4053 2452 4107 die
2477 4052 2851 4108 conversionis
2895 4067 3006 4107 sure
3034 4067 3205 4122 usque
3247 4051 3313 4105 ad
3356 4061 3674 4108 extremum

2085 4143 2208 4197 vita:
2226 4144 2385 4198 cdere
2410 4143 2612 4198 noluit:
2639 4142 2725 4214 jus
2747 4160 2777 4198 e
2793 4142 2938 4212 pullo
2958 4144 2985 4183 ι)
3017 4142 3370 4211 compositum
3393 4144 3674 4204 sumebat.

2086 4233 2130 4287 si
2162 4234 2341 4303 aliqua
2367 4234 2686 4288 accessisset
2712 4233 2977 4287 debilitas.
3012 4232 3205 4288 Multos
3249 4233 3422 4287 etiam.
3445 4249 3546 4302 per
3573 4250 3677 4288 an-

2086 4340 2185 4379 nos
2236 4326 2494 4395 primazvo
2525 4336 2765 4395 tempore
2793 4325 3171 4395 pinguedinem
3218 4327 3390 4379 vetuit
3416 4343 3428 4378 :
3454 4328 3675 4381 cmtcris

401 4415 669 4470 sententia
703 4414 777 4468 ita
811 4416 860 4468 ei
909 4412 1196 4466 familiaris
1221 4412 1451 4478 exstitit,
1482 4421 1541 4467 ut
1571 4421 1810 4482 tempore
1839 4431 1983 4470 mor-
2007 4439 2060 4499 Β
2087 4429 2231 4477 Vero,
2263 4416 2473 4484 quoties
2512 4423 2873 4486 opportunum
2902 4415 3025 4480 fuit,
3056 4432 3119 4471 ea
3147 4431 3265 4485 qua:
3284 4416 3384 4471 sibi
3409 4419 3672 4488 negabat,

402 4507 471 4559 tis
501 4504 740 4558 collectis
769 4502 1009 4557 omnium
1037 4500 1260 4556 Patrum
1288 4502 1589 4566 sententiis,
1633 4518 1796 4557 unum
1821 4521 1885 4560 ex
1918 4521 1980 4560 ea

403 4594 559 4649 vellet
584 4592 851 4649 conficere
888 4592 1109 4647 librum.
1138 4591 1423 4647 Fratribus
1443 4608 1571 4648 vero
1597 4594 1698 4648 sibi
1726 4596 1805 4649 su‘.
1822 4594 1984 4664 jectis

401 4686 547 4742 omni
580 4686 734 4750 liora,
760 4683 813 4738 in
861 4682 1145 4739 nocturnis
1174 4683 1396 4748 scilicet,
1427 4683 1481 4738 in
1511 4683 1766 4754 capitulo,
1796 4685 1848 4739 iu
1900 4701 1983 4739 re-

403 4775 649 4840 fectorio,
679 4773 874 4843 pabula
906 4772 1347 4841 vitiepraabebat.

436 4902 441 4911 -
473 4869 561 4922 5|.
591 4867 662 4921 Et
694 4865 971 4936 quoniam,
1002 4865 1128 4918 dum
1155 4863 1583 4918 benevolentiam
1609 4864 1725 4932 ejus
1747 4867 1983 4935 pandere

342 4990 345 4994 »
405 4959 753 5022 tentavimus,
776 4956 1037 5011 virtutum
1059 4953 1175 5024 ejus
1203 4953 1357 5025 copia
1380 4954 1563 5025 palam
1597 4969 1980 5022 occurrerunt;

404 5068 503 5125 pro
523 5053 729 5109 viribus
755 5050 1097 5107 commodum
1147 5048 1488 5104 decernimus
1535 5049 1987 5119 quantulumcun-

404 5158 512 5215 que
527 5142 596 5198 de
624 5144 709 5198 his
738 5142 1101 5197 nescientibus
1134 5139 1634 5194 desiderautibusve
1677 5139 1981 5195 enucleare.

406 5232 523 5289 Hoc
542 5232 690 5288 enim
718 5232 982 5301 comperit
1008 5230 1184 5286 omnis
1211 5229 1301 5299 qui
1347 5218 1846 5299 ejusfamiliaritati
1893 5232 1985 5286 ad-

406 5326 584 5393 lnesit,
643 5324 911 5381 charitate
967 5337 1091 5377 eum
1139 5321 1355 5376 vincere
1405 5330 1650 5375 cunctos.
1700 5320 1982 5391 Nunquam

479 5487 506 5515 ι
531 5474 666 5533 Aliis
726 5471 1221 5542 Novempopulonia
1254 5471 1416 5535 dicta,
1468 5471 1608 5527 inter
1652 5471 1982 5528 Garumnam

479 5487 506 5515 ι
531 5487 666 5533 Atns
726 5487 982 5542 novempt
1038 5487 1221 5527 monia
1254 5487 1416 5535 uicta,
1468 5487 1608 5527 inter
1652 5487 1982 5528 uarumnam

408 5541 629 5613 fluvium
659 5552 714 5599 et
756 5551 967 5613 montes
986 5487 1278 5613 gyrenaeos
1316 5542 1699 5613 Oceanumque
1740 5559 1985 5613 compre-

410 5612 599 5676 hensa,
628 5614 789 5683 vulgo
810 5613 863 5666 la
891 5610 1179 5683 Gascogne,
1198 5611 1284 5683 psic
1312 5611 1453 5665 dicta
1494 5628 1525 5666 a
1556 5610 1747 5668 novem
1776 5610 1989 5683 populis

413 5695 551 5751 quos
573 5680 775 5737 ambitu
803 5697 900 5737 suo
930 5680 1322 5747 complectitur.

2086 4508 2378 4577 prmbebat.
2405 4507 2578 4561 Tanta
2609 4509 2750 4562 enim
2779 4508 2895 4579 ejus
2921 4517 3039 4562 erat
3074 4508 3401 4573 sollicitudo,
3425 4517 3485 4567 ut
3511 4509 3557 4564 si
3585 4509 3676 4565 vel

2087 4600 2297 4654 modica
2321 4616 2483 4670 grana
2514 4599 2863 4672 leguminum,
2918 4599 3000 4655 vel
3050 4600 3256 4670 exigua:
3303 4601 3447 4670 perri
3498 4616 3675 4656 comae

2087 4689 2424 4759 cauliumque
2468 4689 2596 4744 folia
2640 4691 2709 4744 ab
2737 4706 2802 4745 eo
2847 4690 3086 4761 neglecta
3117 4692 3509 4757 invenirentur,
3539 4707 3672 4747 mox

2085 4777 2248 4850 digna
2278 4780 2857 4836 excommunicationis
2885 4781 3416 4836 animadvertebatur
3450 4791 3676 4841 senten-

2086 4870 2181 4937 tia,
2219 4872 2372 4942 cujus
2395 4872 2718 4943 probaretur
2748 4888 2868 4927 csse
2899 4872 3171 4928 delictum.
3219 4872 3314 4928 Sin
3341 4881 3523 4928 autem
3548 4874 3675 4943 quis

2052 4963 2135 5017 «ei
2183 4978 2378 5033 aquam
2407 4964 2474 5018 ad
2517 4963 2799 5018 lavandum
2825 4965 3148 5034 porrigeret,
3189 4972 3247 5019 et
3289 4974 3350 5018 ut
3397 4964 3537 5019 solet
3561 4964 3674 5018 lar«

2088 5054 2206 5123 gius
2252 5069 2416 5122 quam
2467 5055 2620 5109 decet
2668 5053 3002 5118 effunderet,
3051 5064 3334 5125 peccatum
3388 5056 3675 5111 incurrere

2085 5143 2376 5210 fatebatur,
2409 5158 2475 5199 eo
2504 5145 2647 5214 quod
2679 5145 3020 5221 discretionis
3042 5161 3149 5200 non
3175 5146 3447 5201 incederet
3473 5146 3631 5202 calle.

2157 5229 2246 5284 55.
2285 5232 2412 5287 Erat
2441 5232 2515 5286 illi
2543 5241 2598 5288 et
2620 5234 2723 5289 hoc
2747 5233 3018 5304 singulare
3060 5236 3278 5290 bonum.
3322 5233 3454 5289 Nam
3479 5237 3523 5289 si
3546 5235 3673 5305 quis

2089 5322 2506 5395 cogitationibus
2548 5339 2866 5380 concussam
2909 5333 3146 5381 mentem
3179 5340 3395 5397 gerens,
3437 5341 3566 5381 mox
3606 5333 3677 5379 ut

2163 5476 2193 5549 Ρ
2223 5476 2378 5534 Vides
2427 5474 2618 5545 majori
2650 5493 2715 5532 cu
2741 5494 2770 5530 η
2817 5477 3077 5549 religione
3108 5477 3474 5549 Benedictum
3505 5473 3682 5549 absti-

2095 5547 2277 5618 nuisse
2322 5564 2352 5601 a
2396 5544 2801 5618 quadrupedum
2841 5544 3025 5602 carnis
3060 5563 3174 5609 esu,
3217 5544 3680 5618 quamajuscnln

2094 5616 2423 5683 volatiliumj
2456 5633 2559 5686 qua
2583 5623 2649 5672 de
2678 5632 2736 5672 re
2765 5618 2936 5687 deque
2959 5634 3058 5672 usu
3086 5616 3428 5687 piuguedinis
3457 5617 3614 5671 alias.
