3942 6190
189 376 288 435 569

1732 364 1910 420 “TA.

3350 334 3465 420 37o

190 491 259 549 ad
284 503 413 545 eum
452 485 758 548 accederet,
800 483 917 555 ejus
947 482 1163 539 salubre
1192 481 1420 537 consilio
1451 478 1777 534 tumultuosa
1808 483 1854 540 Α
1883 491 2104 546 parvam
2154 479 2538 534 monachorum
2588 479 2800 534 turbam
2857 475 3228 533 condonarunt
3267 494 3280 531 :
3322 491 3456 545 quos

190 579 351 637 turba
377 576 770 647 cogitationum
817 574 1016 628 abibat.
1051 573 1204 643 Srpe
1227 574 1389 627 etiam
1416 588 1538 627 cum
1566 569 1776 625 infestis

196 667 620 739 cogitationibus
662 663 908 735 pulsatus
936 664 1077 732 quis,
1107 664 1247 718 sicut
1274 678 1305 717 a
1326 678 1455 722 vero
1492 661 1659 715 fratre
1698 659 1778 713 di-

197 760 323 825 dici,
345 757 734 825 diceret,quia
767 757 853 810 ibo
891 764 947 810 et
993 756 1225 825 pandam
1255 771 1353 809 vos
1374 756 1578 831 \domno
1605 754 1777 807 Bene-

197 848 372 913 dicto;
405 846 549 900 illico
592 846 931 915 importunus
969 845 1037 899 ab
1075 860 1141 899 eo
1166 846 1451 899 recedebat
1498 844 1776 898 tumultus.

200 939 255 994 Si
297 936 422 1007 quis
461 949 595 989 vero
624 933 961 1004 gravioribus
993 941 1138 987 esset
1169 933 1417 987 detentus
1446 933 1676 996 delictis,
1707 932 1781 986 illi

200 1040 294 1080 cor
318 1038 478 1080 suum
525 1022 792 1091 pandens,
828 1020 1218 1076 consolationis
1250 1022 1542 1091 recipiebat
1580 1020 1779 1075 tomen-

202 1124 334 1169 tum.
363 1111 421 1171 Si
455 1111 691 1179 tristitire
721 1111 910 1164 morbo
939 1118 1245 1181 angeretur,
1277 1111 1539 1166 accedens
1567 1111 1634 1165 ad
1661 1126 1782 1165 eum

202 1220 323 1260 mox
349 1204 508 1258 lmtus
529 1201 799 1257 discessit.

270 1295 360 1350 54.
392 1293 568 1349 Aucta
596 1300 683 1348 est
725 1298 908 1345 autem
939 1290 1098 1345 turba
1146 1292 1533 1347 monachorum
1562 1288 1674 1343 Deo
1708 1287 1788 1342 fa—

202 1385 548 1448 mulantium,
577 1383 652 1437 ita
678 1389 738 1435 ut
768 1380 1054 1452 plusquam
1083 1380 1311 1435 trecenti
1336 1378 1535 1444 ﬁerint,
1560 1378 1629 1432 ob
1655 1392 1789 1446 quo-

206 1494 320 1532 rum
375 1474 636 1531 eximiam
690 1473 1162 1544 congregationem
1229 1470 1389 1525 talem
1449 1470 1787 1523 mansionem

206 1578 527 1627 construere
546 1566 729 1636 jussit,
762 1580 882 1635 quse
911 1564 1058 1619 mille
1111 1571 1165 1618 et
1195 1578 1260 1618 eo
1285 1561 1514 1631 amplius
1543 1560 1791 1615 homines

205 1676 397 1731 capere
423 1658 663 1723 videtur,
691 1664 907 1713 centum
936 1654 1206 1726 recipiens
1239 1653 1450 1708 cubilos
1474 1652 1527 1706 in
1556 1651 1792 1721 longitu-

205 1754 384 1808 dinem
405 1757 462 1805 et
492 1749 683 1819 viginti
718 1748 772 1802 in
799 1746 1141 1801 latitudinem
1171 1762 1182 1797 :
1213 1751 1267 1798 et
1288 1743 1415 1813 quia
1450 1749 1645 1796 ca:t.era
1676 1740 1790 1793 loca

1880 584 2001 623 cum
2033 570 2287 625 visitandi
2315 572 2488 642 gratia
2525 571 2688 625 Pater
2727 570 3047 626 venerabilis
3073 570 3290 635 adisset,
3338 586 3475 641 qute

1881 660 1913 714 i'.
1938 660 2079 714 idem
2109 669 2228 714 acta
2266 662 2373 715 sint
2394 663 2646 735 pandam.
2675 661 2953 732 Siquidem
2982 661 3098 729 ejus
3140 660 3459 729 priestolan.

1882 755 1963 800 tes
1993 749 2304 813 adventum,
2334 752 2684 805 omni'studio
2732 758 3003 822 satagunt,
3048 758 3315 819 quatenus
3341 751 3459 821 ejus

1882 852 1980 906 pro
2010 854 2195 892 amore
2217 839 2391 909 copia,
2417 841 2641 909 piscium
2665 842 3015 910 ciborumque
3045 846 3331 911 apparatus
3353 856 3459 893 non

1885 929 2056 982 solum
2104 931 2223 994 illi,
2274 948 2459 986 verum
2508 934 2668 987 etiam
2718 934 2967 989 omnibus
3020 933 3279 990 fratribus
3326 932 3465 989 foret

1884 1020 2113 1073 abunde.
2140 1020 2230 1074 Fit
2273 1037 2569 1078 concursus
2613 1022 2867 1088 fratrum,
2890 1022 3253 1078 sollicitantur
3278 1024 3462 1094 pisca—

1886 1118 2051 1175 tores,
2083 1120 2497 1179 pcrscrutantur
2525 1114 2778 1168 nundino:
2804 1132 2815 1166 :
2851 1114 2944 1169 sed
2974 1122 3119 1167 tanta
3160 1114 3337 1168 evenit
3365 1113 3467 1168 dif-

1887 1198 2116 1262 ﬁcultas,
2147 1210 2205 1254 ut
2256 1216 2356 1255 nec
2386 1202 2453 1255 ad
2499 1204 2785 1256 emendum
2834 1202 3222 1267 invenirentur,
3253 1217 3354 1257 nec
3399 1182 3469 1256 ab

1887 1290 1967 1344 cis
1994 1290 2112 1358 capi
2140 1300 2344 1360 posset,
2387 1308 2490 1362 qua
2538 1293 2603 1347 de
2642 1293 2929 1348 sterilitate
2957 1293 3124 1347 nimio
3162 1292 3474 1351 alliciebane

1888 1389 1979 1435 tur
2004 1397 2259 1437 mmrorc.
2287 1382 2519 1437 Advenit
2549 1383 2819 1439 interdum
2849 1385 3127 1454 magister,
3176 1384 3473 1455 gaudentes

1890 1472 2211 1541 suscipiunt,
2233 1473 2580 1543 gaudensque
2599 1488 2786 1527 eorum
2812 1473 3142 1544 profectibus
3166 1475 3429 1531 resalutat
3455 1495 3467 1529 :
3490 1504 3497 1508 -

1891 1560 1984 1615 sed
2016 1562 2393 1615 verecundiam
2451 1561 2647 1616 fratres
2675 1561 2797 1616 lauto
2844 1561 3092 1618 celabant
3147 1563 3246 1619 sub
3299 1565 3470 1619 vultu.

1891 1649 2160 1704 Praeterea
2186 1650 2383 1705 accidit
2420 1659 2480 1704 ut
2526 1651 2696 1713 frater
2720 1652 2936 1723 quidam
2986 1641 3469 1725 quippiam’operis

1895 1758 2155 1797 exercens
2176 1741 2326 1811 juxta
2356 1742 2576 1798 ﬂuvium
2611 1744 2822 1816 Ligeris
2858 1744 3075 1801 sisteret
3107 1763 3120 1799 :
3149 1753 3205 1800 et
3234 1761 3360 1802 ecce
3385 1763 3475 1802 Slh

204 1858 296 1897 eos
317 1856 516 1910 capere
542 1855 648 1894 non
675 1837 921 1908 quibant,
947 1834 1229 1903 constituit
1252 1831 1385 1886 locis
1408 1830 1659 1900 congruis
1686 1828 1793 1883 ccl-
1820 1826 1865 1884 B
1894 1836 2006 1907 bito
2031 1838 2401 1908 praegrandem
2433 1839 2658 1909 piscem,
2685 1855 2845 1909 quem
2892 1840 3078 1895 isicem
3109 1850 3326 1907 vocant,
3349 1858 3477 1899 con-

205 1935 283 1989 las
310 1946 360 1998 ι,
388 1933 588 2002 quibus
612 1928 881 2001 przefectis
907 1925 1181 1997 magistris
1201 1923 1379 1995 posuit
1404 1923 1619 1976 fratres.

272 2027 362 2081 55.
391 2023 607 2079 Accidit
631 2021 860 2090 denique
882 2019 1073 2075 eodem
1102 2025 1341 2089 tempore
1368 2008 1652 2070 inundatio
1674 2012 1792 2084 plu-

207 2118 433 2179 viarum,
487 2111 999 2183 quiescentibusque
1039 2109 1298 2179 magistro
1342 2122 1466 2162 cum
1511 2104 1789 2167 fratribus,

208 2205 391 2261 subito
428 2203 501 2258 ab
550 2201 812 2256 ambobus
845 2200 1003 2256 ostiis
1054 2198 1266 2268 ingredi
1314 2196 1620 2251 redundans
1654 2208 1792 2263 aqua

208 2298 369 2367 erepit
412 2310 480 2350 ac
533 2273 926 2364 quiescentiuin
975 2304 1242 2361 occupare
1298 2289 1537 2345 domum.
1591 2286 1795 2341 Pavore

208 2402 331 2441 vero
356 2384 558 2440 fratres
580 2382 853 2453 perterriti
879 2382 1090 2437 concite
1116 2389 1361 2449 surgunt.
1391 2380 1592 2437 Domus
1614 2387 1795 2432 autem

209 2478 532 2532 latrinarum
564 2489 726 2544 super
759 2480 1057 2528 torrentem
1087 2487 1281 2544 magno
1307 2487 1429 2527 cum
1480 2471 1660 2525 labore
1683 2468 1797 2524 fue-

210 2578 291 2623 rat
321 2569 449 2632 sita,
483 2582 648 2637 quam
676 2573 892 2619 tumens
919 2572 1134 2618 torrens
1162 2563 1436 2617 nitebatur
1462 2560 1794 2622 subvertere,

212 2662 280 2716 ita
302 2668 364 2714 ut
391 2659 463 2714 ab
493 2657 839 2713 inferioribus
862 2656 1272 2725 conquatientes
1301 2669 1464 2709 rauco
1503 2669 1624 2709 cum
1655 2668 1800 2706 mur-

212 2766 360 2805 mure
401 2749 565 2803 unda:
605 2748 658 2801 in
683 2746 795 2815 jam
821 2745 1042 2815 jamque
1069 2745 1334 2799 ruituram
1364 2744 1673 2815 prosilirent
1708 2744 1802 2799 do-

214 2858 378 2896 mum.
407 2840 754 2896 Concurrunt
774 2838 980 2909 paritcr
1004 2837 1181 2892 media
1215 2836 1383 2891 ferme
1430 2845 1590 2892 nocte
1620 2835 1685 2890 ad
1714 2853 1802 2892 cc-

213 2933 457 2995 clesiam,
482 2931 573 2985 ubi
605 2930 717 3000 ipse
739 2928 902 2983 Pater
943 2927 1269 2999 perveniens
1306 2927 1534 2996 primus,
1565 2927 1701 2998 signi
1729 2926 1803 2980 fu-

213 3038 334 3077 nem
360 3022 616 3091 arripuit,
633 3019 903 3090 jussitque
924 3033 1125 3074 canere
1154 3014 1360 3081 laudes,
1385 3025 1802 3085 sanctorumque

216 3112 509 3183 implorare
529 3109 804 3181 suffragia,
835 3117 995 3179 atque
1019 3123 1143 3164 cum
1174 3107 1429 3178 lacrymis
1452 3124 1557 3161 una
1587 3106 1681 3162 Dei
1710 3109 1803 3162 ﬂa-

1891 1927 2049 1996 spicit
2096 1927 2243 1983 circa
2275 1927 2425 1984 littus
2473 1937 2750 1984 natantem
2786 1948 2798 1983 :
2834 1930 2899 1985 ad
2928 1946 3089 2000 quem
3137 1947 3245 1986 non
3289 1933 3483 1990 tardus

1891 2017 2212 2086 capiendum
2264 2019 2487 2087 insiluit,
2516 2020 2958 2091 abstractumque
2982 2022 3240 2078 fratribus
3266 2023 3478 2079 detulit.

1893 2109 1981 2164 Fit
2009 2126 2223 2180 quoque
2252 2112 2355 2166 hac
2396 2113 2461 2168 de
2497 2128 2556 2167 re
2600 2114 2877 2186 gaudium,
2917 2116 3011 2170 sed
3045 2116 3331 2171 admiratio
3366 2133 3479 2172 ma-

1887 2198 1976 2268 jor
2003 2219 2014 2254 :
2040 2216 2232 2256 omnes
2255 2210 2435 2258 tamen
2466 2204 2678 2260 meritis
2699 2206 2801 2262 hoc
2826 2207 3150 2263 venerabilis
3175 2207 3277 2261 viri
3306 2209 3477 2263 Bene-

1895 2289 2025 2344 dicti
2058 2293 2306 2347 evenisse
2352 2293 2588 2350 confessi
2636 2304 2786 2361 sunt,
2821 2297 2926 2352 hoc
2957 2298 3099 2353 enim
3152 2312 3252 2369 ego
3282 2312 3312 2351 a
3336 2297 3490 2354 fideli

1896 2378 2086 2447 fratre,
2142 2382 2196 2436 ni
2226 2382 2407 2450 fallor,
2433 2384 2506 2438 ita
2530 2384 2715 2439 didici.
2755 2386 3014 2442 Alcuinus
3052 2402 3266 2457 quoque
3291 2402 3356 2443 ex
3385 2402 3480 2457 ge-

1899 2486 2028 2525 nere
2057 2470 2373 2542 Anglorum,
2406 2474 2597 2529 ordine
2628 2475 2839 2542 levites,
2876 2476 3136 2548 sapientia
3165 2477 3489 2548 praeclarus,

1899 2564 2202 2619 sanctitatis
2231 2566 2429 2621 merito
2478 2567 2825 2633 venerabilis,
2868 2583 3059 2638 regens
3094 2570 3484 2624 monasterium

1900 2654 2041 2709 beati
2066 2655 2279 2709 Martini
2311 2654 2665 2724 confessoris,
2689 2659 2780 2727 qui
2809 2658 2909 2713 fuit
2931 2659 3325 2714 Turonensium
3351 2676 3484 2730 pon-

1903 2745 2058 2811 tifex,
2086 2747 2286 2817 quique
2307 2749 2357 2801 in
2383 2748 2501 2800 aula
2529 2747 2749 2819 gloriosi
2778 2749 3120 2820 imperatoris
3140 2748 3318 2805 Caroli
3338 2749 3485 2804 omni

1901 2835 2107 2890 honore
2130 2837 2322 2907 dignus
2352 2836 2679 2903 habebatur,
2709 2838 2946 2893 auditam
2971 2837 3198 2910 [audita,
3231 2838 3485 2912 etc.]‘ex-.

1903 2936 2222 2999 pertamque
2252 2928 2353 2982 viri
2379 2929 2472 2984 Dei
2510 2929 2814 2984 sanctitatis
2842 2930 3071 2993 famam,
3102 2918 3393 2986 inviolabili
3425 2947 3495 2987 se

1905 3022 1980 3075 illi
2013 3022 2280 3076 charitatc
2327 3021 2622 3090 conjunxit,
2667 3022 2741 3076 ita
2788 3031 2846 3077 ut
2892 3037 2959 3078 ex
3004 3022 3117 3077 suis
3147 3022 3388 3093 epistolis
3437 3024 3487 3079 ci

1907 3128 2046 3182 saepe
2075 3113 2302 3168 directis
2331 3114 2639 3185 aggregatis
2670 3114 2721 3168 in
2745 3130 2911 3169 unum
2942 3130 3081 3169 unus
3132 3097 3513 3171 conﬁceretur-

216 3173 385 3275 gitare
408 3173 774 3258 clementiam.
794 3173 926 3256 Post
946 3201 1142 3256 multas
1164 3173 1378 3271 quoque
1395 3215 1584 3270 preces
1606 3199 1804 3255 adeunt
1829 3173 1872 3233 C
1907 3173 2136 3254 libellus.
2164 3200 2314 3256 Datis
2345 3173 2526 3270 itaque
2557 3200 2631 3255 illi
2662 3201 2976 3255 muneribus
3008 3202 3245 3271 postulat
3293 3202 3489 3257 obnixe

217 3295 391 3350 visere
418 3294 466 3348 si
511 3294 623 3364 jam
661 3294 852 3349 domus
881 3292 1021 3349 foret
1046 3295 1325 3349 subversa.
1371 3293 1488 3359 Quo
1516 3301 1675 3347 eunte
1710 3308 1800 3345 vc-

220 3386 463 3443 nerabile
484 3387 603 3442 viro
628 3385 856 3441 obscura
883 3385 984 3441 sub
1006 3385 1237 3454 caligine
1258 3386 1452 3451 noctis,
1478 3386 1657 3455 vepris
1683 3400 1805 3438 cru-

221 3482 367 3535 ribus
391 3479 514 3548 ejus
563 3479 739 3544 hmsit,
771 3478 1044 3549 nimioque
1072 3479 1231 3533 taedio
1260 3477 1502 3543 affectus,
1536 3477 1790 3547 lacryma-

220 3569 416 3633 biliter,
470 3577 532 3623 ut
586 3568 867 3624 sedaretur
921 3568 1223 3631 inundatio,
1273 3568 1439 3622 Deum
1492 3560 1807 3637 deprecatus

223 3672 322 3717 est.
360 3661 472 3717 Sed
517 3676 640 3716 cum
670 3662 739 3715 ad
764 3660 940 3715 locum
972 3659 1327 3721 devenerunt,
1354 3659 1561 3729 integro
1593 3659 1807 3711 dcsccn-

224 3755 362 3810 disse
388 3754 527 3825 pede
555 3769 695 3823 aqua
724 3761 935 3825 reperta
961 3761 1062 3807 cst.
1105 3751 1307 3807 Confisi
1346 3750 1459 3820 jam
1505 3751 1569 3803 de
1594 3749 1684 3803 Dei
1714 3749 1809 3802 ad-

218 3845 438 3914 jutorio,
472 3845 541 3899 ad
570 3845 746 3900 socios
778 3845 830 3899 in
862 3842 1090 3899 ecclesia
1118 3842 1448 3898 constitutos
1472 3840 1720 3903 redeunt,
1756 3849 1811 3893 ct

227 3936 484 3993 beneﬁcia
520 3935 614 3991 Dei
647 3943 932 4000 narrantes
960 3936 1165 4005 pariter
1202 3934 1597 3989 bcnedixerunt
1619 3932 1805 3987 Deum.

293 4028 380 4083 56.
406 4027 620 4082 interea
648 4027 926 4081 audientes
972 4025 1088 4095 ejus
1125 4025 1432 4081 sanctitatis
1471 4022 1668 4078 famam
1691 4038 1811 4095 gre-

228 4120 413 4191 gisque
457 4117 577 4188 ejus
606 4126 848 4173 sanctam
885 4118 1217 4187 opinionem,
1243 4115 1517 4187 postulare
1548 4115 1814 4169 instanter

228 4212 454 4283 exempli
478 4213 653 4282 gratia
676 4213 971 4266 monachos
990 4210 1230 4265 nonnulli
1254 4210 1490 4280 episcopi
1510 4218 1812 4280 coeperunt,

228 4304 292 4359 de
334 4305 535 4375 quibus
577 4302 876 4358 Leidradus
904 4304 933 4341 ι)
961 4301 1400 4373 Lugdunensium
1448 4300 1687 4371 pontifex
1716 4316 1814 4355 vo-

229 4397 342 4453 lens
365 4396 758 4453 monasterium
791 4394 934 4465 quod
963 4402 1190 4450 vocatur
1227 4392 1673 4448 Insula-Barbara
1722 4408 1815 4447 re—

230 4489 522 4554 rdificare,
545 4486 793 4557 quaesivit
814 4486 1078 4540 instanter
1098 4486 1190 4555 qui
1216 4485 1265 4539 ei
1290 4485 1502 4538 initium
1519 4484 1673 4539 bonae
1696 4484 1816 4541 vitae

230 4579 601 4638 ostenderent,
628 4585 684 4631 et
729 4575 954 4646 accepit.
1004 4575 1281 4645 Siquidem
1322 4574 1523 4630 electos
1570 4573 1740 4630 ferme
1784 4590 1813 4629 a

234 4686 392 4741 grege
440 4684 512 4723 xx
566 4666 881 4736 discipulos,
934 4666 1129 4735 quibus
1180 4665 1473 4735 praeposuit
1526 4674 1815 4729 rectorem,

234 4774 430 4830 eosque
468 4756 794 4828 Burgundite
832 4756 1080 4825 partibus
1102 4755 1169 4810 ad
1193 4754 1543 4809 habitandum
1574 4756 1773 4810 direxit
1802 4774 1815 4810 :

236 4864 338 4921 quo
377 4853 679 4917 pra:stante
707 4843 924 4900 Christo
967 4844 1196 4900 Domino
1217 4858 1362 4898 nunc
1392 4843 1445 4896 in
1470 4851 1655 4898 sancta
1694 4845 1819 4900 reli-

235 4940 389 5010 gione
414 4935 686 5006 pollentes
709 4944 764 4988 et
786 4934 1063 4999 florentes,
1088 4931 1419 5003 praegrandis
1444 4940 1526 4986 est
1551 4934 1706 4988 turba
1730 4949 1821 5004 ag-

237 5035 455 5098 gregata
490 5024 901 5080 monachorum.
937 5022 1269 5078 Theodulfus
1310 5038 1527 5093 quoque
1573 5023 1821 5080 Aurelia-

240 5122 484 5176 nensium
514 5117 734 5188 pmsul,
762 5132 884 5172 cum
907 5116 1296 5172 monasterium
1334 5115 1517 5171 Sancti
1547 5116 1821 5173 Maximini

239 5219 557 5267 construere
582 5208 762 5271 vellet,
794 5223 824 5261 a
848 5206 961 5275 jam
996 5206 1223 5277 prazfato
1249 5208 1366 5261 viro
1410 5206 1645 5276 postulat
1667 5223 1825 5278 regu-

239 5297 368 5355 laris
393 5298 695 5370 disciplinze
715 5298 920 5368 peritos
946 5317 959 5352 :
985 5297 1072 5352 cui
1098 5313 1223 5351 mox
1250 5312 1526 5351 assensum
1570 5299 1822 5368 praebuit,

238 5401 296 5446 et
334 5392 422 5447 bis
449 5392 621 5446 denos
650 5389 726 5444 illi
766 5388 1061 5443 monachos
1090 5386 1343 5458 praefecto
1372 5388 1630 5456 magistro
1657 5389 1824 5445 misit.

241 5479 344 5550 Qui
386 5487 704 5539 constanter
746 5478 804 5534 in
851 5486 1041 5535 sancto
1088 5478 1267 5533 studio
1315 5476 1673 5542 decertantes,
1719 5494 1828 5532 non

311 5643 339 5672 ι
369 5630 468 5714 En.
505 5610 1109 5714 causa‘erigendarum
1157 5628 1441 5694 cellarum,
1486 5644 1621 5698 quas
1665 5629 1827 5684 modo

241 5708 628 5775 preposituras
658 5708 728 5775 et,
746 5708 1018 5773 prioratus
1054 5716 1328 5775 vocamus.

318 5769 446 5829 I{De
497 5769 768 5831 Leidradé
810 5782 866 5828 et
909 5771 1238 5830 monasterio
1280 5769 1622 5836 Barbarensi,
1654 5769 1827 5840 deque

1907 3290 2007 3344 sibi
2057 3292 2352 3347 monachos
2379 3291 2516 3347 dari.
2566 3292 2661 3348 Cui
2713 3308 2834 3348 cum
2881 3294 3129 3364 protinus
3170 3294 3491 3351 venerabilis

1905 3381 2069 3435 Pater
2097 3397 2381 3437 assensum
2410 3384 2756 3452 praebuisset,
2780 3399 2946 3454 equos
2975 3386 3123 3439 misit
3148 3386 3239 3454 qui
3265 3400 3360 3441 eos
3383 3385 3491 3441 fer-

1909 3478 2060 3525 rent:
2090 3487 2227 3541 quos
2249 3473 2301 3527 in
2329 3475 2677 3536 monasterio,
2706 3474 2792 3528 cui
2825 3474 3019 3530 nomen
3041 3484 3127 3529 est
3151 3475 3514 3540 Cormarineh

1907 3562 2051 3631 quod
2102 3563 2483 3629 mdilicaverat,
2536 3565 2841 3619 collocavit.
2877 3564 3052 3619 Fuere
3103 3566 3266 3620 etiam
3314 3575 3372 3622 et
3407 3567 3509 3636 bi,

1907 3662 1969 3707 ut
2000 3669 2144 3719 reor,
2183 3669 2253 3707 xx
2301 3669 2421 3707 cum
2450 3654 2673 3724 praelato
2706 3656 2809 3710 siti
2842 3656 3103 3726 magistro
3128 3674 3141 3709 :
3165 3657 3233 3710 ad
3262 3672 3491 3727 quorum

1908 3745 2108 3799 bonum
2136 3744 2565 3799 conversationis
2612 3743 2939 3813 exemplum,
2970 3760 3164 3815 magna
3190 3752 3276 3799 cst
3301 3761 3494 3816 aggre-

1910 3843 2035 3904 gata
2059 3834 2345 3890 multitudo
2372 3835 2782 3888 monachorum.

1980 3926 2068 3992 57.
2102 3925 2231 3992 Quae
2269 3934 2447 3980 autem
2474 3942 2573 3996 per
2603 3925 2745 4020 idcnt
2787 3934 2997 3996 tempus
3039 3925 3271 3995 propitia
3294 3926 3497 3983 Πιγὶιιίτ

1912 4024 2024 4070 tate
2048 4017 2157 4071 sint
2179 4024 2301 4071 acta
2326 4017 2608 4081 miracula,
2640 4017 2746 4070 non
2774 4017 2843 4071 ab
2867 4031 2925 4071 re
2946 4025 3075 4090 puto
3121 4019 3163 4073 si
3195 4019 3320 4075 huic
3345 4023 3500 4088 operi

1918 4110 2245 4165 inserantur.
2273 4110 2504 4178 Quidam
2534 4111 2801 4180 siquidem
2828 4110 2998 4166 frater
3030 4112 3266 4171 tabulam
3310 4129 3497 4170 sacra-

1916 4209 2047 4267 tam,
2079 4202 2132 4256 in
2163 4218 2269 4271 qua
2291 4203 2435 4259 beati
2468 4204 2707 4275 Dionysii
2746 4210 2902 4258 erant
2959 4204 3200 4275 reliquiae
3236 4206 3498 4264 aliorum-

1916 4309 2019 4362 quc
2048 4293 2369 4349 Sanctorum
2398 4294 2908 4364 plantatm,.niissus
2931 4304 3015 4350 est
3041 4297 3109 4350 ab
3138 4296 3243 4351 alia
3269 4297 3406 4352 cella
3433 4296 3501 4353 a‘d

1876 4416 1881 4421 α
1917 4384 2078 4438 aliam
2110 4383 2323 4439 deferre
2350 4402 2363 4437 :
2394 4387 2544 4455 isque
2583 4401 2764 4441 secum
2796 4401 3027 4456 pergens
3053 4386 3258 4442 catulos
3285 4388 3499 4454 detulit,

1923 4473 2164 4527 tabulam
2194 4488 2326 4527 vero
2353 4483 2621 4528 sacratam
2670 4484 2797 4544 post
2848 4474 3057 4544 aliquos
3084 4475 3201 4530 dies
3227 4486 3503 4533 revertens

1923 4578 2028 4618 non
2063 4562 2187 4619 lotis
2212 4564 2451 4619 vestibus
2486 4564 2736 4620 incautus
2754 4564 2967 4620 deferre
2993 4565 3200 4619 nititur.
3224 4563 3503 4636 Ingressus

1923 4653 2426 4724 navigioproperat
2450 4652 2590 4726 (erat
2613 4655 2758 4709 enim
2779 4654 2912 4709 cella
2946 4654 3060 4724 ipsa
3090 4655 3232 4710 inter
3254 4663 3509 4725 stagnum

1924 4755 1979 4799 ct
2005 4761 2155 4800 mare
2168 4733 2327 4816 'sita),
2358 4746 2450 4799 sed
2481 4755 2540 4800 ut
2582 4761 2711 4800 mox
2732 4755 2944 4804 terram
2976 4746 3174 4816 attigit,
3199 4760 3505 4816 equumque

1927 4834 2303 4891 ascendensiu
2333 4850 2439 4903 quo
2458 4834 2663 4890 Catulos
2696 4828 3279 4904 pertulerat,'tahulam
3321 4843 3507 4905 porta-

1925 4932 2078 4979 turus
2126 4923 2387 4994 suscepit,
2430 4923 2611 4978 divina
2662 4924 2804 4979 hunc
2854 4924 2985 4979 ultio
3033 4923 3283 4992 perculit.
3321 4925 3509 4995 Equus

1924 5015 2140 5086 quidem
2174 5016 2362 5071 eadem
2392 5017 2524 5070 hora
2548 5031 2607 5071 se
2635 5016 2689 5070 in
2727 5015 2929 5071 circulo
2959 5016 3185 5070 rotundo
3212 5031 3511 5073 conversus

1924 5116 2031 5171 est,
2083 5121 2364 5177 quousque
2397 5104 2566 5161 frater
2592 5106 2648 5160 in
2682 5115 2881 5161 terram
2932 5114 3134 5170 rueret,
3168 5106 3349 5161 tabula
3374 5122 3508 5177 quo-

1927 5214 2032 5269 que
2061 5199 2310 5252 manibus
2339 5196 2455 5265 ejus
2482 5197 2662 5266 elapsa
2690 5196 2855 5250 illaesa
2884 5196 3205 5265 suscipitur;
3234 5213 3408 5268 equus
3433 5199 3506 5254 si-

1930 5290 2145 5359 quidem
2172 5289 2354 5342 Statim
2398 5289 2695 5344 exsliuctus
2723 5296 2841 5353 est;
2881 5287 2974 5344 sed
2999 5298 3054 5343 et
3083 5289 3148 5355 is,
3175 5290 3269 5360 qui
3299 5290 3510 5347 occide-

1930 5387 2035 5445 rat,
2068 5379 2237 5433 frater
2276 5394 2383 5433 non
2412 5382 2528 5433 sine
2570 5395 2764 5452 magno
2792 5386 2875 5435 est
2901 5378 3160 5451 languore
3204 5389 3444 5446 evectus,
3477 5397 3507 5436 a

1933 5485 2039 5540 quo
2067 5469 2158 5525 diu
2185 5469 2464 5527 confectus
2491 5470 2706 5525 tandem
2733 5460 3021 5527 sanitatem
3041 5471 3262 5540 recepit.
3288 5468 3352 5524 lli
3380 5486 3533 5531 verat.

1893 5632 2233 5703 .Theodulfo
2283 5639 2339 5686 et
2364 5630 2666 5703 Mitiacegsi
2718 5630 2941 5703 inferius
2967 5630 3256 5703 agendum,
3304 5629 3396 5685 ubi
3441 5629 3541 5687 de.

1935 5703 2055 5762 aliis
2082 5702 2427 5781 monasteriis
2455 5715 2553 5770 per
2581 5699 2927 5761 Benedictum
2949 5699 3231 5760 ordinatis.
3455 5726 3461 5733 ~
