3942 6190
383 364 489 419 ’571

1421 352 1479 408 S.
1518 349 1876 406 BENEDICTI
1915 348 2205 404 ABBATlS
2241 346 2648 404 AltlANENSlS

3531 342 3646 398 579.

398 471 595 530 fratres
624 471 714 541 qui
738 467 997 539 petendas
1026 464 1284 534 reliquias
1314 463 1595 528 miserant,
1616 476 1736 533 quae
1760 460 1969 515 accide-
1996 461 2045 521 Λ
2141 459 2229 515 40.
2261 459 2695 517 Gloriosissimus
2738 466 2919 513 autem
2948 457 3251 513 Ludovicus
3286 473 3380 515 rex
3409 456 3640 529 Aquita-

398 572 519 619 rant
566 561 862 622 audientes,
899 556 1059 610 alium
1094 569 1284 608 rursus
1324 552 1544 608 fratrem
1588 552 1828 606 mittunt.
1862 548 1963 614 Qui

396 654 651 726 quoniam
693 657 811 702 erat
853 646 1122 709 sacerdos,
1160 658 1342 699 secum
1393 658 1628 705 erucem,
1658 640 1712 695 iu
1757 655 1863 709 qua
1890 639 1967 726 rli-

397 725 558 814 gnum
588 744 706 793 erat
738 733 1093 793 Dominicum,
1132 730 1271 784 tulit.
1319 730 1379 783 In
1432 738 1678 798 stagnum
1707 741 1837 781 vero
1884 725 1967 779 in-

397 813 641 902 gressus,
684 822 861 879 valida
907 827 1223 897 tempestate
1272 826 1497 872 vexatur
1541 814 1785 869 navicula
1828 813 1965 869 :sed

397 933 526 974 mox
570 923 631 970 ut
663 927 877 969 crucem
920 924 1079 979 quam
1108 907 1245 962 collo
1278 906 1524 976 gestabat
1559 902 1718 957 undis
1759 911 1968 956 tumen-

400 1008 542 1062 tibus
592 1001 861 1074 opposuit,
891 998 1211 1068 quieverunt
1253 980 1517 1065 procellae.
1545 994 1604 1046 ln
1659 991 1791 1047 cella
1835 1006 1966 1045 vero

397 1098 683 1168 quiescens
722 1107 821 1161 per
865 1104 1111 1145 somnum
1157 1087 1291 1141 vidit
1334 1084 1455 1140 miri
1490 1084 1741 1139 candoris
1767 1082 1964 1146 virum,

400 1186 493 1257 qui
518 1200 640 1240 eum
668 1183 745 1238 ita
775 1179 970 1234 allatus
995 1186 1079 1233 est
1103 1195 1115 1230 :
1140 1176 1275 1242 Nisi,
1308 1176 1503 1245 inquit,
1526 1175 1726 1245 lignum
1755 1172 1967 1226 Domini

400 1278 508 1333 mei
539 1282 714 1332 tecum
739 1270 1030 1335 attulisses,
1057 1282 1395 1338 nequaquam
1442 1265 1638 1319 abhinc
1672 1278 1779 1333 quo
1807 1261 1971 1317 velles

400 1374 643 1437 tempore
671 1362 868 1418 exires.
898 1359 1231 1414 Admonetur
1268 1356 1449 1425 itaque
1492 1362 1553 1408 ut
1600 1353 1851 1422 pedester
1879 1367 1971 1406 eas

401 1456 753 1511 deferretzet
794 1452 919 1522 quia
966 1464 1072 1503 non
1115 1445 1528 1517 obtemperavit,
1571 1443 1831 1499 deductas
1856 1440 1972 1513 [de-

403 1546 601 1611 ductis,
628 1542 758 1615 etc.]
781 1541 845 1595 ad
887 1538 1168 1610 praefatam
1196 1536 1385 1591 cellam
1416 1534 1690 1604 reliquias,
1717 1532 1865 1604 gravi
1891 1541 1975 1587 est

405 1636 717 1692 infirmitate
744 1647 1053 1704 percussus.
1100 1628 1228 1684 Post
1272 1629 1389 1683 haec
1433 1635 1613 1681 autem
1643 1626 1697 1680 in
1744 1622 1972 1680 ecclesia

399 1728 587 1783 eadem
611 1740 714 1796 qua
750 1722 991 1792 reliquiae
1017 1721 1232 1779 fuerant
1278 1718 1486 1782 delatae,
1515 1717 1744 1786 pbarum
1770 1715 1972 1785 pende-

2070 565 2262 605 norum
2305 560 2455 615 tunc,
2488 563 2634 603 nunc
2668 556 2847 603 autem
2901 548 3081 602 divina
3113 547 3429 619 providente
3468 548 3643 616 gratia

2066 639 2231 692 totius
2255 638 2511 693 Ecclesia:
2534 638 2746 706 Europa
2769 637 3011 706 degentis
3028 636 3324 706 imperator
3344 635 3645 707 Augustus,

2066 730 2371 784 sanctitatis
2391 726 2507 797 ejus
2532 729 2700 783 vitam
2722 735 3053 800 compertam
3084 728 3419 798 permaxime
3451 730 3649 801 dilige-

2066 819 2177 884 bat,
2203 820 2426 890 ejusque
2454 818 2737 874 consilium
2760 818 2990 872 libenter
3012 816 3417 888 obtemperabat
3443 837 3457 872 :
3480 836 3644 891 quem

2067 909 2230 963 etiam
2256 909 2507 964 omnibus
2538 908 2590 962 in
2634 923 2732 962 suo
2775 922 2942 977 regno
2992 908 3337 963 monasteriis
3363 912 3643 980 praefecit,

2067 1008 2126 1053 ut
2177 1015 2424 1055 normam
2477 997 2813 1055 salutiferam
2851 997 3061 1053 cunctis
3102 996 3433 1053 ostenderet.
3476 999 3653 1056 Erant

2067 1088 2210 1142 enim
2239 1068 2485 1158 quaedam
2535 1086 2861 1142 monasteria
2893 1085 3142 1141 instituta
3186 1085 3446 1141 canonica
3470 1099 3500 1127 ι
3530 1102 3653 1142 ser-

2067 1187 2280 1244 vantes,
2308 1179 2525 1249 Regulae
2577 1185 2760 1234 autem
2804 1184 3072 1248 praecepta
3119 1175 3453 1246 ignorantes.
3482 1177 3652 1247 Cujus

2071 1271 2161 1325 ille
2181 1271 2443 1329 obediens
2461 1269 2651 1339 jussis,
2682 1268 2987 1325 circumivit
3013 1268 3345 1339 singulorum
3374 1279 3655 1326 monaste-

2069 1360 2170 1426 ria,
2194 1376 2301 1415 non
2345 1359 2518 1415 solum
2558 1359 2724 1416 semel
2746 1366 2801 1415 et
2827 1358 2931 1423 bis,
2974 1357 3069 1413 sed
3092 1364 3150 1412 et
3176 1356 3361 1412 multis
3402 1358 3663 1423 vicibus,

2068 1450 2357 1505 ostendens
2385 1449 2589 1505 monita
2634 1447 2872 1519 Regulaz,
2903 1461 3132 1516 eamque
3170 1446 3251 1502 eis
3297 1461 3396 1517 per
3433 1447 3652 1519 singula

2072 1540 2302 1616 capitula
2333 1539 2648 1604 discutiens,
2692 1546 2820 1593 nota
2863 1536 3213 1603 confirmans,
3245 1537 3427 1607 ignota
3477 1537 3651 1595 eluci-

2073 1632 2208 1686 dans
2239 1649 2251 1683 :
2283 1630 2467 1700 sicque
2505 1638 2684 1685 actum
2713 1637 2814 1694 est,
2842 1627 3155 1699 providente
3185 1628 3316 1694 Deo,
3347 1637 3409 1684 ut
3456 1630 3647 1684 omnia

2074 1734 2213 1789 pene
2239 1718 2567 1777 monasteria
2614 1718 2668 1773 in
2693 1717 2985 1788 Aquitania
3014 1717 3119 1773 sita
3146 1716 3449 1790 regularem
3474 1718 3657 1775 susci-

400 1819 514 1883 bat,
542 1817 596 1871 in
621 1816 776 1886 cujus
797 1812 1015 1868 vascula
1038 1810 1406 1880 permodicum
1438 1816 1556 1863 erat
1581 1808 1777 1869 oleum,
1804 1805 1897 1861 sed
1919 1806 1974 1862 in
2001 1804 2049 1863 Β
2075 1818 2265 1881 perent
2286 1808 2539 1865 formam.

336 1898 345 1905 ’
399 1908 638 1965 crastino
668 1906 820 1976 plena
862 1912 1075 1974 reperta
1104 1909 1250 1956 sunt.
1280 1899 1396 1955 Hoc
1416 1906 1594 1954 autem
1626 1897 1850 1968 contigit
1876 1912 1973 1967 per

400 2009 502 2055 ter.
536 1998 661 2052 llzec
703 2010 894 2063 nempe
923 1994 1007 2048 his
1056 1992 1252 2063 quibus
1286 1990 1516 2061 languor
1547 1988 1823 2045 acciderat
1848 2002 1975 2042 nar-

401 2088 648 2144 rantibus
674 2084 936 2154 comperi.

473 2177 652 2234 58.1n
698 2174 970 2230 montibus
1010 2179 1189 2228 autem
1240 2171 1293 2225 in
1344 2169 1540 2240 quibus
1594 2167 1788 2224 fratres
1832 2165 1976 2245 solitj

404 2276 563 2325 erant
589 2265 902 2320 alendarum
954 2263 1135 2317 ovium
1165 2275 1349 2316 curam
1398 2260 1660 2315 habentes
1706 2257 1971 2319 habitare,

402 2357 504 2414 sibi
528 2355 594 2411 ad
617 2355 878 2411 orandum
910 2352 1160 2423 exiguum
1191 2350 1490 2405 oratorium
1536 2355 1973 2411 construxerunt,

404 2449 461 2504 in
508 2462 616 2517 quo
644 2446 900 2517 ingressa:
924 2452 1049 2499 sunt
1091 2443 1346 2499 mulieres
1373 2450 1657 2513 postquam
1684 2438 1881 2494 fratres
1907 2439 1976 2494 ab

402 2553 469 2595 eo
499 2538 863 2593 discesserant
906 2535 1045 2602 loco,
1100 2540 1155 2590 et
1199 2533 1509 2589 deridentes
1534 2531 1838 2587 habitacula
1866 2545 1979 2584 mo-

404 2629 703 2686 nachorum
756 2625 1008 2681 dicebant
1048 2627 1116 2680 ad
1146 2625 1417 2679 invicem:
1451 2623 1529 2677 Tu
1557 2622 1730 2677 vicem
1769 2621 1979 2675 abbatis

406 2717 605 2775 habeto
633 2717 687 2772 in
714 2716 833 2772 loco
855 2716 972 2787 ejus
1006 2723 1176 2769 stans.
1205 2704 1402 2784 Sicque
1431 2712 1654 2784 singula:
1686 2710 1977 2767 ordinatim

404 2815 615 2864 stantes
639 2807 693 2861 in
733 2806 852 2862 loco
880 2806 1142 2860 orationis
1187 2805 1339 2874 quasi
1366 2812 1603 2868 orantes,
1634 2801 1774 2857 male
1799 2814 1980 2856 surre-

403 2907 575 2954 ctura:
621 2898 1026 2957 reenmbebant.
1069 2896 1249 2952 Vacua
1292 2894 1558 2964 siquidem
1608 2898 1982 2949 remanserant

406 2987 734 3052 habitacula,
776 2988 829 3041 in
885 2986 1082 3057 quibus
1104 2972 1107 2981 ’
1131 2985 1337 3040 astatis
1369 2993 1611 3054 tempore
1644 2981 1984 3061 solummodo

406 3077 779 3142 morabantur,
809 3078 906 3133 sed
933 3090 1027 3132 eas
1054 3077 1235 3140 statim
1265 3076 1424 3146 digna
1452 3073 1800 3144 subsequitur
1825 3072 1975 3128 ultio.

2140 1903 2230 1957 41.
2262 1902 2369 1958 Sed
2399 1902 2446 1958 is
2481 1902 2574 1973 qui
2600 1901 2759 1958 bonis
2787 1901 3000 1958 actibus
3021 1915 3236 1972 semper
3260 1901 3466 1958 invidet
3497 1903 3656 1960 inno-

2072 1995 2261 2051 centiae
2282 1993 2625 2050 adversarius
2646 2000 2701 2048 et
2722 1991 2872 2063 pacis
2898 1991 3171 2057 inimicus,
3192 2007 3298 2047 non
3324 2009 3536 2063 tequum
3559 1995 3655 2049 de-

1996 2092 2007 2099 ‘
2072 2083 2265 2148 cernit,
2290 2082 2334 2137 si
2361 2082 2437 2153 pii
2467 2082 2610 2152 regis
2639 2081 2839 2137 diutius
2866 2081 3167 2138 adhaereret
3194 2083 3468 2149 amicitiis,
3492 2083 3655 2139 dam-

2074 2188 2204 2228 num
2248 2187 2359 2228 suae
2385 2173 2526 2242 parti
2554 2170 2754 2227 inferre
2780 2186 2887 2226 non
2913 2171 3187 2237 dubitans,
3226 2169 3418 2226 horum
3446 2171 3493 2227 si
3518 2172 3658 2226 emi-

2073 2279 2175 2319 nus
2204 2263 2433 2318 indivisa
2470 2262 2710 2321 cbaritas
2757 2268 3133 2332 permaneret;
3165 2268 3221 2316 et
3262 2263 3515 2331 quoniam
3558 2278 3659 2318 na-

2077 2361 2209 2407 tura:
2230 2366 2341 2407 sua:
2357 2350 2580 2422 gloriam
2608 2350 2965 2421 superbiendo
2986 2349 3185 2417 amisit,
3210 2350 3265 2405 in
3283 2365 3347 2406 ea
3369 2351 3510 2406 bona
3526 2358 3658 2423 'qua:

2075 2443 2310 2513 perdidit
2332 2459 2401 2497 ne
2423 2443 2588 2498 homo
2632 2443 3031 2508 introducatur,
3058 2444 3187 2500 totis
3223 2444 3428 2500 viribus
3452 2454 3611 2501 cavet
3638 2464 3657 2500 :

2076 2534 2221 2590 dolet
2252 2534 2398 2589 enim
2448 2533 2722 2589 hominem
2776 2533 3123 2590 miseratione
3168 2535 3263 2590 Dei
3320 2537 3655 2606 recuperari.

2078 2625 2185 2681 Sed
2211 2640 2311 2681 nec
2339 2626 2536 2680 mirum
2560 2625 2606 2680 si
2635 2626 2849 2696 piorum
2880 2626 3151 2696 probitate
3176 2627 3348 2683 hostis
3379 2628 3661 2684 crucietur

2077 2717 2354 2787 antiquus,
2402 2724 2670 2771 eteorum
2699 2702 2835 2788 quos
2865 2717 3202 2775 invincibiles
3253 2719 3427 2775 cernit
3476 2719 3656 2789 prefe-

2077 2806 2253 2861 ctibus
2284 2812 2629 2876 torqueatur;
2660 2822 2781 2862 cum
2808 2807 2919 2863 sint
2943 2808 3105 2863 etiam
3134 2808 3317 2879 plures
3365 2810 3457 2881 qui
3487 2807 3656 2879 hujus

2080 2897 2430 2968 malignitatis
2457 2912 2617 2966 opera
2665 2897 2962 2953 imitentur.
2992 2898 3139 2955 Multi
3178 2901 3321 2956 enim
3353 2900 3519 2974 (quod
3562 2900 3662 2956 do-
3690 2886 3701 2891 ’

2081 2988 2299 3042 lendum
2324 2987 2479 3043 valde
2506 2988 2613 3059 est)
2645 2998 2875 3044 uruntur
2909 2989 3098 3045 alienis
3125 2990 3463 3057 utilitatibus,
3490 2998 3660 3062 atque

2082 3077 2136 3132 in
2184 3094 2372 3134 eorum
2417 3088 2698 3135 armantur
2745 3080 2927 3136 odium
2976 3096 3208 3151 quorum
3260 3081 3411 3153 sequi
3464 3082 3659 3137 nolunt

408 3165 829 3222 Tornutionibus
866 3181 997 3221 vero
1036 3166 1220 3221 vexari
1247 3172 1548 3235 coeperunt,
1573 3180 1604 3218 a
1646 3179 1756 3234 quo
1795 3162 1980 3218 dolore
2006 3153 2052 3215 C
2083 3168 2410 3238 exemplum.
2453 3168 2699 3225 Praefatis
2740 3185 2872 3240 ergo
2912 3169 3170 3242 proficuis
3198 3171 3406 3227 actibus
3434 3171 3661 3242 Deoque

408 3268 518 3311 non
567 3262 695 3310 sunt
736 3263 957 3326 ereptae,
1002 3269 1281 3325 quousque
1326 3255 1429 3309 viri
1474 3269 1662 3310 earum
1707 3253 1980 3309 subsecuti

409 3353 537 3401 sunt
561 3346 861 3401 monachos
898 3360 929 3400 a
959 3344 1233 3400 montibus
1259 3358 1381 3399 cum
1406 3344 1595 3399 ovibus
1646 3340 1982 3397 descenden-

378 3503 383 3508 ,
407 3445 514 3502 tes,
530 3448 731 3506 eosque
750 3435 956 3506 precati
974 3444 1101 3489 sunt
1120 3441 1183 3489 ut
1201 3424 1301 3504 pro
1323 3433 1625 3490 temerariis
1646 3446 1834 3502 preces
1859 3429 1981 3485 fun-

405 3523 620 3580 derent.
648 3523 945 3580 Orantibus
979 3529 1157 3578 autem
1193 3522 1454 3578 fratribus
1479 3522 1696 3577 sanitati
1724 3522 1982 3578 continuo

405 3621 534 3669 sunt
551 3613 795 3669 redditae.

476 3703 566 3759 '59.
597 3696 825 3771 Quidam
871 3718 1265 3775 energumenus
1294 3703 1411 3759 vice
1439 3701 1603 3758 etiam
1631 3701 1865 3771 quadam
1912 3699 1979 3754 ad

405 3796 792 3850 monasterium
847 3796 1160 3865 parentibus
1212 3793 1601 3850 deducentibus
1648 3792 1760 3848 suis
1808 3790 1977 3853 venit,

404 3886 497 3956 qui
529 3886 583 3940 in
632 3885 856 3942 basilica
886 3887 1060 3941 beatae
1103 3900 1421 3956 semperque
1446 3883 1672 3956 virginis
1695 3882 1791 3938 Dei
1832 3881 1982 3953 geni-

404 3975 560 4031 tricis
605 3974 787 4032 Maria:
839 3974 1177 4032 collocatur:
1207 3989 1306 4044 pro
1342 3989 1449 4045 quo
1500 3975 1628 4028 dum
1679 3974 1981 4029 orationem

404 4082 527 4123 cum
555 4066 736 4137 vigilia
764 4065 961 4121 fratres
988 4064 1196 4130 fudere,
1230 4066 1515 4121 sanitatem
1548 4064 1818 4137 [sanitate,
1847 4062 1981 4135 etc.]

403 4164 717 4227 perceptam
745 4156 996 4211 discessit
1020 4156 1074 4213 in
1103 4170 1258 4226 pace.
1278 4156 1504 4211 Femina
1533 4150 1727 4211 rursus
1749 4156 1981 4209 immun-

407 4247 477 4301 do
504 4245 698 4316 spiritu
728 4245 886 4317 plena
926 4246 995 4300 ad
1034 4247 1421 4302 monasterium
1447 4246 1715 4317 pervenit,
1753 4261 1981 4316 eamque

407 4338 465 4393 in
507 4337 804 4392 oratorium
829 4338 1000 4395 sancti
1033 4335 1259 4392 Joannis
1283 4337 1558 4409 Baptistae,
1587 4338 1730 4408 quod
1774 4337 1828 4391 in
1871 4351 1981 4392 cte-

408 4427 636 4484 meterio
659 4428 823 4485 situm
852 4437 956 4493 est,
982 4428 1177 4485 fratres
1197 4444 1320 4484 cum
1343 4426 1540 4499 vigiliis
1569 4436 1624 4483 et
1647 4428 1980 4483 orationibus

2081 3258 2256 3329 dignis
2277 3258 2498 3329 agnitis,
2533 3274 2761 3328 quorum
2812 3259 3041 3331 stipatus
3065 3259 3296 3333 agmine,
3327 3260 3544 3317 invidia:
3564 3258 3657 3330 ja--

2080 3348 2218 3404 culis
2244 3356 2484 3404 armatus
2509 3348 2649 3404 male
2668 3358 3003 3421 pugnaturus
3027 3352 3309 3422 processit.
3335 3351 3401 3406 Et
3419 3351 3662 3423 primum

2080 3440 2295 3508 quidem
2325 3440 2644 3496 clericorum
2674 3442 2728 3496 in
2757 3440 2874 3511 ejus
2896 3442 3240 3514 derogatione
3266 3442 3513 3499 accendit
3536 3443 3665 3498 ani-

2079 3546 2232 3597 mos;
2291 3538 2419 3587 tunc
2474 3531 2689 3588 demum
2742 3533 2880 3589 aulm
2929 3533 3089 3604 regia:
3138 3534 3369 3589 militum
3416 3532 3661 3589 stimulat

2081 3623 2264 3688 corda,
2297 3624 2655 3693 quorumdam
2691 3626 2855 3679 etiam
2900 3625 3157 3681 comitum
3192 3624 3456 3681 subvertit
3508 3639 3663 3683 men-

2081 3720 2228 3767 tem:
2260 3727 2558 3784 omnesque
2602 3714 2811 3784 pariter
2855 3714 3069 3771 invidia:
3114 3713 3231 3770 face
3273 3713 3523 3771 succensi
3547 3729 3659 3769 non

2080 3800 2242 3867 clam,
2272 3800 2363 3856 sed
2384 3800 2497 3870 jam
2525 3802 2703 3872 palam
2740 3802 2888 3859 virus
2921 3802 3192 3875 pestifera:
3222 3804 3417 3860 mentis
3438 3818 3664 3858 vomen-

2080 3899 2186 3957 tes,
2219 3890 2567 3948 circillionem
2599 3909 2890 3966 rerumque
2919 3894 3170 3964 cupidum
3202 3902 3257 3949 et
3284 3893 3502 3965 praediis
3524 3892 3660 3948 alio-

2080 3996 2201 4037 rum
2245 3981 2575 4048 invasorem,
2622 3997 2842 4038 suarum
2877 3983 3181 4038 animarum
3220 3980 3423 4053 jugiter
3475 3992 3659 4038 orato-

2079 4084 2217 4135 rem,
2237 4069 2454 4139 publica
2487 4085 2620 4126 voce
2648 4070 2977 4137 clamabant,
3030 4086 3257 4141 quorum
3278 4084 3478 4125 vesana
3500 4070 3660 4124 saevi-

2082 4157 2154 4211 tia
2181 4159 2247 4212 ad
2276 4166 2484 4213 tantum
2508 4158 2660 4213 nefas
2683 4159 2950 4230 prorupit,
2973 4165 3033 4213 ut
3051 4158 3287 4212 animum
3315 4156 3655 4212 serenissimi

2081 4248 2425 4318 imperatoris
2471 4247 2653 4305 Caroli
2688 4263 2814 4320 erga
2861 4264 2985 4303 eum
3038 4248 3308 4303 concitare
3360 4254 3659 4302 tentarent.

2081 4339 2187 4395 Sed
2212 4341 2296 4395 vir
2314 4340 2410 4397 Dei
2448 4341 2587 4395 bene
2629 4355 2816 4395 secura
2846 4341 3198 4407 conscientia,
3231 4355 3329 4395 nec
3356 4338 3662 4409 derogatio-

2081 4431 2241 4487 nibus
2274 4440 2662 4498 commovetur,
2714 4447 2810 4488 nec
2854 4432 3208 4489 fraudulentis
3266 4432 3661 4488 assertionibus

404 4525 733 4589 custodiunt,
763 4540 882 4596 quae
909 4533 1198 4596 praestante
1226 4526 1338 4582 Deo
1377 4492 1564 4597 sospes
1589 4527 1868 4583 abscessit.
1894 4526 1974 4581 Ad
2002 4492 2056 4551 Ι)
2079 4531 2434 4593 perterretur.
2463 4492 2729 4577 Palatium
2756 4523 3011 4595 deinceps
3036 4524 3140 4579 bac
3171 4524 3236 4579 de
3266 4540 3323 4578 re
3359 4523 3519 4588 adiit;
3552 4538 3662 4592 quo

403 4616 702 4671 oratorium
752 4629 884 4671 vero
935 4616 1076 4686 quod
1137 4617 1192 4672 in
1249 4618 1452 4673 honore
1480 4619 1649 4673 sancti
1699 4617 1973 4674 Saturnini

402 4705 657 4777 martyris
682 4706 986 4762 dedicatum
1011 4714 1115 4773 est,
1144 4708 1235 4763 ubi
1264 4709 1586 4764 venerabilis
1611 4711 1695 4765 vir
1741 4712 1975 4779 primum

403 4797 652 4857 habitare
680 4796 865 4867 cmpit,
915 4798 961 4853 si
1007 4798 1130 4869 quis
1170 4796 1482 4854 febricitans
1536 4800 1731 4855 abierit
1762 4810 1815 4854 et
1842 4816 1971 4870 pau-

401 4887 576 4952 lulum
621 4888 921 4956 dormierit,
972 4890 1018 4945 si
1073 4890 1177 4945 fide
1228 4905 1333 4944 non
1373 4890 1716 4955 bmsitaverit,
1766 4892 1972 4946 incolu-

403 4978 509 5033 mis
544 4986 849 5034 revertetur
882 4979 950 5034 ad
972 4980 1209 5050 propria.
1233 4979 1364 5047 Quae
1402 4980 1690 5035 multorum
1716 4981 1976 5038 relatione

404 5066 586 5130 didici,
612 5081 799 5123 eorum
830 5068 1077 5127 videlicet
1097 5068 1189 5139 qui
1221 5083 1316 5139 per
1346 5075 1516 5123 semet
1541 5069 1856 5124 beneficium
1889 5085 1976 5125 sa-

405 5156 590 5212 nitatis
618 5159 827 5229 experti
869 5168 1012 5214 sunt.
1044 5159 1171 5215 llaec
1216 5159 1282 5214 de
1308 5159 1582 5214 miraculis
1611 5160 1811 5216 nostris
1840 5169 1975 5219 tem-

400 5244 621 5315 poribus
639 5247 779 5303 actis
800 5263 969 5319 pauca
991 5242 1225 5304 dixisse’
1217 5247 1463 5304 sufﬁciat.
1494 5248 1575 5302 Ad
1594 5248 1837 5303 ordinem
1866 5263 1975 5303 cm-

403 5343 573 5404 ptum,
594 5334 820 5406 iuvante
839 5336 969 5401 Deo,
998 5337 1299 5392 redeamus.

472 5457 500 5486 ι
523 5442 691 5515 Quale
722 5453 851 5521 erat
893 5446 1277 5521 Dionysianum
1299 5462 1475 5521 prope
1523 5446 1789 5521 Lutetiam
1818 5446 1969 5503 Pari-

401 5513 626 5581 siorum,
657 5519 800 5581 quod
846 5533 876 5572 a
905 5513 1220 5573 monasticis
1266 5513 1467 5573 ritibus
1491 5517 1558 5572 ad
1585 5518 1970 5575 eanonicorum

399 5596 582 5659 mores
612 5587 950 5659 deﬂectebat,
979 5588 1102 5659 dum
1128 5587 1434 5659 Ludovicus
1460 5587 1734 5659 Augustus
1755 5601 1851 5658 per
1872 5587 1973 5643 Be-

402 5653 673 5709 nedictum
723 5657 972 5712 abbatem
1010 5658 1081 5713 ad
1127 5657 1385 5725 primaria
1419 5653 1663 5712 instituta
1715 5653 1970 5712 revocare

406 5725 648 5789 tentavit,
679 5726 838 5795 idque
863 5726 1078 5784 tandem
1106 5726 1335 5798 perfecit
1374 5742 1516 5783 anno
1556 5727 1680 5793 8l7,
1712 5728 1863 5798 cujus
1893 5728 1970 5784 rei

2080 4621 2242 4668 eunte
2290 4613 2577 4682 prohibere
2619 4613 2859 4668 nonnulli
2909 4621 3196 4679 conantur,
3244 4620 3566 4667 attestantes
3614 4612 3663 4667 si

2081 4702 2460 4771 conspectibus
2487 4701 2830 4771 imperatoris
2856 4702 3109 4767 astiterit,
3138 4701 3366 4773 patriam
3389 4699 3662 4755 ultranon

2081 4794 2255 4847 visum
2282 4792 2369 4855 iri,
2403 4792 2654 4862 quoniam
2681 4806 2808 4863 erga
2857 4806 2916 4846 se
2964 4791 3259 4861 imperialis
3283 4790 3364 4845 ira
3390 4790 3556 4845 nimis
3582 4790 3664 4845 fo-

2081 4894 2164 4937 ret
2212 4898 2463 4937 accensa.
2508 4882 2691 4952 Pergit
2720 4890 2899 4936 tamen
2944 4881 3264 4952 intrepidus,
3296 4881 3392 4936 Dei
3436 4880 3662 4936 misera-

2078 4973 2225 5028 tione
2261 4971 2516 5038 confisus,
2545 4972 2619 5026 illi
2646 4986 2792 5040 spem
2815 4987 2968 5026 suam
2991 4971 3352 5035 committens,
3384 4968 3538 5038 cujus
3562 4984 3666 5039 pro

2079 5079 2262 5120 amore
2303 5064 2549 5119 certabat
2573 5079 2677 5119 non
2705 5063 2909 5133 pigrus.
2944 5062 3096 5127 Esto,
3127 5046 3300 5117 exsilii
3340 5061 3665 5116 decernere-

2082 5166 2171 5211 tur
2197 5156 2379 5211 snbire
2422 5155 2684 5219 laborem,
2733 5162 2965 5209 mentem
3001 5168 3155 5208 suam
3190 5154 3381 5224 agebat
3412 5151 3661 5207 famulari

2082 5248 2193 5303 Deo
2216 5247 2565 5304 securiorem.
2591 5244 2745 5313 Quod
2790 5245 2835 5299 si
2876 5245 2943 5299 ab
2965 5241 3138 5299 ofﬁcio
3162 5259 3231 5298 ne
3260 5251 3519 5315 praeesset
3549 5243 3665 5313 pel—

2084 5339 2307 5417 lcretur,
2327 5337 2475 5394 omni
2521 5335 2791 5391 desiderio
2819 5336 3080 5411 hactenus
3106 5335 3213 5389 hoc
3240 5347 3300 5388 se
3341 5332 3664 5402 concupisse

2073 5449 2291 5518 litterae,
2317 5447 2682 5518 imperatoria:
2736 5445 3145 5518 exstantgapud
3207 5444 3559 5518 Sirmondunr
3606 5446 3661 5500 in

2077 5529 2223 5573 tomo
2250 5517 2294 5572 ll
2315 5515 2481 5574 Cone.
2505 5516 2723 5579 Galliae;
2746 5515 2903 5587 quale
2927 5515 3248 5587 itidemycrat
3268 5515 3661 5587 monasterium

2078 5586 2292 5643 Sancta:
2315 5586 2589 5645 Columbae
2616 5583 3061 5657 apud'Senonas.
3105 5583 3275 5653 Hujus
3321 5585 3399 5657 rei
3448 5584 3665 5657 litteras

2077 5657 2271 5729 legesis
2320 5658 2375 5712 in
2404 5648 2711 5729 Appendice
2767 5656 2836 5711 ad
2865 5656 3070 5726 Lupum
3126 5648 3377 5713 abbatem
3404 5653 3664 5715 editionis

2076 5726 2399 5782 Baluzianae.
