3942 6190
214 340 323 396 375

1729 292 1734 309 .
1783 340 1955 400 VITA.

3364 340 3469 397 ὅτι

214 451 508 508 narrabat.
538 451 613 507 At
658 452 972 523 priusquam
1021 453 1077 508 in
1128 463 1420 524 conspectu
1461 456 1804 526 imperatoris
1830 458 1878 517 Α
1906 454 2227 510 humilitatis
2254 455 2373 522 fuit,
2406 464 2463 511 ut
2489 472 2647 512 rarus
2673 466 2765 512 aut
2796 458 2971 513 nullus
3002 473 3067 513 ex
3096 457 3373 513 monachis
3396 458 3470 512 ita

216 544 416 609 astitit,
451 542 521 598 ad
549 551 757 597 tantam
778 558 1010 613 superna
1030 543 1206 613 pietas
1226 545 1669 615 tranquillitatem
1688 545 1803 614 ejus

218 633 433 689 inflexit
458 643 722 698 mentem,
743 640 805 687 ut
833 634 948 688 viso
976 648 1042 689 eo
1077 634 1500 701 deoscularetur,
1525 636 1681 705 eique
1708 652 1803 706 po-

221 724 405 782 culum
449 724 670 794 propria
699 723 1001 795 porrigeret
1045 740 1208 779 manu
1239 742 1251 778 :
1277 732 1332 779 et
1375 741 1534 795 quem
1560 725 1734 779 mmuli
1772 740 1803 778 a

221 816 446 887 proprio
472 814 590 870 solo
613 816 967 870 autumabant
1008 814 1125 870 fieri
1164 823 1455 883 extorrem,
1480 815 1544 870 ad
1571 832 1691 870 eum
1721 830 1805 869 re-

220 904 318 959 diit
339 918 541 972 magno
569 918 692 957 cum
721 902 963 958 honore:
989 903 1176 975 sicque
1199 905 1379 959 divina
1400 906 1678 959 ordinante
1704 905 1804 959 mi—

219 997 524 1052 sericordia
554 1011 679 1050 eum
709 995 835 1049 dum
867 996 1131 1051 infamare
1160 998 1338 1051 conati
1370 1005 1515 1061 sunt,
1545 996 1804 1067 praedica-

219 1095 381 1151 runt;
417 1094 474 1140 et
497 1099 662 1155 quem
702 1083 1011 1139 mentiendo
1048 1084 1292 1140 odiosum
1334 1086 1557 1139 reddere
1594 1085 1805 1139 studue-

221 1185 372 1241 runt,
394 1176 541 1230 hunc
567 1191 675 1229 non
706 1174 878 1229 solum
901 1173 1157 1237 minimis,
1179 1190 1365 1230 verum
1393 1175 1557 1231 etiam
1585 1189 1803 1246 magna-

221 1265 368 1319 tibus
399 1264 773 1319 venerandum
802 1263 1170 1318 ostenderunt.

287 1356 380 1408 6‘2.
411 1353 734 1410 Guillelmus
754 1367 967 1422 quoque
995 1367 1197 1418 comes,
1223 1354 1311 1423 qui
1343 1353 1397 1407 in
1425 1351 1544 1407 aula
1572 1352 1804 1421 impera-

220 1446 352 1500 toris
401 1459 519 1514 prze
565 1443 774 1499 cunctis
796 1451 915 1497 erat
942 1441 1160 1507 clarior,
1194 1450 1342 1497 tanto
1389 1442 1692 1497 dilectionis
1725 1440 1805 1494 af-

220 1536 362 1589 fectu
394 1535 560 1589 beato
590 1532 882 1587 Benedicto
913 1532 1166 1601 deinceps
1216 1531 1463 1596 adhzcsit,
1510 1539 1588 1595 ut,
1622 1528 1801 1584 saeculi

219 1624 575 1695 dignitatibus
602 1621 892 1693 despectis,
920 1620 1064 1676 hunc
1087 1621 1276 1676 ducem
1305 1621 1407 1675 viae
1436 1620 1689 1675 salutaris
1712 1620 1804 1674 eli.

218 1728 389 1790 geret,
415 1734 524 1788 qua
549 1718 855 1788 pertingere
885 1724 1066 1787 posset
1095 1715 1164 1771 ad
1210 1715 1487 1771 Christum
1517 1734 1529 1769 :
1559 1723 1803 1784 accepta-

1901 542 2041 598 llecti
2069 554 2269 614 posset,
2298 546 2426 599 dum
2470 545 2687 600 obviare
2720 548 3073 618 contingeret,
3106 556 3165 602 ut
3191 549 3257 603 ab
3278 562 3343 602 eo
3370 550 3470 602 hu-

1902 633 2132 689 militate
2176 650 2285 689 non
2312 636 2638 690 vinceretur.
2670 637 2912 692 Vidimus
2941 652 3080 707 saepe
3114 653 3236 692 eum
3263 637 3472 693 caaden-

1902 730 2009 775 tem
2038 723 2252 777 asinum
2301 738 2477 789 suum,
2509 723 2797 781 ﬂasconem
2842 728 2950 782 viui
2986 728 3040 782 in
3077 728 3332 784 stratorio
3374 729 3471 782 de-

1902 811 2065 877 ferre,
2091 826 2322 880 eumque
2378 828 2541 883 super
2569 814 2923 882 insedcntem,
2968 817 3189 873 calicem
3218 820 3272 873 in
3320 828 3470 895 terga

1902 898 2142 953 humeris
2163 901 2450 954 vehentem
2498 903 2670 956 nostri
2696 905 3008 959 monasterii
3040 904 3295 963 fratribus
3336 919 3474 966 tem-

1901 1003 2032 1058 pore
2079 990 2273 1043 messis
2323 990 2390 1043 ad
2421 990 2823 1051 refoeillandum
2856 995 3000 1049 sitim
3049 1012 3234 1051 eorum
3283 1013 3473 1054 occur-

1902 1094 2042 1133 rere.
2065 1078 2122 1132 In
2146 1080 2342 1149 vigiliis
2368 1097 2579 1151 quoque
2603 1082 2677 1136 ita
2703 1083 2931 1155 pervigil
2966 1094 3104 1150 erat,
3137 1096 3196 1140 ut
3230 1087 3473 1145 vinceret

1901 1177 2144 1223 cunctos.
2177 1168 2233 1222 In
2264 1170 2509 1239 pistrino,
2558 1172 2662 1226 nisi
2704 1175 2986 1243 occupatio
3010 1176 3187 1245 aliqua
3216 1181 3475 1248 praepedi-

1904 1265 1987 1312 rct
2027 1265 2119 1310 aut
2145 1248 2408 1326 :egritudo
2439 1261 2697 1327 tardaret,
2728 1265 2966 1333 propriis
3008 1267 3335 1336 operabatur
3363 1286 3476 1324 ma-

1902 1347 2079 1402 nibus.
2104 1347 2401 1416 Coquinam
2427 1350 2544 1404 vice
2567 1366 2663 1405 sua
2686 1354 3005 1422 complebat.
3043 1355 3099 1410 In
3126 1358 3306 1413 habitu
3331 1376 3447 1414 sum

1903 1451 2004 1491 mze
2035 1438 2355 1493 humilitatis
2405 1450 2773 1509 assumpserat
2803 1442 3064 1510 formam;
3090 1445 3280 1516 jejunii
3327 1466 3449 1503 ama

1902 1532 1986 1579 tor
2014 1527 2244 1592 exstitit,
2289 1528 2622 1583 orationibus
2648 1530 2876 1596 instans,
2901 1535 3296 1602 compunctioni
3345 1552 3475 1591 con—

1901 1612 2083 1668 tinuus
2118 1632 2131 1685 ς
2162 1614 2359 1685 vixque
2406 1631 2602 1686 corpus
2643 1616 2844 1673 Christi
2898 1630 3106 1689 poterat
3158 1623 3470 1692 percipere,

1900 1705 2218 1776 priusquam
2263 1707 2623 1779 lacrymarum
2651 1708 2769 1779 ejus
2816 1710 2870 1764 in
2900 1719 3099 1766 terram
3127 1713 3476 1769 decurrerent

217 1828 321 1883 que
344 1809 568 1864 tandem
594 1805 941 1862 canvertendj
968 1805 1208 1872 licentia,
1231 1805 1439 1876 magnis
1464 1820 1585 1859 cum
1615 1819 1801 1859 mune.
1828 1798 1874 1857 B
1902 1805 2084 1868 guttae.
2110 1797 2315 1853 Lectuli
2347 1814 2562 1869 quoque
2584 1801 2835 1856 duritiem
2861 1804 3017 1858 avide
3044 1807 3357 1873 expetebat;
3382 1810 3475 1863 sed

221 1904 367 1957 ribus
391 1899 539 1964 auri,
572 1897 911 1968 argentique,
944 1911 1006 1951 ac
1033 1895 1393 1965 pretiosarum
1435 1894 1662 1948 vestium
1689 1907 1803 1962 spe-

218 1992 399 2048 eiebus
429 1987 781 2057 subsequitur
807 1985 1170 2040 venerabilem
1212 1983 1411 2039 virum.
1440 1982 1550 2038 Nec
1593 1996 1801 2037 moram

217 2083 337 2138 inde
364 2080 609 2151 ponendi
634 2094 847 2133 comam
870 2076 986 2131 ﬁeri
1015 2092 1205 2147 passus
1234 2084 1335 2142 cst,
1359 2075 1487 2145 quin
1514 2076 1692 2145 potius
1716 2075 1802 2129 die

218 2172 408 2228 natalis
434 2169 809 2240 apostolorum
836 2167 981 2222 Petri
1019 2174 1074 2222 et
1098 2166 1249 2221 Pauli
1279 2181 1413 2221 auro
1441 2166 1603 2221 textis
1642 2166 1801 2235 depo-

217 2265 333 2320 sitis
375 2263 648 2329 vestibus,
699 2258 1145 2316 Christicolarum
1175 2257 1349 2313 induit
1378 2259 1643 2319 habitum,
1683 2274 1802 2314 sese

216 2353 585 2409 ccelicolarum
646 2352 838 2407 ascisci
890 2367 1116 2407 numero
1174 2352 1497 2423 quantocius
1566 2367 1800 2421 congau-

218 2449 362 2503 dens.
394 2447 567 2503 Vallis
619 2461 751 2501 vero
795 2462 826 2500 a
849 2446 995 2502 beati
1024 2446 1126 2501 viri
1171 2446 1448 2502 Benedicti
1476 2447 1802 2501 monasterio

218 2540 384 2594 ferme
412 2548 649 2609 quatuor
675 2538 841 2593 distat
871 2539 1127 2605 millibus,
1152 2539 1237 2593 cui
1277 2552 1472 2593 nomen
1508 2545 1590 2592 est
1626 2537 1803 2592 Collo-

218 2631 319 2695 eis,
348 2631 407 2684 in
458 2645 566 2698 qua
597 2637 912 2684 construere
960 2628 1215 2700 praelatus
1249 2643 1431 2684 comes
1460 2629 1512 2682 in
1541 2628 1802 2698 dignitate

223 2719 398 2773 adhuc
432 2717 619 2772 saeculi
670 2719 878 2787 positus
910 2717 1101 2772 cellam
1144 2716 1415 2786 jusserat;
1444 2717 1552 2773 illic
1593 2733 1649 2771 se
1680 2718 1802 2773 vitae

215 2826 321 2865 sum
352 2818 604 2879 tempore
656 2809 872 2864 Christo
905 2810 1123 2864 tradidit
1173 2811 1497 2866 serviturum
1530 2828 1543 2863 :
1577 2816 1630 2865 et
1670 2824 1804 2878 quo-

217 2904 356 2957 niam
389 2903 668 2958 nobilibus
696 2903 966 2958 natalibus
1008 2911 1181 2967 ortus,
1215 2901 1539 2957 nobiliorem
1590 2916 1648 2956 se
1684 2900 1801 2955 fieri

213 2993 419 3049 Christi
457 2992 834 3063 amplectende
862 2994 1175 3064 pauperiem
1206 2993 1427 3058 studuit,
1455 3000 1509 3047 et
1533 3008 1802 3048 summum

213 3102 371 3156 quem
403 3087 642 3157 genuino
671 3094 1009 3156 perceperat,
1038 3102 1138 3157 pro
1166 3085 1383 3141 Christo
1410 3085 1604 3156 abiecit
1633 3085 1802 3140 bono—

217 3192 366 3242 rein;
394 3184 573 3229 ratum
602 3183 731 3244 puto
762 3174 805 3229 si
837 3175 902 3229 de
928 3176 1030 3245 piis
1072 3174 1501 3230 conversationis
1527 3172 1642 3242 ejus
1671 3174 1803 3229 aeti—

219 3266 318 3320 hus
377 3282 482 3335 pro
532 3266 900 3321 nescientibus
945 3267 1197 3335 pandam.
1237 3265 1449 3321 Etenim
1499 3266 1552 3319 in
1610 3264 1800 3320 cellam

215 3357 497 3424 pnefatam
520 3355 850 3410 venerabilis
876 3355 1036 3411 Pater
1067 3358 1390 3411 Benedictus
1422 3372 1549 3411 suos
1572 3354 1684 3424 jam
1708 3371 1801 3426 po-

215 3453 396 3499 suerat
445 3446 767 3511 monachos,
798 3460 1026 3514 quorum
1074 3446 1319 3515 exemplo
1362 3446 1616 3511 imbutus,
1659 3444 1798 3500 infra

219 3554 421 3607 paucos
444 3538 584 3605 dies,
616 3553 712 3594 cos
736 3554 765 3593 a
793 3539 990 3609 quibus
1013 3537 1233 3593 edoctus
1255 3547 1355 3601 est,
1379 3537 1671 3592 virtutibus
1702 3553 1799 3591 an-

192 3631 435 3686 ’leoellit.
470 3630 866 3701 Adjuvantihus
903 3646 1115 3702 quoque
1160 3645 1281 3701 eum
1325 3629 1469 3695 ﬁliis,
1517 3644 1650 3698 quos
1687 3628 1798 3682 suis

217 3721 564 3775 comitatibus
612 3720 953 3790 praefecerat,
1009 3720 1409 3790 comitibusque
1462 3718 1671 3782 vicinis,
1729 3716 1798 3771 ad

217 3813 514 3882 perlectum
552 3813 817 3868 fabricam
840 3815 1175 3881 monasterii,
1212 3829 1374 3883 quam
1406 3816 1659 3880 cmperat,
1688 3809 1799 3864 cito

218 3904 461 3959 deduxit.
514 3904 620 3977 Qui
650 3905 802 3961 locus
832 3906 905 3960 ita
938 3916 1177 3961 secretus
1224 3913 1324 3969 est,
1366 3911 1428 3958 ut
1454 3902 1797 3959 solitudinem

218 4012 323 4052 non
351 3996 625 4052 desideret
651 3996 943 4051 habitator.
999 3996 1243 4067 Cingitur
1277 3995 1508 4064 denique
1535 3991 1797 4048 nubiferis

218 4087 452 4157 undique
475 4087 754 4141 montibus
779 4104 791 4139 :
821 4100 995 4155 neque
1016 4086 1266 4156 cuiquam
1290 4084 1400 4139 illic
1417 4099 1669 4141 accessus
1692 4093 1796 4152 est,

219 4178 319 4232 nisi
342 4191 507 4248 quem
538 4178 818 4257 ultroneus
843 4176 1033 4232 orandi
1062 4192 1223 4232 causa
1253 4176 1537 4231 deduxerit
1563 4175 1793 4231 animus.

220 4270 388 4325 Tanta
416 4285 551 4326 vero
568 4270 888 4325 amoenitate
909 4276 992 4323 est
1016 4268 1289 4338 perfusus,
1308 4275 1369 4323 ut
1394 4268 1438 4323 si
1462 4266 1571 4322 Deo
1593 4265 1799 4321 servire

218 4358 541 4426 decreverit,
587 4360 816 4414 aliorum
871 4373 976 4411 non
1025 4357 1296 4429 desideret
1338 4356 1499 4411 loca:
1533 4354 1797 4424 siquidem

1900 1896 2124 1956 propter
2150 1886 2265 1955 ejus
2296 1888 2719 1944 invaletudinem
2750 1890 3074 1949 Benedictus
3119 1895 3280 1951 Pater
3305 1898 3473 1953 culci-

1902 1984 2064 2044 tram,
2089 1994 2154 2034 eo
2182 1978 2397 2033 nolente
2450 1979 2598 2046 licet,
2632 1982 2905 2037 substerni
2953 1983 3097 2040 fecit.
3127 1986 3291 2042 Aiunt
3334 2005 3471 2043 non-

1901 2069 2056 2133 nulli,
2087 2085 2146 2125 se
2176 2071 2301 2140 quia
2332 2085 2471 2141 szepe
2493 2087 2589 2141 pro
2625 2071 2830 2129 Christi
2854 2089 3036 2131 amore
3059 2075 3281 2149 ﬂagellis
3309 2083 3463 2145 credi,

1901 2156 2175 2214 nullo‘alio
2202 2169 2400 2230 przetcr
2445 2176 2567 2215 cum
2591 2162 2680 2231 qui
2708 2164 2893 2218 aderat
2922 2167 3137 2222 conscio
3158 2166 3339 2236 jussit.
3371 2171 3472 2225 Με-

1901 2250 2003 2305 diis
2030 2249 2144 2306 fere
2168 2253 2418 2308 noctibus
2441 2253 2753 2324 glacialibus
2775 2254 3024 2323 profusus
3050 2255 3338 2329 rigoribus,
3363 2278 3471 2314 uno

1899 2354 2124 2407 perraro
2170 2348 2344 2397 tectus
2381 2343 2634 2412 tegmine,
2659 2357 2799 2413 saepe
2848 2344 2900 2398 in
2948 2347 3185 2399 oratorio
3226 2349 3365 2416 quod
3414 2349 3465 2403 in

1901 2426 2163 2482 honorem
2188 2429 2361 2483 sancti
2387 2429 2663 2485 Michaelis
2685 2439 3082 2496 construxerat,
3117 2434 3214 2488 soli
3238 2435 3347 2489 Deo
3372 2452 3469 2489 no-

1902 2527 2011 2585 tus,
2039 2534 2241 2574 vacans
2273 2521 2611 2577 orationibus
2644 2522 2843 2577 stabat.
2881 2522 2977 2578 His
3030 2524 3257 2595 aliisque
3304 2526 3477 2582 virtu-

1903 2620 2014 2666 tum
2056 2612 2322 2669 fructibus
2369 2614 2511 2668 intra
2548 2615 2770 2685 exiguos
2793 2616 3048 2686 istipatus
3077 2633 3261 2681 annos,
3298 2620 3476 2674 immi-

1902 2715 2032 2755 nere
2066 2702 2168 2757 sibi
2191 2703 2332 2757 diem
2366 2703 2557 2758 mortis
2578 2719 2931 2772 cognoscens,
2971 2707 3180 2762 cunctis
3207 2717 3474 2764 monaste-

1902 2791 1999 2845 riis
2021 2791 2077 2845 in
2123 2807 2286 2862 regno
2316 2792 2518 2847 domini
2548 2792 2726 2848 Caroli
2779 2809 2914 2863 pene
2963 2795 3083 2851 sitis
3115 2811 3211 2865 per
3246 2798 3475 2869 scriptu-

1870 2900 2019 2949 ,ram
2046 2893 2232 2939 notum
2280 2885 2396 2941 ﬁeri
2436 2886 2619 2957 jussit,
2648 2901 2705 2941 se
2748 2889 2815 2942 ab
2843 2889 2943 2943 hcc
2976 2887 3087 2957 jam
3138 2890 3329 2945 swculo
3374 2892 3475 2945 mi-

1902 2990 2084 3046 grasse
2118 2976 2339 3045 :sicque
2373 2975 2624 3047 deinceps
2663 2979 2847 3047 copias
2878 2978 3137 3034 virtutum
3188 2991 3473 3050 reportans

1904 3066 2118 3123 Christo
2142 3077 2367 3123 vocante
2396 3069 2646 3139 migravit
2669 3085 2699 3124 e
2728 3071 2947 3125 mundo.
2974 3070 3099 3126 Ilaec
3125 3073 3360 3142 perscire
3382 3089 3473 3127 cu-

1826 3138 1873 3203 C
1903 3160 2174 3228 pientibus
2226 3159 2425 3214 dixisse
2454 3159 2719 3214 sul‘liciant
2746 3178 2758 3213 :
2790 3160 2857 3214 ad
2895 3169 3129 3232 emptum
3175 3178 3364 3218 rursus
3391 3179 3476 3218 rc-

1902 3252 2126 3306 deamus
2154 3266 2306 3321 opus.

1970 3341 2058 3394 45.
2091 3339 2367 3395 Piissimus
2397 3356 2611 3410 quoque
2663 3340 2962 3396 Ludovicus
2998 3357 3115 3406 rex,
3160 3358 3267 3413 quo
3298 3344 3364 3397 ab
3395 3344 3476 3397 in-

1900 3430 2047 3486 sanis
2087 3430 2260 3499 magis
2304 3426 2582 3499 magisque
2612 3430 2936 3484 irridebatur
2960 3430 3278 3485 Benedictus
3305 3449 3469 3486 vene-

1901 3522 2085 3576 rabilis
2129 3520 2321 3586 abbas,
2370 3535 2435 3574 eo
2469 3521 2571 3574 sibi
2615 3535 2737 3574 eum
2786 3520 2839 3573 in
2881 3519 3186 3573 dilectionis
3230 3520 3474 3573 sociabat

1898 3612 2188 3667 multocius
2217 3625 2421 3675 amore,
2452 3610 2630 3665 sciens
2654 3608 2839 3663 mundi
2864 3617 3164 3662 amatorum
3194 3622 3315 3662 esse
3344 3622 3477 3663 con-

1898 3702 2238 3757 suetudinem
2289 3699 2621 3771 preteetibus
2678 3698 2870 3753 obesse
2914 3682 3202 3767 iustorum.
3266 3698 3471 3769 Regina

1899 3805 2113 3862 quoque
2141 3790 2228 3860 pio
2253 3788 2447 3843 allectu
2473 3788 2687 3843 colebat
2713 3800 2866 3853 emn;
2903 3795 2958 3840 et
2985 3787 3111 3857 quia
3141 3785 3344 3854 justum
3375 3804 3473 3841 no-

1898 3887 2072 3943 verat,
2088 3880 2317 3933 libenter
2341 3876 2698 3941 auscultabat,
2715 3876 2931 3945 suisque
2953 3876 3267 3931 muneribus
3292 3877 3473 3946 saepis-

1899 3971 2035 4025 sime
2089 3967 2408 4022 honorabat.
2466 3966 2535 4021 Et
2584 3966 2837 4035 quoniam
2881 3964 3036 4019 turba
3088 3964 3469 4035 discipulorqu

1898 4058 2013 4131 ejus
2042 4066 2401 4125 succreverat,
2433 4067 2488 4114 et
2517 4058 2667 4115 locus
2693 4058 2748 4112 in
2774 4073 2881 4129 quo
2912 4058 3297 4128 ipsedegebat,
3331 4058 3466 4113 inle-

1898 4152 2107 4208 cundus
2137 4151 2411 4219 humoque
2453 4148 2653 4205 sterilis
2680 4163 2816 4218 pene
2845 4155 2902 4203 et
2933 4145 3124 4202 ardore
3155 4145 3283 4201 solis
3310 4162 3473 4218 super

1898 4249 2054 4298 ustus
2081 4250 2185 4306 est,
2217 4241 2368 4296 dedit
2392 4239 2469 4295 illi
2496 4239 2880 4295 monasterium
2910 4238 3051 4307 quod
3076 4245 3160 4291 est
3185 4238 3238 4291 in
3266 4236 3467 4293 Arver-

1897 4338 1982 4410 nis
2010 4336 2281 4392 territorio
2310 4336 2471 4391 situm
2503 4348 2550 4402 ιι,
2582 4334 2722 4405 quod
2751 4340 2970 4387 sanctus
3013 4328 3282 4384 Mcneleus
3320 4331 3471 4400 regio

220 4454 413 4508 adsunt
442 4453 637 4516 vinea),
660 4466 797 4521 quas
816 4450 1073 4520 prmfatus
1092 4422 1194 4501 -vir
1234 4448 1481 4517 plantare
1516 4445 1790 4515 praecepit,
1821 4480 1874 4539 Β
1899 4429 2195 4539 ἀξηεξῐηίξιο
2214 4425 2651 4539 ῼΓωξβύηξθνίίν
2682 4424 2871 4539 ίηιίίυο
2890 4419 3465 4539 {inﬁt-3:50:20?“

221 4543 500 4597 hortorum
548 4556 761 4610 quoque
814 4539 965 4609 copia
1018 4539 1184 4592 variis
1224 4540 1419 4606 stipata
1458 4537 1793 4590 diversarum

220 4632 508 4700 generibus
557 4630 837 4683 arborum.
882 4626 1259 4682 Possessiones
1304 4623 1589 4693 acquisivit
1632 4622 1800 4691 pluri-

221 4737 349 4776 mas.
378 4720 596 4775 Petenti
621 4714 886 4788 siquidem
911 4733 975 4773 eo
1018 4716 1400 4772 serenissimus
1446 4729 1539 4767 rex
1566 4712 1797 4767 Ludovi-

218 4827 312 4867 cus
347 4811 590 4881 spatioso
637 4810 742 4864 hoc
772 4807 1016 4862 dilatavit
1040 4806 1293 4869 termino,
1317 4804 1383 4859 de
1412 4803 1557 4859 ﬁscis
1587 4802 1701 4857 suis
1730 4802 1795 4855 ad

220 4902 568 4957 laborandum
603 4899 906 4955 concedens
932 4898 1072 4960 loca,
1098 4905 1279 4951 vestes
1316 4909 1499 4949 sacras
1532 4892 1799 4962 perpluri-

221 5008 335 5046 mas
364 4991 539 5057 dedit,
567 4990 766 5044 calices
793 4996 1077 5058 argenteos
1100 4998 1399 5053 aureosque
1440 4991 1494 5035 et
1518 4979 1791 5036 odertoria

219 5082 564 5154 przrparavit,
604 5082 773 5135 libros
821 5095 1004 5135 secum
1050 5077 1328 5148 perplures
1356 5076 1559 5135 attulit,
1603 5074 1792 5126 altaiia

219 5187 350 5226 auro
394 5178 726 5241 argentoque
764 5168 998 5223 vestivit.
1032 5166 1087 5220 ln
1117 5167 1258 5219 hanc
1285 5178 1478 5231 nempe
1520 5162 1795 5229 ingressus

212 5262 406 5315 cellam
460 5269 631 5314 totum
662 5274 721 5315 se
753 5259 1021 5314 dedicavit
1063 5255 1302 5320 Christo,
1332 5252 1467 5308 nihil
1511 5253 1795 5305 mundana:

217 5367 424 5422 toinpa:
480 5350 787 5421 relinquens
815 5349 1050 5420 vestigii.
1083 5348 1268 5402 Tanta:
1315 5355 1495 5400 autem
1543 5344 1709 5398 deinc'
1734 5356 1796 5409 ps

287 5515 311 5542 ι
345 5502 660 5574 llenatense
690 5500 917 5574 scilicet,
944 5515 1052 5574 quo
1080 5496 1504 5574 de_m_nnasterio
1540 5494 1715 5561 agitur

222 5571 338 5624 Vita
371 5571 547 5627 sancti
571 5570 794 5625 Menelci
821 5564 1050 5634 abbatis,
1074 5569 1167 5637 qui
1196 5566 1313 5635 ejus
1349 5574 1546 5637 auctor
1565 5579 1684 5637 esse
1722 5564 1799 5615 di-

222 5641 381 5703 citur,
412 5641 466 5695 id
490 5649 575 5695 est
595 5641 953 5703 instaurator;
989 5633 1111 5691 uani
1134 5633 1304 5691 altero
1338 5644 1463 5688 ante
1502 5633 1794 5687 Mcneleum

222 5709 417 5766 saeculo
444 5711 720 5766 exstitisse
747 5708 1129 5763 monasterium
1176 5707 1302 5759 illud
1331 5712 1545 5758 resistat
1591 5713 1698 5756 tum
1730 5718 1801 5755 cx.

1898 4520 1987 4574 ubi
2013 4518 2295 4574 duodecim
2325 4516 2524 4572 direxit
2551 4513 2863 4577 monachos,
2902 4512 3234 4568 constituens
3262 4509 3341 4565 eis
3374 4510 3463 4565 ab

1895 4612 2075 4665 batcm
2122 4623 2347 4663 summae
2376 4605 2688 4661 reverentia:
2736 4604 2927 4669 virum,
2981 4601 3201 4655 nomine
3246 4599 3465 4655 Andoa-

1898 4703 2058 4767 rium,
2092 4700 2240 4770 quia
2271 4699 2528 4769 primmvo
2575 4704 2817 4766 tempore
2850 4693 3218 4750 conversionis
3262 4706 3373 4747 suae
3417 4692 3468 4745 ci

1899 4792 2224 4855 adhaeserat,
2263 4789 2434 4842 virum
2465 4786 2747 4856 probatum
2788 4795 2841 4839 ct
2878 4784 3062 4838 multis
3090 4780 3361 4837 laboribus
3390 4789 3473 4834 δια

1899 4882 2086 4936 tritum
2111 4899 2123 4933 :
2156 4878 2352 4949 quibus
2376 4875 2743 4932 laborantibus
2769 4875 2961 4945 pioque
2990 4874 3166 4929 studio
3192 4873 3473 4928 decertan-

1897 4973 2041 5027 tibus
2062 4970 2229 5024 ferme
2252 4969 2610 5039 septuaginta,
2657 4967 2738 5022 vel
2767 4982 2831 5021 eo
2858 4965 3085 5034 amplius
3115 4965 3239 5029 illis,
3276 4980 3468 5019 mona-

1895 5062 2102 5117 chicam
2135 5059 2298 5114 vitam
2323 5073 2422 5127 pro
2463 5074 2620 5127 posse
2661 5064 2937 5112 servantes
2984 5050 3345 5110 adhaiscrunt.
3380 5056 3460 5109 Ad

1894 5149 2036 5221 quod
2064 5149 2448 5204 monasterium
2475 5150 2601 5203 dum
2630 5147 2863 5217 quadam
2889 5147 3005 5202 vice
3027 5147 3274 5219 egregius
3295 5143 3467 5203 abbas

1896 5239 2101 5294 visendi
2141 5239 2311 5309 gratia
2344 5237 2542 5291 fratres
2580 5236 2772 5299 adiret,
2812 5250 2877 5289 ex
2910 5235 3013 5290 alia
3049 5245 3202 5306 parte
3228 5234 3344 5304 ejus
3371 5236 3467 5291 ad-

1898 5336 2116 5382 ventum
2154 5326 2282 5380 dum
2322 5324 2538 5393 quidam
2586 5322 2752 5378 abbas
2784 5339 2907 5379 cum
2938 5323 3199 5382 fratribus
3226 5325 3340 5381 suis
3368 5339 3462 5383 exe

1896 5493 2045 5547 Actis
2087 5489 2255 5545 sancti
2280 5486 2486 5559 Carileli
2529 5486 2759 5559 abbatis,
2791 5496 2905 5541 tum
2929 5503 2993 5542 ex
3016 5486 3274 5559 Gregorio
3305 5487 3501 5544 Ture--

1898 5562 2050 5616 nensi
2089 5559 2358 5628 episcopo,
2391 5556 2485 5628 qui
2540 5555 3197 5628 Manatens’smonasteh’i
3225 5559 3472 5614 meminit

1898 5634 1952 5687 in
1984 5626 2136 5687 libro'
2150 5630 2215 5685 de
2237 5626 2371 5682 Vitis
2391 5626 2634 5691 Patrum,
2670 5640 2790 5697 cap.
2827 5627 2912 5681 η.
3296 5658 3299 5659 ν
