3942 6190
401 322 508 377 375

1408 314 1483 380 'S.
1524 323 1884 380 BENEDlCTl
1920 322 2211 378 ABBATIS
2247 321 2657 377 ANIANENSIS

3545 324 3654 380 ἴ)ῖῦ

400 445 634 508 peteret,
669 435 893 507 contigit
922 450 1044 490 eum
1073 434 1241 506 ipsius
1273 440 1588 494 monasterii
1634 440 1854 503 cellam,
1884 435 1973 493 ubi
2003 438 2050 496 A
2078 438 2466 506 constituitque
2501 437 2746 491 abbatem
2795 455 2808 487 τ
2837 446 2889 491 et
2933 437 3184 507 quoniam
3217 437 3363 493 locus
3399 440 3485 494 ille
3513 458 3675 511 novo,

400 529 626 584 ecclesia
660 529 711 583 in
749 530 1005 584 honorent
1056 530 1149 584 Dei
1197 538 1252 585 et
1300 529 1598 586 Salvatoris
1650 531 1820 585 nostri
1872 530 1974 584 sita

398 627 501 683 est,
533 618 808 673 advenire.
840 614 1115 688 Siquidem
1147 620 1217 673 ibi
1251 620 1482 690 primunt
1512 619 1757 673 habitare
1785 618 1978 673 fratres

397 721 677 782 coeperant
723 730 734 765 :
787 715 880 766 sed
928 713 1052 782 quia
1099 725 1360 783 angustus
1389 723 1507 769 erat
1555 715 1722 780 locus,
1769 715 1834 769 ad
1865 713 1975 783 jam

396 805 676 875 praefatum
712 806 1097 859 monasterium
1144 807 1520 861 serenissitnus
1552 822 1645 860 rex
1682 822 1773 860 eos
1801 814 1977 860 trans-

398 896 614 951 tulerat.
669 896 888 951 Fratres
926 905 1105 951 autem
1135 898 1225 967 qui
1255 898 1319 951 ad
1360 880 1751 967 providentiam
1784 896 1974 951 cellam

395 993 786 1050 remanserant,
820 985 1061 1040 videntes
1100 985 1347 1039 abl-atem
1379 1002 1480 1040 una
1512 1003 1635 1040 cum
1666 987 1779 1040 suis
1808 986 1975 1055 gavisi

393 1085 536 1130 sunt.
571 1076 635 1130 Et
660 1077 783 1146 quia
805 1085 924 1131 erat
944 1078 1022 1133 eis
1050 1078 1238 1148 ingens
1266 1089 1573 1149 paupertas,
1600 1079 1971 1133 tristaba:.tur.

394 1166 499 1220 Sed
539 1168 793 1236 quoniam
827 1168 916 1222 ubi
961 1170 1199 1224 charitas
1244 1180 1348 1235 est,
1396 1172 1557 1225 etiam
1596 1172 1787 1242 exigua
1831 1172 1976 1226 suill-

397 1257 564 1321 ciunt,
593 1257 741 1325 jubet
782 1259 871 1330 qui
903 1269 1131 1330 praterat
1156 1261 1437 1327 fratribus,
1475 1264 1659 1333 juveni
1689 1264 1872 1317 vinum
1896 1262 1976 1317 af-

392 1344 555 1413 ferre,
606 1349 692 1403 cui
735 1366 860 1403 mox
908 1351 993 1406 ille
1038 1370 1050 1405 :
1099 1352 1264 1417 Nihil,
1304 1353 1497 1423 inquit,
1545 1364 1627 1409 est
1670 1355 1721 1409 in
1758 1355 1975 1410 vasculo

390 1437 523 1490 vini.
554 1437 670 1493 Duo
702 1440 965 1508 siquidem
1019 1442 1125 1496 illis
1169 1443 1385 1498 vascula
1432 1452 1621 1499 euntes
1665 1447 1971 1515 permodica

393 1528 723 1597 reliquerant
761 1514 974 1592 fratres,
1005 1531 1057 1585 in
1088 1531 1283 1601 quibus
1313 1534 1582 1588 modicum
1624 1546 1741 1595 erat
1767 1536 1971 1600 vinum,

387 1632 454 1671 ex
496 1633 602 1686 quo
640 1619 725 1673 vel
743 1606 948 1675 'ntissas
993 1630 1273 1686 canerent,
1321 1623 1405 1677 vel
1449 1624 1741 1678 Dominicis
1784 1625 1975 1680 diebus

389 1710 627 1780 singulas
654 1712 914 1781 potiones.
943 1714 1304 1784 perciperent.
1350 1714 1549 1769 Audito
1581 1724 1760 1770 autem
1802 1719 1972 1788 magi-

2078 543 2240 599 opere
2288 537 2407 582 crat
2440 527 2759 592 fundandus,
2802 527 3124 595 adjutorium
3168 530 3435 599 pt'rcstitit,
3487 531 3659 587 libros

2077 630 2358 688 vestesque
2395 635 2579 673 sacras
2621 619 2784 673 dedit.
2835 618 2900 672 At
2940 619 3013 673 illi
3061 620 3111 673 in
3155 629 3354 673 sancta:
3383 621 3659 692 religionis

2077 715 2261 769 habitu
2302 713 2571 777 ﬂorentes,
2601 722 2905 783 sanetaeque
2952 714 3377 768 conversationis
3406 731 3656 770 normam

2075 809 2396 879 pandentes,
2444 807 2707 861 unitatem
2754 822 2967 876 quoque
3008 806 3230 876 spiritus
3272 815 3547 862 servantes
3599 809 3655 863 in

2074 899 2288 954 vinculo
2315 900 2483 967 pacis,
2527 899 2914 966 permaximum
2946 898 3085 951 intra
3121 896 3320 951 Christi
3358 896 3497 951 ovile
3528 913 3655 967 grc-

2075 1006 2193 1063 gem
2219 989 2605 1042 monachorum
2632 995 3009 1056 aggregarnat.

2143 1080 2235 1134 46.
2268 1078 2505 1135 Ulfarius
2539 1090 2559 1116 ο
2594 1078 2756 1132 etiam
2787 1078 3001 1147 qui'iatn
3038 1079 3275 1142 nomine,
3311 1079 3511 1132 nullum
3559 1079 3664 1132 lia-

2082 1173 2206 1228 bcns
2230 1173 2704 1242 consanguineum,
2728 1172 2812 1225 vir
2835 1170 3040 1225 illuster
3060 1179 3115 1225 et
3143 1172 3355 1236 nobilis,
3373 1188 3468 1243 per
3493 1175 3661 1228 citar—

2077 1271 2185 1315 tam
2225 1262 2274 1315 ei
2302 1261 2368 1316 ad
2398 1261 2767 1315 aedificandum
2798 1260 3183 1314 monasterium
3228 1260 3402 1315 locum
3433 1263 3661 1327 tradidit

2074 1355 2127 1408 in
2151 1352 2419 1407 Albiensis
2447 1352 2699 1415 confinio,
2747 1351 2838 1405 ubi
2882 1351 3046 1405 etiam
3085 1352 3377 1406 monachos
3403 1352 3656 1406 ordinato

2073 1442 2179 1497 illis
2208 1443 2399 1496 abbate
2430 1440 2540 1494 fere
2586 1440 2863 1495 duodecim
2895 1439 3043 1492 misit
3069 1456 3082 1491 :
3113 1447 3168 1492 et
3201 1439 3285 1493 his
3327 1439 3485 1492 etiam
3515 1429 3685 1508 quo-'

2074 1536 2218 1589 niam
2248 1550 2387 1587 novo
2424 1548 2586 1601 opere
2614 1531 2871 1585 fabricam
2921 1531 3234 1586 monasterii
3267 1538 3496 1600 emptam
3526 1547 3657 1601 per-

2074 1624 2237 1679 licere
2276 1623 2612 1692 satagebant,
2654 1622 2821 1676 libros
2874 1622 3135 1692 plurimos
3181 1620 3428 1686 contulit,
3471 1631 3656 1677 vestes

2074 1729 2261 1768 sacras
2304 1713 2570 1783 praebuit,
2617 1708 2839 1766 calicem
2888 1720 3201 1782 argenteum
3247 1727 3311 1766 ac
3352 1710 3651 1776 ofl‘ertoria,

387 1814 500 1860 ster
535 1806 683 1861 cella:
709 1807 855 1861 illius
887 1823 992 1862 non
1030 1823 1150 1863 esse
1190 1808 1373 1862 vinum
1405 1808 1458 1862 in
1504 1809 1745 1873 vasculo,
1776 1810 1966 1875 doluit,
2000 1781 2047 1840 Β
2076 1820 2400 1874 crucemquc
2427 1813 2478 1859 et
2510 1803 2689 1859 omnia
2726 1818 2845 1872 qua:
2876 1802 2979 1857 illis
3023 1802 3327 1856 necessaria
3371 1801 3483 1855 fore
3526 1817 3657 1870 pro—

386 1904 442 1949 et
466 1896 742 1950 conlidens
777 1897 854 1950 ait
881 1915 894 1949 :
927 1897 1099 1967 Perge
1125 1905 1179 1950 et.
1207 1896 1340 1951 affer
1383 1897 1556 1961 nobis,
1594 1898 1845 1966 anniam
1873 1913 1971 1967 pro

387 2002 573 2042 amore
602 1986 780 2042 Patris
805 1989 974 2043 nostri
999 1988 1187 2042 bibent
1211 1988 1264 2043 hi
1293 1988 1383 2057 qui
1417 1989 1481 2041 ad
1510 2004 1631 2042 eum
1658 1997 1969 2059 properant,

386 2087 441 2131 et
491 2094 596 2131 non
639 2077 851 2133 deficiet
891 2078 989 2132 eis.
1037 2078 1282 2133 Petrexit
1330 2078 1530 2143 frater,
1591 2088 1647 2133 et.
1698 2078 1970 2135 abstracto

388 2165 525 2220 duce
554 2177 578 2206 ο
610 2166 886 2237 egreditur
913 2166 1115 2223 vinum.
1146 2166 1264 2221 1am
1294 2168 1509 2238 quidem
1552 2168 1703 2238 prius
1727 2169 1971 2224 voluerat

385 2256 654 2326 accipere,
701 2257 799 2312 sed
837 2273 1174 2328 nequaquam
1216 2259 1435 2313 invento
1474 2267 1791 2313 recesserat.
1824 2244 1973 2313 Non:

387 2347 489 2400 tiat
518 2348 658 2416 quod
689 2348 959 2402 acciderat
993 2366 1005 2401 :
1043 2348 1346 2421 gloriﬁcant
1375 2348 1543 2402 Dettm
1591 2349 1681 2418 qui
1722 2350 1967 2415 aderant,

385 2446 443 2493 et
469 2440 679 2495 meritis
721 2441 899 2494 domui
952 2440 1226 2496 Benedicti
1274 2441 1389 2496 fieri
1443 2442 1785 2511 profitentur.
1817 2442 1970 2498 Bibe-

384 2539 513 2584 runt
537 2545 667 2601 ergo
695 2546 793 2600 pro
825 2531 982 2595 velle,
1035 2539 1089 2586 et
1131 2546 1315 2586 secum
1366 2532 1757 2587 benedictionis
1803 2549 1965 2587 causa

383 2619 641 2674 tulerunt.
673 2620 914 2701 Domnus
959 2637 1173 2692 quoque
1203 2622 1525 2676 Denezlictus
1571 2639 1691 2677 cum
1723 2622 1837 2677 suis
1876 2624 1969 2677 ad-

383 2710 632 2775 veniens,
650 2710 803 2780 juxta
829 2713 970 2782 quod
1009 2728 1146 2781 opus
1191 2711 1292 2767 fuit
1318 2714 1546 2782 accepit,
1578 2727 1867 2783 secumque
1901 2730 1968 2768 ex

384 2818 451 2856 eo
483 2801 537 2857 in
567 2803 653 2857 via
685 2804 805 2858 tulit
833 2822 845 2857 :
872 2803 1057 2874 sicque
1086 2805 1345 2874 posthaec
1371 2804 1601 2858 cessavit
1632 2820 1725 2858 vas
1746 2803 1969 2860 fundere

383 2892 593 2946 vinum.
618 2892 756 2963 Ipsis
785 2910 976 2964 nempe
1016 2893 1272 2948 fratribus
1299 2894 1413 2948 luce
1438 2894 1527 2962 qui
1557 2894 1805 2947 viderunt
1832 2894 1969 2947 refc-

390 2984 636 3057 tcntjbus
683 2984 920 3053 ('Oll'pCii
948 3025 961 3048 ,
1009 2985 1103 3053 qui
1152 3000 1323 3055 usque
1374 3000 1515 3038 nunc
1566 2993 1729 3039 testes
1774 2984 1969 3039 horum

389 3073 655 3125 existunt.

2073 1897 2268 1967 spexit,
2300 1895 2717 1950 administravit.
2757 1893 2862 1964 Ipsi
2888 1909 3018 1948 vero
3060 1902 3171 1947 tam
3210 1893 3261 1947 in
3297 1892 3537 1947 aediﬁciis
3568 1908 3658 1946 re—

2074 2004 2192 2042 rum
2224 2001 2628 2055 eorporearum,
2659 2000 2821 2054 quam
2865 1985 3025 2038 etiam
3068 1983 3121 2037 itt
3155 1982 3509 2038 aediﬁcatione
3532 1982 3658 2035 ani-

2072 2095 2279 2134 marum
2303 2120 2316 2143 ,
2366 2088 2675 2149 sanctreque
2719 2077 2936 2148 Regulae
2978 2076 3238 2131 institutis
3270 2076 3613 2130 decertantes
3635 2117 3649 2139 ,

2071 2186 2322 2240 magnam
2354 2170 2568 2223 Christo
2613 2171 2721 2223 Deo
2759 2168 3130 2222 famulantium
3177 2166 3653 2237 congregationem

2071 2260 2442 2327 religiosorum
2471 2258 2693 2313 fratrum
2730 2259 3116 2328 acquisiernnt.

2139 2352 2227 2406 Η.
2269 2351 2395 2406 Post
2430 2352 2633 2405 obitum
2676 2366 2890 2420 quoque
2934 2348 3264 2405 serenissimi
3306 2347 3659 2417 imperatoris

2068 2440 2267 2505 Caroli,
2295 2456 2416 2495 cum
2451 2439 2588 2493 filius
2619 2440 2734 2509 ejus
2775 2438 3077 2493 Ludovicus
3123 2452 3215 2491 rex
3254 2435 3650 2505 Aquitanorum

2070 2534 2279 2602 imperii
2303 2549 2490 2588 curam
2513 2532 2855 2601 suscepisset,
2884 2528 3127 2584 Francite
3152 2543 3277 2583 cum
3302 2527 3545 2596 partibus
3570 2527 3661 2581 ire

2064 2623 2245 2693 jussit,
2274 2623 2431 2692 eique
2457 2622 2509 2675 in
2538 2619 2685 2674 Alsat
2719 2617 3369 2672 Maurum-Monasterium
3404 2616 3671 2687 designa-‘

2069 2716 2163 2779 vit,
2196 2715 2285 2770 ubi
2314 2715 2495 2785 plures
2526 2730 2637 2769 δυίο
2660 2714 2785 2767 vitae
2811 2727 3068 2781 sequaces
3111 2728 3177 2767 ex
3218 2710 3427 2764 Auiano
3456 2726 3651 2764 mona-

2070 2806 2236 2860 sterio
2261 2804 2564 2861 collocavit.
2598 2803 2662 2857 Et
2687 2802 2941 2872 quoniam
2990 2816 3241 2872 magnum
3268 2816 3297 2853 a
3327 2799 3527 2869 palatio
3569 2799 3651 2853 δῖα

2068 2906 2176 2952 stat
2200 2894 2608 2966 spatiumJocus
2633 2892 2910 2964 prtcfatus,
2952 2908 3052 2947 nec
3096 2906 3334 2961 congruo
3363 2904 3659 2945 occurrere

2072 2996 2313 3056 tempore
2342 3001 2464 3041 cuin
2491 2991 2773 3039 vocaretur
2812 2989 3049 3052 poterat;
3085 2989 3138 3035 et
3177 2981 3303 3048 quia
3332 2980 3655 3049 imperatori

2069 3078 2253 3132 multis
2287 3092 2384 3146 pro
2410 3076 2587 3130 causis
2612 3081 2730 3127 erat
2781 3072 3138 3134 necessarius,
3173 3071 3373 3138 placuit
3420 3070 3651 3139 impera-

454 3161 543 3215 44.
570 3162 685 3216 Alia
715 3180 903 3219 rursus
933 3165 1049 3220 vice
1086 3168 1141 3220 in
1177 3183 1242 3221 eo
1263 3168 1366 3222 Tem
1412 3169 1739 3223 monasterio
1776 3169 1960 3223 venit:
1992 3147 2036 3208 (ἶ
2069 3168 2174 3222 tori
2205 3175 2389 3222 utnon
2420 3165 2579 3236 longe
2619 3180 2647 3217 a
2692 3162 2892 3234 palatio
2926 3161 3232 3231 provideret
3256 3160 3430 3215 locum
3461 3169 3657 3229 aptum

388 3265 508 3323 pust
541 3254 755 3324 longum
787 3271 915 3311 vero
941 3258 1342 3326 praedicationis
1380 3273 1691 3313 sermonem
1710 3260 1966 3330 piumque

382 3346 840 3403 confabulationis
885 3348 1197 3417 alloquium,
1238 3350 1578 3405 discessurus
1622 3350 1768 3420 pacis
1809 3365 1966 3405 oscu-

383 3439 495 3493 lum
539 3438 797 3494 fratribus
831 3441 1053 3511 prtebet.
1105 3440 1333 3508 Quidam
1383 3451 1561 3497 autem
1610 3441 1780 3497 frater
1828 3443 1968 3499 inter

383 3531 518 3586 alios
561 3529 901 3586 osculaturns
948 3532 1179 3586 accessit
1216 3548 1230 3586 τ
1281 3549 1388 3603 quo
1432 3540 1714 3603 perspecto
1749 3533 1832 3587 vir
1869 3532 1965 3588 Dei

382 3621 633 3691 protinus
658 3622 918 3685 substitit,
949 3623 1206 3692 pacisque
1234 3624 1475 3679 osculum
1503 3624 1774 3695 paululum
1807 3641 1970 3696 nega-

378 3712 493 3766 vit:
522 3721 643 3782 post
664 3712 1092 3783 increpationem
1118 3730 1242 3769 vero
1265 3730 1555 3785 congruam
1582 3717 1739 3771 nobis
1765 3718 1968 3772 mira-n-

381 3805 524 3859 tibus
554 3804 781 3862 fratrem
810 3807 1152 3863 deosculatus
1180 3816 1280 3863 est.
1306 3808 1437 3864 Post
1467 3810 1612 3865 hunc
1641 3826 1853 3879 quoque
1881 3811 1967 3864 in-

382 3905 466 3951 ter
504 3897 639 3952 alios
667 3898 803 3953 alter
833 3898 1005 3953 adfuit
1043 3898 1233 3965 frater,
1272 3900 1357 3955 cui
1395 3899 1643 3955 similiter
1667 3900 1823 3967 fecit;
1854 3910 1967 3956 tum

380 3990 596 4043 demum
625 3989 870 4043 ultimum
901 3990 1021 4043 vale
1058 3990 1245 4045 dicens
1276 3990 1532 4046 fratribus
1569 3992 1721 4047 abiit.
1753 3993 1847 4046 Illo
1874 4009 1968 4046 au—

381 4087 489 4132 tem
532 4079 763 4132 abeunte
808 4080 861 4131 in
916 4081 1156 4134 crastino
1200 4091 1537 4150 compertum
1581 4091 1664 4139 est
1711 4084 1967 4152 quoniam

380 4169 583 4222 fratres
640 4167 711 4221 illi
760 4167 941 4239 fugam
977 4170 1219 4241 arripere
1265 4172 1659 4241 disposuerant.
1700 4171 1969 4227 intellexi-

380 4273 503 4313 mus
551 4266 679 4312 tunc
717 4259 971 4327 quoniam
1015 4260 1084 4314 ob
1129 4261 1517 4337 lia-ttc‘causam
1547 4262 1969 4331 eos,‘revclante

380 4350 483 4407 sibi
512 4358 701 4405 sancto
740 4349 969 4420 Spiritu,
1015 4352 1337 4407 venerabilis
1374 4352 1541 4407 abbas
1584 4353 1816 4408 osculari
1855 4362 1966 4409 tar-

380 4439 567 4506 dabat,
590 4455 818 4509 quorum
856 4455 1169 4510 perversam
1213 4441 1562 4507 voluntatem,
1586 4443 1687 4497 etsi
1719 4459 1825 4497 non
1865 4461 1962 4515 pa-

379 4538 561 4587 tenter
582 4531 837 4595 ostendit,
867 4532 1110 4586 turbatas
1133 4540 1314 4587 tamen
1346 4533 1703 4588 conscientias
1729 4535 1958 4590 salubri-

380 4632 465 4680 ter
488 4623 803 4693 increpavit.

448 4714 538 4769 45.
568 4713 725 4769 Aliud
747 4715 962 4770 demum
995 4714 1072 4769 illi
1116 4716 1500 4771 monasterium
1543 4716 1963 4788 gloriosissimus

377 4820 474 4861 rex
496 4804 661 4867 dedit,
689 4803 778 4859 ubi
802 4803 883 4875 (ut
905 4804 1049 4879 reor)
1071 4806 1264 4874 viginti
1296 4809 1587 4862 monachos
1612 4808 1780 4873 misit,
1801 4808 1962 4862 abba-

378 4908 594 4968 tcmque
624 4897 727 4953 illis
751 4898 1051 4953 constituit.
1083 4897 1258 4953 Situm
1298 4914 1426 4953 vero
1457 4907 1542 4953 est
1576 4901 1961 4955 monasterium

379 4986 508 5042 illud
536 4987 591 5040 in
628 4986 904 5041 territorio
940 4987 1277 5052 Pictavense,
1320 4996 1374 5042 et
1424 4988 1728 5043 dedicatum
1760 4989 1814 5043 in
1856 4990 1956 5045 lto-

378 5091 512 5131 norc
553 5076 725 5131 sancti
755 5076 937 5132 Savini
969 5077 1018 5144 ιι,
1061 5078 1114 5132 in
1144 5093 1250 5147 quo
1295 5078 1456 5147 positi
1502 5077 1719 5145 fratres,
1747 5079 1871 5133 dum
1905 5080 1959 5134 in

380 5167 486 5238 piis
508 5168 701 5223 studiis
722 5168 948 5240 vigilant
974 5170 1371 5240 desudantque,
1397 5170 1549 5224 turba
1570 5171 1959 5226 monachorum

380 5276 489 5316 non
520 5273 683 5330 parva
730 5260 812 5315 eis
838 5260 1165 5331 adjungitur.
1209 5261 1418 5316 Rursus
1451 5261 1500 5315 ei
1552 5261 1695 5315 aliud
1736 5261 1963 5316 contulit

378 5351 788 5416 monasterium,
819 5352 962 5421 quod
1009 5362 1093 5407 est
1120 5353 1175 5409 in
1221 5352 1495 5409 territorio
1533 5352 1853 5407 Bituricensi
1884 5353 1958 5407 si-

382 5450 521 5506 tum,
569 5441 768 5514 illoque
808 5442 1164 5513 quadraginta
1211 5441 1381 5497 ferme
1422 5442 1605 5513 posuit
1642 5442 1959 5506 monachos,

452 5586 477 5645 ξ
506 5562 723 5632 Μειθῖη
746 5577 905 5632 editis
925 5576 1153 5631 vasculo.
1200 5576 1314 5632 Dux
1347 5578 1489 5632 enim
1522 5578 1634 5632 sive
1663 5575 1957 5645 duciculus,

390 5644 554 5714 vulgo
570 5661 641 5696 un
665 5646 855 5708 duim,
889 5646 1218 5714 senaculum
1249 5648 1378 5703 dolii
1406 5657 1508 5703 est.

455 5710 781 5767 lvd-lactentis
805 5728 998 5768 nomen
1029 5712 1223 5769 retinet
1251 5718 1421 5770 sancti
1451 5717 1651 5771 Savini.

1987 4489 2042 4548 D

2068 3254 2193 3322 sibi,
2229 3260 2282 3312 in
2320 3274 2429 3328 quo
2473 3272 2596 3312 cum
2639 3255 2826 3325 paucis
2875 3254 3154 3324 quiescere
3196 3260 3399 3323 posset.
3450 3251 3655 3321 Sicque

2066 3348 2323 3418 prtefecto
2371 3348 2565 3401 abbate
2609 3344 2868 3400 fratribus
2912 3343 3101 3397 Mauro
3145 3342 3493 3414 degentibus,
3536 3343 3657 3413 ipse

2066 3453 2187 3491 eam
2219 3435 2485 3490 nonnullis
2513 3433 2853 3503 imperatoris
2882 3432 3145 3486 voluntati
3176 3434 3659 3502 obtemperaturus

2067 3544 2222 3582 arces
2238 3528 2313 3580 cit.

2137 3619 2225 3676 48.
2263 3618 2427 3674 Vallis
2466 3626 2644 3672 autem
2692 3626 2808 3671 erat
2844 3616 3039 3679 vicina,
3094 3629 3211 3684 qua:
3262 3630 3291 3666 a
3339 3612 3556 3682 palatio,
3592 3621 3659 3664 ut-

2067 3728 2210 3777 reor,
2243 3727 2338 3766 sex
2367 3726 2469 3765 non
2502 3708 2733 3778 amplius
2759 3706 2999 3761 millibus
3045 3705 3227 3769 distat,
3261 3719 3380 3772 qua:
3418 3702 3517 3755 viri
3551 3701 3653 3755 Dei

2065 3803 2267 3874 placuit
2309 3801 2484 3856 oculis
2521 3819 2533 3853 :
2569 3800 2750 3870 ibique
2790 3799 3081 3869 imperator
3122 3795 3287 3865 jussit
3330 3803 3655 3849 construere

2067 3896 2205 3951 miro
2251 3909 2439 3964 opere-
2458 3891 2866 3955 monasterium,
2896 3890 3040 3959 quod
3085 3896 3310 3942 vocatur
3344 3886 3488 3947 Inda,
3527 3899 3659 3937 mu-

2066 3996 2219 4041 tuato
2253 3985 2319 4040 de
2347 3983 2519 4039 rivulo
2564 3982 2805 4052 ejusdem
2842 3981 2999 4035 vallis
3044 3980 3279 4042 nomine.
3329 3976 3387 4030 In
3427 3975 3649 4031 dedica-

2066 4078 2211 4133 tione
2257 4092 2387 4131 vero
2429 4074 2670 4131 ecclesiae
2731 4070 2901 4128 adfuit
2946 4071 3258 4140 imperator,
3305 4080 3535 4135 eamque
3579 4066 3651 4119 de

2065 4170 2179 4225 suis
2243 4167 2614 4237 copiosissime
2660 4164 2852 4219 ditavit
2924 4162 3068 4217 ﬁscis
3136 4157 3649 4226 immunitatcmque

2057 4261 2242 4332 jussit,
2275 4268 2434 4328 atque
2465 4274 2560 4328 per
2587 4258 2927 4325 scripturam,
2961 4262 3019 4307 ut
3046 4252 3261 4322 triginta
3305 4248 3505 4304 ibidem
3532 4246 3650 4301 Deo

2064 4353 2262 4408 fratres
2307 4351 2522 4407 Christo
2574 4348 2897 4403 famulantes
2946 4344 3299 4415 persisterent
3351 4338 3650 4402 monachi,

2064 4445 2272 4499 statuit.
2301 4444 2414 4510 Qua
2438 4443 2503 4497 de
2533 4457 2590 4496 re
2631 4449 2688 4493 ut
2713 4414 2968 4495 numerus
2999 4414 3329 4504 impleretur,
3355 4431 3646 4487 venerabi-

2064 4538 2130 4592 lis
2175 4537 2342 4592 abbas
2395 4536 2460 4591 de
2506 4535 2645 4590 notis
2682 4530 3025 4588 monasteriis
3072 4528 3239 4582 lectos
3269 4525 3419 4595 jubet
3458 4523 3649 4579 venire

2061 4631 2275 4691 fratres,
2308 4645 2442 4699 quos
2469 4645 2565 4683 suo
2595 4628 2884 4681 instrueret
2909 4621 3173 4693 exemplo,
3213 4626 3502 4686 essentque
3524 4616 3648 4670 aliis

2062 4723 2440 4778 documentum
2470 4720 2675 4784 salutis,
2699 4730 2978 4788 quousque
3016 4713 3266 4769 instinctu
3296 4709 3491 4764 divinae
3515 4721 3647 4777 gra-

2061 4817 2150 4870 tire
2171 4814 2413 4870 saeculari
2443 4828 2636 4884 pompa
2660 4811 2847 4866 relicta
2887 4817 3090 4863 teterno
3130 4803 3259 4875 Regi
3287 4801 3521 4856 militare
3552 4799 3648 4853 (ιθ-

2063 4907 2361 4961 sidcrantes
2388 4922 2455 4960 ex
2482 4905 2667 4959 eadem
2688 4901 2960 4973 provincia
2990 4899 3043 4953 in
3070 4912 3254 4953 eorum
3282 4893 3647 4962 subrogaren-

2066 5006 2153 5052 tur
2177 4998 2384 5052 ordine.

2135 5089 2224 5144 49.
2254 5088 2431 5158 Cmpit
2450 5095 2628 5142 autem
2658 5085 2915 5156 posthaec
2941 5082 3024 5138 vir
3046 5080 3138 5135 Dei
3171 5077 3438 5148 palatinas
3466 5083 3647 5129 terere

2064 5178 2225 5244 fores,
2275 5179 2511 5247 olimque
2559 5177 2840 5233 dimissum
2889 5174 2960 5229 ob
3010 5171 3299 5227 multorum
3349 5165 3643 5220 utilitatem

2063 5271 2205 5327 ferre
2238 5269 2544 5325 tumultum.
2571 5268 2772 5325 Omnes
2798 5264 3061 5335 siquidem
3091 5262 3183 5333 qui
3210 5260 3436 5315 aliorum
3466 5258 3644 5329 pressi

2062 5362 2417 5420 incommodis
2450 5359 2752 5432 imperialia
2798 5356 3052 5428 petebant
3086 5350 3360 5423 suifragia,
3403 5364 3528 5404 cum
3575 5351 3644 5404 ad

2059 5467 2182 5507 eum
2234 5452 2584 5516 accederent,
2640 5448 2892 5503 alacriter
2942 5449 3221 5514 susceptos
3266 5440 3638 5505 osculabatur,

2134 5594 2155 5621 ε
2194 5582 2455 5638 Wlfarius
2509 5596 2688 5636 comes
2733 5575 3164 5635 Bellam-Cellam
3208 5575 3262 5629 in
3305 5587 3447 5645 pago
3484 5571 3637 5628 Albi-

2062 5655 2209 5723 gensi
2241 5654 2306 5708 ad
2331 5651 2547 5708 ﬂuvium
2588 5650 2815 5725 Agotum
2848 5647 3142 5703 :edilicasse
3170 5645 3386 5700 dicitur.
