3942 6190
236 348 331 404 επ

1782 351 1966 406 ἫΤΑ.

3398 345 3505 402 378

234 477 536 533 eorumque
577 460 944 531 querimonias
985 461 1037 515 in
1068 460 1338 516 schednlis
1371 463 1669 533 impressas
1698 474 1826 518 tetzt-
1852 467 1899 522 Α
1929 461 2030 514 bus
2052 459 2405 516 adventantes
2438 458 2691 514 monachi
2728 472 2858 524 non,
2903 464 2961 511 ut
3006 456 3080 511 ita
3109 455 3359 519 dixerim,
3385 467 3507 526 per-

235 570 367 628 pore
405 561 713 624 Opportuno
764 550 1025 606 offerebat
1082 552 1417 620 imperatori.
1473 554 1552 606 Ex
1607 552 1803 623 quibus

236 652 485 701 assuetus
534 632 822 711 aliquoties
876 642 1255 696 serenissimus
1306 640 1600 712 imperator
1632 661 1822 715 mapu-

238 734 341 789 lam
364 732 718 800 manicasque
743 730 858 799 ejus
879 730 1101 799 palpans
1128 733 1448 801 reperiebat,
1480 742 1826 803 repertusque

240 826 469 896 legebat,
504 832 668 891 atque
711 829 768 875 ut
809 821 994 875 utilius
1045 831 1270 877 noverat
1315 824 1669 889 decernebat;
1701 839 1825 893 pro«

236 927 353 988 pter
380 914 713 968 oblivionem
742 911 940 980 quippe
962 912 1170 969 talibus
1212 914 1264 966 in
1294 912 1432 968 locis
1451 930 1542 969 eas
1570 914 1714 969 ferre
1740 930 1824 970 so—

238 1008 361 1061 litus
381 1013 524 1059 erat.
554 1004 814 1057 Libenter
836 1004 1035 1057 etenim
1060 1003 1430 1072 hujuscemodi
1458 1005 1826 1075 querimonias

238 1097 493 1153 audiebat
536 1095 850 1165 imperator,
883 1102 938 1148 et
974 1094 1044 1149 ob
1079 1095 1130 1149 id
1161 1110 1323 1164 quam
1370 1096 1603 1151 maxime
1639 1096 1825 1151 sedulo

238 1187 384 1243 illum
416 1187 471 1240 in
506 1184 710 1255 palatio
761 1181 876 1237 fore
906 1182 1142 1252 iubebat.
1197 1184 1408 1239 Etenim
1450 1186 1542 1254 qui
1587 1199 1711 1239 eum
1756 1202 1823 1241 ex

220 1277 384 1348 ‘regni
424 1273 819 1338 moderamine,
863 1288 929 1328 ex
975 1272 1318 1340 dispositione
1342 1273 1741 1342 provinciarum
1771 1283 1826 1329 et

237 1385 300 1424 ex
353 1368 470 1423 suis
510 1364 854 1420 consulerent
900 1363 1261 1430 utilitatibus,
1311 1372 1466 1419 erant
1508 1364 1818 1434 perplures;

236 1456 412 1512 nullus
432 1469 660 1526 prorsus
681 1452 996 1508 aﬂlictorum
1017 1451 1251 1509 miseriis
1277 1454 1353 1507 ita
1374 1455 1819 1523 compatiebatur,

235 1549 523 1618 nullusque
578 1547 963 1601 monachorum
1026 1546 1260 1616 inopiam
1314 1547 1387 1600 ita
1435 1546 1547 1616 regi
1597 1554 1656 1600 ut
1710 1547 1824 1616 ipse

233 1641 524 1711 pandebat.
567 1639 703 1693 Erat
747 1639 944 1708 quippe
999 1638 1321 1693 miserorum
1368 1639 1680 1704 advocatus,
1728 1638 1842 1694 sed‘

235 1732 627 1789 monachorum
654 1739 843 1800 pater;
894 1745 1189 1801 pauperum
1233 1730 1559 1796 consolator,
1588 1731 1684 1785 sed
1716 1747 1826 1785 mo-

1924 551 2235 620 strepentia,
2278 561 2338 605 ut
2376 552 2767 615 imbuerentur,
2802 550 3105 619 indigerent
3146 549 3347 603 verba:
3382 548 3509 617 quia

1925 642 1977 695 in
2020 642 2352 712 singulorum
2386 642 2646 705 moribus,
2698 641 2752 695 in
2801 640 3011 694 incessu
3055 639 3349 706 habituque
3397 636 3510 694 for-

1926 745 2068 782 mam
2098 731 2540 798 disciplinamque
2566 730 2868 799 regularem
2894 730 3090 798 pictam
3120 737 3423 784 cernerent.

1993 819 2082 872 51.
2109 818 2339 887 Propztr
2366 819 2715 886 plurimorum
2768 833 2980 887 quoque
3028 817 3374 871 indiscretum
3406 817 3510 872 fer-

1922 923 2106 962 vorem
2155 916 2207 961 et
2247 909 2600 975 quorumdam
2652 908 2889 975 ineptum
2933 916 3192 976 teporem,
3224 909 3510 978 minusque

1923 998 2200 1067 capacium
2251 1012 2469 1052 sensum
2514 997 2828 1062 obtunsum,
2877 997 3158 1050 constituit
3199 1000 3510 1064 terminum,

1922 1087 2271 1156 ordinemque
2304 1087 2330 1126 δ
2362 1086 2757 1141 observandum
2798 1086 3010 1139 cunctis
3049 1084 3271 1138 tradidit
3320 1104 3334 1138 :
3391 1086 3511 1142 illos

1924 1178 2210 1232 retrahens
2255 1190 2322 1230 nc
2364 1174 2630 1244 superflua
2668 1183 2933 1243 peterent,
2984 1175 3083 1227 hos
3135 1174 3409 1243 imperans
3454 1183 3514 1228 ut

1925 1277 2195 1336 torporem
2229 1274 2568 1330 excuterent,
2618 1266 2753 1320 alios
2790 1264 3141 1318 nihilominus
3189 1263 3511 1330 admonens,

1922 1367 1982 1412 ut
2022 1358 2212 1413 saltem
2243 1358 2355 1412 visa
2386 1357 2609 1427 implere
2659 1340 2994 1425 expeterent.
3055 1355 3299 1425 Denique
3341 1357 3510 1411 multa

1925 1450 2125 1521 Regula
2162 1451 2382 1519 implere
2416 1448 2573 1517 jubet
2602 1468 2615 1503 :
2649 1450 2742 1504 sed
2780 1449 3047 1518 permulta
3078 1460 3206 1504 sunt
3240 1466 3359 1520 qua:
3382 1466 3512 1505 usus

1923 1543 2139 1611 explere
2195 1542 2542 1612 quotidianus
2584 1541 2822 1609 expetit,
2868 1541 2979 1611 ipsa
3035 1551 3213 1595 tamen
3269 1541 3507 1596 reticet:

1924 1646 1991 1683 ex
2018 1631 2213 1699 quibus
2241 1630 2493 1684 omnibus
2536 1629 2754 1684 habitus
2794 1630 3044 1684 monachi
3086 1630 3250 1684 veluti
3280 1630 3513 1700 gemmis

1924 1729 2173 1786 ornatur,
2204 1729 2259 1776 et
2291 1721 2407 1775 sine
2451 1720 2646 1789 quibus
2674 1719 2966 1776 dissolutus
2999 1734 3062 1775 ac
3090 1720 3268 1774 ﬂuxus
3305 1720 3514 1774 incom-

234 1822 533 1877 nachorum
579 1820 849 1884 eruditor;
896 1820 1154 1874 divitibus
1206 1820 1458 1888 pabulum
1517 1820 1644 1874 vitae
1698 1835 1829 1889 pra:-
1858 1813 1902 1871 B
1931 1810 2242 1879 positusque
2273 1824 2393 1863 esse
2433 1809 2711 1877 pmbatur.
2744 1807 3010 1862 Nonnulla
3051 1818 3231 1863 autem
3271 1808 3517 1876 praecipit
3576 1880 3583 1883 L

233 1912 416 1975 bebat,
432 1912 530 1965 sed
548 1910 935 1964 monachorum
953 1911 1224 1964 mentibus
1242 1910 1457 1981 Regula:
1481 1911 1823 1980 disciplinam

232 2007 576 2071 inculcabat;
631 2006 867 2059 omnium
923 2005 1046 2059 licet
1101 2005 1422 2058 utilitatibus
1480 2005 1822 2070 consuleret,

231 2098 627 2154 monachorum
679 2110 861 2152 tamen
910 2097 1324 2153 necessitatibus
1367 2097 1557 2152 sedulo
1588 2097 1823 2152 interve-

232 2190 443 2245 mamL

299 2280 394 2334 50.
451 2279 703 2334 Prmfecit
748 2294 873 2335 eum
920 2295 1133 2351 quoque
1181 2280 1476 2351 imperator
1518 2281 1726 2335 cunctis
1772 2280 1825 2334 in

235 2387 402 2442 regno
438 2387 538 2426 suo
566 2373 866 2426 cmuobiis:
897 2380 957 2426 ut
1003 2373 1142 2427 sicut
1169 2371 1511 2441 Aquitaniam
1548 2371 1827 2426 Gothiam-

234 2478 335 2532 que
365 2478 557 2518 norma
590 2462 779 2517 salutis
824 2463 1171 2527 instruxerat,
1218 2463 1290 2517 ita
1334 2464 1500 2517 etiam
1538 2462 1823 2516 Franciam

232 2553 517 2610 salutifero
562 2554 831 2609 imbueret
872 2553 1138 2624 exemplo.
1190 2554 1353 2608 Multa
1390 2554 1621 2624 denique
1648 2569 1830 2607 mona-

232 2645 398 2700 steria
423 2652 583 2698 erant
611 2658 733 2714 qua)
779 2644 1049 2714 quondam
1104 2644 1426 2716 regulariter
1480 2642 1697 2698 fuerant
1746 2643 1826 2696 in-

232 2731 452 2795 stituta;
495 2728 590 2784 sed
635 2728 894 2798 paulatim
948 2737 1259 2800 tepescente
1306 2730 1509 2799 rigore,
1563 2728 1825 2799 regularis

229 2835 370 2890 pene
397 2820 708 2890 deperierat
734 2821 888 2875 ordo.
921 2820 990 2876 Ut
1030 2831 1231 2884 autem,
1272 2821 1412 2875 sicut
1446 2835 1553 2874 una
1580 2819 1823 2873 omnium

230 2919 348 2964 erat
372 2910 666 2979 professio,
691 2912 847 2965 ﬁeret
863 2925 1077 2981 quoque
1101 2910 1342 2965 omnium
1365 2910 1820 2964 monasteriorum

230 3004 467 3059 salubris
491 3020 597 3058 una
630 3006 982 3066 consuetudo,
1011 3004 1234 3073 jubente
1268 3004 1592 3073 imperatore
1635 2997 1827 3074 aggre-

229 3096 368 3164 gatis
401 3096 779 3151 coenobiorum
806 3110 829 3137 δ
854 3096 1240 3151 Patribns-una
1267 3112 1389 3151 cum
1418 3096 1825 3166 quampluribus

1927 1918 2048 1971 qua:
2078 1910 2169 1956 aut
2199 1909 2419 1970 propter
2449 1900 2789 1954 concordiam
2821 1900 3062 1962 unitatis,
3092 1908 3183 1953 aut
3208 1907 3357 1953 certe
3384 1914 3515 1968 pro-

1925 2001 2045 2065 pter
2071 1991 2471 2048 observantiam
2499 1990 2819 2054 honestatis,
2850 2005 2943 2044 seu
2972 2002 3192 2059 propler
3210 1989 3519 2044 considera-

1877 2108 1885 2121 ι
1930 2086 2127 2139 tionem
2157 2083 2465 2154 fragilitatis
2504 2082 2883 2136 admittuntur.
2913 2081 3257 2150 Quapropter
3290 2080 3391 2149 pia:
3431 2093 3516 2133 re-

1928 2175 2258 2230 cordationis
2315 2173 2640 2229 venerabilis
2688 2172 2856 2226 abbas
2902 2167 3128 2241 quinque
3178 2170 3515 2226 observanda

1928 2266 2241 2345 eomperitu
2258 2265 2463 2333 absque
2512 2264 2619 2318 ulla
2666 2264 3019 2319 cunctatione
3039 2262 3119 2316 vel
3149 2262 3523 2318 excusationis

1928 2356 2052 2410 fuco
2083 2356 2308 2426 implere
2333 2355 2571 2410 decrevit
2606 2374 2619 2407 :
2651 2369 2713 2409 ea
2750 2369 2878 2408 vero
2917 2368 3037 2423 quae
3071 2360 3238 2408 certis
3267 2367 3366 2421 pro
3388 2367 3519 2407 cau-

1927 2447 2004 2501 sis
2042 2454 2138 2499 aut
2179 2446 2498 2500 dimittenda
2544 2446 2814 2516 cognovit,
2869 2452 2963 2498 aut
3013 2443 3391 2499 commutanda
3436 2442 3519 2497 in-

1927 2538 2141 2606 spexit,
2199 2536 2586 2601 nihilominus,
2644 2544 2806 2605 prout
2864 2535 3071 2590 rectins
3115 2543 3177 2589 et
3219 2534 3515 2589 secundum

1926 2642 2084 2697 posse
2109 2626 2321 2694 locique
2342 2626 2665 2694 positionem
2695 2625 2952 2679 dirimere
2977 2624 3169 2692 quivit,
3200 2623 3310 2677 suis
3332 2622 3519 2677 obsero

1926 2720 2102 2772 vanda
2140 2717 2420 2787 discipulis
2449 2716 2712 2771 tradidit:
2755 2717 2802 2770 si
2841 2730 2946 2785 qua
2991 2729 3193 2785 nempe
3219 2715 3395 2767 minus
3434 2712 3517 2767 lu-

1926 2810 2046 2864 cide
2078 2809 2270 2880 pagina
2302 2807 2518 2879 Regula:
2547 2807 2755 2877 pandit,
2787 2815 2880 2860 aut
2917 2805 3139 2860 omnino
3170 2804 3317 2866 silet.
3347 2803 3515 2858 ratio—

1926 2900 2182 2953 nabiliter
2214 2907 2443 2967 apteque
2471 2898 2884 2964 instituitatque
2914 2896 3200 2965 supplevit,
3232 2895 3297 2949 de
3319 2894 3527 2963 qrtibus

1925 3006 2028 3060 ope
2058 2991 2237 3044 divina
2267 2990 2419 3059 jutus
2451 3004 2621 3057 pauca
2663 2988 2831 3040 relatu
2870 2987 3254 3056 perstringam.

2000 3079 2087 3133 δε.
2115 3078 2371 3132 Primitus
2400 3078 2665 3146 siquidem
2689 3092 2848 3146 quam
2870 3074 3091 3147 ‘signum
3123 3079 3270 3132 horis
3294 3084 3516 3131 noctur-

230 3158 515 3239 inonachis
542 3186 826 3255 perplures
868 3186 1069 3242 resedit
1110 3187 1243 3241 dies.
1283 3158 1543 3241 Omnibus
1582 3158 1717 3258 ‘erga
1747 3187 1823 3241 si-

1930 3173 2013 3227 nis
2042 3171 2301 3241 pulsetur,
2339 3171 2393 3225 iu
2436 3171 2666 3224 fratrum
2702 3170 3021 3225 dormitorio
3063 3169 3313 3238 squillam
3345 3180 3367 3207 ο
3399 3176 3530 3223 tan--

229 3276 343 3331 mul
371 3276 855 3347 positisBegulam
903 3278 970 3331 ab
1013 3278 1222 3349 integro
1265 3276 1582 3342 discutiens,
1617 3276 1826 3330 cunctis

230 3369 461 3423 obscura
487 3367 811 3431 dilucidans,
848 3368 1008 3423 dubia
1050 3366 1339 3437 patefecit,
1372 3368 1583 3437 priscos
1611 3381 1826 3421 errores

231 3459 479 3525 abstulit,
518 3459 681 3514 utiles
718 3460 1138 3515 consuetudines
1177 3458 1512 3529 affectusque
1539 3459 1828 3515 confirma-

230 3551 327 3605 vit.
354 3549 571 3605 Judicia
610 3550 774 3621 igitur
815 3550 1031 3619 Regulze
1078 3561 1379 3622 cunctaque
1421 3551 1579 3605 dubia
1614 3551 1681 3605 ad
1703 3566 1829 3620 pro-

233 3640 431 3696 ﬁcuum
459 3641 690 3695 deducta
722 3640 992 3705 effectum,
1022 3657 1158 3711 quas
1187 3641 1366 3697 minus
1404 3642 1610 3711 Regula
1641 3641 1827 3711 pandit

235 3734 678 3798 consuetudines,
723 3734 1141 3788 assentientibus
1182 3735 1391 3789 cunctis
1436 3734 1667 3803 protulit
1705 3751 1719 3789 :
1762 3733 1828 3786 de

236 3826 430 3893 quibus
453 3826 620 3879 etiam
648 3826 1000 3896 capitularem
1028 3828 1337 3882 institutum
1365 3828 1677 3898 imperatori
1701 3843 1828 3882 con-

238 3917 562 3972 firmandum
588 3918 838 3988 praebuit,
867 3928 928 3973 ut
955 3921 1209 3975 omnibus
1237 3920 1292 3975 in
1319 3936 1485 3991 regno
1514 3935 1612 3973 suo
1640 3920 1828 3990 positis

236 4006 581 4061 monasteriis
636 4008 926 4063 observare
971 4010 1291 4081 przeciperet
1322 4027 1334 4063 :
1367 4011 1433 4065 ad
1473 4024 1632 4078 quem
1662 4009 1829 4063 lecto-

237 4108 349 4149 rem
374 4095 522 4150 scire
551 4097 857 4167 cupientem
896 4099 1198 4171 dirigimns.
1226 4101 1322 4156 Cui
1366 4100 1613 4171 protinus
1660 4100 1828 4170 impe-

236 4193 388 4239 ratur
413 4200 698 4240 assensum
735 4189 984 4256 prmbuit,
1030 4188 1470 4259 inspectorcsque
1497 4203 1594 4257 per
1620 4187 1827 4256 singula

237 4274 417 4344 posuit
458 4277 810 4339 monasteria,
847 4278 938 4346 qui
970 4285 1148 4332 utrum
1182 4293 1244 4333 ea
1275 4294 1395 4349 quae
1433 4279 1581 4349 jussa
1617 4277 1828 4333 fuerant

239 4367 316 4420 sic
346 4367 775 4420 observarentur
804 4367 1151 4437 inspicerent,
1183 4371 1381 4440 quique
1411 4371 1571 4425 etiam
1598 4368 1827 4422 formam
1856 4396 1859 4397 ν

238 4455 509 4511 salubrem
542 4457 917 4527 ignorantibus
964 4458 1258 4515 traderent.
1309 4459 1612 4514 Perfectum
1645 4459 1826 4527 itaque

239 4556 700 4618 propagatumque
743 4556 827 4602 est
875 4564 1011 4619 opus
1060 4550 1239 4605 divina
1269 4551 1568 4620 opitulante
1615 4550 1828 4604 miseri-

238 4637 440 4702 cordia,
477 4646 533 4692 et
557 4653 662 4691 una
694 4640 904 4693 cunctis
933 4640 1261 4709 generaliter
1302 4640 1480 4709 posita
1508 4640 1829 4693 observatur

240 4726 459 4799 Regula,
488 4740 792 4801 cunctaque
835 4732 1165 4788 monasteria
1196 4732 1269 4786 ita
1298 4731 1365 4786 ad
1396 4730 1622 4784 formam
1648 4728 1829 4781 unita-

239 4820 306 4876 tis
349 4822 569 4876 redacta
603 4829 751 4887 sunt,
791 4839 856 4878 ac
899 4824 946 4877 si
990 4824 1058 4878 ab
1097 4840 1204 4878 uno
1238 4822 1495 4892 magistro
1533 4828 1589 4874 et
1629 4819 1683 4873 in
1720 4834 1826 4875 uno

240 4909 611 4966 imbuerentur
659 4912 798 4968 loco.
840 4914 1135 4970 Uniformis
1177 4930 1431 4969 mensura
1483 4914 1537 4968 in
1579 4922 1731 4983 potu,
1770 4912 1825 4967 in

237 5002 375 5067 cibo,
425 5003 481 5056 in
533 5003 753 5072 vigiliis,
786 5004 840 5058 in
885 5005 1341 5068 modulationibus
1380 5006 1588 5059 cunctis
1639 5005 1824 5059 obser-

238 5094 408 5148 vanda
436 5104 521 5148 est
544 5095 763 5149 tradita.
792 5096 860 5150 Et
880 5097 1133 5167 quoniam
1164 5095 1266 5151 alia
1291 5112 1387 5166 per
1414 5096 1741 5149 monasteria
1768 5102 1822 5148 ut

237 5183 621 5238 observaretur
646 5186 882 5241 instituit
919 5188 1146 5255 Regula,
1173 5203 1298 5241 suos
1327 5188 1379 5241 in
1415 5187 1541 5242 Inda
1570 5187 1826 5256 degentes

236 5272 310 5324 ita
349 5272 497 5325 omni
528 5273 830 5328 intentione
858 5274 1130 5335 instruxit,
1161 5281 1219 5327 ut
1243 5288 1308 5327 ex
1335 5273 1562 5327 diversis
1586 5272 1821 5343 rcgioni~

305 5394 330 5455 ξ
359 5381 420 5455 id;
440 5383 643 5455 factum
680 5400 822 5441 anno
851 5386 973 5447 817,
1017 5402 1069 5440 in
1111 5385 1315 5455 synodo
1337 5382 1782 5455 Aquisgrauensi.

308 5450 336 5490 ¹³
360 5452 497 5509 Hinc
522 5454 781 5525 colligunt
804 5456 1048 5510 nonnulli
1080 5450 1426 5525 Bénedictum
1456 5450 1600 5508 hunc
1640 5464 1823 5525 aucto-

235 5534 353 5575 rem
393 5538 516 5597 esse
562 5523 751 5597 li_belli_
774 5527 865 5597 qui
894 5526 1203 5597 inscribitur
1243 5523 1386 5597 ordo
1416 5524 1822 5597 conversationis

236 5593 566 5668 ptemsticqa,
596 5593 675 5649 'ab
709 5593 973 5668 Haefteno
1015 5596 1191 5650 editus
1225 5604 1279 5648 et
1308 5594 1603 5649 illustratus
1634 5594 1686 5648 in
1716 5593 1822 5648 line

237 5656 692 5731 Dis‘quisitionum
722 5666 1161 5720 monasticarum.
1386 5714 1393 5725 ,

309 5729 444 5787 (id
498 5735 829 5802 campanulae
880 5750 976 5789 seu
1036 5734 1380 5790 tintinnabuli
1431 5748 1629 5804 genus,
1679 5732 1819 5800 quod

1851 4504 1903 4562 D

1927 3280 2053 3334 gere
2078 3261 2255 3332 jussit,
2281 3270 2341 3316 ut
2360 3262 2512 3333 prius
2538 3261 2926 3316 monachorum
2949 3259 3295 3329 congregatio
3319 3258 3533 3313 oratio-

1926 3355 2087 3409 nibus
2118 3353 2235 3407 fulti
2262 3353 2479 3422 propria
2509 3351 2806 3407 residerent
2839 3365 2935 3420 per
2970 3349 3109 3415 loca,
3145 3360 3274 3404 tunc
3298 3348 3525 3404 demum

1926 3444 2170 3500 ecclesia:
2199 3444 2355 3498 ostiis
2384 3442 2669 3512 patefactis
2716 3441 3020 3511 hospitibus
3063 3448 3271 3510 pateret
3303 3441 3515 3510 ingres-

1927 3548 2038 3587 sus.
2072 3533 2366 3601 Surgentes
2400 3546 2528 3586 vero
2555 3530 2764 3585 concite
2793 3530 2946 3599 juxta
2976 3528 3117 3595 quod
3150 3526 3354 3596 Regula
3383 3543 3518 3595 pra:-

1927 3624 2078 3692 cipit,
2130 3623 2329 3677 fratres
2374 3623 2530 3691 aquis
2573 3637 2632 3675 se
2684 3618 3036 3675 sanetiticatis
3083 3615 3429 3685 perfundant,
3460 3624 3516 3670 ct

1927 3723 2121 3769 cuncta
2171 3713 2365 3766 altaria
2412 3712 2689 3766 humiliter
2717 3718 2915 3764 etcum
2961 3707 3263 3762 reverentia
3298 3722 3517 3776 percur-

1927 3814 2081 3869 rant;
2115 3805 2196 3859 sic
2226 3804 2440 3858 demum
2475 3804 2540 3856 ad
2572 3801 2789 3872 propria
2827 3799 2943 3854 loca
2991 3799 3253 3853 accedant
3298 3798 3517 3867 sintque

1925 3896 2125 3967 parati,
2169 3905 2228 3949 ut
2272 3910 2394 3949 cum
2439 3894 2660 3947 tertium
2697 3891 2993 3962 pulsaverit
3037 3890 3271 3959 signum,
3313 3889 3518 3959 absque

1927 4002 2077 4042 mora
2128 3994 2411 4056 surgentes
2466 3985 2709 4039 attonitis
2756 3984 2978 4038 auribus
3022 3981 3363 4037 sacerdotem
3421 3998 3518 4036 ex-

1927 4084 2191 4146 spectent,
2239 4076 2333 4145 qui
2374 4074 2608 4130 ollicium
2661 4074 2948 4143 incipiendi
2988 4072 3211 4126 sortitus
3252 4081 3352 4126 est.
3404 4072 3514 4126 Nec

1928 4168 2179 4237 cuiquam
2207 4167 2366 4221 liceat
2394 4181 2490 4236 per
2530 4165 2631 4219 hoc
2662 4164 2894 4233 spatium
2935 4178 3031 4232 per
3075 4160 3297 4231 angulos
3341 4160 3516 4216 eccle-

1928 4262 2023 4316 siae
2070 4261 2286 4325 sistere,
2336 4273 2526 4312 eorum
2575 4256 2781 4311 scilicet
2828 4255 3023 4324 quibus
3064 4253 3268 4324 ingredi
3307 4254 3515 4324 justum

1927 4360 2040 4417 est;
2075 4347 2171 4404 sed
2193 4350 2249 4403 in
2276 4349 2444 4403 choro
2472 4348 2723 4402 sedentes
2769 4346 3046 4399 institutos
3083 4351 3293 4398 secrete
3334 4344 3517 4398 conci-

1929 4450 2062 4496 nant
2090 4441 2346 4511 psalmos.
2379 4437 2625 4492 Psalmos
2668 4443 2850 4490 autem
2893 4442 3115 4488 cantare
3138 4431 3320 4502 jussit,
3357 4433 3515 4500 quin-

1929 4551 2034 4604 que
2060 4533 2086 4574 ά
2114 4548 2214 4604 pro
2239 4531 2491 4586 omnibus
2533 4528 2778 4583 fidelibus
2812 4520 2875 4579 in
2923 4532 3036 4579 toto
3072 4532 3340 4578 terrarum
3383 4522 3514 4577 orbe

1929 4628 2085 4692 vivis,
2121 4626 2359 4695 quinque
2401 4623 2564 4678 etiam
2600 4636 2698 4692 pro
2737 4620 2995 4674 omnibus
3035 4616 3284 4672 fidelibus
3318 4615 3515 4671 ’dcfun—

1929 4719 2061 4783 ctis;
2090 4731 2189 4785 pro
2228 4715 2307 4768 cis
2338 4727 2560 4782 quoque
2590 4711 2681 4781 qui
2718 4725 2890 4781 nuper
2930 4708 3168 4764 defuncti
3200 4715 3347 4770 sunt,
3384 4707 3511 4776 quia

1931 4810 1997 4862 ad
2028 4806 2275 4861 notitiam
2311 4802 2641 4872 singulorum
2670 4816 2775 4854 non
2804 4800 2985 4855 statim
3036 4814 3197 4853 causa
3243 4797 3509 4867 pervenit,

1929 4912 1982 4956 ut
2011 4900 2217 4970 jugiter
2250 4904 2574 4952 canerentur
2602 4896 2834 4951 instituit
2865 4895 3215 4949 nihilominus
3250 4892 3507 4962 quinque.

1926 4996 2178 5051 Decursis
2216 5011 2346 5051 vero
2376 4995 2596 5065 psalmis
2640 4994 2876 5064 quinque
2920 5005 3125 5061 pronus
3166 4987 3400 5043 orationi
3434 4987 3513 5042 in-

1925 5089 2168 5154 cumbat,
2194 5104 2288 5145 eos
2316 5104 2416 5158 pro
2454 5087 2649 5157 quibus
2681 5085 2877 5141 cecinit
2928 5083 3039 5136 Deo
3082 5080 3506 5136 commendans:

1926 5191 1982 5238 et
2008 5192 2134 5236 tunc
2174 5182 2390 5237 demum
2443 5194 2542 5250 pro
2590 5177 2711 5232 aliis
2750 5183 3036 5247 rogaturus
3065 5172 3279 5227 initium
3307 5180 3507 5227 sumat.

1926 5271 2037 5326 Nec
2058 5270 2423 5342 pigritandum
2445 5276 2529 5322 est
2549 5266 2847 5338 pio,.certis
2874 5262 3171 5333 defixisque
3196 5260 3513 5332 psalmodiis

1927 5381 2264 5436 Lanfrancus
2307 5379 2517 5448 signum
2563 5374 3123 5448 minimum_vocat_in
3158 5371 3508 5448 moratorum

1929 5468 2047 5522 cap.
2084 5452 2133 5522 l,
2173 5450 2305 5522 etin
2339 5440 2632 5522 scereMtar‘io
2661 5446 2802 5501 locat
2822 5443 3128 5522 .Durandus
3156 5443 3210 5497 in
3250 5440 3505 5506 triclinio,

1927 5514 2021 5576 lib'.
2050 5537 2067 5574 ι
2097 5514 2162 5575 de
2191 5517 2386 5573 divinis
2417 5516 2636 5581 Officiis,
2661 5532 2779 5585 cap.
2808 5514 2865 5569 4.
3098 5584 3101 5585 ν
3208 5584 3213 5585 ί
3300 5560 3306 5569 .

1996 5590 2022 5631 ἀ
2053 5590 2117 5645 ili
2164 5596 2290 5669 sunt
2333 5580 2874 5669 psalmigraduales,
2907 5599 3044 5669 quos
3071 5580 3507 5669 Quadragesima:

1927 5670 2169 5730 tempore
2193 5656 2417 5730 singulis
2445 5656 2597 5730 feriis
2623 5656 2832 5728 quartis
2869 5657 3033 5711 etiam
3062 5671 3206 5711 nunc
3237 5663 3361 5709 ante
3392 5668 3506 5706 ma-

1930 5726 2159 5786 tutinum
2189 5726 2420 5785 cilicium
2448 5726 2879 5799 frequentamus.
