3942 6190
392 338 496 394 379

1408 326 1463 382 8.
1502 324 1862 381 ΒΕΝΕΒΙΟΤΙ
1901 322 2191 379 ABBATIS
2231 321 2636 377 ANIANENSIS

3522 321 3629 377 580

389 457 592 503 attento
617 442 747 515 Regi
777 442 1020 497 demerso
1047 439 1100 494 in
1130 445 1329 493 terram
1361 451 1588 507 corpore
1620 434 1957 505 supplicare:
1989 437 2039 496 Α
2065 432 2356 487 multorum
2404 432 2755 486 consuetudo.
2821 429 3098 501 Siquidem
3146 430 3417 487 nonnullis
3462 447 3634 502 usque

330 584 335 589 .
390 552 511 591 cum
544 534 853 605 potentibus
899 530 964 584 ad
1015 527 1224 600 singula
1276 527 1441 582 verba
1494 542 1601 581 non
1649 532 1959 580 revereatur

375 625 512 695 'qnis
555 621 824 678 inflectere
857 625 1045 690 caput;
1102 617 1444 685 maximeque
1483 616 1610 684 quia
1658 615 1761 668 hoc
1800 614 1961 666 modo

389 713 560 783 gratia
597 716 917 783 provocetur
957 706 1158 768 divina,
1191 712 1246 759 et
1269 702 1697 773 compunctionis
1738 700 1962 755 suscite-

390 814 480 857 tur
504 802 699 855 fervor.
729 799 992 866 Tempore
1014 795 1280 864 siquidem
1306 794 1512 849 aestatis
1535 801 1659 861 post
1686 789 1960 860 expletum

390 891 769 944 Matutinorum
796 886 1048 949 officium,
1092 898 1216 937 mox
1242 882 1425 952 egredi
1451 882 1520 936 ab
1557 879 1790 934 ecclesia
1834 891 1963 947 pro-

388 996 508 1055 pter
550 981 960 1039 somnolentiam
994 977 1179 1046 jussit,
1219 988 1446 1045 seseque
1495 973 1794 1028 calceautes
1836 969 1962 1025 lotis

387 1074 628 1129 faciebus
674 1073 849 1127 denuo
900 1068 967 1123 ad
1011 1066 1297 1122 ecclesiam
1349 1065 1559 1120 concite
1607 1062 1852 1127 redeant,
1906 1067 1963 1116 et

381 1162 536 1231 juxta
599 1160 880 1230 prmfatum
930 1157 1174 1212 ordinem
1231 1153 1425 1209 altaria
1477 1168 1599 1208 cum
1657 1149 1962 1206 reverentia

389 1255 737 1314 circumeant,
772 1249 1080 1319 sanctisque
1115 1262 1173 1302 se
1209 1247 1363 1316 aquis
1404 1243 1731 1316 perfundant
1760 1260 1773 1295 :
1801 1250 1858 1296 et
1883 1238 1963 1296 sic

388 1343 641 1411 deinceps
667 1341 734 1395 ad
771 1339 889 1395 loca
930 1337 1031 1392 sibi
1073 1337 1363 1391 constituta
1403 1334 1677 1397 accedant,
1709 1332 1962 1386 diurnum

386 1432 650 1502 expleturi
678 1431 904 1485 honeste
939 1426 1171 1481 cilicium
1200 1443 1212 1478 :
1239 1438 1357 1495 qua:
1381 1422 1553 1477 ofﬁcia
1578 1421 1735 1490 juxta
1763 1419 1965 1475 Roma-

386 1537 514 1575 num
543 1533 568 1561 ι
601 1520 809 1589 psalmo
847 1532 1013 1573 cxvm
1052 1514 1445 1585 persolventur,
1497 1513 1712 1581 sintque
1761 1509 1961 1582 parati,

391 1616 451 1662 ut
490 1607 705 1678 pulsato
730 1606 884 1677 signo
919 1605 1066 1659 horae
1093 1604 1298 1672 primae,
1348 1617 1472 1656 mox
1523 1600 1591 1654 ad
1629 1600 1853 1654 chorum
1879 1613 1965 1652 oe—

391 1706 630 1753 currant.
659 1694 881 1766 Signum
909 1702 1087 1748 autem
1125 1693 1198 1747 ita
1226 1690 1433 1762 prolixe
1461 1698 1679 1759 tangere
1699 1687 1882 1756 jussit,
1905 1694 1966 1740 ut

2060 522 2126 575 ad
2151 522 2287 577 talos
2310 521 2532 576 cucullze
2555 519 2878 591 pendebant.
2920 520 3092 587 Quam
3131 521 3201 574 ob
3249 535 3366 574 rem
3405 520 3492 575 vir
3533 521 3635 577 Dei

2059 610 2381 666 uniformem
2405 612 2616 666 cunctis
2637 613 2921 667 tenendum
2957 610 3233 666 monachis
3258 611 3489 666 instituit
3508 628 3630 668 mo-

2061 702 2211 767 dum,
2245 711 2308 756 ut
2346 717 2451 757 non
2501 703 2728 774 amplius
2773 718 2804 758 a
2852 703 3060 758 duobus
3111 703 3306 757 cubitis
3347 705 3649 760 excederet

2060 804 2332 849 mensura,
2363 790 2446 844 vel
2472 805 2641 859 usque
2665 792 2732 845 ad
2753 806 2924 862 genua
2943 791 3249 861 pertingere
3269 804 3471 860 posset.
3494 791 3642 847 Con-

2061 880 2226 935 cessit
2268 877 2437 935 etiam
2481 881 2824 936 necessitatis
2861 895 3044 945 causa,
3082 889 3302 951 prepter
3339 897 3500 950 quam
3529 882 3643 936 Re-

2062 967 2183 1038 gula
2204 966 2377 1037 jubet,
2409 969 2544 1024 duas
2579 970 2786 1025 scilicet
2810 970 3102 1026 stamineas
3143 970 3193 1037 δ,
3240 979 3293 1026 et
3333 970 3655 1037 femoralia,

2060 1059 2315 1127 pelliceas
2341 1075 2557 1130 quoque
2578 1068 2633 1115 et
2662 1069 2964 1131 tegumenta
2991 1077 3200 1128 eorum,
3230 1078 3428 1133 cappas
3464 1065 3637 1128 duas;

2061 1159 2118 1205 et
2140 1167 2473 1222 quaecunque
2497 1155 2799 1209 necessaria
2835 1155 3130 1224 prospexit,
3168 1161 3227 1208 ut
3268 1170 3484 1211 omnem
3522 1171 3649 1209 ειη-ι
3740 1172 3753 1181 ν

2061 1249 2278 1310 putaret
2303 1244 2602 1298 occasionis
2627 1243 2927 1315 ambagem,
2957 1246 3146 1300 tribuit
3166 1254 3222 1300 et
3248 1248 3536 1302 concessit.

2131 1330 2220 1384 53.
2251 1331 2496 1386 Ostendit
2540 1348 2752 1402 quoque
2798 1348 2896 1402 per
2947 1334 3268 1404 scripturam
3315 1336 3635 1406 imperatori

2064 1420 2326 1475 rationem
2349 1423 2414 1476 de
2432 1422 2517 1476 his
2531 1438 2649 1492 quae
2665 1422 2817 1492 jubet
2844 1424 3060 1495 Regula,
3099 1425 3193 1480 sed
3215 1426 3381 1482 certis
3408 1443 3475 1481 ex
3503 1444 3643 1483 cau-

2064 1509 2140 1564 sis
2191 1510 2398 1566 intacta
2433 1521 2747 1579 remanent;
2786 1521 2843 1568 et
2893 1515 2960 1568 de
3008 1515 3093 1570 his
3124 1531 3246 1584 qum
3285 1516 3372 1570 illa
3410 1532 3645 1587 prorsus

2063 1598 2303 1665 reticuit,
2349 1600 2445 1655 sed
2474 1601 2682 1656 utiliter
2725 1602 3055 1672 supplentur.
3089 1603 3260 1659 Omne
3304 1606 3503 1676 quippe
3538 1607 3643 1662 de-

2065 1687 2323 1742 siderium
2359 1704 2515 1744 suum
2541 1689 2595 1744 in
2637 1691 3069 1747 observationem
3103 1693 3324 1764 Regulae
3350 1704 3643 1751 converte-

386 1803 577 1843 omues
605 1787 696 1842 illo
723 1795 945 1841 sonante
970 1775 1277 1847 occurrant,
1319 1783 1408 1838 illo
1436 1790 1681 1838 cessante
1710 1781 1962 1836 sacerdos
1990 1788 2036 1845 Β
2068 1785 2172 1841 rat,
2195 1792 2460 1846 suumque
2487 1778 2589 1833 hoc
2610 1780 2944 1848 permaxime
2966 1788 3082 1835 erat
3101 1781 3335 1836 studium
3362 1822 3377 1847 ,
3411 1791 3466 1838 et
3494 1784 3665 1837 nihil

387 1878 610 1947 incipiat
655 1879 861 1931 horam.
910 1875 1132 1945 Expleta
1174 1873 1353 1928 Prima
1391 1874 1447 1927 in
1483 1887 1644 1927 unum
1690 1873 1961 1942 aggregati

387 1966 599 2021 solvant
640 1964 933 2034 capitulum
966 1982 978 2017 :
1010 1979 1116 2033 quo
1163 1963 1395 2032 expleto,
1440 1976 1561 2016 cum
1603 1961 1839 2026 silentio,
1871 1967 1965 2015 aut

388 2058 625 2128 psalmos
647 2058 674 2096 δ
698 2056 1027 2111 decantando
1050 2061 1245 2109 exeant
1266 2053 1331 2107 ad
1354 2067 1486 2122 opus
1506 2052 1610 2106 sibi
1639 2049 1960 2120 injunctum.

387 2148 445 2201 lu
472 2145 801 2201 monasterio
832 2158 1045 2213 quoque
1075 2150 1412 2198 remanentes
1437 2157 1543 2197 non
1576 2140 1775 2197 fabulis
1803 2157 1964 2196 occu-

385 2243 583 2304 pentur
612 2232 819 2296 otiosis,
864 2232 957 2286 sed
989 2231 1101 2286 bini
1122 2239 1179 2285 et
1222 2230 1354 2295 bini,
1393 2238 1484 2283 aut
1513 2238 1660 2285 certe
1685 2230 1880 2299 singuli
1908 2230 1961 2283 in

387 2325 637 2394 eoquina,
665 2324 718 2376 in
741 2323 987 2393 pistrino,
1014 2322 1069 2376 in
1092 2322 1309 2377 cellario
1330 2320 1565 2391 psalmos
1591 2329 1807 2375 canant.
1834 2320 1962 2375 Post

386 2414 794 2483 completorium
842 2428 971 2468 vero
1013 2413 1245 2467 instituit
1274 2421 1334 2467 ut
1376 2428 1484 2467 non
1512 2426 1611 2482 pro
1655 2411 1804 2465 libita
1838 2412 1963 2480 quis

387 2505 663 2559 voluntate
691 2512 785 2559 aut
811 2504 1137 2574 egrediatur,
1183 2511 1278 2557 aut
1317 2512 1556 2558 moretur
1591 2504 1644 2557 in
1689 2502 1957 2567 oratorio;

389 2593 483 2648 sed
528 2592 720 2647 hiemis
767 2600 1008 2662 tempore
1054 2592 1236 2646 decem
1282 2591 1436 2660 prius
1475 2599 1672 2646 canant
1704 2591 1958 2661 psalmos,

387 2697 576 2743 aestate
620 2702 752 2742 vero
786 2687 1022 2757 quinque
1053 2704 1066 2740 :
1100 2686 1286 2755 sicque
1330 2684 1540 2755 pulsato
1576 2700 1728 2753 snguo
1773 2699 1963 2739 omnes

387 2781 595 2849 pariter
633 2779 789 2849 juxta
825 2778 1111 2849 pnetatum
1150 2778 1365 2833 modum
1416 2776 1607 2831 altaria
1644 2784 1835 2831 cuncta
1863 2777 1964 2830 cir-

357 2848 660 2935 rcumeant,
689 2876 745 2923 et
773 2848 851 2923 sic
888 2869 955 2923 ad
981 2868 1118 2923 lecta
1145 2883 1240 2923 sua
1273 2867 1467 2937 singuli
1499 2867 1774 2936 pausaturi
1810 2880 1963 2920 acce-

388 2946 547 3011 dant.
565 2958 621 3011 lu
644 2959 727 3012 his
750 2958 918 3012 tribus
939 2972 1037 3027 per
1062 2957 1201 3012 diem
1226 2957 1433 3011 vicibus
1457 2956 1743 3011 circumire
1768 2962 1962 3011 cuneta

386 3049 643 3119 pra-cepit
665 3047 884 3114 altaria,
910 3056 968 3103 et
991 3048 1057 3102 ad
1083 3038 1313 3115 primum
1338 3061 1403 3101 ex
1430 3046 1511 3101 eis
1537 3046 1834 3100 orationem
1859 3047 1963 3100 Do-

391 3138 644 3194 minicam
680 3139 861 3193 dicant
916 3146 972 3192 et
1021 3137 1354 3209 symbolum,
1408 3138 1618 3192 caneris
1662 3137 1960 3191 orationem

390 3228 748 3292 Dominicam,
794 3227 880 3282 vel
924 3243 1018 3281 sua
1066 3226 1427 3281 conﬁteantur
1483 3226 1696 3281 delicta.
1747 3226 1965 3281 Diurnis

393 3328 571 3373 autem
615 3318 919 3373 orationum
960 3318 1107 3373 horis
1152 3316 1222 3372 ad
1268 3333 1423 3372 suum
1468 3318 1698 3387 quisque
1748 3318 1968 3373 accedat

388 3418 639 3464 oraturus
663 3408 838 3463 locum
863 3425 876 3461 :
904 3407 950 3462 si
970 3415 1149 3462 autem
1164 3407 1509 3478 peculiariter
1528 3408 1629 3462 sibi
1653 3407 1768 3461 vult
1784 3422 1965 3472 orare,

390 3501 796 3571 quibuscunque
846 3506 1008 3553 vacat
1049 3499 1230 3565 horis,
1283 3499 1509 3555 licenter
1554 3506 1801 3571 peragat.
1860 3498 1969 3554 llas

390 3590 555 3660 igitur
585 3600 697 3644 tres
742 3590 863 3644 ideo
905 3588 1188 3644 constituit
1209 3590 1469 3644 orationis
1507 3590 1674 3654 vices,
1702 3599 1764 3644 ut
1790 3589 1846 3644 hi
1876 3589 1968 3659 qui

392 3690 611 3750 torpore
644 3681 975 3751 pigrescunt.
998 3687 1052 3733 et
1075 3694 1233 3735 orare
1272 3678 1564 3742 fastidierit,
1594 3678 1784 3733 saltem
1816 3692 1969 3733 com-

392 3771 530 3842 pulsi
560 3778 722 3841 agant
753 3786 872 3841 quae
901 3767 1131 3826 libenter
1160 3769 1370 3836 nolunt,
1416 3777 1471 3824 et
1504 3768 1829 3825 constitutas
1862 3784 1968 3823 non

392 3869 722 3931 prtesumant
758 3861 1062 3929 relinquere
1114 3863 1277 3917 horas
1322 3878 1337 3916 :
1387 3861 1443 3916 hi
1490 3877 1623 3917 vero
1668 3863 1758 3931 qui
1801 3862 1969 3917 nimio

397 3952 798 4005 suecenduntur
847 3964 1051 4014 amore,
1094 3965 1163 4006 ne
1216 3958 1401 4005 extera
1452 3951 1743 4006 indiscrete
1787 3958 1973 4020 petant

392 4041 759 4095 retrahantur.
792 4038 881 4092 Sic
919 4039 1061 4093 enim
1098 4037 1342 4093 accidere
1370 4039 1508 4094 solet
1543 4048 1603 4093 ut
1630 4039 1811 4093 nimiis
1836 4040 1972 4109 vigi—

393 4130 482 4185 liis
527 4135 828 4184 atterantur
872 4127 1031 4182 unius
1078 4128 1256 4183 noctis
1285 4139 1306 4167 ε
1340 4129 1722 4185 indiscretione
1762 4148 1777 4185 :
1822 4131 1971 4187 horis

396 4230 576 4276 autem
598 4220 792 4289 quibus
815 4219 1010 4274 divinis
1037 4219 1351 4289 psalmodiis
1374 4234 1495 4275 esse
1524 4221 1792 4276 intentum
1815 4237 1973 4293 opor-

396 4320 496 4376 tet,
524 4317 926 4380 prmoccupatus
953 4324 1142 4364 somno
1177 4324 1284 4363 non
1331 4309 1503 4364 valeat
1539 4310 1776 4366 divinum
1800 4312 1972 4367 exsol-

397 4417 527 4458 vere
563 4414 803 4456 censum.
847 4400 905 4454 ln
945 4400 1132 4455 habitu
1177 4415 1391 4470 quoque
1436 4400 1724 4457 dissimiles
1771 4400 1973 4457 fecerat

466 4547 493 4576 ι
521 4534 664 4604 Ergo
691 4529 801 4601 jam
828 4539 940 4604 tum
969 4530 1225 4585 Romana:
1254 4530 1507 4604 Ecclesia!
1546 4547 1662 4586 mos
1689 4532 1965 4587 obtinebat

398 4612 458 4659 ut
482 4601 716 4666 psalmus
742 4601 1067 4655 centesimus
1091 4608 1313 4656 octavus
1339 4602 1596 4665 decimus,
1622 4603 1699 4657 uti
1724 4612 1781 4657 et
1804 4617 1965 4666 nunc,

399 4675 452 4729 in
478 4670 627 4729 horis
648 4672 853 4742 diurnis
876 4670 1211 4742 psalleretur.
1241 4672 1411 4742 Aliter
1435 4671 1686 4742 diurnum
1706 4672 1968 4742 psallendi

399 4743 633 4864 officium
664 4740 939 4862 diﬁribuit
983 4749 1199 4796 sanctus
1244 4740 1403 4796 Pater
1444 4740 1762 4798 Benedictus
1791 4743 1843 4797 in
1871 4743 1972 4795 Re-

401 4830 468 4864 m]
496 4829 539 4864 :e
564 4825 683 4864 eat).
783 4849 796 4863 .

439 4827 539 4865 illi!)
564 4827 683 4865 ean.
712 4827 734 4862 ‘l
755 4827 796 4863 Ι.

401 4825 897 4950 gul>£S(i:t::lppsialmos
941 4878 1082 4934 inter
1132 4878 1480 4934 laborandum
1522 4880 1792 4934 decantari
1833 4897 1971 4950 prm-

401 4952 641 5008 scribunt
667 4949 971 5004 Adalardus
998 4951 1163 5005 abbas
1195 4950 1247 5003 in
1276 4950 1495 5004 statutis
1520 4951 1654 5014 suis,
1679 4958 1733 5003 et
1756 4949 1970 5004 Clunia—

402 5034 594 5076 censes
638 5020 777 5084 apud
809 5017 1134 5084 Udalricum,
1168 5019 1220 5072 in
1257 5019 1716 5075 Consuetudinum
1752 5019 1971 5073 Clunia-

404 5089 642 5146 censium
673 5088 766 5143 lib.
808 5104 847 5151 ι,
883 5104 999 5158 cap.
1025 5088 1112 5141 50.

478 5171 501 5198 ε
526 5158 783 5230 Eamdem
809 5156 1070 5230 rationem
1100 5157 1340 5230 suggerit
1381 5156 1673 5212 Cassianus
1702 5157 1753 5210 in
1773 5156 1965 5212 Collat.

408 5245 470 5291 tt.
503 5243 658 5298 capp.
693 5227 760 5281 16
784 5238 840 5282 et
868 5227 953 5280 l7.
1172 5227 1186 5228 ’
1207 5227 1222 5230 '

473 5299 499 5338 ά
525 5297 643 5352 Jam
672 5312 799 5367 ergo
827 5307 953 5350 tunc
989 5296 1204 5365 vigebat
1243 5312 1371 5351 usus
1420 5296 1968 5367 staminearttm,_scu

407 5364 757 5422 interularuni
776 5366 1049 5420 lanearum
1075 5406 1089 5427 ,
1118 5381 1251 5436 quas
1275 5377 1450 5420 tamen
1494 5366 1785 5436 Rutbertus
1815 5364 1964 5436 Moli-

408 5438 637 5492 smensis
665 5437 831 5491 abbas
857 5435 1168 5504 repudiasse
1194 5436 1362 5490 fertur
1390 5436 1526 5504 apud
1565 5435 1879 5504 Ortlericum
1910 5435 1963 5487 in

412 5506 547 5559 llist.
576 5505 667 5560 lib.
698 5522 751 5559 ν.
793 5503 952 5561 Certe
984 5514 1200 5559 sanctus
1235 5505 1394 5559 Pater
1424 5503 1565 5559 Bene
1586 5506 1743 5559 lictus
1766 5503 1830 5557 de
1858 5512 1968 5558 sta-

410 5574 600 5631 mineis
627 5589 719 5645 seu
748 5574 1074 5645 quibuslibet
1103 5574 1348 5630 interulis
1386 5574 1523 5645 silet.
1557 5574 1622 5627 Et
1649 5583 1826 5645 tamen
1854 5582 1968 5645 sta-

411 5645 615 5700 mineas
635 5642 781 5699 duas’
795 5645 1074 5697 monachis
1111 5645 1373 5698 concedit.
1422 5643 1749 5697 Fructuosus
1777 5642 1829 5695 in
1862 5642 1968 5696 lle-

410 5714 545 5788 gulze
569 5715 754 5797 prima:
775 5728 894 5784 cap.
924 5712 978 5779 4,
1003 5722 1055 5767 et
1077 5714 1132 5769 S.
1163 5714 1298 5766 Ethil
1320 5714 1441 5766 lrita
1464 5753 1477 5776 ,
1516 5728 1620 5767 non
1657 5712 1809 5767 lineis
1838 5750 1851 5776 ,
1877 5712 1972 5767 sed

1986 4493 2039 4552 D

2065 1866 2356 1922 intellectui
2380 1867 2496 1935 ejus
2521 1870 2825 1923 excederet.
2859 1869 3029 1936 Quam
3053 1871 3123 1925 ob
3146 1886 3363 1926 causam
3383 1887 3520 1942 quos
3546 1890 3649 1944 pe-

2065 1956 2199 2012 ritos
2246 1971 2370 2012 esse
2410 1966 2774 2029 compererat,
2819 1968 3022 2014 attente
3070 1961 3446 2018 sciscitabatur
3488 1964 3645 2020 circa

2065 2045 2330 2116 longeque
2365 2048 2589 2115 positos,
2627 2063 2722 2104 eos
2747 2049 2909 2104 etiam
2939 2050 3030 2118 qui
3061 2050 3181 2106 istis
3209 2051 3263 2105 in
3291 2054 3536 2122 partibus
3563 2054 3638 2109 ad

2062 2145 2298 2190 montem
2322 2136 2575 2191 Casinum
2611 2139 2961 2203 aceedctent,
2990 2139 3153 2193 veluti
3183 2140 3273 2208 qui
3310 2157 3416 2196 non
3441 2142 3636 2197 audita

2063 2228 2398 2291 solummodo
2430 2268 2445 2293 ,
2480 2230 2573 2283 sed
2602 2231 2716 2285 visa
2764 2232 3119 2301 perciperent.
3171 2231 3253 2288 0b
3300 2250 3458 2304 quam
3500 2237 3643 2291 dile-

2063 2316 2295 2370 ctionem
2325 2317 2688 2388 intelligentiae
2727 2334 2850 2373 cum
2886 2320 3139 2389 quislibet
3174 2323 3224 2377 ei
3272 2323 3473 2393 aliquid
3509 2329 3644 2381 novi

2064 2409 2345 2477 panderet,
2381 2424 2505 2464 mox
2558 2410 2829 2465 humiliter
2878 2413 3179 2482 suscipiens
3214 2430 3421 2471 summa
3471 2434 3657 2473 revc--

2064 2501 2237 2556 rentia
2262 2502 2462 2567 aiebat,
2499 2504 2727 2557 necdum
2752 2518 2811 2557 se
2843 2518 3002 2573 posse
3030 2506 3274 2562 occultos
3320 2523 3511 2563 sensus
3534 2510 3651 2565 Re-

2064 2589 2199 2660 gula:
2229 2606 2425 2645 nosse:
2456 2600 2511 2645 et
2555 2608 2677 2646 cum
2719 2593 2930 2647 cunctis
2975 2608 3081 2648 non
3132 2595 3308 2650 dicam
3342 2597 3639 2662 tironibus,

2065 2682 2158 2736 sed
2181 2682 2310 2751 ipsis
2344 2684 2677 2751 sapientibus
2725 2684 2837 2752 ipse
2863 2699 2982 2740 eam
3010 2684 3379 2753 elucidaverit,
3413 2703 3549 2742 nova
3576 2698 3640 2743 et

2065 2770 2303 2826 inaudita
2329 2785 2386 2826 se
2413 2786 2519 2825 non
2555 2779 2760 2826 tantum
2784 2789 2812 2826 a
2836 2773 3046 2843 peritis,
3076 2789 3262 2829 verum
3279 2776 3441 2830 etiam
3465 2793 3493 2830 a
3509 2779 3651 2832 sini-

2063 2861 2379 2932 plicioribus
2399 2865 2640 2933 reperire
2670 2864 2957 2921 fatebatur.
2983 2866 3132 2921 Fecit
3157 2866 3389 2938 denique
3430 2868 3643 2923 librum

2066 2967 2133 3006 ex
2163 2952 2389 3024 Regulis
2426 2956 2759 3010 diversorum
2794 2955 3013 3011 Patrum
3055 2970 3079 2997 ο
3109 2959 3390 3014 collectum
3421 2999 3435 3019 ,
3469 2959 3541 3012 ita
3582 2969 3651 3014 ut

2064 3045 2215 3114 prior
2267 3046 2411 3102 beati
2442 3047 2712 3102 Benedicti
2764 3046 2966 3118 Regula
3009 3050 3219 3106 eunetis
3246 3057 3421 3115 esset,
3474 3064 3645 3118 quem

1991 3131 2034 3193 C
2065 3136 2212 3190 omni
2241 3145 2478 3206 tempore
2507 3137 2572 3190 ad
2599 3137 2877 3191 collectam
2900 3138 3217 3192 matutinam
3245 3138 3421 3208 legere
3453 3137 3647 3204 jussit.

2067 3224 2146 3280 Ex
2170 3240 2279 3295 quo
2307 3240 2496 3281 rutsus
2518 3235 2577 3280 ut
2592 3227 2901 3282 ostenderet
2925 3229 3276 3293 contentiosis
3293 3226 3650 3284 nulla‘frivola

2067 3334 2330 3390 cassaque
2348 3334 2379 3373 a
2407 3320 2564 3374 beato
2592 3320 2883 3375 Benedicto
2911 3304 3053 3377 edita
3080 3320 3197 3375 fore
3220 3361 3236 3385 ,
3270 3319 3362 3375 sed
3388 3335 3542 3374 suam
3566 3335 3649 3376 ex

2067 3408 2298 3463 aliorum
2343 3407 2531 3464 fultam
2561 3424 2680 3464 esse
2717 3409 3007 3480 Regulam;
3060 3409 3222 3464 alium
3252 3409 3493 3464 collectis
3521 3409 3641 3465 Re-

2070 3501 2316 3570 gularum
2371 3501 2654 3557 sententiis
2690 3503 2989 3571 composuit
3035 3501 3227 3557 librum
3254 3541 3270 3565 ,
3297 3501 3382 3556 cui
3433 3513 3657 3557 nomen.

2067 3590 2368 3653 Concordia
2404 3592 2425 3630 ί
2454 3591 2777 3661 Regular’um
2803 3592 2969 3657 dedit,
3004 3592 3077 3645 ita
3102 3592 3359 3646 duntaxat
3387 3597 3447 3644 ut
3489 3588 3646 3645 beati

2068 3680 2346 3739 Benedicti
2393 3682 2722 3752 praecederet
2755 3681 3017 3735 sententia
3047 3720 3062 3745 ,
3097 3681 3147 3734 ei
3178 3695 3305 3735 vero
3337 3679 3645 3734 rationabi-

2067 3771 2193 3826 liter
2231 3771 2613 3827 eonvenientes
2653 3770 3010 3841 jungercntur
3035 3768 3306 3838 deinceps.
3336 3768 3512 3822 Alium
3554 3769 3646 3822 ni-

2069 3862 2362 3916 hilominus
2388 3877 2456 3917 ex
2483 3869 2793 3915 sanctorum
2825 3860 3106 3915 doctorum
3135 3858 3389 3921 homiliis,
3424 3872 3545 3926 quae
3580 3857 3645 3912 in

2066 3951 2497 4006 exhortationem
2518 3951 2904 4006 monachorum
2930 3958 3057 4005 sunt
3080 3947 3324 4020 prolataz,
3356 3948 3647 4017 conjunxit

2069 4039 2289 4106 librum,
2320 4056 2550 4110 eumque
2596 4041 2737 4096 omni
2771 4045 3012 4110 tempore
3046 4040 3101 4094 in
3148 4038 3470 4108 vespertinis
3516 4038 3635 4094 col-

2069 4130 2226 4187 lectis
2255 4132 2433 4202 legere
2447 4132 2626 4203 jussit.

2139 4220 2230 4275 54.
2257 4222 2496 4277 Cernens
2550 4235 2762 4293 quoque
2796 4218 3086 4275 nonnullus
3134 4218 3258 4274 totis
3291 4216 3499 4272 nisibus
3543 4232 3645 4273 an—
3741 4210 3750 4229 '

2070 4312 2254 4367 helare
2295 4312 2347 4366 in
2371 4311 2696 4380 acquirenda
2746 4300 3132 4364 monachorum
3163 4306 3431 4371 emnobia,
3460 4320 3643 4376 eaque

2070 4416 2180 4456 non
2233 4408 2441 4454 tantum
2495 4410 2556 4454 ut
2584 4397 2837 4468 precibus
2879 4396 3195 4461 obtineant,
3238 4409 3427 4449 verum
3472 4394 3645 4448 etiam

2066 4530 2234 4585 laneis
2257 4530 2593 4585 vestimentis
2621 4530 2677 4584 in
2708 4528 3034 4583 monasterio
3059 4542 3155 4582 usa
3177 4536 3283 4593 est,
3312 4534 3449 4581 teste
3496 4526 3638 4582 Beda

2068 4602 2124 4654 in
2152 4601 2400 4654 Historiae
2424 4600 2516 4653 lib.
2544 4615 2620 4662 tv,
2642 4615 2761 4670 cap.
2789 4601 2875 4670 19.
2903 4599 3142 4670 Denique
3162 4598 3455 4670 Ansegisus
3471 4597 3641 4670 abbas

2068 4670 2495 4749 Fontanelleusis
2542 4668 2766 4749 diappos
2793 4669 3058 4749 qlbosuxx,
3082 4668 3145 4721 de
3175 4669 3377 4749 quibus
3405 4669 3639 4722 camisia!

2068 4755 2140 4792 xx
2169 4740 2284 4807 ﬁeri
2311 4748 2539 4809 possent,
2564 4738 3071 4809 Fontanellensibus
3089 4738 3402 4809 assignavit.

2144 4805 2176 4848 ἀ
2194 4805 2413 4879 Nempe,
2442 4809 2729 4878 etquidem
2751 4808 3021 4869 existimo,
3038 4805 3286 4879 Codieem
3308 4805 3637 4879 [tegularum

2069 4875 2349 4943 omnium,
2381 4875 2596 4947 qualem
2637 4879 2899 4947 exhibent,
2922 4891 3051 4931 mss.
3079 4875 3638 4947 codices,_t_1orbeien-

2072 4950 2146 5003 sis
2176 4944 2498 5003 veterrimus
2523 4948 2746 5017 aliique;
2780 4946 3016 5016 qualem,
3058 4947 3294 5017 inquam,
3332 4944 3641 5017 llolsteriius

2070 5018 2337 5071 edendum
2374 5016 2608 5086 reliquit,
2632 5013 2947 5085 editumque
2978 5013 3409 5086 typisgllomanis
3447 5023 3504 5068 et
3530 5013 3634 5068 Pa-

2069 5087 2385 5141 risiensibus
2412 5084 2689 5141 habemus.
2720 5087 2795 5140 Eo
2826 5084 2878 5139 in
2900 5084 3091 5154 codice
3120 5084 3355 5154 Regulze,
3383 5097 3638 5154 unaqua-

2109 5171 2176 5209 ue
2202 5165 2324 5218 post
2348 5155 2530 5218 aliam,
2573 5156 2796 5218 integrm
2823 5153 3150 5217 referuntur,
3181 5153 3302 5208 cum
3329 5154 3381 5206 in
3403 5153 3637 5207 Concor-

2112 5171 2176 5209 ne
2274 5171 2324 5210 St
2348 5171 2530 5218 auam,
2573 5171 2682 5209 inte
2723 5171 2796 5208 rte
2823 5171 3150 5217 releruntur,
3181 5171 3302 5208 cum
3329 5171 3381 5206 in
3403 5171 3636 5207 Loncor-

2112 5226 2158 5296 ia
2192 5171 2513 5296 Kggularum
2541 5171 2766 5296 singulis
2795 5223 3008 5296 Regulae
3037 5224 3207 5276 sancti
3243 5222 3521 5296 licuedieti
3546 5237 3636 5277 ca-

2069 5295 2250 5363 pitulis
2274 5291 2504 5363 'singula
2552 5291 2778 5347 aliarum
2828 5291 3132 5362 regularum
3185 5291 3416 5357 capitula
3468 5292 3637 5346 instar

2072 5364 2579 5417 commentariorum
2610 5371 2876 5417 aptentur.

2146 5431 2166 5470 ί
2196 5432 2349 5486 Hunc
2373 5432 2567 5484 librum
2589 5429 2777 5495 edidit,
2801 5430 3050 5495 notisque
3077 5440 3305 5483 eruuttts
3339 5429 3629 5482 illustravit

2073 5501 2358 5570 Menamlus
2382 5508 2564 5570 noster
2594 5540 2608 5565 ,
2635 5502 2725 5570 qui
2763 5499 2926 5570 etiam
2952 5498 3226 5570 Benedicti
3255 5498 3637 5570 collectionem

2073 5586 2138 5625 ex
2164 5568 2401 5624 homiliis
2423 5567 2727 5623 Patrumriu
2767 5569 2953 5624 codice
2993 5568 3322 5624 Floriaceusi
3362 5567 3558 5637 legisse
3579 5579 3645 5618 se

2078 5647 2304 5711 testatur
2333 5656 2345 5691 :
2378 5654 2559 5711 quem
2580 5647 2756 5695 tamen
2786 5639 3025 5695 codicem
3051 5653 3150 5711 ego
3176 5637 3528 5710 perquisitum
3554 5648 3639 5688 re-

2074 5710 2253 5781 perire
2276 5724 2382 5767 non
2414 5708 2583 5777 potui.
