3942 6190
584 220 619 232 θ

225 234 329 293 385

1508 230 1683 286 VITA.
1706 262 1720 271 -
1748 261 1778 271 -
1805 229 2150 289 APPENDIX
2182 232 2222 289 1.

3383 234 3493 295 38G

224 366 292 405 ex
312 345 573 427 eoenobio
593 342 786 427 ἔρξεις-ξ
805 341 973 423 abbas
992 341 1171 427 eidem
1186 341 1479 427 conventui
1500 340 1812 427 interfuisse
1838 347 1891 407 Α
1917 344 2104 427 δέρειιί
2132 344 2360 427 abbatis,
2388 359 2507 427 cap.
2539 347 2574 427 ᾇ
2597 363 2610 398 :
2631 344 2839 427 _Ne_r_npe
2861 359 2927 402 eo
2955 353 3196 427 tempore
3224 364 3260 427 ςΔ
3280 346 3497 427 devotio

227 426 589 479 memoratur,
612 412 977 484 Apollinarius
999 427 1064 466 ex
1092 410 1505 484 Flaviniacensi,
1526 418 1581 464 et
1609 410 1721 474 alii,
1742 411 1812 484 de

227 486 530 560 quibusin
571 479 893 560 Prchagone
941 491 1120 560 actum
1152 490 1270 560 _est.
1308 479 1536 560 Peracto
1583 480 1813 560 concilio

234 550 262 611 ι’
275 556 563 614 constituit
582 554 725 609 idem
750 553 860 607 Deo
879 550 1126 605 amabilis
1150 551 1445 620 imperator
1465 550 1813 620 Benedictum

230 629 484 684 abbatem
508 632 562 679 et
592 639 715 679 cum
750 638 815 677 eo
841 621 1135 675 monachos
1172 619 1407 674 strenuae
1429 620 1571 682 vine,
1603 619 1693 688 qui
1718 634 1815 689 per

231 698 413 754 omnia
437 693 771 749 monasteria
797 690 1189 746 monachorum
1209 697 1399 743 euntes
1422 690 1817 757 redeuntesque

234 766 561 822 uniformem
586 763 864 817 traderent
899 761 1106 814 cunctis
1148 759 1487 813 monasteriis
1518 766 1624 811 tam
1659 758 1813 823 viris,

233 851 396 906 quam
439 830 969 906 sanctimo_nialib_us_
997 828 1472 906 feminiS'viveiidi
1518 829 1815 882 secundum

237 896 456 962 Regulae
483 903 659 958 sancti
696 900 971 956 Benedicti
1010 896 1497 953 incommutabilem
1525 913 1751 961 morem,
1792 917 1810 949 ι

240 920 279 962 ιι
350 920 456 958 01$
483 920 659 958 sancti
696 920 971 956 beneuicu
1010 920 1497 953 ttICOlquutauuetu
1525 920 1751 961 murem,
1792 920 1810 949 ι

240 920 527 1044 υῇεείῑυι·
569 972 626 1026 in
663 972 784 1044 Vita
828 968 1085 1044 Ludovici
1120 967 1367 1044 Pii._Entsi
1398 968 1544 1044 enim
1570 967 1818 1044 universa

236 1036 775 1116 Galliimonasteria
801 1038 1046 1094 eamdem
1075 1037 1248 1092 sancti
1277 1036 1816 1116 Benedictiregulam

234 1113 665 1186 profitebantur,
693 1125 799 1164 non
842 1123 948 1186 una
978 1117 1158 1161 tamen
1195 1107 1434 1160 omnium
1457 1113 1576 1160 erat
1603 1106 1817 1160 vivendi

238 1178 395 1247 ratio,
425 1183 524 1236 sed
550 1181 705 1234 varia
740 1194 839 1249 pro
883 1178 1145 1249 locorum,
1180 1190 1533 1249 personarum
1580 1190 1818 1249 morum-

238 1269 340 1324 que
373 1244 715 1324 diversitate.
741 1244 1045 1324 :Benedicto
1082 1248 1261 1324 socius
1298 1253 1357 1324 et
1388 1244 1611 1324 adjutor
1661 1245 1817 1324 adhi-

238 1315 380 1379 bitus
415 1319 680 1374 Arnulfus
709 1318 907 1382 abbas,
939 1325 1170 1371 testante
1200 1315 1470 1369 Ludovico
1497 1316 1735 1384 Augusto
1762 1315 1817 1368 in

238 1392 533 1462 diplomate
580 1387 839 1462 quodbde
884 1387 1142 1462 restituto
1182 1386 1373 1462 ordine
1408 1387 1709 1462 monastico
1765 1386 1818 1439 in

240 1454 686 1517 monasterio—5.
733 1457 973 1527 Dionysii
1011 1454 1244 1527 confecit
1290 1471 1365 1527 vit
1408 1455 1822 1527 Kal.USeptem-

241 1533 385 1593 bris,
430 1545 580 1585 anno
620 1528 685 1582 19
712 1524 943 1596 imperii.
991 1544 1009 1576 ι
1046 1525 1187 1589 Mox,
1223 1526 1412 1594 inquit,
1444 1535 1503 1596 ut
1530 1525 1711 1596 divina
1740 1524 1823 1578 di-

241 1601 425 1672 gnatio
466 1595 811 1672 nosgpaterna
847 1598 972 1672 sede
1011 1605 1259 1672 suscepta
1300 1595 1821 1672 imperialibus__s_ce-

1916 414 2244 470 Mitiacensis
2264 414 2496 470 coenobii
2518 423 2571 470 et
2597 414 2834 470 studium
2856 414 3168 470 monastica:
3189 417 3313 469 vita:
3333 417 3500 471 emol-
3540 440 3557 455 ί

1915 484 2011 538 lita
2042 493 2176 556 erat
2218 500 2248 538 a
2294 485 2476 540 saeculi
2520 485 2887 549 dilectoribus,
2932 485 3129 556 partim
3166 485 3499 556 cupiditate,

1916 554 2110 623 partim
2142 555 2451 626 incursione
2466 556 2699 626 hostica,
2725 570 2846 626 qua:
2864 570 2936 626 ex
2961 554 3279 626 Aquitanica
3322 555 3500 626 impu-

1917 626 2169 693 gnatione
2205 625 2398 679 crebro
2429 625 2713 693 obtingere
2750 624 2975 679 solebat.
3027 624 3127 678 Per
3172 625 3313 678 idem
3352 624 3501 682 enim

1919 701 2132 763 tempus
2164 695 2307 750 inter
2330 693 2538 765 Pippini
2570 693 2733 749 duces
2769 705 2824 749 et
2854 693 3174 765 Waiiarium
3201 694 3501 764 Aquitano-

1918 780 2039 816 rum
2061 779 2242 834 regem
2269 764 2448 834 gravis
2471 772 2527 819 et
2554 765 2801 819 diuturna
2841 764 3168 834 conflictatio
3205 766 3501 832 rempubli-

1917 848 2038 886 cam
2065 832 2394 887 Francorum
2424 849 2528 886 non
2571 834 2778 889 modico
2808 832 3106 903 profligavit
3133 834 3348 894 damno,
3378 843 3501 889 tan-

1920 903 2150 971 demque
2197 904 2339 971 apud
2387 903 2691 957 Toarcense
2740 912 2975 958 castrum
3025 913 3185 971 capto
3236 903 3499 959 Waifario

1919 986 2129 1025 summa
2151 987 2332 1026 rerum
2354 972 2421 1026 ad
2451 972 2731 1042 Pippinum
2771 973 3058 1037 concessit.
3096 972 3197 1027 His
3226 972 3338 1027 fere
3368 982 3501 1029 tem-

1918 1042 2139 1111 poribus
2176 1042 2325 1096 locus
2366 1042 2709 1110 supradictus
2749 1042 2883 1096 adeo
2928 1050 3012 1095 est
3052 1042 3392 1107 adnullatus,
3438 1050 3502 1097 ut

1919 1126 2080 1164 nemo
2101 1111 2174 1165 ibi
2195 1119 2378 1179 posset
2395 1127 2616 1166 manere
2639 1111 3056 1166 monachorum:
3080 1111 3175 1166 sed
3194 1111 3501 1166 habitacula

1920 1195 2106 1234 eorum
2143 1191 2233 1235 aut
2257 1189 2439 1235 essent
2480 1180 2776 1235 diversoria
2815 1180 3154 1235 saecularium
3189 1189 3243 1235 et
3272 1180 3501 1236 femina-

1920 1266 2061 1324 rum,
2089 1259 2182 1324 aut
2211 1251 2419 1324 stabula
2446 1266 2705 1320 equorum
2728 1258 2781 1324 et
2799 1251 3072 1324 pastiones
3094 1266 3309 1324 canum.
3332 1250 3500 1324 _Ter'n-

1919 1319 2142 1388 poribus
2170 1320 2333 1389 igitur
2357 1319 2790 1392 divai’memoriae
2819 1319 2993 1374 Caroli
3032 1320 3282 1392 Augusti,
3314 1321 3499 1390 dispo-

1922 1397 2082 1460 nente
2118 1404 2297 1460 rerum
2343 1390 2581 1460 omnium
2618 1390 2866 1460 Domino,
2890 1389 3142 1460 eumdem
3180 1390 3355 1444 locum
3388 1389 3503 1460 pri-

1923 1458 2077 1512 stinze
2106 1459 2329 1512 reddere
2356 1459 2618 1512 nobilitati
2643 1499 2656 1522 ,
2700 1459 3028 1513 Theodulfus
3058 1458 3420 1514 nobilissimus
3446 1467 3504 1514 et

1923 1528 2163 1599 moribus
2185 1537 2238 1581 ct
2267 1542 2462 1598 genere
2491 1527 2847 1599 acerrimique
2872 1529 3068 1599 ingenii
3091 1528 3501 1599 Aurelianensis

1927 1597 2181 1651 Ecclesiae
2231 1597 2514 1666 episcopus
2566 1598 2907 1666 subrogatur.
2937 1597 3058 1668 illic
3103 1599 3287 1668 itaque
3333 1598 3502 1653 multa

240 1664 378 1748 ptris
428 1664 621 1748 inniti:
639 1667 843 1731 voluit,
886 1666 987 1746 pia:
1040 1666 1351 1748 intentionis
1393 1676 1575 1748 nostra
1616 1664 1818 1744 sollici-
1849 1690 1895 1748 Β
1923 1668 2189 1721 industria
2213 1664 2431 1748 certans
2464 1664 2906 1748 quatemts'idem
2950 1664 3500 1748 locus'in'an-tiqtium

244 1734 367 1795 iudo
396 1738 630 1808 exsequi,
661 1734 971 1807 procuravit
991 1777 1005 1800 ,
1034 1744 1093 1808 ut
1123 1734 1331 1804 religio,
1377 1735 1539 1808 decor
1565 1745 1615 1788 et
1642 1734 1820 1788 omnis

238 1812 497 1865 honestas
538 1805 568 1860 a
605 1805 801 1861 domno
841 1814 894 1861 et
929 1806 1183 1875 genitore,
1214 1814 1401 1859 nostro
1446 1805 1581 1857 diva:
1619 1820 1822 1858 memo-

238 1881 331 1934 ria:
361 1877 560 1933 Carolo
584 1885 761 1945 empta
797 1884 851 1930 et
891 1874 1133 1930 instituta
1173 1874 1376 1942 liquido
1423 1882 1479 1945 et
1521 1875 1815 1936 veraciter,

240 1958 446 2003 remota
477 1947 625 2001 omni
655 1944 1017 2010 simulatione,
1045 1945 1095 1998 in
1120 1945 1351 2013 propriis
1375 1944 1678 2011 quibusque
1706 1959 1820 1996 ma—

242 2027 392 2073 neret
420 2025 479 2072 et
498 2018 703 2086 vigeret
727 2016 1024 2069 ordinibus.
1058 2014 1210 2086 Unde
1234 2015 1301 2069 ad
1326 2014 1637 2086 monasticae
1664 2014 1821 2067 insti-

243 2088 468 2142 tutionis
496 2082 745 2140 no'rinam
776 2085 1148 2154 corrigendam
1184 2085 1318 2137 duos
1347 2082 1703 2154 religiososet
1728 2097 1821 2136 ve-

243 2158 502 2212 nerabilis
522 2156 649 2210 vitze
673 2156 819 2209 viros
843 2153 1191 2208 Benedictum
1214 2163 1270 2207 et
1290 2153 1571 2207 Arnnlt‘um
1600 2153 1822 2206 abbates

244 2228 643 2289 constituimus,
674 2226 765 2294 qui
789 2240 884 2294 per
913 2232 1154 2278 nostrum
1178 2240 1240 2294 7a,
1268 2224 1375 2276 Deo
1414 2223 1820 2294 gubernandum

238 2306 291 2351 et
322 2292 758 2351 conservandum
785 2292 1067 2363 imperium
1097 2293 1263 2347 seduli
1307 2294 1432 2363 huic
1473 2292 1685 2362 negotio
1710 2299 1822 2345 stu-

244 2368 390 2421 diose
437 2365 774 2420 insisterent.
829 2362 1080 2417 rExstat
1124 2363 1226 2416 hoc
1275 2362 1506 2430 diploma
1555 2364 1819 2430 integrum

243 2437 381 2505 apud
432 2436 781 2505 Sirmondum
823 2434 897 2505 in
924 2442 1068 2505 tomo
1109 2432 1149 2486 ll
1185 2432 1547 2505 Conciliorum
1598 2430 1817 2496 Gallia},

243 2503 680 2575 egregiumsane
719 2504 933 2575 pietatis
983 2503 1342 2571 imperatoria:
1391 2510 1817 2575 monumentum.

244 2571 505 2630 A'rmilfus
531 2574 578 2628 is
598 2571 725 2628 erat
740 2574 926 2635 abbas,
954 2581 1013 2627 ut
1040 2584 1187 2641 puto,
1214 2572 1526 2626 monasterii
1554 2571 1822 2624 Glonncn—

243 2645 317 2699 sis
337 2661 433 2699 seu
458 2644 647 2700 Sancti
680 2643 936 2697 Florentii
968 2643 1035 2695 ad
1064 2642 1297 2711 Ligerim
1323 2642 1374 2695 in
1397 2642 1616 2696 dioecesi
1640 2642 1823 2695 Ande-

242 2716 487 2786 gavensi,
517 2722 574 2768 et
602 2713 783 2786 forsan
815 2714 979 2786 etiam
1005 2713 1173 2786 abbas
1199 2711 1496 2786 lleriensis.

311 2786 365 2838 2.
398 2778 574 2850 Quam
604 2783 823 2853 Aniana;
847 2778 1195 2853 disciplinam
1209 2781 1444 2853 instituit
1478 2780 1819 2853 Benedictus,

244 2855 490 2909 eamdem
520 2853 577 2907 in
606 2853 753 2906 varia
782 2850 1021 2906 Francia:
1056 2867 1120 2906 ac
1157 2850 1461 2905 Germaniae
1496 2851 1819 2904 monasteria

244 2923 582 2994 propagavit.
616 2922 749 2994 Tria
764 2922 953 2994 primo
993 2922 1147 2976 nobis
1176 2921 1429 2994 proponit
1456 2919 1623 2984 Ardo,
1670 2920 1819 2994 Insu-

248 2990 358 3048 Iani
380 2990 699 3056 Barbaram,
734 2991 1059 3055 Mitiaceuse,
1088 3002 1143 3045 et
1168 2991 1597 3051 tiormaricense,
1624 2990 1819 3057 quibus

247 3063 395 3117 addit
422 3062 765 3123 Gellonense,
798 3060 1123 3122 Menatense,
1149 3059 1204 3113 S.
1230 3060 1411 3113 Savini
1436 3058 1816 3123 Masciaccnse,

247 3132 634 3188 monasterium
674 3147 702 3184 τι
734 3131 959 3185 Wlfario
1005 3130 1315 3193 conditum,
1364 3129 1821 3183 Maurum-Mona-

246 3204 489 3264 sterium,
517 3210 569 3256 et
599 3201 802 3255 ludam.
844 3201 1100 3256 lndenses
1129 3200 1180 3253 io
1225 3199 1447 3268 epistola
1487 3213 1585 3252 sua
1619 3198 1821 3252 addunt

247 3273 690 3335 Casam-novam,
722 3280 776 3324 et
802 3270 1234 3325 (leuam-novam
1274 3272 1327 3323 in
1356 3269 1651 3333 Tolosano;
1683 3270 1822 3323 addo

247 3354 302 3397 et
327 3358 428 3410 ego
458 3341 840 3396 Monasterium
865 3339 1076 3395 Sancta:
1097 3338 1369 3393 Columbm
1391 3339 1529 3410 apud
1558 3337 1817 3410 Senonas.

251 3408 667 3481 Dequibusdam
696 3419 872 3481 actum
903 3419 989 3465 est
1030 3412 1082 3464 in
1124 3408 1494 3479 superioribus
1533 3409 1711 3463 notis:
1754 3409 1821 3463 de

250 3480 479 3536 aliis’hic
504 3480 763 3535 nonnulla
786 3480 1153 3535 observanda.’

313 3553 367 3606 3.
394 3550 694 3606 Leidradus
735 3550 1172 3619 archiepiscopus
1208 3548 1584 3619 Lugdunensis
1626 3548 1679 3601 in
1709 3550 1823 3617 cpi-

251 3622 381 3676 stola
425 3622 494 3674 ad
536 3620 789 3674 Carolum
836 3618 1119 3690 magnum,
1164 3638 1182 3668 ι
1220 3618 1608 3690 Monasterium
1640 3620 1821 3690 regale

249 3691 434 3745 [Mulae
455 3690 732 3753 Barbam,
757 3688 947 3758 inquit,
972 3689 1135 3742 situm
1162 3690 1214 3741 in
1242 3690 1418 3743 medio
1438 3688 1624 3741 Araris
1648 3688 1818 3753 ﬂuvii,

286 3760 385 3815 uod
412 3760 717 3828 antiquitus
739 3768 821 3813 est
848 3760 1150 3813 dedicatum
1186 3758 1237 3812 in
1276 3760 1477 3813 honore
1515 3759 1685 3812 sancti
1713 3758 1822 3811 An-

286 3777 385 3815 uoa
412 3777 717 3828 antiquitus
739 3777 821 3813 εει
848 3777 1150 3813 dedicatum
1186 3777 1237 3812 in
1276 3777 1477 3813 nonore
1515 3777 1685 3812 sancu
1713 3777 1820 3811 an-

250 3777 387 3885 grea:
414 3829 645 3898 apostoli
678 3837 732 3883 et
760 3830 999 3884 omnium
1031 3829 1397 3897 apostolorum
1418 3868 1433 3891 ,
1464 3843 1604 3881 nunc
1634 3836 1820 3898 autem

250 3901 299 3954 in
327 3896 537 3956 honore
563 3900 731 3953 sancti
764 3898 976 3952 Martini
1013 3896 1201 3952 recens
1229 3898 1439 3952 videtur
1478 3906 1596 3951 esse
1624 3896 1815 3949 funda-

250 3978 394 4035 tum;
427 3968 586 4037 jussu
635 3969 813 4023 domni
855 3967 1031 4022 Caroli
1067 3968 1441 4036 imperatoris,
1483 3968 1577 4035 qui
1619 3966 1819 4037 ibidem

247 4036 485 4108 przrfecit
511 4040 768 4093 domuum
792 4037 1140 4093 Benedictum
1164 4039 1433 4101 abbatem,
1467 4052 1587 4090 cum
1615 4050 1720 4105 quo
1747 4036 1821 4090 si-

247 4109 352 4163 mul
377 4109 583 4163 direxit
613 4108 684 4161 ibi
713 4124 839 4163 suos
864 4108 1099 4171 codices,
1131 4109 1201 4161 ita
1232 4108 1524 4160 restauravi
1546 4147 1560 4171 ,
1592 4115 1650 4158 ut
1680 4114 1819 4159 tecta

247 4180 309 4234 de
332 4195 475 4233 novo
500 4178 724 4243 fuerint,
753 4186 808 4232 et
831 4179 1008 4246 aliqua
1039 4178 1104 4231 de
1130 4178 1379 4231 maceriis
1399 4192 1426 4229 a
1455 4176 1820 4230 fundamentis

244 4258 459 4305 erecta:
504 4248 596 4302 ubi
624 4264 765 4301 nunc
800 4248 1046 4302 monachi
1086 4248 1377 4301 secundum
1410 4246 1822 4315 regularemidi-

245 4319 526 4388 sriplinam
557 4332 785 4372 numero
819 4319 1046 4388 triginta
1086 4317 1329 4388 habitare
1360 4313 1633 4388 erde—Illllr.
1670 4313 1822 4388 vilic

1926 1747 2272 1808 revocaretur
2305 1738 2588 1808 honorem,
2634 1736 2759 1790 dum
2788 1738 2853 1808 in
2883 1739 3150 1808 contiguis
3189 1737 3502 1808 regionibus

1923 1807 2105 1861 minus
2151 1808 2370 1860 idoneos
2411 1807 2703 1861 invenisset
2733 1808 2799 1860 ad
2846 1806 2895 1860 id
2933 1806 3272 1862 efﬁciendum
3313 1822 3501 1861 mona-

1921 1877 2070 1939 chos,
2105 1891 2170 1930 ex
2202 1876 2548 1946 Septimania:
2574 1877 2819 1947 partibus
2858 1877 3078 1943 ascivit,
3121 1878 3313 1947 quibus
3339 1885 3391 1931 et
3420 1876 3502 1931 lo-

1921 1961 2041 1999 cum
2073 1947 2238 2008 dedit,
2266 1957 2321 2000 et
2352 1962 2438 2000 res
2472 1947 2543 1999 illi
2586 1946 2703 2000 loco
2732 1947 2857 2000 olim
2882 1946 3173 2005 attributas
3194 1947 3260 2001 de
3287 1961 3386 2000 suo
3416 1947 3499 2000 in-

1921 2030 2086 2085 super
2104 2016 2795 2087 Aaddensrcontradidit.in
2841 2031 2946 2085 qua
2993 2032 3050 2071 re
3093 2030 3202 2070 non
3246 2016 3501 2087 paenituit

1921 2101 2043 2156 eum
2068 2085 2219 2156 facti
2264 2086 2343 2141 sui
2366 2126 2380 2150 ,
2417 2087 2615 2155 quippe
2642 2086 2794 2156 cujus
2822 2088 3151 2155 temporibus
3190 2085 3260 2140 in'
3286 2094 3501 2156 tantum

1920 2154 2039 2227 ejus
2067 2154 2169 2209 leti
2194 2156 2362 2225 gloria
2384 2154 2597 2219 enituit,
2629 2164 2687 2227 ut
2709 2154 2911 2210 veteris
2934 2154 3241 2227 ignominiae
3266 2155 3503 2211 dedecus

1921 2224 2177 2279 honestas
2204 2224 2335 2296 supr
2347 2226 2596 2281 rveniens
2621 2224 2986 2289 obumbraret',
3017 2235 3071 2280 et
3099 2226 3500 2296 praeteritorum

1921 2296 2198 2363 dispendia
2223 2296 2370 2350 lucra
2393 2296 2673 2364 sequentia
2694 2304 3126 2364 compensarent.
3151 2317 3167 2347 ι
3195 2297 3341 2350 Duos
3361 2296 3503 2351 hanc

1922 2365 1976 2417 in
2007 2382 2115 2419 rem
2142 2367 2436 2420 monachos
2462 2365 2790 2420 Theodulfus
2810 2367 3116 2421 obtinuerat
3139 2382 3169 2419 a
3190 2365 3500 2429 Benc.lit:to,

1921 2435 2008 2506 cui
2054 2436 2153 2489 hoc
2194 2437 2409 2489 nomine
2438 2436 2637 2506 gratias
2678 2436 3224 2506 agitthmdemque
3271 2436 3336 2489 de
3362 2435 3503 2506 giliis

1923 2505 2197 2559 mittendis
2228 2505 2550 2574 interpellat,
2583 2521 2648 2559 ac
2674 2504 2796 2559 cum
2824 2504 2881 2559 S.
2925 2504 2986 2558 P.
3030 2504 3319 2561 Benedicto
3346 2504 3503 2561 Casi-

1922 2584 2045 2629 nate
2073 2584 2349 2643 comparat
2375 2576 2457 2629 his
2485 2576 2758 2630 versibus:

1921 2685 1963 2749 l,
1995 2699 2114 2738 mea
2145 2686 2354 2748 charta,
2389 2684 2532 2739 celer
2558 2684 2830 2739 Benedicti
2854 2685 2921 2737 ad
2956 2692 3093 2738 tecta
3121 2684 3297 2749 beati,
3364 2690 3369 2695 ’

1992 2754 2210 2823 Hocque
2233 2755 2466 2809 salutato
2496 2762 2635 2809 tecta
2666 2755 2838 2808 revise
2862 2753 3104 2807 Patrum.

1921 2824 2057 2877 iluic
2080 2826 2333 2893 salvoque
2367 2826 2589 2894 valeque
2619 2839 2816 2885 meum,
2844 2825 2967 2878 huic
2997 2823 3206 2895 singula
3234 2838 3420 2890 narra,

1993 2895 2254 2964 Prospera
2282 2910 2401 2962 qua:
2431 2895 2584 2948 nobis
2607 2904 2730 2947 sunt
2757 2895 3027 2947 tribuente
3060 2895 3188 2948 Deo.

1922 2964 2049 3017 Inde
2074 2963 2216 3017 refer
2237 2965 2435 3019 multas
2459 2964 2621 3018 misso
2644 2979 2740 3031 pro
2766 2964 2989 3018 munere
3016 2972 3197 3034 grates
3221 2981 3234 2993 ·

1848 3037 1890 3099 C
1999 3034 2170 3102 thue
2196 3034 2369 3088 libens
2400 3036 2576 3088 mittat
2596 3034 2772 3103 plura,
2801 3033 3245 3103 precare’liheu's.

1931 3104 2272 3227 Utgue‘pium
2302 3113 2591 3227 consurqat
2626 3114 2759 3172 opus
2790 3102 3101 3157 fundamine
3122 3102 3270 3171 jaeto
3288 3145 3301 3169 ,

2045 3191 2110 3227 uo
2174 3189 2259 3227 me
2288 3172 2396 3227 iam
2428 3192 2512 3227 mu
2539 3179 2643 3227 cet.
2676 3175 2781 3227 iam
2809 3188 2927 3227 mea
2955 3174 3119 3227 corda
3144 3174 3301 3227 fovet.

2039 3120 2103 3157 tte
2164 3120 2272 3157 tum
2302 3120 2502 3159 consur
2539 3120 2591 3158 at
2626 3120 2759 3172 opus
2790 3120 3101 3157 tunuamme
3122 3120 3301 3171 jacto,

1994 3120 2159 3240 dum?
2174 3189 2259 3228 me
2284 3172 2396 3241 jam
2428 3120 2643 3236 mtﬁcct,
2669 3175 2781 3243 jam
2809 3188 2927 3227 mea
2955 3174 3119 3228 corda
3144 3174 3313 3229 fovet.

1926 3242 2019 3308 5η
2035 3245 2225 3299 melius
2246 3244 2489 3299 Culmen:
2518 3242 2691 3299 bonus
2712 3251 2796 3298 est
2826 3242 3153 3298 fundaminis
3181 3244 3346 3308 ordo,

1995 3314 2162 3380 Quem
2190 3315 2390 3385 gemini
2421 3314 2630 3385 numeri
2657 3329 2885 3383 sorsque
2907 3314 3177 3385 decusque
3203 3320 3401 3368 saerat.

1923 3384 2062 3438 Ecce
2095 3385 2202 3438 duo
2228 3384 2475 3439 monachi
2502 3384 2606 3439 duo
2632 3393 2758 3438 sunt
2778 3392 3046 3452 pnecepta
3076 3384 3297 3452 salutis,

1995 3454 2186 3509 Divino
2214 3463 2272 3508 ut
2290 3455 2503 3509 vinctus
2524 3454 2595 3509 sit
2616 3468 2830 3523 quoque
2862 3455 3048 3508 fratris
3079 3468 3251 3508 amor.

1923 3570 1990 3625 Et
2023 3568 2162 3624 infra
2187 3589 2201 3602 -

1924 3678 2141 3733 Semina
2172 3688 2225 3732 tu
2255 3687 2469 3733 nostros
2499 3678 2689 3732 misisti
2719 3692 2886 3746 parva
2917 3692 3014 3745 per
3038 3689 3229 3746 agros,

1995 3749 2231 3802 Plurima
2259 3750 2429 3809 mitte,
2457 3762 2611 3818 seges
2637 3745 2731 3801 hic
2753 3746 2848 3800 tibi
2880 3745 3102 3818 grandis
3112 3747 3247 3818 erit.

1923 3817 2038 3872 Non
2070 3819 2237 3872 distes
2265 3818 2481 3878 merito,
2511 3814 2663 3886 cujus
2687 3831 2792 3870 non
2826 3814 3042 3886 nomine
3072 3816 3240 3870 distas
3267 3834 3280 3869 :

1993 3887 2238 3941 Nominis
2266 3895 2320 3941 et
2346 3886 2524 3941 meriti
2550 3884 2669 3941 sors
2696 3886 2817 3939 beet
2847 3901 2950 3939 una
2982 3884 3137 3939 duos.

1923 3958 2074 4025 Quod
2102 3957 2201 4010 fuit
2224 3957 2479 4010 Ausoniis
2504 3955 2824 4010 Benedictus
2851 3964 3032 4025 rector
3058 3956 3107 4008 in
3136 3955 3302 4019 arvis,

1995 4027 2107 4081 lloc
2141 4028 2299 4080 modo
2329 4035 2384 4080 tu
2415 4026 2467 4079 in
2504 4026 2704 4080 nostris
2730 4040 2809 4091 es,
2834 4024 3138 4089 Benedicto,
3172 4025 3322 4079 locis.

1924 4096 1995 4152 Ut
2018 4096 2241 4151 cerebro
2269 4096 2540 4165 Euphorbi
2566 4096 2779 4151 Samius
2811 4103 2961 4150 satus
2990 4109 3109 4149 esse
3137 4105 3392 4165 putatur,

1998 4167 2089 4222 Sic
2118 4167 2275 4221 Nursi
2306 4165 2487 4220 Patris
2514 4166 2566 4219 in
2601 4175 2651 4219 te
2688 4174 2970 4220 revocatur
2995 4178 3150 4233 Opus.

1924 4237 1991 4293 Ut
2019 4253 2113 4306 per
2139 4234 2459 4290 Teudnlfum
2486 4235 2729 4289 Teudulii
2755 4236 2917 4289 verba
2946 4235 3215 4304 precantis

1994 4307 2208 4377 lmples,
2236 4320 2467 4377 cumque
2492 4322 2597 4359 una
2627 4306 2668 4359 it
2696 4306 2821 4377 hinc
2860 4318 3021 4377 prece
3044 4321 3237 4377 nomen
3271 4306 3413 4361 idem
3443 4328 3460 4366 :

245 4373 650 4444 est'Leidradus
681 4404 773 4441 seu
815 4373 1108 4440 Laidradus
1136 4386 1588 4454 archiepiscopus,
1635 4383 1721 4438 cui
1765 4384 1817 4438 in
1846 4380 1898 4438 D
1925 4376 2033 4454 Sic.
2046 4373 2362 4454 δεξιθίίίοιιιε
2384 4373 2442 4430 ήεὶ
2471 4392 2571 4454 per
2601 4383 2671 4437 le.
2701 4373 3005 4454 ἰξεηεόὶεω,
3032 4375 3174 4442 thOd
3198 4384 3351 4442 optat

245 4456 559 4527 Hispaniam
583 4474 708 4511 cum
741 4458 795 4509 Βι
816 4472 881 4510 ne
905 4458 1029 4511 :iclo
1056 4457 1313 4527 adversus
1332 4455 1661 4527 AElipandum
1691 4469 1821 4521 pro-

244 4524 450 4582 fecturo
472 4527 735 4583 Alcuinus
763 4527 928 4579 libros
947 4543 1072 4579 suos
1100 4525 1394 4587 dedicavit,
1417 4524 1615 4592 quique
1635 4532 1824 4591 postea

242 4596 554 4668 dignitatem
581 4597 864 4667 Agohartio
908 4595 1230 4663 tes-ignatit,
1266 4596 1318 4646 in
1356 4595 1540 4668 Sancti
1586 4593 1821 4668 Medardi

247 4663 655 4722 Stiessioneuse'
671 4667 1053 4720 monasterium
1096 4679 1426 4717 sei-essurus.
1471 4664 1731 4717 Alcuinus
1767 4663 1820 4717 itt

309 4738 464 4791 istola
502 4737 573 4807 (i9
605 4736 761 4807 (nunc
792 4737 880 4804 90)
910 4734 1191 4789 monachis
1213 4734 1658 4807 Barbarensihns,
1687 4747 1824 4807 quos

246 4802 458 4860 Fratres
501 4802 874 4875 Lugdunenses
914 4813 1101 4865 vocat,
1146 4802 1445 4871 gratulatur
1479 4804 1820 4875 degrestituta

245 4878 554 4931 monastica:
581 4872 706 4928 vita:
733 4876 1048 4944 disciplina,
1081 4889 1281 4941 eosque
1315 4872 1603 4939 pracitiuiiit
1630 4873 1824 4927 adver-

246 4961 332 4998 sus
349 4946 646 5016 gliscentes
671 4960 901 5016 errores.
930 4944 1388 5016 lusui-.coliarbartc
1414 4944 1820 5016 monasterium,

243 5013 391 5085 cujus
419 5032 528 5070 non
560 5014 728 5068 semel
770 5016 896 5069 alibi
936 5017 1074 5069 facta
1119 5013 1322 5067 mentio
1343 5052 1357 5076 ,
1389 5027 1530 5065 nunc
1576 5013 1824 5067 saeculari

248 5094 360 5155 toga
387 5087 646 5140 donatum
670 5094 771 5138 est.

309 5163 363 5216 4.
388 5163 533 5231 Quid
567 5163 622 5216 in
650 5162 942 5217 Mitiacensi
983 5162 1248 5216 asceterio
1269 5176 1436 5230 prope
1463 5162 1817 5226 Aurelianos,

246 5248 382 5287 nunc
406 5235 584 5287 sancti
621 5232 895 5302 Maximini
927 5233 1091 5295 dicto,
1122 5233 1435 5302 pnestiterit
1464 5232 1816 5295 Benedictus,

247 5302 481 5373 declarat
511 5301 841 5357 Theodulfus
878 5302 994 5373 ejus
1034 5301 1161 5356 facti
1206 5312 1395 5356 auctor
1424 5302 1475 5354 in
1505 5302 1818 5373 carminum

246 5370 378 5452 libro
403 5387 582 5452 _it,_ex
616 5386 724 5452 quo
758 5372 880 5452 quia
907 5370 1138 5452 carmen
1176 5380 1344 5426 totum
1380 5379 1464 5425 est
1493 5372 1821 5452 in_laudibus

245 5439 517 5511 Benedicti
541 5439 735 5504 nostri,
770 5439 923 5509 juvat
960 5443 1220 5511 quosdam
1258 5456 1446 5495 versus
1470 5441 1736 5496 adducere
1769 5442 1820 5495 in

249 5509 385 5567 hunc
427 5512 628 5566 locum.
655 5511 759 5565 Sed
798 5516 951 5579 prius
980 5509 1044 5565 ex
1078 5511 1298 5565 Letaldo
1343 5511 1607 5564 monacho
1649 5510 1822 5563 Mitia-

248 5583 388 5636 censi
428 5583 706 5635 discamus
730 5582 905 5651 qualis
948 5590 1060 5635 tum
1106 5581 1275 5651 fuerit
1312 5580 1466 5651 istius
1512 5580 1823 5651 monasterii

249 5659 416 5707 status
440 5668 456 5719 ;
499 5652 582 5707 sic
608 5649 870 5706 enimille
898 5652 950 5705 in
982 5651 1116 5707 libro
1141 5651 1206 5707 de
1229 5649 1497 5703 Miracttlis
1516 5649 1688 5703 sancti
1715 5650 1824 5703 Ma-

1995 4446 2273 4510 Conferat,
2302 4453 2356 4500 et
2379 4445 2489 4499 voti
2522 4456 2576 4499 tu
2608 4445 2870 4499 mediator
2894 4457 3007 4497 cas.

1926 4516 2187 4586 Quodque
2212 4517 2334 4580 fuit,
2358 4515 2576 4586 Casine,
2604 4515 2699 4586 tibi
2731 4515 2851 4584 pius
2872 4513 2958 4586 hic
2983 4511 3143 4566 Pater
3170 4512 3298 4566 olim
3323 4529 3335 4541 ·

1998 4582 2115 4641 Hoc
2142 4586 2300 4640 modo
2325 4586 2396 4640 sit
2416 4585 2564 4639 cellae
2593 4582 3036 4638 urbs'Aureliana
3068 4588 3193 4635 tuae.

1927 4656 2097 4723 Quam
2129 4656 2264 4711 bene
2296 4655 2566 4709 Mitiacnm
2594 4655 2849 4708 vocitavit
2875 4654 3322 4723 prisca,vctustas
3340 4689 3358 4717 ,

1997 4728 2128 4794 Qua:
2162 4726 2260 4779 fuit
2286 4725 2583 4793 anspicimn
2610 4725 2831 4778 mitibus
2857 4732 2983 4777 ante
3010 4722 3220 4776 choris!

1928 4796 2251 4853 Maximinus
2278 4795 2352 4848 ibi
2380 4795 2609 4847 fratrum
2644 4802 2901 4848 vernante
2931 4806 3133 4846 corona

1997 4864 2250 4928 Praefuit,
2282 4865 2367 4919 his
2388 4862 2608 4931 junctus
2639 4865 2851 4917 scandit
2880 4863 2946 4915 ad
2975 4872 3118 4915 astra
3149 4859 3278 4931 poli.

1927 4936 2167 5007 Corpora
2194 4942 2319 5007 sunt
2345 4929 2573 5007 quorum
2595 4931 3043 5007 variistumnlata
3064 4929 3327 5007 sepulcris
3346 4967 3363 4994 ,

2001 4999 2139 5061 Sitnt
2163 4999 2439 5059 animai-in
2463 5004 2659 5057 finibus
2687 5004 2800 5066 sed,
2824 5000 3151 5069 patriarcha,
3179 4999 3311 5065 tuis,

1928 5079 2039 5134 llas
2069 5076 2180 5131 fera
2206 5076 2483 5129 barbaries
2502 5081 2751 5140 exempto
2779 5084 3001 5125 munere
3022 5070 3171 5139 pacis

1999 5146 2204 5213 Dejccit
2229 5146 2404 5210 sedes,
2430 5143 2778 5210 destituitque
2814 5141 3011 5193 locum.

1997 5255 2135 5322 Quid
2151 5255 2235 5309 his
2248 5254 2428 5308 verbis
2446 5251 2751 5322 significare
2767 5247 3255 5322 velitT_heodulfus,
3271 5247 3504 5318 explicat

1926 5317 2181 5381 Letaldus
2204 5324 2453 5393 superius
2478 5317 2911 5393 relatus.__Pcrgit
2930 5317 3275 5393 Theodotius,
3300 5317 3354 5373 et
3381 5333 3505 5389 poe-

1930 5398 2035 5452 tico
2066 5410 2215 5448 more
2238 5387 2456 5447 carmen
2485 5406 2637 5445 suum
2677 5387 2855 5463 dirigit
2899 5387 3275 5463 angenedicti
3315 5387 3503 5445 cuino-

1929 5468 2095 5527 bium,
2131 5474 2240 5518 tum
2271 5470 2392 5533 post
2420 5462 2623 5531 aliquot
2648 5460 2837 5514 versas
2863 5460 3080 5514 subdit:

1926 5579 2055 5633 Inde
2089 5577 2351 5631 salutandi
2390 5575 2608 5629 fratrem
2648 5573 2849 5642 pietate
2887 5572 3062 5629 revise
3085 5613 3101 5637 ,

2004 5648 2136 5702 Sum
2158 5648 2242 5702 cui
2267 5647 2486 5717 junctus
2508 5658 2608 5712 ego
2636 5644 2875 5711 nomine,
2905 5659 3010 5698 non
3040 5644 3253 5698 merito.
