3942 6190
252 309 352 366 393

1241 303 1467 361 CODEX
1511 301 1963 360 RECELARUM.
2003 335 2075 348 --
2107 301 2494 361 PRAEFATIO.

3390 306 3498 366 ’594

257 439 275 467 ι
316 427 387 472 ita
419 424 482 471 ut
507 415 819 488 abbascum
864 413 1118 488 fratribus
1147 417 1340 488 omnia
1353 416 1646 488 secundum
1675 415 1826 488 insti-
1854 419 1900 476 Α
1930 415 2335 488 eruditissimus
2357 415 2605 488 Baluzius
2635 415 2687 470 in
2715 417 2863 488 calce
2892 425 3140 472 notarum
3166 414 3232 470 ad
3263 417 3500 488 Agobar-

257 497 366 541 tuta
397 485 726 541 venerabilis
769 485 946 540 Patris
984 487 1256 554 Benedicti
1296 485 1519 554 ejusque
1563 485 1820 554 Regulam

255 559 508 625 disponat
548 563 604 608 et
633 555 866 608 ordinet.
897 553 1001 608 Sed
1032 571 1206 623 neque
1239 555 1408 608 abbas
1438 553 1822 625 ibidem'ordie

257 623 414 680 netur
442 633 757 686 extraneos,
807 639 905 679 nec
945 625 1092 678 nullo
1125 639 1362 693 unquam
1409 633 1670 692 tempore,
1722 623 1824 676 nisi

256 694 549 749 auteodem
575 693 978 765 inAmonasterio
997 694 1146 765 prius
1166 694 1520 748 mouasticum
1537 697 1830 765 sumpserit

258 765 502 834 habitum
533 779 598 816 ex
630 763 753 834 ipsa
769 761 881 830 jam
911 761 1344 834 congregatione.
1393 771 1488 834 aut
1525 778 1683 831 quem
1724 762 1828 834 [ra-

257 841 364 890 tres
399 832 622 903 eligant,
668 833 757 900 qui
786 847 880 888 eos
909 832 1200 903 secundum
1243 834 1450 894 divinas
1473 832 1699 903 lcgcset
1729 832 1829 903 Pa-

255 914 395 984 trum
437 901 652 984 regulas
681 903 896 984 valeant
928 901 1266 984 gubernare;
1309 921 1326 954 ι
1362 918 1478 966 seu,
1513 901 1572 954 ut
1596 901 1828 984 ‘Caroliis

255 973 482 1044 Magnus
507 970 568 1026 in
597 971 886 1044 diplomate
923 970 1021 1025 suo
1049 970 1306 1044 loquitur,
1341 972 1703 1044 [secundum
1747 971 1828 1024 di-

255 1041 407 1098 vinas
435 1042 587 1112 leges
616 1052 670 1096 et
703 1041 960 1111 Regulam
1007 1043 1177 1112 sancti
1207 1041 1500 1112 Benedicti.
1538 1060 1556 1092 ι

319 1115 370 1167 6.
403 1109 546 1167 Tres
584 1125 713 1179 ergo
749 1109 1010 1166 habemus
1039 1109 1360 1166 Benedictos
1389 1111 1612 1165 abbates
1637 1109 1825 1164 eodem

253 1193 496 1252 tempore
539 1181 894 1244 clarissimos,
927 1181 1017 1249 qui
1064 1197 1176 1235 rem
1207 1181 1560 1252 monasticam
1603 1179 1829 1252 miriﬁce

251 1249 1042 1332 illustraruntauxeruntque:
1077 1251 1291 1332 tametsi
1339 1250 1604 1332 potiorem
1651 1249 1826 1332 locum

247 1322 498 1376 obtinere
537 1320 698 1376 debet
735 1319 1058 1376 Benedictus
1101 1320 1442 1383 Anianensis,
1489 1334 1518 1373 a
1559 1334 1665 1388 quo
1706 1319 1831 1372 Clu-

253 1393 536 1446 niacenses
580 1390 1014 1462 congregationis
1072 1405 1183 1445 sua:
1234 1391 1465 1444 formam
1522 1390 1830 1462 rituumque

252 1476 472 1531 suorum
503 1459 721 1514 modum
751 1459 814 1515 ac
839 1461 1110 1531 specimen
1135 1475 1450 1531 accepere_:
1495 1459 1831 1528 quandoqui-

252 1533 371 1584 dem
423 1530 540 1599 ipse
566 1538 649 1584 est
677 1527 918 1584 Euticius
956 1530 1068 1599 qui,
1100 1527 1368 1585 referente
1397 1527 1606 1584 Joanne
1648 1527 1832 1583 mona-

251 1602 350 1654 cbo
361 1598 478 1668 jam
511 1598 751 1664 laudato,
781 1600 881 1654 fuit
909 1609 1098 1654 auctor
1121 1615 1307 1655 earum
1343 1599 1827 1663 Consuetudinum,

249 1686 437 1796 1aequa:
474 1671 741 1724 hactenus
768 1670 820 1723 in
862 1671 1084 1736 nostris,
1121 1671 1316 1740 inquit,
1350 1668 1694 1724 monasteriis
1727 1669 1827 1723 ha-

309 1749 463 1793 ntur.
504 1759 523 1792 ι

309 1749 463 1793 :ntur.
504 1759 523 1792 ι

320 1810 372 1862 7.
415 1809 514 1864 His
562 1810 637 1866 ita
675 1810 935 1880 expositis
981 1809 1048 1865 de
1078 1809 1321 1880 pluribus
1366 1809 1692 1874 Benedictis,
1738 1809 1828 1863 hic

249 1895 314 1936 ex
337 1880 632 1936 occasione
672 1881 916 1951 quaedam
949 1881 1013 1935 de
1040 1880 1316 1935 Benedicti
1344 1881 1668 1951 Anianensis
1702 1894 1829 1951 ope-

251 1951 396 2020 ribus
428 1949 930 2018 retractarejuvat;
959 1950 1224 2020 siquidem
1247 1961 1446 2019 praeter
1467 1949 1828 2005 Concordiam

250 2019 621 2091 Regularmn,
645 2035 942 2091 earumque
978 2019 1256 2086 Cadicem,
1298 2021 1365 2076 de
1405 2021 1601 2090 quibus
1648 2027 1828 2074 actum

251 2089 412 2144 est’in
442 2092 562 2173 ejus
596 2089 770 2173 Ac‘t'is,
802 2089 1055 2172 nonnulla
1086 2107 1209 2173 eum
1241 2089 1611 2173 composuisse
1638 2098 1828 2173 postea

248 2159 631 2230 comperimus.
661 2161 797 2215 Nam
821 2161 873 2214 in
899 2177 998 2215 ms.
1030 2161 1215 2216 codice
1247 2159 1556 2216 Colbertii‘io
1582 2159 1827 2230 nimio,

248 2240 304 2284 ut
331 2228 464 2285 mihi
487 2228 747 2300 indicavit
769 2233 852 2284 vir
887 2231 954 2286 de
978 2231 1174 2286 litteris
1211 2232 1414 2300 optime
1444 2231 1672 2284 meritus
1705 2229 1829 2285 Ste-

245 2301 458 2368 phanus
489 2299 761 2365 Baluzius,
792 2302 1062 2354 invenitur
1089 2299 1266 2370 primo
1313 2300 1581 2354 Benedicti
1623 2301 1827 2360 abbatis

247 2370 564 2424 Anionensis
579 2371 748 2439 forma
767 2370 891 2438 ﬁdei
921 2381 1179 2439 tomorum
1206 2371 1320 2434 XV,
1352 2386 1472 2439 qua:
1497 2370 1660 2424 veluti
1686 2385 1829 2425 sum-

247 2440 385 2510 mula
418 2438 722 2510 theolOgica
747 2449 847 2495 est.
875 2440 1078 2494 Deinde
1098 2438 1372 2510 Confessio
1394 2441 1519 2508 ﬁdei
1559 2440 1828 2510 Benedicti

246 2508 410 2563 leritw
428 2518 588 2572 ,‘tum
611 2508 886 2564 Benedicti
925 2511 1093 2564 leritae
1123 2508 1539 2564 testimoniorum
1571 2509 1826 2563 nubecula

246 2579 306 2633 de
331 2581 700 2636 incarnatione
723 2579 1020 2645 Dominica,
1053 2591 1100 2636 et
1123 2589 1304 2636 sancta
1328 2589 1375 2635 et
1405 2579 1678 2635 individua
1705 2578 1824 2634 Tri-

247 2651 425 2715 nitate,
476 2662 522 2704 et
566 2652 857 2706 iterationis
899 2651 1224 2720 baptismatis
1264 2650 1544 2720 devitanda
1576 2650 1822 2720 pernicie.

244 2720 322 2792 Ad
353 2721 472 2776 hate
498 2720 731 2792 ejusdem
754 2719 1038 2792 disputatio
1080 2721 1329 2792 adversus
1355 2719 1683 2792 Felicianam
1721 2719 1824 2792 im-

244 2789 531 2862 ιῄςιιιιεηιὶ⁷
558 2791 799 2862 Denique
827 2789 1059 2862 ejusdem
1094 2791 1314 2862 epistola
1355 2791 1424 2843 ad
1466 2789 1826 2862 Gugrnarium

246 2858 436 2926 ﬁliam.
489 2858 732 2915 Primum
781 2858 862 2916 ρι’
899 2861 1006 2915 illis
1051 2858 1324 2926 opusculis
1377 2875 1498 2915 esse
1548 2859 1826 2914 Benedicti

245 2928 684 3012 Anianensisdex
733 2932 888 3012 titulo
929 2928 1276 3012 manifestum
1314 2938 1416 2994 est,
1460 2930 1826 3012 probaturque

246 3012 309 3051 ex
339 2999 461 3068 ejus
504 2999 675 3066 Actis,
707 3002 798 3056 ubi
842 3001 1164 3057 Benedictus
1199 3021 1217 3053 σ
1253 3015 1566 3070 perversum
1598 2999 1825 3054 Felicia-

247 3082 369 3142 tmm
383 3071 632 3141 dogma,»
655 3072 796 3142 quod
815 3089 833 3121 ‹
855 3086 992 3142 pene
1008 3072 1343 3140 provinciam
1367 3070 1511 3142 illam
1527 3071 1821 3142 invaserat,

246 3138 444 3194 illzesus
463 3138 588 3210 'ope
619 3138 798 3195 divina
826 3138 871 3194 ι’
892 3138 1186 3198 ηοιίιηοόο
1219 3161 1237 3192 ι
1263 3141 1500 3197 evasisse
1521 3158 1539 3192 ι
1574 3139 1825 3210 perhibe-

245 3217 350 3273 tur,
375 3211 471 3264 scd
499 3220 556 3264 et
583 3230 600 3261 ‹
625 3211 840 3278 multos,
869 3227 971 3266 non
996 3212 1168 3266 solum
1196 3212 1426 3275 inﬁmos,
1452 3226 1637 3266 verum
1659 3211 1823 3264 etiam

245 3280 503 3350 praesules
539 3281 798 3337 Ecclesia:
829 3297 925 3337 suo
950 3283 1213 3350 eripuisse
1245 3283 1454 3344 studio;
1480 3289 1536 3336 et
1565 3280 1826 3335 adversus

244 3349 532 3404 nefandum
566 3353 757 3422 dogma
796 3352 940 3422 veris
975 3349 1396 3421 disputationum
1419 3350 1824 3422 jaculis_arma-

246 3426 328 3492 tus
348 3435 492 3487 saepe
523 3419 845 3492 congressus
867 3419 1107 3478 fuisse.)
1139 3423 1252 3477 Hac
1272 3423 1338 3475 de
1359 3419 1522 3476 causa
1549 3419 1823 3492 inllispa-

243 3489 386 3568 niam
411 3489 694 3569 proiectus
721 3501 806 3569 est
847 3507 950 3569 non
974 3493 1177 3569 semel,
1217 3502 1277 3547 ut
1311 3499 1542 3569 testatur
1565 3489 1824 3569 Alcuinus

245 3557 296 3633 in
341 3557 571 3633 epistola
593 3561 838 3633 praeﬁxa
868 3563 1018 3617 libris
1043 3572 1272 3633 quatuor
1301 3563 1558 3633 adversus
1599 3560 1818 3633 Elipan-

244 3627 392 3704 dum,
417 3627 699 3704 inscripta
735 3631 994 3704 Leidrado
1029 3627 1281 3704 episc0po
1319 3627 1821 3704 Lugdunensi,_Ne-

246 3695 404 3753 t‘ridio
417 3695 782 3766 Narbonensi,
800 3711 854 3756 et
871 3695 1188 3758 «Benedicto
1201 3695 1436 3762 abbatifi
1459 3717 1580 3756 cum
1603 3718 1619 3749 ι
1641 3695 1824 3755 eSscnt

246 3767 298 3841 i_r_t
326 3771 608 3841 procinctu
642 3771 870 3827 itineris.
905 3793 922 3824 ι
957 3774 1095 3839 Quin
1131 3775 1292 3828 etiam
1343 3771 1588 3826 interfuit
1617 3771 1822 3841 synodo

248 3835 543 3908 Urgellensi
582 3857 725 3897 anno
753 3842 856 3896 799
882 3857 946 3898 ea
969 3835 1043 3898 de
1082 3859 1138 3898 re
1164 3843 1380 3907 habitae,
1411 3842 1488 3896 uti
1516 3835 1824 3896 observavit

1925 570 2045 608 esse
2085 555 2321 608 auctoris
2350 555 2603 622 opuscula
2651 555 2738 608 illa
2769 565 2956 609 contra
2991 556 3247 619 Felicem,

1928 485 2076 539 dum.
2107 483 2241 539 Hine
2268 486 2430 558 etiam
2460 485 2632 558 valida
2653 487 2972 558 conjectura
2994 487 3232 558 eruitur,
3261 483 3502 558 ejusdem

3327 575 3408 613 ll!!!
3432 575 3497 614 ex

1930 575 2045 608 esse
2085 575 2321 608 aucwrls
2350 575 2603 622 opuscuta
2651 575 2738 608 tua
2769 575 2956 609 contra
2993 575 3247 619 relicom,
3288 575 3408 628 qua:
3432 575 3497 614 ex

1930 623 2114 678 codice
2154 623 2463 677 Colbcrtino
2495 641 2615 678 mox
2645 626 3203 679 commemoravimus.
3237 626 3343 681 Sed
3373 629 3503 684 illud

1929 693 2128 756 obstat,
2167 694 2307 761 quod
2342 691 2631 748 Benedicto
2668 694 2835 748 levittr
2865 695 3209 748 tribuuntur:
3247 713 3367 750 cum
3409 699 3507 755 Be-

1931 761 2597 834 nedictumAnianensem
2645 764 2932 818 sacerdotii
2987 766 3189 818 honore
3223 767 3505 834 praeditum

1933 832 2100 886 fuisse
2142 832 2420 902 indubiam
2458 833 2722 887 videatur.
2759 834 2807 887 Is
2841 834 3059 902 quippe,
3103 832 3239 889 teste
3264 835 3504 900 Ardone.

1939 919 1956 950 ι
1997 917 2122 956 vasa
2167 902 2232 954 ad
2260 900 2468 985 Christi
2503 900 2892 985 conficiendmu
2933 900 3130 985 corpus
3159 905 3376 985 nolebat
3402 907 3506 962 sibi

1929 985 2049 1048 esse
2089 980 2340 1048 argentea
2373 988 2386 1022 :
2418 971 2683 1048 siquidem
2714 973 2945 1040 primum
2990 971 3284 1048 eiiucrunt
3307 976 3504 1048 lignea,

1931 1041 2183 1110 deinceps
2210 1042 2412 1104 vitrea;
2441 1043 2518 1095 sic
2548 1042 2762 1095 tandem
2781 1041 3095 1098 conscendit
3115 1044 3180 1096 ad
3202 1041 3446 1100 stann'ca.
3481 1041 3499 1099 ι

1931 1109 2086 1182 Quod
2112 1109 2188 1182 ait
2215 1111 2314 1164 sibi
2340 1111 2482 1182 etei,
2508 1111 2596 1182 vix
2621 1118 2797 1181 potest
2825 1112 2892 1167 de
2917 1113 3025 1166 alio
3051 1127 3213 1182 quam
3239 1113 3306 1167 de
3334 1115 3503 1171 Bene-

1932 1181 2074 1234 dicto
2108 1181 2223 1250 ipso
2249 1181 2528 1252 explicari,
2556 1181 2715 1252 sicuti
2746 1189 2801 1236 et
2825 1181 3229 1252 subsequentia.
3261 1202 3279 1232 ι
3312 1184 3504 1239 Plane-

1931 1259 2040 1324 tam
2074 1265 2212 1324 _vero
2261 1250 2528 1305 refutabat
2567 1251 2775 1324 habere
2798 1250 3060 1324 serit-eain
3091 1269 3102 1304 :
3140 1260 3195 1306 et
3235 1253 3279 1307 si
3311 1255 3508 1324 aliquis

1932 1320 2004 1372 illi
2056 1319 2313 1383 dedisset,
2370 1336 2492 1374 mox
2546 1320 2667 1374 aliis
2713 1323 2779 1374 ad
2819 1323 3078 1376 utendum
3131 1317 3443 1390 prmstabat.
3479 1345 3498 1376 ι

1931 1389 2083 1463 Aliis,
2116 1390 2392 1463 inquit,__id
2436 1399 2521 1463 est
2548 1392 2828 1463 monachis
2863 1392 2976 1445 suis
3003 1389 3351 1462 presbyteris,
3385 1395 3505 1463 qui-

1930 1459 2032 1514 bus
2081 1459 2344 1528 ejusmodi
2397 1460 2668 1528 planetam
2715 1461 2782 1514 ad
2817 1477 2972 1514 usum
3008 1459 3332 1529 praestabat,
3384 1459 3509 1518 cum

1933 1529 2020 1604 ille
2068 1530 2133 1604 ad
2163 1545 2318 1583 suum
2350 1530 2520 1604 ipsius
2547 1529 2803 1584 adhibere
2826 1530 3149 1594 nollet,nam
3191 1532 3234 1604 si
3263 1535 3329 1587 de
3355 1551 3505 1604 pres-

1930 1598 2135 1670 byteris
2166 1598 2436 1670 extraneis
2468 1601 2556 1655 hic
2581 1614 2762 1654 sermo
2807 1607 2973 1664 esset,
3005 1615 3108 1654 non
3145 1601 3214 1654 ad
3255 1598 3502 1656 utendum

1931 1669 2177 1739 paraturi
2217 1669 2429 1739 planeta
2469 1671 2764 1734 diceretur,
2813 1671 2904 1725 sed
2951 1670 3004 1723 in
3040 1670 3238 1724 donum
3267 1674 3404 1726 tradi
3452 1681 3503 1730 et

1932 1741 2176 1810 concedi.
2208 1740 2392 1809 Itaque
2421 1741 2678 1808 praedicta
2705 1740 2985 1810 opuscula,
3009 1754 3128 1808 quae
3155 1741 3371 1810 quidem
3404 1742 3502 1799 Be-

1931 1809 2128 1882 nedicti
2146 1808 2470 1882 Anienensis
2490 1824 2609 1882 esse
2630 1808 2979 1882 videntemab
3002 1825 3066 1864 eo
3097 1808 3328 1882 nondum
3352 1828 3503 1882 pres-

1931 1879 2140 1949 bytero,
2175 1880 2268 1934 sed
2300 1878 2460 1934 levita
2505 1879 2706 1949 scripta
2734 1887 2878 1942 sunt,
2919 1880 2963 1933 si
2996 1895 3099 1933 non
3143 1879 3280 1935 fallit
3304 1878 3506 1938 codicis

1930 1949 2211 2019 inscriptio
2242 1949 2294 2004 in
2319 1950 2482 2019 titulo
2511 1949 2700 2003 levitte.
2743 1949 2902 2004 Certe
2933 1949 3282 2004 Benedictum
3333 1950 3508 2013 illum,

1928 2018 2184 2094 quisquis
2204 2018 2417 2094 tandem
2455 2020 2546 2094 sit,
2572 2019 2823 2094 abbatem
2854 2020 3141 2094 exstitisse
3157 2020 3280 2075 inde
3305 2022 3512 2094 colligi-

1930 2096 2019 2143 tur
2042 2087 2186 2160 q'u_od
2215 2089 2574 2144 Guarnarium
2615 2087 2787 2157 ﬁlium
2812 2105 2969 2160 suum
2999 2091 3260 2144 nominat.

1999 2158 2075 2214 8.‘
2103 2158 2308 2214 Praeter
2354 2160 2470 2215 haec
2521 2160 2574 2213 in
2619 2160 2806 2214 codice
2837 2158 3138 2215 Cannensis
3194 2161 3510 2216 monasterii

1929 2228 2252 2299 (illonastére
2272 2231 2335 2283 de
2355 2229 2582 2297 Caunes)
2609 2229 2862 2299 diptecesis
2885 2229 3253 2285 Narbonensis
3277 2231 3510 2287 habetur

1929 2297 2168 2366 ejusdem
2210 2299 2484 2356 Benedicti
2527 2297 2735 2352 libellus
2775 2315 2840 2353 ea:
2867 2300 3090 2354 diversis
3130 2299 3354 2354 Patrum
3397 2319 3511 2358 sen-

1927 2369 2105 2423 tentiis
2155 2369 2414 2440 collectus
2449 2371 2515 2426 de
2545 2367 2920 2435 Confessione,
2948 2386 3069 2426 cum
3099 2371 3324 2440 epistola
3376 2388 3512 2429 nun-

1927 2439 2302 2513 c_upator_ia_ad
2322 2439 2683 2513 Ludovicum,
2718 2447 2777 2494 ut
2810 2449 2959 2513 puto,
2987 2439 3294 2513 _augustum
3345 2457 3508 2513 quam

1927 2509 2292 2582 damusiul'ra
2320 2510 2470 2582 inter
2491 2509 2749 2582 epistolas
2779 2509 2952 2565 sancti
2985 2509 3281 2582 Benedicti.

1995 2581 2055 2652 9.
2096 2579 2250 2652 Hanc
2283 2579 2564 2652 epistolam
2610 2588 2912 2652 sequuntur
2940 2582 3098 2652 nuda:
3127 2581 3346 2652 Patrum
3386 2597 3510 2638 sen-

1926 2650 2110 2720 tentiae
2150 2649 2217 2704 de
2246 2649 2549 2720 revelandis
2574 2650 3012 2720 cogitationibus:
3047 2651 3235 2705 Patres
3280 2651 3353 2705 illi
3384 2661 3511 2706 sunt

1925 2718 2221 2792 Gregorius
2253 2719 2501 2792 Magnus,
2525 2718 2749 2792 sanctus
2771 2719 2964 2792 Patet;
2980 2718 3324 2792 Benedictus,
3355 2722 3509 2776 Basi~

1926 2787 2062 2855 lius,
2112 2787 2380 2846 Macarius
2423 2791 2609 2854 abbas,
2654 2789 2852 2844 l‘aulus
2899 2787 3205 2859 Egyptius,
3244 2790 3513 2845 Antonius

1925 2859 2110 2930 abbas,
2159 2859 2287 2930 vitae
2315 2859 2558 2926 Patrum,
2586 2859 2903 2924 Cassianus,
2930 2859 3266 2930 Augustinus
3294 2862 3361 2915 de
3395 2875 3514 2930 per-

1917 2928 2088 2998 jurio,
2118 2937 2172 2985 et
2200 2929 2458 2985 Isidorus.
2487 2930 2607 2998 Ipsa
2635 2938 2717 2985 est
2739 2931 2858 2986 sine
2885 2928 3052 2984 dubio
3083 2929 3357 2986 Benedicti
3385 2928 3511 2986 Col-

1925 3001 2086 3055 lectio
2133 3016 2196 3055 ex
2238 3001 2475 3054 homiliis
2504 2999 2748 3066 Patrum,
2801 3015 2963 3070 quam
2996 2999 3284 3070 Meuardus
3323 3011 3511 3057 noster

1928 3072 2199 3141 quondam
2229 3070 2434 3141 legerat
2473 3072 2525 3125 in
2553 3071 2738 3126 codice
2775 3069 3129 3126 Floriacensi.
3171 3070 3318 3125 lllam
3349 3085 3513 3140 porro

1928 3157 1996 3195 ex
2025 3141 2213 3196 colice
2241 3141 2412 3196 sancti
2444 3141 2588 3195 Petri
2617 3141 2682 3195 de
2713 3141 2912 3212 Cannis
2939 3141 3372 3212 congregationis
3409 3159 3512 3197 no-

1928 3220 2056 3265 stra:
2080 3212 2223 3265 eruit
2263 3212 2502 3280 mihique
2527 3226 2650 3265 cum
2683 3211 2802 3265 aliis
2842 3211 3161 3281 fragmentis
3207 3211 3347 3267 bene
3377 3213 3514 3266 mul-

1929 3282 2013 3352 tis,
2045 3281 2343 3352 transmisit
2374 3290 2558 3336 noster
2597 3281 2857 3337 Claudius
2899 3280 3308 3351 Steplianotius,
3361 3283 3515 3352 cujus

1927 3351 2257 3406 indefessum
2289 3352 2342 3405 in
2375 3351 2572 3406 litteris
2599 3353 2834 3406 studium
2860 3367 3135 3420 nunquam
3159 3353 3293 3406 satis
3315 3351 3514 3421 przedi-

1926 3436 2059 3491 care
2079 3423 2300 3491 possim.
2333 3421 2544 3477 Titulus
2570 3431 2627 3475 et
2655 3422 2936 3475 exordium
2977 3421 3098 3475 libri
3134 3423 3212 3477 sic
3259 3422 3462 3491 habent
3496 3439 3509 3474 :

1927 3492 1995 3546 In
2021 3488 2216 3546 Cliristi
2242 3492 2449 3562 nomine
2488 3493 2670 3562 incipit
2714 3491 2920 3562 libeilus
2947 3491 3248 3562 traditionis
3285 3488 3510 3562 Patrum

1925 3564 2210 3616 sententiis.
2269 3561 2565 3616 Sententia:
2595 3559 2777 3616 sancti
2805 3560 3052 3629 Gregorii
3084 3561 3150 3614 de
3197 3560 3289 3613 lib.
3319 3559 3509 3614 Moral.

1926 3632 1981 3686 in
2011 3631 2132 3695 Job,
2160 3632 2293 3686 Pars
2323 3647 2380 3701 ιε
2411 3631 2480 3683 Et
2503 3632 2604 3701 fuit
2652 3630 2907 3701 possessio
2937 3629 3058 3701 pejus
3103 3640 3299 3701 septem
3341 3629 3512 3701 millia

1927 3702 2120 3766 ovium,
2171 3712 2275 3754 etc.
2320 3698 2594 3755 llactenus
2649 3698 2714 3755 de
2767 3698 3061 3754 Benedicto
3114 3698 3409 3753 Aniancnsi
3457 3709 3516 3754 et

1925 3771 2064 3824 aliis.

250 3965 3507 4016 Μ

766 4159 1498 4299 CODEX
1598 4055 2984 4296 \CBEGULARUM

1174 4418 1817 4485 MONASTICARUM
1861 4418 1964 4478 ET
2007 4411 2582 4478 CANONICABUM

315 4560 484 4636 Quas
515 4562 627 4626 SS.
669 4564 883 4627 Patres
915 4566 1236 4630 monachis
1261 4610 1277 4640 ,
1318 4565 1640 4626 canonicis
1670 4571 1728 4624 et
1763 4561 2120 4643 virginibus
2157 4559 2745 4622 sanctimonialibus
2779 4556 3112 4620 servandas
3139 4559 3435 4638 prmeri-

1749 4651 2032 4722 pserunt.

924 4786 1278 4831 cousc'ws
1319 4787 1470 4831 OLlM
1520 4787 1556 4829 Α
1602 4770 1663 4828 S.
1711 4766 2163 4828 BENEDICTO
2208 4783 2543 4826 ANIANENSI
2588 4779 2833 4824 sanna

244 4881 424 4945 (Juxta
450 4888 719 4940 editionem
740 4884 887 4938 Lucae
903 4887 1170 4950 Holstenii,
1195 4898 1323 4937 anno
1349 4883 1620 4938 MDCCLIX
1645 4898 1868 4950 recusam
1893 4883 2126 4950 Augustae
2147 4881 2508 4933 Viudelicorum
2535 4887 2584 4932 et
2605 4894 2631 4930 a
2660 4881 2719 4930 it.
2735 4879 3022 4932 P.Martauo
3044 4880 3246 4932 Brockie
3274 4881 3506 4933 observa-

1359 4949 1574 4998 tionibus
1598 4948 2036 4998 critico-bistoricis
2059 4946 2389 5006 illustratum.)

1560 5159 2193 5344 ilﬁimfatio

471 5407 564 5470 Ad
595 5406 900 5471 lectorem
931 5407 1318 5471 benevolum
1383 5404 1678 5485 aliosque
1713 5400 2118 5482 antiquitatis
2157 5395 2922 5461 Christiano-monasticae
2958 5404 3290 5462 amatores.

1006 5534 1048 5592 1.

305 5625 727 5695 Quamprimum
747 5623 1055 5694 jacentibus
1089 5624 1283 5681 litteris
1321 5621 1550 5694 pristina
1592 5620 1826 5689 dignitas

235 5714 460 5768 restitui
497 5721 767 5783 ceperat,
807 5721 861 5766 et
894 5712 1005 5781 jam
1045 5715 1377 5770 eruditorum
1413 5711 1608 5767 animis
1655 5709 1824 5765 crevit

655 5805 919 5866 ΡΑτιιοι..
959 5805 1123 5867 Clll.

1854 5531 1906 5590 D
1931 5525 2269 5596 antiquitatis
2299 5523 2650 5588 existimatio,
2687 5523 2832 5594 quod
2868 5523 3066 5604 ubique
3101 5533 3344 5580 veterum
3382 5525 3510 5581 scri-

1930 5625 2144 5687 ptorum
2181 5614 2300 5669 libri
2338 5629 2404 5672 cx
2439 5612 2647 5674 intimis
2669 5612 3011 5695 archivorum
3035 5612 3230 5684 pluteis
3252 5614 3307 5670 in
3331 5612 3509 5672 lucem

1931 5705 2197 5777 publicam
2235 5699 2561 5777 prodierint,
2601 5703 2928 5760 doctissimis
2959 5703 3176 5774 quidem
3206 5705 3347 5761 notis
3381 5705 3509 5760 hin:

3005 5795 3076 5856 13
