3942 6190
466 296 570 354 395

1456 297 1511 351 S.
1547 294 1906 350 BENEDICTI
1946 291 2236 346 ABB.\TIS
2279 290 2683 346 ANIANENSIS

3611 289 3709 345 396

468 414 589 467 inde
628 408 914 475 honorati,
966 408 1056 479 qui
1105 416 1281 463 tamen
1324 407 1638 477 plerumque
1680 407 1747 459 ad
1789 404 2039 474 profanos
2067 409 2116 466 Α
2142 413 2195 457 et
2242 414 2550 457 sanctorum
2594 403 2813 457 Patrum
2860 403 3108 471 dogmata
3160 403 3346 457 sedulo
3393 398 3713 474 revolveret,

464 510 756 569 scriptores
781 500 1115 567 spectabant.
1157 497 1351 551 Netum
1375 499 1570 567 quippe
1592 506 1675 551 est
1698 498 1814 551 illos
1838 500 2037 551 sotum-

464 594 622 645 mode
676 591 817 643 inter
862 589 1183 643 eruditiores
1233 572 1541 641 numeratos
1592 585 1779 652 fuisse,
1833 588 1923 656 qui
1982 585 2036 639 in

465 681 803 734 ezhnicorum
835 677 1051 748 scriptis
1078 678 1430 749 explanandis
1453 694 1672 748 operam
1701 678 1917 737 dabant,
1956 686 2039 731 at-

464 788 568 841 que
593 773 647 826 in
673 772 999 827 exornandis
1026 770 1227 826 Graecis
1257 771 1615 840 Romanisque
1650 769 1841 823 ritibus
1871 769 2037 822 vitam

464 881 617 919 suam
664 880 982 919 consumere
1026 865 1324 918 voluerunt.
1376 862 1537 916 Pauci
1581 861 1845 930 siquidem
1894 860 2036 914 circa

464 955 897 1009 Christianorum
928 954 1169 1007 instituta
1203 951 1549 1015 laborabant,
1580 951 1665 1005 vel
1699 958 1879 1004 vetera
1915 964 2040 1003 san-

464 1052 674 1099 ctorum
704 1042 924 1096 Patrum
952 1041 1150 1109 scripta
1182 1039 1517 1103 evelvebant,
1549 1046 1644 1092 aut
1672 1052 1859 1091 eorum
1894 1043 2038 1095 acta,

466 1150 619 1191 sacra
649 1142 703 1189 et
729 1131 982 1187 salutaria
1018 1131 1220 1185 monita
1239 1130 1305 1186 de
1326 1129 1562 1184 tenebris
1581 1128 1634 1182 in
1659 1127 1830 1181 lucem
1849 1140 2040 1180 eruere

466 1223 644 1279 conati
669 1228 813 1276 sunt.

1220 1307 1281 1361 ll.

538 1405 605 1458 Et
629 1404 874 1473 quamvis
896 1402 1136 1458 nonnulli
1160 1416 1224 1455 ex
1255 1401 1357 1454 illis
1381 1401 1637 1454 restitute
1666 1398 1742 1450 rei
1769 1396 2041 1449 litterariae

466 1495 655 1563 primis
681 1493 976 1547 cultoribus
1010 1490 1247 1562 aggressi
1283 1490 1390 1545 sint
1415 1490 1657 1558 qumdam
1687 1487 2040 1540 celebriorem

470 1592 776 1637 sanctorum
806 1581 1027 1635 Patrum
1056 1595 1238 1649 opera,
1276 1595 1397 1634 cum
1435 1577 1751 1648 quibusdam
1784 1575 2040 1645 qualiter-

468 1689 677 1743 eunquc
729 1671 1017 1726 elaboratis
1068 1672 1613 1726 connuentatienibus
1668 1672 1721 1725 in
1772 1670 2041 1740 publicum

2139 493 2338 564 agnitis
2365 492 2783 546 Pretestautinm
2810 494 3104 553 erroribus,
3138 493 3202 545 ad
3239 494 3499 562 gmmium
3537 497 3716 550 ortho-

2140 586 2292 640 dexze
2319 594 2372 639 ct
2397 586 2674 639 catholicae
2700 586 2952 640 Ecclesia:
2993 580 3247 640 Romanae
3283 604 3580 643 conversus
3612 599 3717 655 est,

2140 677 2277 744 apud
2302 675 2447 731 viros
2475 676 2660 730 doctos
2691 691 2938 746 magnam
2965 677 3147 730 solidae
3177 678 3498 733 eruditionis
3521 678 3718 733 famam

2139 767 2378 835 adeptus.
2437 766 2672 819 Tandem
2725 766 2952 821 Romam
3000 777 3220 822 vocatus
3261 769 3603 824 biblietbccm
3645 768 3725 825 in-

2139 856 2510 909 structissima:
2571 855 2874 911 llarberina:
2926 857 3217 927 prmlicitur
3250 899 3264 923 ,
3319 867 3479 928 atque
3539 862 3722 915 eardié

2140 949 2247 1003 nali
2279 948 2575 1004 Barberine
2613 966 2640 1001 a
2680 952 2903 1004 secretis
2943 952 3133 1014 stetit,
3162 968 3192 1005 a
3220 968 3431 1005 summo
3466 952 3727 1022 pontiﬁce

2141 1038 2360 1094 Urbano
2381 1039 2490 1093 Vlll
2513 1041 2803 1094 canenicus
2827 1038 3061 1096 basilicze
3087 1042 3356 1097 Vaticana:
3376 1044 3723 1099 constitutus.

2908 1132 2964 1185 V.

2210 1220 2349 1273 Dum
2392 1219 2556 1291 igitur
2593 1216 2925 1276 clarissimus
2955 1220 3262 1276 ilolstenius
3287 1222 3586 1292 omnigena:
3616 1224 3728 1278 vir-

2141 1312 2270 1364 tutis
2306 1320 2364 1365 et
2398 1312 2656 1367 doctrinas
2695 1313 2873 1366 radios
2906 1314 3105 1381 ubique.
3142 1322 3438 1383 spargeret,
3479 1330 3727 1371 sunuuus

2140 1398 2379 1467 pontifex
2410 1399 2683 1454 Romanus
2708 1401 3049 1455 innocentius
3079 1402 3122 1455 Χ
3154 1412 3489 1472 perspectam
3519 1405 3728 1461 habens

2143 1490 2382 1559 ejusdem
2421 1493 2746 1561 singularem
2786 1493 2836 1546 in
2869 1494 3119 1548 emendis
3157 1496 3495 1563 antiquitatis
3534 1513 3728 1552 monu-

2144 1582 2339 1637 mentis
2359 1582 2642 1651 peritiam,
2665 1590 2825 1651 atque
2849 1584 2900 1636 in
2924 1586 3225 1637 scrutandis
3246 1595 3485 1639 veterum
3510 1598 3730 1641 sancte-

2145 1687 2264 1725 rum
2288 1668 2667 1742 manuscriptis
2690 1674 2999 1742 prreclaram
3023 1675 3290 1741 notitiam,
3318 1677 3463 1730 illum
3488 1678 3731 1733 celeber-

467 1762 729 1831 preferre,
754 1762 1200 1829 quemadmodum
1229 1761 1477 1829 praestitit
1504 1760 1887 1813 celeberrimus
1915 1759 2045 1812 Era-
2073 1743 2118 1803 Β
2150 1763 2298 1817 riuum
2344 1763 2678 1817 bibliotbccm
2726 1764 2997 1819 Vaticana:
3052 1765 3367 1834 primarium
3411 1767 3731 1837 praefectum

469 1866 617 1904 smus
643 1891 655 1913 ,
688 1856 903 1903 sanctos
929 1848 1181 1902 Ecclesize
1203 1847 1449 1901 doctores
1470 1847 1823 1914 Augustinum
1848 1854 1900 1901 et
1921 1845 2046 1901 llic-

469 1956 753 2011 renymum
782 1939 1042 1993 exhibens
1070 1938 1187 1993 orbi
1222 1938 1429 1991 erudito
1454 1955 1468 2003 ;
1497 1947 1735 1992 attamen
1765 1946 1819 1990 et
1842 1938 1937 1995 has
1960 1938 2039 1991 lu-

472 2033 816 2089 cubrationes
850 2031 1003 2085 valde
1032 2031 1218 2099 inepes
1242 2040 1536 2099 agnoscunt
1565 2030 1805 2084 hodierni
1831 2031 1930 2083 viri
1961 2030 2048 2083 do-

471 2126 575 2189 eti,
607 2133 665 2177 ut
697 2131 822 2190 pote
853 2122 1151 2190 potieribus
1189 2122 1509 2191 adjumentis
1551 2121 1852 2201 destitutas.
1899 2121 2044 2176 Non-

474 2219 597 2275 dum
629 2218 769 2270 enim
812 2215 1102 2284 scriptorcs
1146 2215 1243 2279 illi,
1284 2215 1416 2269 alias
1455 2198 1813 2277 celeberrimi,
1857 2214 2044 2268 intima

471 2308 920 2365 bibliothecarum
956 2316 1009 2362 et
1041 2308 1385 2361 archivorum
1432 2307 1629 2361 scrinia
1676 2308 2042 2377 inspexerant,

474 2418 576 2457 nec
616 2403 857 2473 piissima
898 2402 1192 2471 primorum
1231 2400 1658 2455 Christianorum
1691 2409 1809 2455 acta
1838 2396 2046 2463 rimari,

474 2491 559 2545 vel
587 2492 796 2545 sincera
827 2508 854 2544 a
884 2491 1081 2560 spuriis
1109 2492 1415 2546 discernere
1453 2492 1837 2562 cogitaverant,
1872 2502 2049 2561 poste-

474 2583 553 2637 ris
571 2582 709 2636 hanc
730 2583 999 2652 egregiam
1023 2582 1153 2636 artis
1175 2581 1378 2637 critica:
1401 2591 1637 2649 spartam
1665 2582 2042 2648 relinquentes.

1215 2670 1295 2724 Ill.

549 2763 833 2832 Postquam
867 2771 1044 2816 autem
1083 2763 1301 2817 ineunte
1340 2760 1535 2816 smcule
1574 2776 1680 2813 xvn
1721 2760 1900 2829 plures
1946 2759 2051 2815 viri

474 2859 690 2923 eruditi,
722 2866 775 2913 et
808 2858 877 2912 ob
907 2858 958 2911 id
986 2866 1184 2911 mtcrna
1210 2858 1469 2912 memoria
1499 2855 1665 2926 digni,
1698 2855 2047 2910 bibliothecas

475 2952 753 3018 hucusque
805 2949 1075 3018 neglectas
1123 2948 1678 3017 paucisque‘pervias
1721 2947 2045 3014 perscrutari

475 3046 770 3108 creperant,
803 3047 927 3092 tunc
955 3038 1107 3105 plura
1140 3036 1476 3107 antiquitatis
1509 3034 1830 3103 Christianae
1861 3049 2047 3087 menu-

476 3134 675 3189 menta,
704 3142 821 3193 qum
851 3125 1010 3179 nimis
1032 3125 1123 3179 diu
1143 3127 1359 3195 pulvere
1390 3124 1564 3179 obsita
1590 3123 1844 3190 latebant,
1871 3125 1922 3177 in
1946 3140 2044 3192 pu-

474 3216 675 3271 blicam
720 3215 893 3269 lucem
930 3215 1266 3284 prodierunt,
1307 3224 1468 3282 atque
1502 3215 1726 3268 historia
1760 3222 1868 3267 tam
1895 3227 2048 3267 sacra

474 3320 638 3375 quam
671 3304 893 3375 profana
919 3304 1145 3358 miriﬁce
1176 3303 1384 3359 exculta
1412 3313 1515 3369 est,
1553 3303 1778 3358 sinceris
1805 3311 2050 3358 veterum

477 3402 804 3471 scriptorum
836 3400 970 3455 actis
1001 3401 1067 3454 ab
1093 3399 1238 3454 omni
1266 3398 1451 3454 fraude
1480 3399 1746 3454 discretis.
1787 3396 1927 3452 Nulli
1957 3397 2053 3466 igi-

480 3501 567 3545 tur
606 3491 847 3561 ignotum
885 3497 989 3555 est,
1032 3505 1062 3543 a
1102 3488 1298 3545 talibus
1333 3487 1798 3543 excellentissimis
1828 3487 2053 3557 ingeniis

475 3581 924 3653 praestantissima
970 3579 1331 3635 emolumenta
1378 3579 1688 3649 reipublicze
1735 3579 2054 3633 Christianae

478 3674 639 3727 simul
672 3681 726 3728 et
757 3672 1035 3727 litterariae
1061 3671 1384 3736 accrevisse,
1421 3686 1541 3726 cum
1571 3685 1669 3741 per
1702 3668 2056 3724 laudabilissi-

480 3778 629 3817 mum
657 3762 760 3818 hoc
798 3763 1034 3817 studium
1057 3762 1389 3817 abditissima
1415 3762 1687 3831 religionis
1717 3769 1914 3816 nostra:
1941 3776 2058 3831 my-

480 3853 644 3910 steria
667 3855 866 3910 clarius
890 3863 1188 3925 patescant,
1215 3854 1455 3925 primaevi
1486 3854 1917 3910 Christianorum
1945 3869 2058 3908 me.

480 3968 590 4017 res,
640 3953 792 4016 ritus,
830 3962 883 4007 et
921 3952 1216 4007 laudabiles
1248 3952 1583 4007 caeremoniae
1616 3952 1944 4021 aperiantur,
1977 3958 2058 4004 at-

482 4057 588 4110 que
614 4043 731 4096 orbi
758 4042 968 4095 erudito
996 4041 1062 4093 ad
1094 4042 1408 4095 imitandum
1438 4052 1824 4110 proponantur.

1086 4178 1089 4185 .
1228 4130 1295 4184 IV
1526 4192 1529 4193 ν

559 4221 699 4274 inter
726 4221 825 4273 bos
848 4218 1081 4289 purioris
1099 4214 1356 4274 doctrina:
1377 4220 1611 4275 cultores
1630 4236 1738 4289 prze
1762 4218 1977 4288 reliquis
2006 4222 2057 4277 in

483 4316 603 4362 arte
642 4307 828 4362 critica
876 4308 1116 4376 apprime
1163 4308 1388 4361 versatis
1430 4308 1650 4362 eminuit
1697 4308 1844 4361 Dom.
1888 4308 2059 4363 Lucas

483 4397 811 4462 llolstenius,
858 4399 940 4451 vir
988 4400 1055 4453 ad
1103 4398 1282 4453 abdita
1334 4399 1672 4469 antiquitatis
1715 4407 2054 4453 monumenta
2085 4421 2134 4481 Ι)

486 4490 801 4545 illustranda
826 4496 1005 4550 natus.
1033 4497 1089 4542 et
1117 4489 1170 4542 in
1199 4496 1427 4558 utroque
1456 4488 1760 4559 reipublicae
1784 4488 2058 4543 litterariae

485 4580 605 4633 fere
619 4578 822 4648 optime
844 4585 1106 4632 versatus.
1134 4576 1300 4633 Natus
1322 4576 1408 4633 ille
1429 4585 1513 4633 est
1536 4574 1829 4650 Hamburgi
1856 4579 1908 4633 in
1929 4578 2061 4633 Ger-

486 4668 666 4722 mania
697 4681 838 4720 anne
870 4665 1026 4731 1596,
1061 4668 1151 4721 ubi
1177 4668 1276 4722 sub
1304 4668 1631 4723 doctissimis
1655 4668 1929 4740 magistris
1948 4669 2062 4724 exi-

485 4762 595 4815 mie
629 4775 753 4814 cum
795 4758 971 4813 fructu
1015 4760 1189 4814 studia
1228 4760 1549 4825 bumaniora
1589 4761 1834 4827 absolvit,
1882 4761 2060 4829 lingua

486 4848 752 4903 llebraica
797 4854 851 4902 et
877 4845 1066 4902 Grarca
1093 4848 1158 4903 de
1186 4863 1335 4902 more
1366 4849 1621 4914 imbutus,
1661 4856 1719 4903 ut
1746 4865 1812 4904 ex
1841 4849 2062 4919 ephebis

484 4941 575 4993 vix
599 4954 847 5011 egressus
868 4938 1081 5010 egregia
1102 4938 1425 4995 nobiliorem
1448 4940 1747 4995 studiorum
1768 4939 2060 5010 speeimina

486 5028 734 5093 ediderit,
763 5036 921 5098 prout
944 5027 1168 5084 eruditae
1193 5026 1431 5097 ejusdem
1455 5036 1601 5083 uotae
1634 5027 1687 5082 in
1720 5027 1899 5084 varies
1925 5038 2061 5084 vete-

487 5134 577 5174 res
600 5119 859 5189 pret'anos
889 5118 1181 5188 scriptores
1210 5125 1496 5173 testantur.
1533 5118 1604 5172 At
1634 5117 1837 5174 relictis
1852 5115 2065 5186 juveni-

487 5209 629 5264 libus
657 5209 843 5272 musis,
876 5216 937 5262 ut
961 5209 1240 5263 altioribus
1266 5208 1458 5264 studiis
1488 5207 1730 5262 animum
1766 5208 2057 5273 excoleret,

487 5297 675 5354 relicta
708 5298 904 5369 patria,
946 5297 1176 5367 primum
1213 5296 1457 5369 Lugduni
1491 5296 1813 5352 Batavorum
1848 5288 2060 5351 arcanis
2142 5342 2149 5351 .

489 5386 771 5444 medicina:
805 5384 1013 5441 artibus
1039 5385 1216 5454 aliquo
1245 5393 1486 5456 tempore
1511 5399 1728 5457 operam
1756 5384 1919 5441 dedit.
1960 5386 2077 5445 Ve-

490 5499 610 5537 rum
635 5483 828 5538 anima:
860 5480 1180 5536 medicinam
1208 5481 1400 5536 anxius
1435 5480 1710 5550 inquirere
1747 5481 1966 5549 cupiens
2007 5481 2057 5535 ir

490 5572 690 5631 Gallias
711 5566 964 5643 secessit,
986 5572 1079 5628 ubi
1101 5571 1328 5627 Lutetia:
1350 5570 1679 5630 Parisiorum
1702 5571 1892 5628 studiis
1913 5571 2059 5627 theo-

491 5660 682 5735 legicis
710 5662 923 5719 assidue
953 5660 1211 5718 incubuit.
1258 5661 1393 5717 Dum
1428 5676 1701 5718 sacrarum
1736 5661 2043 5717 Litterarun

2147 1852 2434 1907 ordinavit.
2468 1851 2617 1920 Quod
2642 1854 2805 1907 etiam
2830 1870 3097 1908 summum
3134 1854 3366 1911 ollicium
3396 1856 3497 1926 ipsi
3529 1857 3734 1911 conﬁr-

2149 1943 2642 1996 mavitAlexandcr
2673 1943 2758 1997 \‘ll
2796 1959 2952 2011 papa,
3004 1953 3056 1998 et
3103 1946 3213 2014 ipse
3256 1947 3537 2000 doctorum
3580 1949 3734 2002 vire-

2149 2046 2268 2084 rum
2311 2031 2553 2099 phoenix,
2592 2032 2930 2100 puriorisque
2966 2033 3224 2089 doctrina:
3265 2036 3438 2091 cultor
3472 2037 3732 2103 eximius,

2149 2123 2239 2192 qui
2267 2124 2420 2192 proin
2454 2123 2784 2179 Holstcnium
2818 2135 3058 2181 nostrum
3089 2127 3269 2183 debito
3296 2129 3499 2184 honore
3532 2146 3735 2185 cumu-

2150 2214 2261 2268 lare
2286 2214 2475 2271 voluit.
2514 2215 2647 2270 Nam
2680 2218 2985 2271 3111101655
3026 2220 3172 2273 illum
3213 2221 3280 2275 ad
3320 2223 3735 2279 serenissimam

2149 2310 2475 2364 Cbristinam
2518 2308 2809 2363 Succorum
2834 2350 2847 2371 ,
2893 2309 3191 2365 Gothorum
3218 2354 3231 2378 ,
3270 2322 3324 2367 et
3364 2313 3734 2369 Vandalorum

2151 2400 2388 2469 reginam
2422 2400 2565 2453 misit
2598 2400 2852 2475 legatum,
2899 2410 2956 2453 ut
2999 2403 3064 2456 ab
3099 2390 3283 2457 eadem
3324 2405 3601 2473 publicam
3639 2421 3735 2460 ea-

2152 2496 2361 2550 tholicae
2416 2496 2537 2550 ﬁdei
2584 2495 2973 2565 professionem
3021 2495 3320 2564 susciperet
3348 2513 3361 2547 :
3389 2511 3553 2564 quam
3598 2498 3734 2567 piis-

2150 2588 2285 2641 sima
2317 2587 2498 2655 regina
2531 2585 2723 2639 festive
2748 2585 2940 2655 gaudio
2978 2587 3044 2641 ad
3085 2601 3275 2639 manus
3308 2587 3422 2656 ejus
3449 2587 3639 2641 emisit
3685 2589 3736 2642 in

2150 2675 2361 2744 publice
2405 2676 2659 2729 nobilium
2706 2677 2944 2729 virorum
2988 2691 3241 2730 consessu
3283 2677 3422 2745 apud
3454 2676 3738 2748 (Enipeu-

2151 2774 2263 2818 tum
2291 2763 2389 2818 sub
2419 2763 2643 2818 solemni
2670 2780 2837 2818 sacrae
2861 2764 3040 2819 missw
3064 2765 3347 2820 sacriﬁcio.

2913 2855 2993 2909 Vl.

2220 2940 2287 2995 At
2317 2956 2562 2995 reversus
2592 2942 2813 2997 Romam
2839 2943 3147 2999 Helstenius
3168 2960 3287 2999 cum
3318 2944 3733 3017 religiosissima

2151 3032 2333 3101 regina
2356 3032 2467 3100 jam
2498 3032 2549 3085 in
2581 3033 2843 3101 gremium
2876 3034 3127 3090 Ecclesia:
3157 3036 3434 3091 catholicae
3467 3037 3735 3092 solemni-

2153 3131 2235 3176 ter
2260 3131 2495 3192 recepta,
2534 3140 2654 3178 cum
2681 3125 2734 3178 in
2765 3127 3168 3195 perserutandis
3208 3126 3545 3197 antiquitatis
3577 3129 3739 3183 Chri-

2151 3212 2342 3265 stiana:
2376 3215 2760 3277 monumentis,
2797 3223 2851 3268 et
2885 3224 3128 3270 veterum
3161 3226 3471 3272 sanctorum
3505 3217 3736 3274 Patrum

2152 3300 2368 3371 scriptis
2388 3302 2698 3373 colligendis
2725 3306 2962 3360 sedulam
2986 3323 3207 3377 operam
3235 3308 3592 3381 impenderet,
3618 3311 3737 3380 jam

2151 3392 2324 3448 doctis
2364 3393 2637 3450 laboribus
2677 3399 2882 3453 fractus
2920 3399 2987 3453 ad
3026 3408 3241 3455 aeterna:
3278 3402 3481 3471 quietis
3530 3405 3736 3473 gaudia

2152 3492 2374 3539 vocatus
2412 3494 2495 3540 est
2532 3502 2585 3540 tv
2628 3486 2806 3542 Nonas
2846 3487 3124 3544 Februarii
3170 3507 3313 3545 anne
3363 3492 3523 3560 1661,
3576 3494 3740 3561 cujus

2153 3574 2367 3643 quidem
2411 3584 2583 3631 morte
2620 3577 2922 3645 respublica
2964 3579 3224 3634 litteraria
3260 3580 3529 3650 jacturam
3568 3598 3736 3653 passa

2153 3674 2236 3719 est
2261 3666 2682 3736 irreparabilem.
2732 3667 2870 3724 Ante
2912 3681 3139 3725 mortem
3179 3673 3232 3726 in
3267 3673 3493 3728 ecclesia
3524 3675 3590 3728 Β.
3625 3676 3740 3730 Ma-

2154 3756 2249 3810 ria;
2276 3756 2343 3812 de
2366 3756 2559 3812 Anima
2590 3759 2821 3812 nationis
2847 3760 3181 3817 Germanica:
3212 3762 3498 3831 sepultura:
3519 3764 3627 3819 sibi
3658 3766 3739 3818 lo-

2155 3862 2277 3901 cum
2311 3847 2491 3918 clegit,
2519 3849 2609 3902 ubi
2636 3849 2891 3918 piissinue
2922 3852 3114 3905 animae
3147 3853 3307 3921 justis
3340 3855 3637 3924 persolutis
3670 3856 3739 3910 ad

2154 3936 2575 4007 perpetuandam
2614 3939 2746 3992 tanti
2778 3939 2881 3994 viri
2923 3943 3238 3996 memoriam
3267 3944 3735 4000 eminentissimus

2155 4027 2442 4081 cardinalis
2497 4028 2823 4084 Barberinus
2865 4031 2999 4100 erigi
3042 4032 3251 4086 curavit
3308 4034 3606 4104 superbum
3667 4049 3735 4088 ex

2155 4136 2425 4195 marmore
2461 4120 2724 4176 tunmlum
2752 4137 2876 4176 cum
2909 4123 3102 4195 insigni
3136 4125 3234 4179 hoc
3264 4125 3560 4195 epitaphie,
3587 4128 3737 4197 quod

2156 4211 2525 4265 memorabilia
2552 4211 2676 4266 vita:
2706 4219 2825 4265 acta
2852 4214 3242 4285 complectitur.

2804 4314 2864 4367 D.
2904 4312 2967 4368 0.
3012 4314 3080 4368 Μ.

2374 4418 2521 4457 ιυαιῖ
2565 4419 2859 4459 ιιοιετεηιο
2900 4421 3088 4460 εΑκοΜ
3124 4422 3508 4473 llAMBURGENSI,

2367 4487 2454 4534 QUI
2497 4489 2696 4527 CLARUS
2722 4490 2773 4528 IN
2803 4489 3026 4538 GALIJIS,
3067 4492 3223 4532 κους
3262 4493 3512 4546 ειλκιοη,

2155 4557 2389 4597 CENTIUI
2405 4559 2605 4598 υκαιοκ
2622 4560 2959 4608 ,ετλτυκουε
2974 4562 3252 4603 ιιιετοιιιλδ
3266 4563 3331 4601 ΕΤ
3346 4562 3612 4603 εοειιεειε
3637 4564 3738 4604 RES

2667 4629 2841 4668 una".
2889 4631 3214 4681 connexus,

2454 4697 2691 4738 DIVEBSIS
2724 4699 3033 4739 REGIONIBUS
3072 4701 3422 4748 PERAGRA'I‘IS,

2260 4766 2507 4808 υιηκεοε
2522 4768 2699 4810 ΕΑΒΗΜ
2722 4769 2870 4810 ηκεε
2888 4769 2958 4811 ΕΤ
2983 4770 3184 4810 NOMINA
3211 4771 3375 4811 PROBE
3402 4772 3621 4823 TENUIT,

2158 4837 2347 4876 νΑηιΑδ
2368 4837 2572 4889 ρυορυε
2600 4838 2820 4879 ιικῦυλε
2847 4840 3071 4881 PMTER
3101 4841 3324 4881 GRECAM
3366 4843 3733 4893 LATINAMQL'E,

2233 4906 2445 4954 QUARU!
2484 4906 2860 4949 SCRIPTORIBUS
2898 4904 3168 4949 Ριυιιικυιι
3209 4910 3358 4950 LUCIS
3393 4912 3658 4963 Αττυιιτ,

2461 4977 2731 5026 ΑΝτιρυΑι
2756 4979 3133 5019 Ρηιιοεοινιιιη
3159 4981 3385 5021 ωιιυιτ
3417 4983 3431 5019 ζ

2260 5048 2325 5085 ΑΒ
2351 5045 2559 5088 ωωλκο
2582 5049 2656 5088 VII
2685 5048 3017 5089 CANONICA‘I'U
3044 5050 3291 5088 BASILICAE
3318 5049 3622 5098 ΥΑΤΙΩΑΝΞ,

2162 5118 2227 5156 ΑΒ
2263 5116 2583 5157 ικκοοεκτιο
2609 5119 2644 5157 Χ
2674 5117 3034 5158 PREFBCTURA
3062 5118 3423 5159 BIBLIOTHECE
3461 5119 3732 5170 ORNATUS,

2303 5187 2369 5226 ΑΒ
2402 5186 2714 5226 ΔιειΑΝωιο
2744 5188 2823 5226 VH
2856 5187 3146 5228 SAPIENTER
3172 5189 3304 5228 UNUS
3328 5189 3584 5241 ειεοτῦε,

2234 5255 2304 5296 ur
2333 5244 2677 5297 oceuansae-r
2718 5255 2991 5297 seeconun
3028 5257 3415 5306 corneae-oue
3449 5260 3661 5302 necum

2732 5326 3161 5377 tscoumnamu,

2375 5395 2492 5443 00.8
2522 5392 2688 5434 IIRAI
2711 5397 2762 5435 IN
2790 5397 2967 5437 TANTO
2986 5396 3111 5439 VIBO
3127 5397 3287 5437 SUIII
3315 5397 3516 5439 INGEN"

2269 5465 2563 5514 BUIIEQUE
2600 5465 2875 5506 IODESTle
2909 5467 3337 5507 CONJUNCTIONEI
3381 5467 3631 5508 δυερειιτ

2707 5537 2776 5575 ΕΤ
2817 5537 2930 5576 ΡΒΕ
2938 5538 3150 5577 υιωνιτ
3176 5540 3192 5576 ἓ

2167 5605 2308 5649 ωτι
2360 5606 2581 5656 νεκιρυε
2623 5607 3019 5647 ιλυυλτιεειυε
3057 5609 3127 5647 ΕΤ
3166 5607 3484 5651 ιιιυετιίιυιι
3523 5607 3738 5656 οπιωι

2689 5676 2851 5717 ευιιευ
2880 5677 3215 5720 ιιητειιιιυρτο
