3942 6190
319 340 417 393 597

580 465 796 504 EXIMIUS
823 463 1032 502 PATerE
1065 463 1345 502 GERMANIIE
1388 462 1626 506 ΔΙΙΛΪΟΒ,

525 534 1008 579 PROPL'CNATORQITE
1040 533 1336 570 BELlC‘AONIS
1365 530 1674 570 CATIIOLICt-E

386 605 528 645 onnr
557 605 692 642 Asse
729 604 936 641 levaris
970 604 1077 642 sue
1108 603 1230 649 1.xv,
1260 601 1310 636 Iv
1338 601 1501 639 sons
1526 583 1814 636 Fl-ZBBCHHI

904 673 1040 710 ANNO
1090 671 1304 709 δίωξιν.

315 741 633 786 FRANCISCUS
666 743 992 780 transeamus
1016 741 1171 779 cauo.
1204 726 1260 777 ὃ.
1297 725 1358 776 B.
1397 722 1455 775 Ε.
1489 739 1601 775 vicr.
1630 737 1882 774 C.\.\'(;El.l..

638 812 823 850 ιιτειιεε
849 813 914 848 εκ
944 811 1063 850 ASSE
1090 811 1246 847 AMICO
1278 809 1474 847 orrum
1503 792 1562 844 Ρ.

1045 903 1150 958 νη.

382 998 529 1052 Inter
571 993 1014 1064 prmstantissirna
1053 1001 1228 1045 autem
1270 992 1425 1060 hujus
1466 991 1748 1043 clarissimi
1788 989 1885 1042 viri

313 1103 500 1161 opera,
543 1095 599 1140 et
639 1084 950 1139 doctissima
994 1090 1232 1136 veterum
1274 1088 1618 1135 monumenta
1666 1080 1732 1132 ab
1773 1079 1888 1146 ipso

316 1179 562 1242 collecta,
593 1174 738 1230 haud
773 1173 1017 1227 ultimum
1051 1172 1224 1226 locum
1261 1179 1496 1224 meretur
1524 1185 1762 1238 prmsens
1795 1168 1889 1220 Cc-

311 1269 411 1324 dex
435 1265 760 1336 Regularum
789 1265 1215 1326 monasticarum,
1240 1277 1396 1331 quem
1422 1262 1656 1316 tenebris
1679 1267 1887 1314 erutum

315 1358 422 1412 luci
459 1357 704 1426 publica:
748 1355 976 1423 parabat
1027 1353 1458 1421 locupletandum
1511 1351 1890 1406 eruditissimis

313 1445 872 1502 animadversionibus
904 1443 1062 1497 simul
1103 1458 1167 1496 ac
1200 1441 1670 1496 dissertationibus
1707 1441 1771 1493 ad
1804 1439 1889 1494 hi—

314 1539 536 1592 storiam
574 1535 927 1590 monasticam
952 1533 1318 1588 illustrandam
1351 1546 1608 1600 perquam
1637 1545 1888 1584 necessa-

317 1630 408 1681 riis
435 1667 450 1690 ,
498 1627 600 1681 nisi
648 1627 933 1678 immatura
979 1631 1150 1676 morte
1188 1630 1491 1690 prazventus
1533 1620 1737 1674 fuisset.
1779 1620 1890 1672 Etsi

312 1722 455 1774 enim
479 1721 616 1773 hanc
639 1727 881 1771 veterum
906 1715 1226 1784 [tegularum
1250 1713 1620 1768 collectionem
1650 1727 1753 1765 non
1783 1711 1893 1764 col-

315 1811 501 1880 legerit
541 1808 870 1866 llolstenius,
915 1813 1075 1874 prout
1109 1805 1224 1873 ipse
1261 1803 1479 1866 fatetur,
1525 1803 1618 1858 sed
1645 1804 1889 1855 eamdem

313 1903 380 1955 ab
418 1900 644 1967 antiquo
683 1898 869 1952 codice
909 1895 1212 1950 Coloniensi
1251 1894 1577 1962 descriptam
1615 1907 1644 1944 a
1682 1906 1890 1944 sununo

309 1990 569 2062 pontifice
597 1989 903 2042 Alexandro
932 1985 1016 2040 νει
1057 1986 1124 2039 ad
1157 1986 1532 2054 corrigendum
1569 1981 1889 2051 susceperit,

311 2090 550 2135 attamen
582 2087 636 2132 et
661 2077 803 2131 illam
833 2091 954 2129 cum
989 2074 1108 2128 aliis
1143 2074 1376 2142 antiquis
1415 2071 1691 2125 codicibus
1728 2069 1889 2123 colla-

317 2180 426 2224 tam
454 2169 725 2228 correxit,
753 2175 808 2221 et
836 2165 1162 2219 doctissimis
1189 2164 1330 2217 notis
1362 2163 1486 2216 hinc
1510 2161 1631 2214 inde
1657 2159 1892 2212 illustra-

317 2262 426 2322 vit,
461 2258 768 2312 testimonia
804 2264 1045 2309 veterum
1078 2255 1396 2322 scriptorum
1430 2253 1646 2306 cuilibet
1680 2251 1892 2322 Regulae

312 2353 620 2423 prmligens.

1046 2435 1170 2489 Vl".

380 2533 602 2587 Primus
649 2538 829 2583 autem
868 2528 958 2598 qui
998 2527 1229 2595 Regulus
1265 2527 1586 2580 monastieas
1623 2526 1676 2579 in
1729 2540 1891 2578 unum

312 2626 560 2679 codicem
592 2622 803 2691 collegit
829 2631 882 2673 et
913 2619 1134 2689 redegit,
1166 2627 1284 2672 erat
1313 2631 1531 2674 sanctus
1573 2619 1893 2672 Benedictus

311 2715 484 2768 abbas
514 2711 857 2774 Anianeusis,
899 2711 1050 2778 cujus
1088 2710 1218 2762 Acta
1254 2710 1460 2776 primus
1491 2709 1660 2763 edidit
1692 2709 1774 2760 vir
1805 2709 1895 2760 do-

311 2806 594 2860 ctissimus
631 2801 782 2872 llugo
824 2801 1107 2854 Menardus
1142 2799 1574 2869 congregationis
1619 2798 1676 2851 ὃ.
1727 2797 1894 2850 Mauri

312 2892 616 2947 monachus
647 2890 1040 2951 Benedictinus,
1065 2904 1183 2957 qum
1211 2899 1401 2957 postea
1427 2887 1774 2941 eruditissimi
1803 2888 1895 2940 ha-

310 2981 595 3054 giographi
619 2979 907 3032 Bollandus
931 2987 982 3033 et
1004 2979 1371 3032 llenschenius
1388 2979 1452 3032 de
1474 2994 1612 3032 novo
1633 2978 1892 3032 illustrata

311 3072 378 3124 ad
408 3071 556 3124 diem
590 3068 655 3120 12
680 3067 953 3122 Februarii
983 3069 1125 3121 inter
1150 3067 1373 3121 aliorum
1410 3077 1715 3123 sanctorum
1745 3070 1895 3122 Vitas

1301 322 1526 386 CODEX
1568 326 2020 382 RECUI..\BUM.
2063 356 2129 364 —-—
2169 324 2553 379 l’RzliFATlO.

1914 444 1963 499 Α
1981 440 2042 524 in
2085 454 2247 492 unum
2276 439 2522 496 volumen
2553 438 2781 509 collegit,
2823 454 2887 490 ex
2925 438 3118 506 quibus
3157 423 3416 507 insignem
3455 444 3570 491 tra-

3458 321 3562 378 398

1990 517 2192 580 ctutum
2216 530 2533 595 composuit,
2567 544 2723 599 quem
2757 527 3100 582 Concordiam
3137 526 3451 598 Regularum
3474 542 3565 583 re~

1988 624 2070 668 cte
2102 615 2417 670 nominavit.
2455 615 2570 680 Quo
2599 617 3069 685 quidem-tractatu
3101 615 3375 685 piissimus
3396 618 3565 672 abbas

1988 706 2249 758 unitatem
2294 715 2346 757 et
2399 706 2830 760 conformitatem
2874 717 3044 758 status
3083 705 3362 759 monastici
3411 721 3566 760 uten-

1989 804 2160 848 strare
2191 795 2384 857 voluit;
2423 796 2668 863 quamvis
2699 796 2853 864 primi
2889 796 3221 848 institutores
3245 795 3564 863 scripserint

1989 885 2228 939 diversas
2267 887 2472 942 vivendi
2511 901 2749 948 normas,
2790 901 2924 952 quas
2964 895 3141 938 tamen
3175 886 3314 938 inter
3343 902 3400 938 se
3431 902 3560 939 eon-

1989 976 2213 1029 eordare
2264 975 2530 1044 probavit,
2577 991 2645 1028 ex
2689 975 2939 1027 euntibus
2983 984 3264 1028 coarctans
3302 976 3354 1028 in
3398 991 3563 1030 unum

1989 1068 2298 1129 sententias,
2331 1083 2446 1135 qum
2471 1083 2590 1121 cum
2614 1067 2940 1135 praescriptis
2971 1066 3182 1134 Regula:
3206 1065 3563 1122 Bcnedictinre

1991 1156 2277 1208 convenire
2313 1163 2606 1209 noscuntur
2633 1156 2932 1224 praeceptis,
2967 1154 3172 1223 singula
3209 1154 3432 1208 aliarum
3463 1157 3565 1209 Bc-

1989 1245 2230 1314 gularum
2257 1245 2432 1312 capita
2471 1245 2706 1313 ejusdem
2743 1244 3046 1312 argumenti
3082 1245 3561 1314 singulisBeumli-

1993 1335 2148 1386 ctinae
2172 1335 2386 1404 Regulae
2408 1335 2659 1402 capitulis
2683 1336 2990 1402 subjiciens.
3031 1333 3150 1388 Jam
3175 1336 3372 1389 dudum
3404 1337 3568 1406 igitur

1992 1432 2209 1476 sanctus
2239 1425 2404 1477 abbas
2432 1425 2751 1478 Anianeusis
2780 1425 2832 1475 in
2865 1440 3025 1476 nilum
3055 1440 3250 1494 corpus
3278 1427 3571 1497 collegerat

1993 1514 2318 1568 celebriores
2346 1514 2572 1583 Regulus
2603 1515 2959 1577 monasticas,
2989 1529 3052 1566 ex
3079 1516 3272 1582 quibus
3301 1517 3438 1572 hanc
3470 1518 3568 1571 Rc—

1993 1605 2662 1675 gularum’Couscnsiouem
2695 1608 3030 1660 monstravit.

2757 1699 2821 1752 Χ.

1923 1776 1965 1832 Β
2064 1789 2316 1858 Quisquis
2345 1793 2484 1845 etum
2510 1792 2680 1860 prima
2709 1791 2797 1844 illa
2825 1790 3089 1859 religiosae
3115 1790 3235 1842 vitae
3263 1787 3456 1843 saecula
3487 1784 3569 1840 vel

1995 1881 2168 1935 obiter
2198 1882 2522 1945 consideret,
2561 1883 2778 1936 omnino
2811 1882 3126 1951 perspiciet,
3163 1880 3566 1935 sanctissimum

1994 1973 2382 2026 monachorum
2438 1972 2862 2027 Occidentalium
2923 1972 3288 2041 patriarcham
3343 1970 3571 2025 Benedi-

1994 2069 2138 2115 ctum
2173 2062 2547 2117 Cassincnsem
2588 2077 2693 2115 non
2735 2063 3031 2116 instituisse
3076 2077 3270 2115 novum
3313 2061 3571 2115 monasti-

1992 2166 2114 2204 cum
2147 2159 2370 2216 statum,
2395 2151 2487 2205 sed
2515 2151 2848 2205 solummodo
2866 2166 2964 2218 per
2993 2164 3145 2204 suam
3175 2148 3428 2218 Regulam
3455 2149 3568 2202 dis-

1995 2241 2221 2292 cretione
2250 2241 2587 2310 prmcipuam,
2643 2257 2877 2295 sernume
2902 2239 3222 2292 luculentam
3252 2238 3564 2308 perfecisse,

1993 2339 2153 2400 prout
2195 2331 2439 2384 eamdem
2483 2331 2826 2385 commendat
2864 2337 3083 2383 sanctus
3123 2328 3415 2403 Gregorius
3459 2327 3569 2379 Ma-

1992 2434 2152 2489 gnus,
2180 2419 2381 2487 Dialog.
2416 2418 2508 2470 lib.
2543 2435 2599 2470 η.
2642 2418 2771 2472 Nam
2803 2417 2870 2472 ab
2899 2418 3120 2471 exordio
3141 2415 3430 2470 introducti
3460 2430 3569 2468 mo-

1995 2507 2186 2561 uastici
2229 2507 2434 2560 ordinis
2480 2513 2627 2560 tanta
2676 2507 2888 2576 vigebat
2928 2507 3123 2569 unitas,
3169 2512 3317 2558 tanta
3357 2517 3568 2557 morum

1991 2600 2362 2662 eouformitas,
2391 2608 2447 2652 ut
2479 2599 2676 2666 ubique
2699 2598 3096 2664 umisidemque
3112 2593 3376 2649 exstiterit
3397 2600 3572 2648 sta-tus

1994 2692 2340 2755 monasticus,
2371 2690 2651 2759 facilisque
2680 2689 2841 2744 fuerit
2875 2703 2941 2744 ex
2978 2705 3084 2743 uno
3112 2686 3180 2742 ad
3215 2687 3356 2740 aliud
3388 2700 3572 2740 mona-

1994 2783 2218 2838 sterium
2258 2782 2536 2845 transitus,
2577 2779 2855 2834 monachis
2889 2779 3130 2855 eamdem
3161 2777 3372 2832 vivendi
3404 2775 3568 2830 ratio-

1995 2889 2120 2928 nem
2157 2872 2508 2941 eamdemque
2554 2872 2906 2926 monachatus
2950 2868 3340 2939 professionem
3381 2867 3571 2922 obser-

1995 2967 2264 3029 vantibus,
2289 2972 2393 3020 non
2413 2967 2661 3020 obstante
2681 2963 3014 3017 diversarum
3039 2961 3361 3031 [tegularum
3385 2960 3573 3013 obser—

1995 3059 2233 3120 vatione,
2259 3073 2377 3128 quze
2399 3057 2614 3126 quidem
2635 3053 2930 3109 uniformes
2949 3053 3326 3114 censebantur,
3349 3049 3571 3104 nullan;-

310 3161 745 3214 cellocaveruut.
787 3157 1024 3212 Sanetus
1059 3158 1254 3227 quippe
1284 3157 1603 3214 Benedictus
1627 3161 1894 3215 Aniancn-
1921 3139 1966 3201 (ἶ
2000 3165 2103 3220 que
2142 3149 2472 3205 inducebanl
2511 3147 2758 3202 ordinum
2795 3145 3180 3199 (liverSilalem-

309 3252 389 3306 sis
416 3250 588 3304 abbas
617 3248 903 3301 multorum
937 3249 1304 3302 emnobierum
1336 3257 1490 3316 pater
1531 3259 1582 3303 et
1624 3258 1828 3313 auctor,
1866 3267 1892 3302 a

308 3340 654 3397 monasterio
680 3355 774 3408 per
803 3339 976 3408 ipsum
1005 3339 1057 3391 in
1090 3346 1315 3406 paterno
1350 3339 1463 3391 solo
1501 3341 1638 3407 apud
1679 3341 1897 3394 Aniena:

309 3431 557 3486 ﬂuminis
580 3430 752 3498 ripam
777 3437 958 3483 erecto
989 3436 1403 3495 cognomentum
1435 3429 1534 3481 hoc
1563 3429 1894 3490 Animwusis,

309 3523 543 3577 sortitus
585 3530 672 3574 est
703 3539 717 3574 :
743 3520 833 3589 qui
882 3518 1216 3573 nobilissima
1258 3519 1512 3572 comitum
1559 3519 1898 3589 Magalouen-

311 3613 457 3665 sium
488 3611 663 3679 stirpe
691 3616 842 3663 ortus
863 3647 876 3670 ,
900 3623 962 3661 ex
992 3607 1166 3660 aulico
1196 3608 1429 3674 gratioso
1457 3616 1511 3661 et
1541 3606 1663 3661 forti
1698 3608 1895 3671 milite.

310 3699 495 3754 factus
541 3709 629 3753 est
669 3697 964 3752 monachus
1012 3697 1326 3752 monasterii
1367 3698 1536 3750 sancti
1581 3697 1812 3764 Sequani
1844 3699 1896 3750 iu

313 3792 542 3848 dioecesi
572 3789 894 3858 Lingouensi
916 3830 930 3850 ,
959 3788 1103 3842 circa
1129 3803 1328 3842 annum
1357 3788 1490 3847 774,
1524 3803 1587 3840 ac
1615 3798 1733 3856 post
1763 3804 1896 3857 q-ua—

315 3882 639 3938 driennium
690 3881 744 3933 in
789 3888 1012 3948 paterna
1059 3879 1396 3946 possessione
1439 3878 1743 3933 Anianense
1799 3880 1900 3933 hoc

310 3974 634 4028 cmnobium
674 3971 728 4024 in
760 3970 1047 4038 Aquitania
1097 3969 1377 4032 condidit,
1431 3975 1744 4038 arctamque
1790 3969 1898 4024 Be-

309 4065 458 4136 gu'ar.
494 4061 860 4118 Beuedictinzze
899 4059 1234 4127 disciplinam
1271 4059 1597 4113 observavit.
1639 4057 1773 4121 Hine
1800 4059 1896 4113 Ca-

309 4155 433 4210 rolo
463 4153 663 4222 Magno
694 4149 1008 4220 imperatori
1043 4149 1095 4202 in
1133 4148 1321 4218 primis
1356 4149 1585 4211 charus,
1619 4163 1684 4202 ac
1711 4149 1901 4204 deinde

306 4247 566 4317 ejusdem
602 4244 846 4314 piissimo
882 4241 1015 4296 Filio
1048 4241 1318 4296 Ludovico
1346 4239 1649 4309 Aquitania:
1680 4240 1810 4310 regi,
1848 4249 1902 4295 et

305 4346 440 4408 post
483 4345 719 4390 mortem
757 4332 927 4402 patris
966 4331 1274 4401 imperatori
1307 4345 1566 4401 perquam
1599 4332 1899 4395 familiaris,

307 4427 557 4498 plurima
602 4423 927 4477 monasteria
961 4437 1057 4490 per
1088 4421 1432 4489 Aquitaniam
1475 4430 1530 4474 et
1567 4421 1900 4489 provinciam

308 4512 733 4572 Narbonensem
770 4513 1060 4575 exstruxit,
1097 4527 1162 4565 ac
1193 4511 1532 4566 sanctissime
1566 4512 1897 4582 gubernavit.

309 4607 428 4662 Sed
478 4605 698 4660 tandem
759 4603 826 4657 ab
873 4602 1062 4656 eodem
1115 4601 1440 4669 imperatore
1489 4600 1757 4655 Ludovico
1809 4600 1904 4656 Pio

306 4699 726 4769 Aquisgranum
745 4701 983 4757 vocatus,
1008 4693 1150 4753 Iudae
1166 4692 1470 4747 coenobium
1491 4692 1741 4758 instituit,
1764 4693 1907 4752 unde

310 4798 372 4844 et
407 4786 666 4842 Indensis
695 4784 851 4838 abbas
881 4798 1021 4852 δερμα
1048 4781 1376 4852 appellatur,
1403 4783 1504 4838 sub
1531 4781 1682 4852 cujus
1716 4783 1904 4853 praesi-

310 4880 432 4942 dio,
465 4891 611 4930 anno
639 4873 774 4938 818,
806 4873 1126 4942 Aquisgrani
1151 4872 1366 4927 habitus
1389 4880 1473 4926 est
1499 4881 1795 4928 conventus
1819 4872 1909 4926 ab-

313 4967 516 5022 batum
547 4964 796 5019 Francite
824 4978 946 5018 cum
975 4963 1084 5017 suis
1112 4961 1388 5018 monachis
1410 4977 1507 5030 pro
1531 4961 1909 5018 reformatione

311 5056 806 5117 monasteriorum,
839 5061 994 5123 prout
1013 5051 1122 5106 Leo
1143 5051 1404 5107 Ostiensis
1429 5050 1482 5106 in
1503 5051 1771 5124 Chronico
1787 5052 1911 5107 Cas-

311 5146 536 5202 sinensi
564 5143 744 5214 capite
768 5143 832 5197 18
857 5142 1095 5206 notavit,
1124 5150 1284 5211 atque
1308 5141 1363 5195 in
1387 5140 1699 5210 praefatione
1729 5143 1798 5196 ad
1821 5157 1911 5195 ea-

307 5237 503 5308 pitnla
526 5235 604 5290 ibi
629 5235 844 5290 sancita.
862 5233 1079 5288 disertis
1103 5233 1280 5288 verbis
1304 5235 1590 5304 reperitur.

1085 5321 1175 5375 ιχ.

383 5414 488 5471 Ad
529 5411 931 5468 reformandum
971 5411 1132 5483 igitur
1172 5414 1370 5467 statum
1405 5415 1758 5474 monasticam
1783 5429 1914 5470 con-

306 5509 562 5562 uitutus
610 5511 829 5558 sanctus
875 5503 1196 5558 Benedictus
1232 5503 1556 5560 Anianensis
1598 5521 1629 5559 a
1673 5506 1915 5574 piissimo

305 5601 668 5669 imperatore
697 5594 965 5650 Ludovico
993 5596 1280 5666 primarius
1305 5611 1506 5665 przeses
1529 5611 1716 5651 omnes
1742 5597 1919 5674 Begu-

309 5689 403 5776 μδ
432 5685 774 5742 monasticas
796 5695 919 5760 ante
956 5686 1237 5741 exordiu’m
1272 5687 1449 5742 εαξρωί
1493 5705 1543 5740 xx
1569 5683 1921 5757 conscriptas

2738 3257 2825 3310 XI.

2067 3347 2179 3402 Hoc
2222 3364 2285 3400 ex
2341 3347 2507 3400 variis
2556 3354 2864 3400 sanctorum
2907 3345 3126 3396 Patrum
3170 3343 3321 3395 Actis
3351 3341 3569 3395 omnino

1998 3446 2231 3502 constat,
2263 3447 2420 3505 atque
2456 3437 2656 3490 clarius
2695 3435 2983 3504 patebitcx
3009 3432 3204 3485 Leonis
3228 3432 3406 3484 Allatii
3436 3447 3573 3500 pra:-

1998 3527 2197 3580 fatione
2227 3527 2293 3579 ad
2328 3533 2643 3593 praesentem
2683 3522 3004 3589 Regularum
3035 3520 3442 3588 Codicemmox
3478 3521 3574 3572 ad-

1998 3616 2238 3671 ducenda
2261 3655 2274 3677 ,
2305 3615 2394 3668 ubi
2422 3615 2506 3667 vir
2533 3613 2878 3666 doctissimus
2907 3611 3109 3663 exertis
3144 3609 3324 3664 verbis
3350 3619 3574 3665 conten-

1997 3703 2098 3768 dit,
2131 3703 2430 3757 nnllatenus
2460 3703 2550 3754 tali
2591 3702 2782 3755 unitati
2811 3701 3026 3754 obstare
3059 3699 3310 3754 ordinum
3350 3701 3574 3755 diversi-

2000 3803 2183 3848 tatem.
2223 3813 2240 3844 ‹
2270 3794 2478 3848 Etenim
2508 3793 2629 3858 illae,
2665 3792 2854 3861 inquit,
2895 3808 2925 3845 a
2961 3792 3205 3863 singulis,
3245 3801 3304 3846 ut
3332 3807 3574 3863 prtesens

1998 3901 2128 3940 usus
2152 3885 2428 3954 poscebat,
2455 3884 2708 3938 Patribus
2739 3882 2951 3964 scriptae
2983 3881 3212 3937 aliorum
3251 3881 3449 3936 similia
3476 3897 3574 3936 cu-

1998 3975 2262 4045 pientium
2294 3975 2483 4028 studiis
2508 3973 2789 4042 descriptze
2819 3972 2869 4025 in
2895 3986 3178 4027 commune
3202 3972 3574 4042 proponeban-

2000 4073 2088 4117 tur
2121 4081 2131 4115 :
2162 4063 2225 4115 ut
2265 4077 2332 4116 ex
2381 4063 2466 4117 his
2516 4063 2714 4132 quique
2761 4076 2857 4131 pro
2903 4061 3143 4116 locorum
3191 4070 3247 4115 et
3293 4061 3575 4116 nationum

2001 4154 2299 4209 differentia
2348 4155 2513 4207 vitam
2567 4153 2842 4218 uniformi,
2878 4153 3052 4222 quoad
3090 4152 3381 4223 prtecipua,
3418 4154 3579 4209 disci-

1999 4247 2146 4315 plina
2190 4253 2575 4315 temperarent.
2625 4245 2887 4299 Primaria
2929 4259 3058 4298 sane
3102 4252 3157 4298 et
3199 4246 3352 4314 quasi
3396 4244 3583 4299 funda-

2001 4336 2252 4390 mentalis
2284 4317 2672 4389 monachorum
2701 4333 2898 4403 Regula
2922 4331 3266 4402 Evangelium
3289 4342 3437 4396 erat;
3465 4333 3574 4396 illa,

2003 4427 2221 4495 inquam
2240 4467 2256 4492 ,
2283 4426 2487 4481 Christi
2504 4425 2725 4480 consilia
2748 4465 2763 4487 ,
2789 4439 2908 4492 qua:
2932 4430 3171 4478 castrare
3194 4423 3427 4492 seipsum
3454 4438 3580 4491 pro-

2007 4525 2125 4586 pter
2151 4532 2372 4588 regnum
2395 4515 2681 4578 cmlorum;
2711 4528 2830 4582 qum
2859 4514 3127 4582 abnegare
3157 4528 3234 4579 se,
3270 4521 3324 4566 et
3357 4527 3575 4566 crucem

2007 4609 2222 4674 tollere;
2265 4622 2384 4676 quae
2423 4613 2632 4675 patrem
2673 4612 2726 4658 et
2773 4612 3021 4668 matrem,
3052 4617 3295 4667 uxorem,
3331 4610 3384 4656 et
3421 4617 3579 4672 agros

2002 4706 2225 4768 propter
2267 4694 2543 4750 Christum
2590 4693 2927 4761 relinquere;
2977 4706 3096 4761 qua:
3135 4691 3366 4746 vendere
3410 4691 3578 4759 patri-

2007 4788 2208 4852 monia,
2243 4793 2300 4841 et
2331 4785 2462 4839 dare
2491 4783 2835 4852 pauperibus,
2879 4783 3065 4852 sicque
3103 4782 3272 4836 nudos
3305 4782 3579 4837 Christum

2007 4876 2157 4945 sequi
2190 4874 2506 4930 suadebant.
2548 4872 2764 4942 Regulae
2796 4872 3144 4942 particulares
3174 4872 3306 4925 nihil
3335 4873 3434 4927 nisi
3465 4873 3581 4943 ejus

2007 4966 2196 5035 prima;
2223 4963 2439 5034 Regulae
2469 4961 2853 5031 applicationes
2888 4968 2983 5014 aut
3016 4960 3405 5014 declarationes
3444 4960 3582 5016 locis

2009 5064 2063 5111 et
2082 5055 2326 5126 personis
2346 5054 2658 5123 plerumque
2687 5060 2882 5120 aptatae
2915 5051 3268 5106 habebantur.
3301 5071 3319 5104 ι
3366 5051 3502 5107 Hinc
3526 5052 3582 5107 in

2009 5164 2116 5204 uno
2144 5149 2438 5218 eodemque
2464 5145 2791 5201 monasterio
2821 5145 3000 5214 plures
3026 5145 3311 5216 aliquando
3339 5155 3583 5216 receptas

2013 5238 2242 5308 [tegulas
2269 5235 2586 5305 reperimus,
2617 5244 2776 5304 prout
2795 5233 3088 5303 Gregorius
3108 5234 3457 5300 Turonensis,
3487 5236 3580 5291 lib.

2012 5344 2068 5392 χ,
2105 5343 2223 5397 cap.
2264 5327 2351 5390 18,
2379 5327 2445 5381 de
2471 5325 2751 5379 Attanensi
2787 5326 2926 5394 apud
2964 5325 3276 5381 Lemovieas
3311 5321 3582 5381 monaste-

2013 5417 2097 5471 rio
2144 5424 2394 5479 testatur,
2440 5415 2494 5468 in
2540 5429 2648 5484 quo
2703 5431 2721 5465 ι
2747 5429 2851 5469 non
2896 5415 3055 5470 modo
3092 5415 3355 5484 Cassiani,
3399 5433 3587 5475 verum

2015 5507 2179 5561 etiam
2212 5506 2395 5560 Basilii
2431 5513 2487 5560 et
2527 5506 2854 5575 reliquorum
2894 5507 3170 5572 abbatum,
3201 5508 3290 5577 qui
3318 5518 3588 5564 monaste-

2017 5596 2205 5652 rialem
2241 5598 2405 5650 vitam
2450 5596 2819 5661 instituerunt,
2857 5595 3268 5652 celebrabantur
3298 5595 3531 5670 Regulre.
3562 5615 3582 5648 ι

2023 5687 2186 5743 Multa
2227 5688 2349 5745 talia
2392 5689 2550 5758 hujus
2597 5689 2676 5744 rei
2722 5689 2965 5760 exempla
3006 5690 3223 5746 :Uducit
3261 5691 3588 5744 clarissimus
