3942 6190
386 396 426 422 ς,

386 400 426 422 τι

386 424 427 451 ι’(
452 400 485 454 9

1364 387 1424 442 S.
1468 385 1825 442 BENEDICTl
1864 382 2152 461 ABBAH§
2190 382 2591 439 ANlANENSlS

3391 346 3413 401 ’λ
3512 388 3616 445 too

385 511 717 566 Ilubillonius
744 509 795 562 in
820 507 933 562 suis
960 503 1365 575 praefationibus
1385 503 1452 555 ad
1475 502 1607 555 Acta
1630 500 1950 555 Sanctorum
1978 499 2025 558 A
2053 506 2106 550 et
2146 499 2322 552 vicino
2355 499 2581 565 venerit,
2634 500 2856 553 haberet
2901 499 3111 555 abbatis
3146 501 3227 555 sui
3272 516 3620 568 consensum,

381 605 509 657 Uni.
546 601 607 656 S;
633 598 932 662 Benedicti,
957 604 1015 651 et
1039 595 1308 666 praecipue
1340 596 1393 648 in
1422 592 1734 663 praefatione
1769 593 1835 647 ad
1870 601 1953 645 to-

384 709 529 747 mum
568 692 587 745 ι
625 688 912 744 Annalium
946 686 1440 750 Benedictinorum,
1480 685 1573 739 ubi
1613 699 1680 738 ex
1713 682 1956 754 professo

382 786 493 855 agit
534 784 598 837 de
632 782 735 835 hac
774 786 949 834 status
981 775 1266 833 monastiei
1299 777 1530 842 unitate,
1565 790 1670 831 non
1706 776 1956 830 obstante

387 884 463 931 tot
491 871 817 944 [tegularum
843 869 1103 923 varietate
1122 908 1137 933 ,
1167 882 1287 937 quae
1305 869 1500 937 sacpius
1521 867 1577 920 in
1603 881 1711 921 uno
1740 866 1956 920 eodem-

383 979 487 1033 que
531 963 651 1017 loco
701 958 1160 1024 observabantur,
1203 957 1365 1012 etiam
1407 964 1530 1027 post
1566 956 1956 1026 promulgatam

387 1053 644 1122 Regulam
675 1048 1100 1105 Benedictinam.
1144 1046 1237 1102 Sic
1262 1055 1482 1102 sanctus
1502 1046 1828 1101 Philihertus
1854 1044 1958 1099 Ge-

389 1140 719 1197 metticensis
743 1139 974 1193 ctenobii
1000 1138 1251 1193 conditor
1269 1146 1324 1192 et
1345 1136 1512 1191 abbas
1539 1155 1557 1187 ‹
1580 1137 1752 1191 sancti
1777 1135 1958 1190 Basilii

385 1232 728 1295 Chrismata,
774 1229 995 1284 Macarii
1040 1228 1332 1298 Regulam,
1380 1228 1654 1283 Benedicti
1705 1227 1957 1292 Decreta,

388 1319 702 1374 Culumbani
742 1319 994 1376 lnstituta
1035 1317 1373 1374 sanctissima
1398 1358 1412 1383 ,
1467 1316 1680 1372 assidua
1732 1316 1960 1372 lectione

390 1412 762 1479 frequentasse
789 1408 1005 1481 legitur.
1030 1429 1048 1461 ι
1318 1452 1325 1457 .

1126 1498 1236 1553 XII.

464 1588 615 1644 Unde
653 1588 998 1659 perspicuum
1032 1596 1116 1643 est
1141 1588 1467 1660 [tegularum
1509 1588 1963 1658 multiplicitatem

391 1678 696 1733 nullatenus
737 1680 1009 1733 induxisse
1048 1679 1297 1734 ordinum
1335 1680 1757 1735 monasticorum
1787 1680 1965 1734 diver-

390 1774 629 1837 sitatem,
655 1772 866 1842 qualem
895 1787 1035 1826 nunc
1062 1772 1338 1839 videmus;
1372 1773 1590 1841 quando
1620 1773 1818 1828 diversi
1844 1788 1962 1827 mo-

392 1866 691 1935 nachorum
736 1865 955 1920 ordines
1007 1875 1157 1921 certo
1208 1867 1525 1923 charactere
1573 1867 1958 1933 discriminati,

390 1963 446 2008 et
472 1955 640 2009 certis
670 1970 733 2009 ac
776 1956 969 2023 cuique
1003 1956 1236 2025 propriis
1275 1955 1502 2026 legibus,
1533 1955 1830 2027 oﬂiciisque
1856 1957 1966 2013 Deo

393 2043 666 2098 tuilitant:
700 2058 800 2098 nec
828 2042 1003 2098 facilis
1035 2045 1103 2099 ab
1134 2058 1240 2099 uno
1268 2037 1335 2099 ad
1363 2043 1528 2098 alium
1556 2045 1802 2100 ordinem
1832 2060 1964 2099 con-

394 2137 606 2191 ceditur
644 2137 923 2199 transitus,
956 2136 1159 2206 absque
1184 2151 1363 2191 annua
1397 2135 1717 2205 probatione
1744 2144 1799 2191 et
1828 2151 1966 2191 nova

396 2227 614 2281 naviter
643 2226 876 2295 suscepti
904 2227 1110 2281 ordinis
1146 2226 1373 2280 solemni
1407 2225 1762 2295 professione.
1792 2225 1968 2281 Adeo—

398 2333 505 2386 que
532 2317 721 2387 primis
754 2317 859 2371 illis
880 2316 1090 2371 saeculis
1114 2316 1361 2371 monachi
1396 2316 1497 2370 sub
1522 2331 1630 2370 una
1653 2315 1966 2386 particulari

398 2408 601 2479 Regula
630 2408 862 2472 educati,
882 2407 958 2462 de
993 2422 1102 2461 uno
1123 2408 1191 2461 ad
1216 2407 1362 2462 aliud
1391 2409 1779 2463 monasterium
1805 2409 1968 2463 etiam

395 2500 502 2553 alia
548 2499 845 2555 monastiea
881 2498 1085 2570 Regula
1122 2498 1479 2569 gubernatum
1536 2498 1694 2554 facile
1737 2501 1970 2555 transire

286 2636 295 2651 ,
396 2597 719 2659 potuerunt,
772 2588 913 2643 nulla
958 2590 1162 2645 emissa
1210 2604 1348 2644 nova
1396 2589 1753 2659 professione,
1795 2606 1970 2660 neque

398 2681 631 2735 admissa
682 2695 860 2734 annua
914 2680 1250 2750 probatione.
1307 2679 1477 2748 Hujus
1529 2681 1755 2735 unitatis
1805 2681 1970 2736 etiam

399 2772 540 2841 apud
593 2772 886 2827 monachos
949 2771 1283 2826 diversarum
1349 2771 1675 2842 [tegularum
1739 2771 1971 2826 cultores

396 2861 617 2915 evidens
646 2870 1021 2931 argumentum
1062 2861 1219 2915 nobis
1258 2861 1567 2929 suppeditat
1599 2861 1711 2929 ipse
1753 2868 1971 2916 sanctus

400 2950 721 3005 Benedictus
766 2951 1154 3005 monachorum
1191 2948 1616 3005 Occidentalium
1664 2951 1971 3020 patriarcha

393 3041 453 3093 in
483 3039 702 3108 Regula:
729 3055 840 3093 suae
868 3039 1044 3109 capite
1071 3040 1159 3103 6i,
1187 3039 1278 3094 ubi
1310 3039 1389 3094 sic
1408 3040 1688 3110 praecipit:
1720 3058 1739 3090 ι
1771 3039 1826 3093 Si
1850 3041 1973 3110 quis

402 3129 699 3183 monachus
745 3128 1065 3198 peregrinus
1124 3143 1156 3183 e
1203 3127 1509 3198 longinquis
1562 3128 1855 3198 provinciis
1913 3131 1968 3183 in

404 3217 790 3271 monasterium
828 3218 1234 3285 supervenerit,
1274 3217 1320 3271 si
1359 3232 1459 3287 pro
1494 3218 1705 3286 hospite
1739 3218 1969 3274 voluerit

404 3307 649 3361 habitare
686 3306 740 3359 in
771 3307 1122 3372 monasterio,
1167 3315 1223 3361 et
1247 3316 1534 3363 contentus
1558 3308 1717 3364 fuerit
1746 3324 1971 3366 consue-

403 3398 588 3453 tudine
626 3396 749 3462 loci,
789 3396 1117 3466 suscipiatur
1166 3406 1368 3467 quanto
1405 3407 1644 3469 tempore
1693 3401 1859 3469 cupit.
1912 3400 1969 3456 Si

402 3500 532 3563 vero
559 3491 744 3554 postea
770 3484 1002 3539 voluerit
1036 3485 1385 3540 stabilitatem
1422 3503 1572 3542 suam
1599 3488 1835 3555 ﬁrmare,
1862 3505 1970 3545 non

402 3584 658 3631 renuatur
699 3576 827 3631 talis
865 3575 1134 3643 voluntas,
1167 3584 1221 3630 et
1248 3578 1295 3631 si
1323 3579 1529 3649 quidem
1567 3580 1648 3633 uir
1675 3580 1816 3651 frugi
1848 3582 1968 3646 erit,

336 3732 339 3735 _
401 3684 506 3723 non
542 3668 740 3735 solum,
775 3668 819 3722 si
860 3667 1095 3736 petierit,
1138 3668 1464 3737 suscipiatur
1504 3670 1556 3723 in
1601 3670 1973 3741 congregatio-

400 3775 561 3824 nem,
618 3773 807 3813 verum
859 3759 1023 3813 etiam
1069 3758 1382 3824 suadentur,
1433 3768 1495 3812 ut
1549 3768 1684 3825 stet;
1744 3769 1804 3815 ut
1854 3762 1971 3832 ejus

400 3847 646 3918 exemplo
683 3847 777 3902 alii
811 3847 1148 3912 erudiantur,
1195 3855 1249 3903 et
1280 3849 1405 3918 quia
1453 3848 1507 3903 in
1546 3852 1692 3904 omni
1734 3850 1850 3906 loco
1879 3853 1970 3906 uni

402 3939 627 3993 Domino
655 3928 891 3994 servitur
921 3948 976 3992 et
1003 3939 1092 3991 uni
1122 3938 1232 4008 regi
1258 3940 1535 3993 militatur.
1573 3960 1591 3992 ι

1123 4028 1256 4082 Xlll.

473 4120 539 4172 lu
585 4117 924 4185 susceptione
977 4115 1141 4183 igitur
1189 4117 1457 4185 peregrini
1509 4120 1759 4174 monachi
1808 4121 1970 4177 etiam

402 4209 503 4262 sub
539 4207 713 4260 aliena
746 4204 948 4275 Regula
996 4203 1230 4268 educati,
1270 4213 1490 4261 sanctus
1514 4205 1836 4264 Benedictus
1861 4226 1969 4265 non

400 4297 651 4366 exigebat
691 4310 925 4350 annuam
966 4294 1360 4365 probationem,
1405 4295 1488 4349 vel
1530 4313 1723 4352 novam
1755 4299 1971 4369 Regula:

403 4404 514 4443 sua:
540 4386 950 4456 professionem,
981 4386 1075 4440 sed
1108 4394 1315 4440 tantum
1338 4387 1646 4457 requirebat
1670 4391 1971 4448 stabilitatis

398 4480 795 4550 promissionem
845 4478 914 4533 ob
972 4486 1218 4532 mutuum
1271 4478 1462 4533 initum
1522 4480 1662 4536 inter
1713 4492 1969 4556 utrosque

2055 601 2117 640 ac
2153 587 2360 641 litteras
2409 588 2897 653 commcndatitias,
2935 605 3001 644 ne
3041 589 3176 644 alias
3218 591 3332 646 haec
3374 595 3625 650 monachi

2055 678 2309 733 admissio
2345 680 2655 734 scandalum
2691 681 2774 734 vel
2810 680 3190 736 ofl‘endiculum
3226 683 3368 743 inter
3397 685 3486 739 illa
3516 686 3627 742 duo

2054 770 2380 823 monasteria
2407 780 2711 839 generaret.

2771 860 2907 916 XIV.

2125 946 2241 1003 Non
2264 964 2396 1019 ergo
2416 949 2731 1005 distinctum
2753 951 2998 1007 ordinem
3024 954 3383 1009 monasticum
3407 965 3632 1013 sanctus

2057 1036 2377 1093 Benedictus
2413 1040 2666 1106 instituit,
2705 1055 2805 1097 nec
2850 1043 3249 1111 praescribendo
3292 1046 3631 1103 stabilitatem

2057 1138 2105 1182 et
2126 1145 2328 1183 morum
2350 1131 2731 1186 conversionem
2754 1131 2994 1203 (Regulae
3010 1132 3372 1190 Benediclinas
3393 1151 3513 1206 cap.
3535 1137 3629 1208 58)

2059 1218 2258 1287 aliquid
2283 1220 2572 1275 cssentiale
2598 1220 2893 1285 innovavit,
2923 1222 3019 1277 sed
3045 1222 3218 1277 solum
3246 1238 3313 1278 ex
3344 1224 3463 1280 aliis
3490 1241 3631 1295 pra:-

2058 1308 2373 1363 cedentibus
2402 1310 2791 1364 monachorum
2818 1309 3039 1381 Regalis
3068 1320 3123 1367 et
3143 1312 3632 1370 Constitutionibus

2060 1405 2261 1452 statum
2311 1400 2668 1454 monasticum
2712 1400 2945 1455 reddidit
2982 1403 3447 1470 prmstantiorem,
3490 1422 3634 1477 prato

2062 1487 2346 1541 scribendo
2378 1487 2632 1558 Regulam
2671 1490 2983 1551 discretione
3015 1492 3356 1561 praecipuam,
3397 1510 3634 1549 sermone

2063 1575 2402 1631 luculentam.
2435 1576 2557 1632 Pari
2592 1581 2753 1635 modo
2779 1580 3187 1636 discurrendum
3222 1591 3305 1637 est
3329 1584 3475 1639 circa
3505 1586 3636 1657 rigi-

2065 1668 2188 1723 dam
2230 1667 2514 1724 Scotorum
2567 1672 2951 1727 monachorum
2997 1673 3354 1744 diseiplinam,
3383 1691 3504 1745 qua:
3549 1690 3638 1733 ta-

2067 1772 2192 1811 men
2229 1757 2460 1817 miriilce
2487 1768 2781 1831 propagata
2807 1768 2889 1815 est
2928 1777 3034 1816 non
3065 1761 3241 1817 solum
3275 1762 3331 1818 in
3356 1764 3637 1820 Britannia

1992 1830 2038 1889 Β
2066 1858 2121 1905 et
2151 1849 2427 1913 Hibernia,
2455 1864 2645 1907 verum
2670 1830 2845 1907 etiam
2879 1854 3018 1923 apud
3039 1852 3222 1910 Gallos
3247 1864 3303 1910 et
3329 1856 3489 1913 Italos
3535 1874 3638 1928 per

2065 1948 2311 1995 sanctum
2338 1940 2728 1997 Columbanum
2767 1940 2990 2012 ejusque
3030 1945 3229 2011 socios,
3258 1946 3467 2001 etiamsi
3507 1963 3643 2002 non-

2066 2028 2210 2083 nulla
2239 2029 2308 2083 ab
2334 2030 2566 2085 aliorum
2596 2033 3041 2087 monasteriorum
3069 2034 3265 2090 ritibus
3287 2035 3641 2092 abhorrentia

2066 2118 2536 2189 complecteretur.
2576 2119 2775 2176 Notum
2801 2122 2998 2193 quippe
3037 2132 3124 2178 est
3167 2124 3266 2179 hos
3296 2124 3492 2180 Scotos
3519 2142 3614 2181 mo

2066 2209 2270 2263 nachos
2316 2224 2383 2263 ex
2427 2224 2615 2266 errore
2666 2210 2859 2265 calculi
2906 2211 3063 2267 aliter
3113 2212 3313 2269 festum
3356 2215 3642 2273 Paschatis

2066 2297 2370 2353 celebrasse
2398 2340 2413 2366 ,
2482 2317 2647 2370 quam
2703 2302 2794 2356 alii
2848 2302 3184 2369 Christiani,
3240 2306 3353 2376 ipsa
3406 2322 3643 2378 namque

2067 2399 2260 2458 quarta
2303 2391 2513 2446 decima
2560 2392 2716 2459 luna,
2765 2393 2811 2448 si
2855 2395 2907 2448 in
2955 2394 3287 2451 Dominicam
3339 2398 3640 2465 incidisset,

2067 2480 2280 2537 Pascha
2325 2482 2679 2540 celebrantes.
2722 2483 2857 2540 Dein
2898 2500 3084 2540 eorum
3119 2496 3336 2542 tonsura
3375 2488 3651 2546 clericalis

2069 2572 2228 2642 longe
2272 2574 2551 2630 dissimilis
2585 2584 2705 2629 erat
2759 2590 2789 2628 a
2836 2576 3078 2631 Romana
3128 2585 3183 2631 et
3229 2577 3420 2633 Grzeca
3458 2596 3474 2637 :
3517 2596 3641 2635 rasa

2069 2663 2274 2718 scilicet
2321 2666 2579 2719 anteriori
2626 2666 2819 2736 capitis
2862 2677 3015 2736 parte
3062 2669 3129 2722 ab
3161 2684 3292 2723 aure
3326 2672 3392 2725 ad
3430 2688 3636 2735 aurem,

2069 2752 2354 2821 posteriori
2395 2753 2626 2809 intonsa.
2650 2753 2851 2809 Verum
2887 2756 2971 2811 his
3011 2758 3236 2827 aliisque
3264 2759 3494 2817 diversis
3523 2763 3644 2816 riti-

2069 2843 2171 2897 bus
2213 2857 2319 2896 non
2360 2842 2701 2900 obstantibus
2740 2860 3005 2915 nusquam
3051 2846 3276 2917 legimus
3318 2850 3417 2905 hos
3447 2850 3642 2907 Scotos

2069 2936 2365 2991 monachos
2404 2937 2749 2992 constituisse
2793 2938 3065 2993 diversum
3111 2934 3181 2993 ab
3215 2940 3335 2995 aliis
3380 2942 3639 2998 monasti-

2071 3040 2193 3078 cum
2216 3026 2487 3082 ordinem.

2139 3206 2272 3261 Nam
2304 3208 2348 3261 si
2378 3208 2610 3263 ordinem
2636 3212 2981 3265 monasticam
3018 3212 3072 3267 in
3101 3216 3428 3271 monasterio
3455 3216 3644 3273 Culro-

2069 3297 2215 3350 sensi
2261 3297 2458 3352 sacculo
2496 3314 2530 3352 v
2566 3300 2821 3355 usitatum
2868 3302 3239 3373 inspiciamus,
3289 3321 3448 3376 quem
3498 3308 3639 3365 inter

2067 3384 2227 3455 hujus
2252 3387 2466 3443 Codicis
2503 3389 2866 3446 additamenta
2911 3391 3320 3458 collocavimus,
3355 3405 3482 3452 tunc
3510 3412 3638 3466 per-

2070 3478 2390 3548 Spiciemus,
2450 3482 2697 3536 eamdem
2762 3481 3101 3553 disciplinam
3154 3487 3222 3540 ab
3274 3487 3641 3546 Orientalibus

2070 3583 2223 3637 teque
2250 3584 2315 3623 ac
2341 3568 2774 3627 Occidentalibus
2799 3575 3076 3629 monachis
3110 3577 3384 3643 usitatam,
3416 3580 3458 3633 si
3490 3583 3642 3636 exci-

2069 3660 2188 3729 pias
2227 3658 2537 3730 frequentes
2574 3661 2629 3716 in
2663 3678 2859 3732 aquam
2897 3665 3272 3723 immersioncs
3302 3668 3479 3725 Scotis
3524 3688 3643 3727 mo-

2073 3750 2259 3805 nachis
2295 3750 2615 3819 peculiares.
2654 3752 2722 3807 Et
2759 3755 3005 3823 quamvis
3035 3766 3254 3811 sanctus
3276 3757 3642 3817 Columbanus

2072 3843 2291 3897 natione
2335 3842 2562 3909 Scotus,
2604 3854 2658 3901 et
2692 3856 3039 3916 paternarum
3082 3830 3439 3906 traditionum'
3471 3854 3639 3909 etiam

2071 3933 2405 3988 exoticamm
2458 3937 2755 3992 acerrimus
2790 3937 3027 4005 vindex,
3063 3954 3185 3995 cum
3228 3949 3403 3997 turma
3449 3959 3642 3999 mona-

2072 4022 2319 4088 chorum,
2353 4038 2496 4080 anno
2524 4024 2629 4080 590
2665 4026 2718 4080 in
2747 4026 2949 4082 Gallias
2985 4035 3292 4097 secesserit,
3326 4041 3484 4103 atque
3517 4037 3646 4089 aedi-

2072 4110 2247 4166 ficatis
2260 4112 2504 4182 pluribus
2529 4117 2873 4172 monasteriis
2901 4118 3155 4189 Regulam
3180 4122 3503 4190 peculiarem
3526 4126 3645 4181 suis

2073 4203 2353 4258 monachis
2390 4206 2809 4275 praescripserit;
2853 4216 3090 4265 attamen
3138 4226 3245 4266 non
3290 4229 3489 4269 novum
3524 4232 3644 4271 mo-

2073 4296 2339 4351 nasticum
2365 4298 2610 4352 ordinem
2638 4298 2886 4365 instituit,
2916 4302 3010 4356 sed
3039 4301 3105 4356 ad
3135 4302 3487 4360 imitationem
3510 4321 3642 4362 san-

2073 4387 2146 4440 cti
2175 4386 2470 4451 Benedicti,
2506 4402 2572 4442 ex
2601 4388 2722 4443 aliis
2755 4391 3058 4461 peregrinis
3096 4395 3440 4450 monasteriis
3473 4395 3641 4451 adve-

2077 4477 2287 4532 nientes
2332 4477 2625 4533 monachos
2672 4478 2839 4534 libere
2889 4490 2945 4535 et
2986 4482 3188 4551 absque
3234 4482 3415 4553 aliquo
3448 4500 3644 4542 annum

402 4545 759 4626 contractum.
802 4567 975 4637 Hujus
996 4569 1381 4638 promittendae
1417 4571 1729 4629 stabilitatis
1766 4545 1965 4631 formu-

2074 4565 2405 4634 probationis
2440 4567 2705 4638 exemplo,
2749 4568 2803 4622 in
2839 4585 2991 4624 suam
3026 4545 3494 4643 congregationem
3520 4591 3645 4631 sus-

396 4664 502 4716 lam
534 4678 599 4717 ex
624 4660 932 4716 Hildemaro
961 4660 1182 4729 antiquo
1204 4659 1418 4730 Regulae
1441 4660 1798 4720 Benedictinae
1821 4682 1969 4721 com-

395 4759 753 4814 mendatore,
805 4749 1024 4805 adducit
1075 4749 1323 4805 laudatus
1374 4751 1713 4810 Mabillonius
1772 4756 1965 4811 Annal.

397 4844 597 4899 Bened.
642 4852 773 4898 tom.
808 4842 854 4907 .I,
904 4841 998 4896 lib.
1028 4857 1145 4907 vui,
1197 4857 1320 4913 pag.
1346 4843 1468 4908 215,
1503 4861 1625 4915 qua:
1660 4848 1782 4903 talis
1817 4859 1965 4905 erat:

406 4954 423 4985 ι
462 4935 570 5005 Ego
612 4933 675 4987 N.
707 4933 930 4988 veniens
976 4933 1042 4987 de
1085 4930 1391 5002 longinquis
1426 4937 1724 5004 provinciis
1769 4939 1823 4992 in
1867 4940 1969 4994 hoc

400 5023 808 5088 monasterium,
838 5022 966 5092 quia
992 5021 1197 5090 placuit
1219 5022 1349 5076 mihi
1373 5025 1711 5079 conversatio
1737 5025 1966 5081 fratrum

400 5113 554 5167 istius
592 5112 725 5178 loci,
761 5122 816 5168 et
864 5112 970 5167 illis
1014 5111 1215 5181 placuit
1259 5127 1381 5167 mea
1425 5115 1810 5173 conversatio:
1844 5117 1966 5172 ideo

398 5202 751 5258 stabilitatem
812 5217 988 5256 meam
1045 5201 1101 5256 in
1151 5201 1254 5256 hoc
1300 5203 1631 5257 monasterio
1684 5218 1782 5273 per
1827 5206 1967 5261 hanc

398 5293 721 5363 scripturam
770 5307 953 5347 manu
981 5306 1100 5346 mea
1177 5292 1434 5363 scriptam
1497 5304 1759 5364 perpetuo
1831 5312 1964 5353 con-

400 5384 573 5438 ﬁrmo.
609 5402 630 5436 ι
668 5382 924 5452 Adeoque
961 5398 1068 5436 non
1104 5382 1268 5439 aliam
1309 5384 1574 5441 rationem
1613 5394 1669 5441 et
1704 5402 1964 5444 ceremo-

399 5478 518 5532 nias
561 5478 628 5532 ad
667 5476 1065 5546 suscipiendum
1101 5478 1444 5547 peregrinum
1484 5481 1808 5536 monachum
1847 5483 1965 5537 exi-

399 5568 557 5638 gebat
597 5576 817 5623 sanctus
839 5566 1193 5635 Benedictus,
1212 5566 1338 5622 licet
1372 5577 1428 5622 et
1451 5568 1706 5649 Regulam
1734 5573 1967 5639 peculia-

398 5676 512 5712 rem
553 5657 667 5725 jam
708 5657 1028 5724 condiderit,
1068 5658 1145 5735 ad
1198 5659 1300 5717 hoc
1345 5669 1521 5714 tamen
1568 5663 1873 5727 attendens,
1906 5672 1964 5716 ut

400 5750 694 5807 monachus
742 5750 829 5806 ilia
875 5750 1210 5825 peregrinus,
1262 5752 1307 5811 si
1350 5767 1415 5808 ex
1463 5756 1791 5810 monasterio
1836 5767 1963 5811 noto

2068 4654 2231 4723 cepit.
2281 4654 2373 4710 Sic
2420 4655 2601 4711 Attala
2653 4660 2948 4714 monachus
2986 4659 3301 4727 Lirinensis,
3352 4674 3641 4734 postquam

2071 4745 2254 4815 plures
2291 4761 2458 4802 annos
2495 4747 2605 4803 illic
2629 4746 2795 4804 vitam
2825 4753 3177 4808 monasticam
3203 4755 3403 4826 egisset
3426 4757 3639 4827 regula-

2070 4836 2143 4890 ris
2183 4836 2473 4913 disciplina:
2513 4839 2687 4893 studio
2739 4840 2808 4893 ad
2855 4849 3103 4896 sanctum
3145 4842 3538 4900 Columbanum
3580 4863 3642 4903 se

2070 4927 2302 4995 recepit;
2335 4943 2495 4998 quem
2520 4944 2645 4983 mox
2664 4930 2748 4984 vir
2769 4939 2988 4986 sanctus
3012 4949 3109 4987 suo
3129 4935 3418 4989 ministerio
3432 4937 3635 5007 junxit,

2072 5036 2135 5073 ac
2179 5021 2368 5075 divinis
2415 5024 2626 5077 monitis
2669 5007 2876 5079 erudire
2918 5026 3153 5082 tentavit.
3219 5026 3379 5081 Aliud
3423 5043 3641 5099 quoque

2070 5113 2372 5181 exemplum
2408 5114 2625 5169 adducit
2661 5128 2802 5185 saepe
2829 5116 3076 5172 laudatus
3104 5116 3459 5183 Mabillonius,
3486 5135 3639 5176 asse-

2070 5220 2199 5261 rens
2258 5207 2565 5262 Eustasium
2604 5208 2996 5264 Luxoviensem
3040 5211 3314 5275 abbatem,
3365 5221 3422 5267 et
3463 5215 3637 5267 sancti

2068 5295 2383 5352 Columbani
2436 5312 2805 5353 successorem
2852 5314 2918 5354 ex
2960 5300 3268 5370 Agaunensi
3308 5304 3642 5374 monasterio

2069 5385 2358 5445 abduxisse
2395 5401 2578 5442 secum
2613 5388 2671 5442 Β.
2694 5388 2945 5443 Amatam
2985 5389 3142 5446 istius
3173 5391 3409 5448 cmnobii
3449 5408 3639 5447 mona-

2068 5478 2250 5542 chum,
2287 5486 2341 5533 et
2377 5479 2432 5533 in
2465 5494 2685 5535 suorum
2718 5479 2943 5536 fratrum
2978 5483 3290 5539 societatem
3327 5483 3639 5544 immediate

2068 5568 2366 5623 admisisse.

2142 5711 2433 5820 Quartana
2466 5754 2646 5811 omnia
2684 5755 2814 5809 satis
2846 5771 3111 5828 superque
3154 5754 3423 5810 declarant
3459 5756 3639 5809 unita-
