3942 6190
285 291 389 347 ιρι

1286 294 1516 352 CODEX
1554 296 2006 353 REGULARUM.
2050 328 2119 339 —-
2156 298 2547 359 PREFATIO'.

3436 307 3542 361 402

287 416 394 459 tem
420 411 476 458 et
504 400 941 460 conformitatem
971 412 1146 461 status
1167 408 1451 463 monastici
1478 423 1587 463 non
1613 409 1865 464 obstante
1892 414 1942 472 Α
1965 411 2350 480 prophetarum
2372 416 2689 473 auacboresi
2709 418 2815 475 dici
2839 427 3037 489 potest,
3060 437 3335 493 nunquam
3358 435 3544 478 exem-

285 500 630 554 diversarum
657 497 987 569 Regularum
1034 500 1380 555 observantia
1405 540 1420 566 ,
1467 516 1587 570 qua:
1632 499 1765 555 locis
1812 508 1904 554 et.

284 588 535 660 personis
567 589 835 659 adaptatae
879 597 1136 658 tanquam
1162 587 1363 644 diversi
1392 590 1515 644 vita:
1556 588 1867 644 monastica:

286 678 668 733 commentarii
705 678 1039 733 considerari
1085 678 1312 745 debent,
1351 687 1412 733 ut
1449 688 1574 750 pote
1613 694 1719 734 non
1761 679 1866 734 nisi

286 768 645 839 particulares
676 769 844 838 ipsius
881 770 1120 825 mandati
1155 771 1453 842 evangelici
1484 771 1868 842 applicationes

288 868 339 913 et
376 858 799 917 declarationes.
846 859 912 914 Et
946 859 1167 930 quidem
1207 861 1310 931 ipsi
1348 862 1483 917 scoti
1515 862 1763 918 monachi
1800 862 1869 917 ad

285 951 725 1005 observationem
766 950 1018 1006 catholici
1049 951 1332 1007 Paschalis
1369 952 1614 1024 perducti
1652 962 1707 1009 et
1739 968 1870 1007 exo-

286 1044 450 1097 ticam
478 1058 634 1098 suam
665 1049 946 1099 tonsuram
975 1040 1305 1111 rejicientes,
1337 1044 1555 1098 tandem
1582 1045 1723 1099 hanc
1755 1061 1870 1100 mo-

286 1134 511 1189 nastica:
549 1133 677 1188 vitte
718 1133 981 1187 unitatem
1024 1134 1225 1203 ubique
1264 1133 1709 1199 manifestabant,
1759 1151 1867 1191 non

285 1225 539 1280 obstante
580 1224 754 1296 rigida
792 1240 980 1281 eorum
1018 1225 1324 1296 disciplina.
1359 1225 1515 1293 Nam,
1546 1238 1670 1297 post
1709 1242 1869 1299 syno-

286 1318 411 1371 dum
441 1313 897 1371 Matisconensem
926 1331 1068 1370 anno
1089 1314 1194 1370 525
1226 1316 1576 1384 celebratam,
1608 1319 1659 1372 in
1686 1320 1868 1373 omnia

286 1406 458 1462 μιηωὶ
497 1404 821 1460 Columbam
866 1406 1195 1461 monasteria
1239 1405 1381 1462 facili
1436 1408 1655 1478 negotio
1701 1409 1869 1464 intro-

283 1497 446 1551 ducta
480 1506 569 1550 est
593 1496 797 1567 Regula
829 1498 1003 1551 sancti
1028 1496 1336 1564 Benedicti;
1369 1508 1534 1567 atque
1562 1508 1701 1555 teste
1732 1500 1864 1555 Ven.

283 1587 355 1643 Bc
377 1589 443 1652 la,
482 1586 622 1643 Ilist.
650 1587 817 1643 Eccli.
848 1587 942 1642 lib.
964 1603 1027 1653 v,
1050 1596 1107 1643 et
1132 1589 1187 1643 in
1200 1589 1323 1645 Vita
1360 1589 1533 1645 sancti
1562 1588 1866 1657 Cuthberti,

283 1689 405 1748 post
444 1677 759 1734 conflictum
789 1678 1118 1734 Pharenscm
1150 1679 1293 1759 inter
1320 1679 1710 1735 Columbanum
1744 1680 1873 1736 Sco-

283 1781 418 1834 tum,
471 1782 527 1827 et
578 1769 886 1827 Wilfridum
947 1752 1180 1842 Anglum
1241 1772 1483 1837 initum,-
1519 1774 1572 1827 in
1619 1752 1942 1829 omnibusB

282 1859 773 1916 Norththumbrani
817 1861 969 1932 regni
1010 1861 1273 1916 coenobiis
1310 1877 1409 1932 per
1447 1860 1639 1917 Scotos
1680 1876 1870 1917 mona-

281 1954 415 2009 chos
445 1955 667 2019 erectis,
702 1954 905 2027 Regula
929 1955 1276 2012 Benedictina
1302 1972 1424 2012 cum
1450 1956 1622 2026 rigida
1652 1956 1868 2013 Scotica

280 2043 568 2114 disciplina
591 2043 793 2109 floruit,
821 2045 996 2100 donec
1024 2046 1141 2101 haec
1167 2046 1388 2102 omnino
1415 2046 1655 2102 obsoleta
1690 2055 1747 2102 et
1780 2047 1871 2101 illa

282 2134 399 2189 sola
449 2135 653 2205 ubique
696 2135 1013 2207 praevaluit;
1080 2135 1390 2192 immediate
1445 2136 1589 2191 enim
1650 2147 1871 2195 sanctus

282 2223 422 2277 Euta
454 2222 721 2281 Melrosia:
763 2225 819 2280 in
857 2224 1119 2281 hodierna
1167 2224 1350 2283 Scotia
1404 2227 1595 2294 abbas,
1637 2229 1870 2285 ρωποιἠῆ

280 2315 748 2373 Lindisfarnensis
778 2318 1226 2389 gubernationem
1258 2320 1518 2389 suscepit,
1550 2321 1637 2375 cui
1666 2330 1721 2375 et
1750 2336 1871 2377 suc-

280 2406 452 2461 cessit
485 2414 712 2462 sanctus
732 2406 1063 2464 Cuthbertus
1093 2406 1334 2475 ejusdem
1371 2409 1536 2464 etiam
1571 2409 1701 2464 olim
1736 2425 1873 2480 prm-

279 2498 513 2568 positus.
556 2495 751 2552 Postea
770 2505 973 2571 putem
1005 2484 1177 2563 Scoti,
1214 2506 1268 2554 et
1295 2497 1454 2563 Picti,
1487 2514 1583 2570 per
1622 2509 1871 2557 sanetum

282 2587 654 2653 Ceolfredum,
688 2596 746 2643 et
780 2595 1028 2644 sanctum
1064 2589 1391 2661 Eggbertum
1419 2590 1618 2663 Anglos
1648 2592 1871 2649 Benedi-

282 2683 462 2739 ctinos
521 2683 592 2738 ad
640 2691 848 2737 rectum
900 2682 1209 2738 celebrandi
1254 2683 1537 2741 Paschalis
1601 2688 1872 2742 tramitem

282 2779 554 2852 perducti,
606 2780 750 2834 circa
805 2794 1007 2833 annum
1042 2778 1145 2834 7I8
1172 2778 1433 2851 Regulam
1462 2780 1870 2835 Benedictinam

284 2868 525 2940 amplexi
573 2876 720 2935 sunt,
763 2869 908 2924 nulla
950 2869 1055 2923 alia
1101 2869 1495 2927 interveniente
1524 2872 1646 2926 vita:
1688 2887 1873 2927 mona-

285 2961 441 3016 sticae
469 2961 793 3027 mutatione,
824 2959 926 3017 nisi
957 2962 1101 3031 quod
1132 2959 1337 3030 rejecta
1371 2977 1467 3017 sua
1494 2961 1722 3017 deformi
1756 2974 1873 3019 ton-

285 3067 412 3105 sura
442 3050 656 3108 Scotica
696 3050 1038 3120 susceperint
1078 3059 1351 3106 tonsuram
1392 3051 1706 3106 coronalem.
1745 3052 1872 3109 Ilrec

284 3140 469 3195 omnia
497 3138 672 3195 fusius
710 3147 1012 3195 tractantur
1037 3140 1090 3194 in
1123 3139 1416 3195 Monastico
1448 3139 1672 3206 Scotico,
1699 3142 1788 3198 ubi
1816 3143 1870 3197 in

285 3231 532 3303 ejusdem
562 3231 820 3302 propyleo
848 3232 1176 3287 exhibentur
1202 3231 1504 3301 peculiares
1528 3232 1872 3290 dissertatio-

286 3338 385 3379 nes
420 3324 570 3378 circa
612 3338 792 3379 mores
831 3330 885 3378 et
922 3321 1258 3392 disciplinam
1289 3331 1533 3377 veterum
1581 3326 1869 3381 monacho.

287 3431 408 3470 rum
440 3413 764 3479 Scotorum,
805 3414 896 3484 qui
938 3413 1067 3469 olim
1112 3411 1562 3482 nuncupabantur
1590 3413 1765 3469 KiIdei
1819 3423 1877 3471 et

287 3507 518 3571 Kiledei,
552 3509 622 3563 ab
652 3508 784 3577 ipsis
810 3506 981 3572 cellis,
1014 3522 1148 3576 quas
1177 3504 1573 3572 inhabitabant,
1611 3522 1715 3562 non
1744 3522 1873 3562 vero

289 3615 319 3654 a
348 3600 521 3665 cultu,
561 3614 724 3670 quem
766 3599 965 3654 ibidem
987 3599 1332 3665 exercebant,
1377 3598 1873 3654 denominationem

290 3698 588 3747 sumentes.

1004 3777 1161 3833 XVII.

361 3872 616 3929 Stabilita
642 3871 810 3942 igitur
831 3868 1115 3925 monastici
1142 3876 1316 3923 status
1345 3867 1552 3922 unitate
1573 3874 1629 3922 et
1654 3867 1873 3933 unione,

294 3980 453 4035 quam
484 3961 815 4033 Regularum
848 3958 1221 4029 multiplicitas
1260 3972 1367 4012 non
1410 3957 1582 4029 magis
1606 3957 1872 4022 variabat,

294 4069 453 4125 quam
479 4052 646 4106 varia:
667 4066 808 4107 nunc
830 4049 1314 4107 commentationes
1339 4048 1393 4103 in
1416 4046 1673 4118 Regulam
1702 4047 1874 4102 sancti

297 4142 593 4206 Benedicti,
638 4155 707 4196 ex
753 4141 950 4211 quibus
992 4148 1197 4194 exortae
1234 4147 1361 4193 sunt
1413 4146 1492 4193 tot
1514 4137 1876 4194 BenediCtiute

296 4231 513 4305 Regule
551 4231 896 4303 propagines,
940 4229 1128 4301 quales
1162 4238 1307 4296 sunt,
1345 4229 1736 4295 Cluniacensis,
1774 4228 1877 4285 Ca-

298 4323 665 4388 maldulensis,
695 4319 1091 4384 Cisterciensis,
1133 4327 1188 4375 et
1216 4320 1397 4390 plures
1437 4320 1556 4376 aliae
1584 4321 1869 4376 monacho.

1966 499 2052 567 pla
2090 501 2177 555 illa
2204 504 2435 571 probare
2460 515 2686 575 possunt
2718 509 3017 578 perfectum
3046 519 3101 565 et
3123 512 3394 566 sincerum
3427 524 3536 565 mo-

1967 591 2338 659 nachismum,
2385 595 2480 649 sed
2528 597 2596 651 ad
2643 612 2912 653 summum
2955 608 3165 655 tantum
3209 599 3435 671 figuram
3485 610 3539 654 et

1968 679 2259 751 imaginem
2295 684 2475 751 potius
2516 688 2843 744 exhibebant
2885 704 3048 758 quam
3094 691 3264 760 ipsam
3310 689 3541 746 formam

1967 776 2023 823 et
2059 772 2384 837 essentiam;
2426 775 2529 839 ita,
2561 784 2625 830 ut
2656 777 2709 829 in
2741 778 2925 833 Veteri
2953 778 3323 845 Testamento,
3368 790 3543 836 status

1969 864 2251 917 monastici
2296 866 2542 933 quaedam
2587 868 2741 935 quasi
2780 870 3039 938 praeludia
3078 879 3135 926 et
3162 872 3422 941 praesagia
3464 888 3547 926 re-

1967 952 2143 1022 perire
2164 952 2254 1017 sit,
2281 970 2553 1023 nunquam
2581 964 2762 1012 tamen
2789 974 2915 1014 vera
2943 969 2999 1015 ct
3024 963 3334 1016 authentico
3362 979 3544 1017 exem-
3567 958 3593 993 ‘

1967 1042 2073 1113 pla.
2107 1043 2252 1098 Idem
2280 1054 2398 1100 esto
2421 1045 2688 1115 judicium
2718 1047 2785 1103 de
2811 1049 3032 1104 Essenis
3055 1038 3223 1104 vitam
3253 1053 3544 1120 quamdam

1968 1146 2308 1187 communem
2347 1134 2401 1188 in
2431 1151 2612 1190 rerum
2641 1137 2943 1192 divinarum
2975 1141 3425 1210 contemplatione
3456 1143 3548 1197 du-

1966 1224 2233 1288 centibus,
2265 1212 2494 1295 quorum
2530 1244 2710 1284 mores
2737 1229 2890 1286 Philo
2915 1230 3132 1287 Jndzcus
3166 1233 3305 1287 libro
3329 1236 3546 1304 proprio

1968 1314 2242 1370 describit.
2276 1316 2486 1371 Eruditi
2527 1319 2672 1374 enim
2704 1335 2894 1375 omnes
2924 1322 3026 1376 hoc
3053 1330 3238 1378 nostro
3268 1339 3389 1379 sevo
3422 1340 3549 1379 con-

1967 1405 2224 1468 sentiunt,
2263 1404 2520 1461 Hebraeos
2562 1408 2695 1462 istos
2723 1408 2832 1463 vita
2864 1416 2920 1465 et
2955 1412 3198 1467 moribus
3225 1428 3387 1481 quam
3425 1413 3542 1469 lon—

1967 1497 2186 1566 gissime
2228 1497 2570 1568 discrepasse
2611 1516 2641 1553 a
2682 1516 2811 1555 vero
2852 1504 3242 1558 monachorum
3277 1505 3544 1568 instituto,

1968 1588 2180 1642 etiamsi
2218 1602 2339 1643 eum
2368 1597 2558 1644 sancto
2587 1590 2912 1662 Hieronymo
2939 1592 3289 1647 admittamus
3314 1593 3548 1650 Essenos

1969 1678 2104 1733 istos
2130 1677 2436 1734 Christiana
2474 1680 2733 1751 religione
2759 1679 2929 1737 fuisse
2959 1682 3212 1737 imbutos.
3252 1681 3368 1738 Non
3401 1685 3547 1739 enim

1969 1785 2157 1825 omnes
2181 1772 2342 1841 primi
2364 1771 2657 1827 Christiani
2677 1773 2837 1828 etiam
2862 1771 3211 1844 Jerosolymis
3240 1775 3548 1831 habitantes

1971 1862 2040 1917 ad
2086 1861 2311 1917 consilia
2357 1862 2666 1933 evangelica
2716 1865 3089 1935 amplectenda
3136 1866 3545 1936 obligabantur;

1970 1967 2096 2007 nam
2128 1954 2371 2024 plerique
2397 1963 2554 2009 erant
2592 1952 2885 2027 coniugati,
2918 1970 3015 2011 nec
3046 1971 3242 2011 uxores
3275 1957 3550 2013 dimittere

1970 2044 2241 2110 volebant,
2282 2054 2443 2116 prout
2478 2046 2544 2101 de
2574 2045 2866 2102 Nicodemo
2900 2056 2955 2102 et
2979 2046 3272 2103 Gamalicle
3313 2057 3545 2112 constat,

1968 2134 2306 2205 liberumque
2354 2144 2473 2191 erat
2517 2137 2712 2207 cuique
2762 2135 2956 2191 fundos
3006 2152 3133 2193 suos
3182 2137 3418 2194 retinere
3465 2141 3550 2193 vel

1970 2228 2264 2294 dimittere,
2314 2228 2583 2298 siquidem
2632 2236 2855 2285 sanctus
2883 2228 3076 2284 Petrus
3124 2230 3260 2286 dixit
3289 2230 3544 2286 Ananim:

1972 2317 2163 2374 Nonne
2194 2316 2410 2375 manens
2437 2320 2533 2375 tibi
2571 2320 2833 2384 manebat,
2862 2327 2911 2374 et
2939 2320 3312 2387 venumdatam
3340 2330 3453 2376 erat
3492 2323 3547 2376 in

1969 2419 2063 2464 tua
2082 2419 2335 2482 potestate
2358 2410 2496 2483 (Act.
2522 2426 2577 2477 v,
2598 2410 2677 2483 4).
2706 2409 3004 2466 Fatendum
3036 2417 3216 2468 tamen
3243 2420 3344 2476 est,
3369 2412 3550 2482 plures

1969 2499 2429 2574 Jerosolymorum
2474 2503 2833 2568 Christianos,
2872 2503 3135 2563 miracula
3182 2504 3251 2558 ab
3292 2506 3551 2575 apostolis

1969 2603 2183 2663 patrata
2213 2580 2642 2660 considerantes,
2669 2596 2735 2649 ad
2762 2593 3148 2665 perfectionem
3185 2596 3552 2667 evangelicum

1970 2685 2317 2741 obtinendam
2364 2687 2545 2741 omnia
2598 2700 2698 2755 pro
2740 2684 2960 2741 Christo
3011 2686 3332 2757 reliquisse,
3383 2687 3553 2742 vitam

1972 2791 2311 2832 communem
2354 2776 2631 2831 ducentes.
2674 2774 2807 2830 Nam
2852 2783 3072 2830 sanctus
3099 2775 3275 2831 Lucas
3318 2773 3553 2832 inActis

1974 2866 2346 2937 apostolorum
2376 2866 2455 2921 sic
2482 2865 2547 2921 de
2577 2846 2899 2935 quibusdam
2932 2865 3122 2935 primis
3157 2864 3263 2919 illis
3305 2863 3553 2920 fidelibus

1973 2956 2212 3027 loquitur
2250 2973 2261 3012 :
2318 2955 2675 3010 Multitudinis
2719 2965 2894 3010 autem
2944 2955 3262 3010 credentium
3311 2964 3424 3009 erat
3462 2973 3554 3010 cor

1975 3065 2138 3104 unum
2169 3058 2217 3102 et
2243 3049 2422 3102 animo
2451 3064 2557 3102 una
2579 3064 2598 3103 :
2630 3064 2721 3102 nec
2749 3049 3023 3120 quisquam
3053 3064 3253 3114 eorum,
3283 3064 3400 3119 qua:
3435 3065 3554 3118 pos-

1930 3145 1944 3166 ‘
1975 3140 2197 3205 sidebet,
2251 3137 2451 3210 aliquid
2497 3155 2650 3193 suum
2690 3138 2919 3202 dicebat,
2974 3138 3063 3193 sed
3099 3148 3248 3192 erant
3285 3139 3349 3193 iis
3380 3140 3553 3193 omnia

1976 3234 2271 3286 communia
2297 3230 2438 3301 (Act.
2469 3247 2531 3297 ll,
2561 3230 2664 3298 45;
2705 3246 2780 3296 Iv,
2808 3230 2919 3302 52).
2976 3214 2995 3231 κ
3080 3298 3097 3307 _

2690 3320 2832 3375 XIX.

2044 3412 2297 3483 Adeoque
2319 3429 2385 3468 ex
2419 3413 2503 3467 his
2530 3410 2721 3482 primis
2746 3410 3209 3482 Jerosolymitanis
3232 3409 3555 3466 Christianis

1974 3511 2144 3559 status
2180 3502 2512 3558 monasticus
2546 3499 2779 3571 sumpsit
2815 3499 3115 3562 exordium,
3145 3498 3300 3567 cujus
3335 3500 3552 3567 quidem

1972 3593 2229 3664 primaria
2278 3600 2334 3646 et
2370 3591 2641 3660 praecipua
2684 3588 2947 3657 principia
2996 3596 3397 3657 cognoscuntur
3440 3588 3555 3657 ipsa

1975 3685 2255 3755 Evangelii
2298 3683 2543 3745 consilia,
2595 3680 2789 3750 quibus
2831 3680 3081 3749 equidem
3131 3677 3412 3731 hortamur
3461 3696 3558 3751 νιος

1974 3785 2206 3830 castrare
2247 3782 2457 3844 propter
2515 3786 2728 3842 regnum
2775 3767 3021 3823 certorum
3048 3807 3062 3831 ,
3106 3770 3311 3820 crucem
3352 3767 3551 3833 tollere,

1974 3875 2197 3937 patrem,
2227 3873 2468 3927 matrem,
2498 3877 2734 3926 uxorem,
2765 3869 2812 3915 et
2838 3876 2994 3931 agros
3031 3858 3319 3929 relinquere
3347 3869 3556 3930 propter

1975 3956 2273 4018 Christum,
2316 3963 2364 4008 et
2404 3971 2495 4023 per
2530 3952 2763 4007 omnium
2818 3966 2990 4005 rerum
3034 3948 3421 4020 temporalium,
3450 3954 3553 4004 into

1974 4046 2201 4118 propritz
2235 4044 2517 4101 uoluntatis
2555 4040 2979 4113 abnegationem,
3006 4037 3201 4092 Christi
3232 4039 3443 4109 vestigia
3476 4055 3556 4092 se-

1973 4138 2083 4209 qui.
2125 4135 2236 4193 Nec
2274 4136 2454 4191 minus
2490 4142 2698 4189 certum
2729 4139 2815 4188 est
2855 4130 2992 4187 alios
3043 4129 3385 4186 Christianos
3412 4130 3554 4186 hanc

1975 4227 2340 4297 evangelicam
2374 4224 2591 4280 vivendi
2631 4222 2863 4277 formam
2896 4221 3171 4291 amplexos
3207 4221 3405 4289 fuisse;
3449 4222 3556 4278 Me-

1978 4314 2283 4389 taphrastes
2319 4318 2464 4371 enim
2502 4315 2654 4370 initio
2681 4313 2817 4369 Vita:
2849 4313 3023 4367 sancti
3048 4312 3200 4367 Pauli
3238 4314 3400 4382 primi
3435 4330 3555 4370 ere-

299 4432 415 4470 rum
441 4412 915 4486 congregationes,
940 4427 1060 4481 quae
1085 4427 1185 4482 pro
1208 4413 1335 4467 vita:
1362 4421 1418 4468 et
1440 4428 1653 4468 morum
1685 4428 1875 4475 norma
1899 4446 1954 4507 Β
1978 4411 2123 4467 mita:
2155 4409 2323 4467 refert
2367 4408 2558 4480 primis
2615 4405 2822 4462 duobus
2869 4402 3361 4507 Iicclesiaaﬁs’eeulis
3390 4404 3555 4474 pluri-

298 4506 554 4578 primaria
594 4506 934 4561 constituunt
968 4502 1228 4572 Regulam
1265 4504 1437 4558 sancti
1473 4504 1775 4567 Benedicti,
1821 4512 1878 4559 et

301 4613 393 4667 per
431 4613 529 4653 sua
573 4594 867 4668 peculiaria
903 4602 1109 4650 statuta
1147 4593 1485 4649 solummodo
1511 4594 1654 4650 inter
1685 4611 1745 4651 se
1774 4595 1877 4650 dif-

298 4690 441 4745 ferre
468 4688 742 4753 videntur,
765 4687 943 4757 quoad
969 4686 1233 4758 majorem
1259 4683 1345 4742 vel
1373 4686 1638 4741 minorem
1669 4687 1876 4759 regula-

303 4783 376 4836 ris
402 4780 703 4851 disciplina:
739 4780 1168 4835 observantiam.

371 4871 523 4926 Nune
554 4877 734 4926 autem
765 4870 832 4925 ad
859 4877 1035 4926 status
1064 4869 1357 4926 monastici
1383 4870 1761 4939 antiquitatem
1798 4871 1882 4926 in-

305 4964 603 5035 dagandam
631 4963 1033 5033 progredimur,
1055 4978 1180 5019 cum
1217 4962 1459 5019 nonnulli
1498 4963 1880 5033 antiquitatum

303 5036 792 5111 ecclesiasticarum
838 5067 1136 5123 mangones
1183 5049 1342 5119 hujus
1383 5060 1557 5105 status
1595 5054 1878 5109 exordium

305 5144 438 5213 apud
468 5143 764 5198 Nazarwos
799 5150 854 5197 et
880 5141 1195 5197 Reclaabitas
1242 5142 1296 5196 in
1325 5141 1503 5196 Veteri
1533 5140 1880 5197 Testamento

307 5234 608 5302 requirunt,
631 5232 721 5287 vel
739 5231 983 5300 ejusdem
1007 5231 1270 5302 originem
1294 5245 1360 5286 ex
1385 5230 1704 5286 anachorcsi
1750 5231 1881 5287 Elite

304 5329 359 5375 et
380 5322 558 5377 Elissaei
584 5324 975 5391 prophetarum
997 5322 1286 5384 deducunt,
1322 5322 1571 5392 quamvis
1606 5330 1733 5376 ante
1775 5330 1882 5377 ter-

305 5413 433 5468 tium
459 5429 584 5468 atra:
615 5413 937 5469 Christianae
966 5413 1221 5469 saeculum
1248 5428 1512 5483 nusquam
1552 5415 1882 5483 reperiamus

310 5514 489 5558 verum
514 5510 568 5558 et
595 5502 893 5572 perfectum
929 5511 1102 5559 status
1138 5504 1419 5559 monastici
1456 5503 1781 5574 exemplum.

1007 5594 1189 5650 XVIII.

377 5684 511 5741 Nam
558 5686 821 5760 quidquid
871 5687 935 5742 de
982 5684 1271 5752 Nazarmis,
1323 5693 1373 5739 et
1416 5685 1755 5753 Reehabitis,
1798 5685 1885 5739 vel

1981 4518 2099 4558 mos
2148 4501 2425 4558 exstitisse
2475 4498 2600 4553 vita:
2654 4494 2968 4551 monasticae
3013 4492 3389 4565 professores;
3434 4496 3554 4551 Vita

1983 4607 2200 4664 quoque
2228 4598 2428 4646 sanctae
2454 4587 2711 4643 Eudoxiae
2748 4586 3033 4657 martyris,
3070 4600 3190 4655 qua:
3224 4586 3556 4655 temporibus

1984 4681 2206 4750 Trajani
2234 4677 2579 4749 imperatoris
2607 4675 2806 4740 floruit,
2832 4675 3281 4732 monasteriorum
3304 4674 3417 4742 jam
3442 4684 3556 4729 tum

1982 4775 2352 4830 institutorum
2396 4769 2659 4824 meminit.
2700 4768 2836 4824 Cum
2868 4783 2995 4823 vero
3029 4767 3402 4824 ecclesiastica
3442 4769 3557 4824 illo-

1980 4879 2101 4919 rum
2150 4861 2472 4916 szeculorum
2518 4866 2866 4913 monumenta
2911 4858 3230 4927 plerumque
3276 4859 3554 4927 perierint,

1980 4956 2178 5028 partim
2209 4953 2525 5009 Diocletiani
2555 4952 2900 5022 imperatoris
2927 4951 3090 5020 impio
3120 4952 3373 5006 mandato
3402 4952 3555 5008 llam-

1981 5049 2085 5103 tnis
2128 5055 2445 5114 consumpta
2465 5085 2489 5115 ,_
2505 5043 2703 5113 partim
2736 5041 2944 5110 injuriis
2985 5050 3287 5111 temporum
3324 5043 3555 5112 perdita,

1981 5140 2126 5194 haud
2162 5147 2290 5193 ante
2324 5151 2513 5208 pacem
2558 5135 2812 5189 Ecclesiae
2855 5148 2952 5203 per
2994 5132 3403 5189 Constantinum
3449 5135 3559 5189 Μαι

1982 5246 2147 5301 gnum
2187 5232 2570 5301 imperatorem
2616 5227 2881 5282 redditam
2920 5226 3227 5288 anthentica
3265 5234 3319 5281 et
3348 5227 3559 5282 indubi-

1982 5328 2094 5375 tata
2138 5319 2263 5373 vita:
2305 5318 2613 5372 monastiae
2656 5314 2953 5385 primordia
2993 5323 3141 5369 certo
3181 5316 3392 5371 ostendi
3435 5332 3560 5387 pos-

1984 5418 2129 5473 sunt,
2184 5424 2303 5477 quae
2347 5415 2535 5462 sancto
2570 5405 2738 5460 Paulo
2771 5407 2948 5476 primo
2992 5407 3229 5460 eremitae
3270 5415 3325 5461 et
3372 5417 3560 5465 sancto

1986 5500 2220 5555 Antonio
2250 5498 2429 5554 abbati
2460 5498 2655 5553 merito
2684 5497 3016 5552 referuntur.

2720 5588 2839 5643 XX.

2055 5683 2112 5738 In
2137 5683 2237 5739 hoc
2260 5683 2424 5753 igitur
2440 5681 2757 5771 [ἔγρυξα-απτ
2782 5681 3184 5737 mouastirorun:
3205 5681 3414 5748 Codice,
3435 5678 3556 5753 jure
