3942 6190
281 287 394 343 405

1285 284 1510 340 CODEX
1551 281 2003 338 ltECULAltUM.
2046 311 2114 325 --
2153 283 2543 340 ΡΒᾹΞΡΑΤΙΟ.

3429 297 3528 348 406

280 391 1863 472 disset,etsanctoGermanoAntissioloreusiprmccptore
1891 395 1941 454 Α
1966 408 2044 472 ac_
2071 393 2276 472 legibus
2315 394 2425 448 Deo
2469 395 2926 472 militapt._\'aldc
2967 398 3142 472 fallor,
3188 403 3229 455 si
3252 404 3362 472 jam
3416 417 3527 461 tum

283 481 420 521 usus
445 471 612 525 esset,
659 462 858 516 missus
900 471 1083 530 postea
1133 480 1160 516 a
1193 473 1381 518 saneto
1403 459 1863 531 leéstino'papa‘

285 537 356 590 ad
386 533 778 589 convertendos
815 532 1078 586 Hibernos
1114 548 1256 585 anno
1287 533 1488 586 Christi
1519 533 1644 595 451,
1679 548 1862 586 mona-

285 605 454 660 steria
476 603 551 657 ibi
573 602 806 670 plurima
838 602 1086 665 instituit,
1115 611 1172 654 ut
1195 619 1260 656 ex
1281 603 1514 670 antiquis
1544 618 1858 657 monumen-

290 677 360 729 tis
385 674 638 730 Usserius
667 672 853 735 docet,
885 672 1017 724 obiit
1062 672 1279 724 Sanetus
1321 671 1574 726 Patritius
1601 689 1742 726 anno
1763 671 1855 725 49.

292 745 460 799 David
514 741 845 795 Menarensis
898 741 1179 809 episcopus
1239 741 1415 795 nobile
1470 742 1856 795 monasterium

289 813 626 870 construxit:
644 812 954 865 Monasterii
985 809 1375 866 Benchorensis
1406 812 1650 865 meminit
1690 811 1854 865 Beda.

290 887 524 939 Sanctus
585 880 949 936 Columbanus
1001 880 1400 935 Armaccanum
1449 891 1504 934 et
1557 881 1860 950 Tyrrhense

288 953 621 1010 monasteria
647 951 890 1005 fundavit
930 967 1071 1003 anno
1097 951 1200 1004 565
1227 971 1238 1003 ;
1266 952 1380 1005 lucc
1409 959 1563 1005 erant
1586 952 1640 1003 in
1670 950 1858 1004 [liber-

290 1026 378 1079 nia
410 1033 461 1078 et
486 1022 780 1079 Britannia:
807 1021 891 1074 illa
922 1029 1095 1090 parte,
1128 1036 1286 1088 quam
1328 1037 1431 1074 non
1464 1028 1859 1088 occupaverant

287 1091 860 1163 Anglo—Saxonesaad
899 1105 1037 1163 quos
1080 1091 1273 1163 deinde
1316 1091 1469 1163 ipsos
1505 1091 1860 1144 monasticum

289 1160 597 1219 institutum
625 1161 783 1217 simul
817 1175 939 1214 cum
983 1160 1290 1214 Christiana
1327 1161 1580 1229 religione
1612 1169 1861 1229 pcnetra-

284 1237 389 1294 vit,
417 1233 624 1302 magnis
651 1239 724 1302 et
766 1231 992 1302 paribus
1011 1231 1291 1299 utriusque
1319 1231 1681 1302 incrementis.
1724 1229 1862 1302 San—

288 1315 411 1360 ctus
437 1300 766 1370 Augustinus
792 1301 1086 1353 monachus
1111 1311 1164 1354 et
1186 1301 1604 1370 monastiearum
1634 1300 1860 1370 Regula—

288 1390 411 1428 rum
439 1365 666 1441 peritus,
693 1372 885 1424 missus
904 1370 1096 1424 deinde
1121 1386 1149 1422 a
1180 1378 1366 1424 sancto
1387 1365 1649 1440 Gregorio
1671 1365 1860 1439 Magno

288 1445 343 1499 in
378 1443 651 1512 Angliam,
680 1441 1036 1512 monasticam
1064 1441 1134 1494 ibi
1160 1441 1496 1512 disciplinam
1523 1441 1855 1512 propagavit,

289 1510 709 1569 Doroverniensi
731 1511 1031 1580 praesertim
1061 1512 1388 1564 monasterio
1413 1510 1656 1573 fundato,
1683 1519 1739 1563 ut
1765 1527 1862 1580 au-

290 1595 411 1637 etor
435 1590 516 1636 est
538 1582 700 1635 Beda.
726 1579 878 1650 Apud
911 1579 1303 1634 Northumbros
1335 1589 1386 1633 et
1414 1579 1862 1649 septentrionales

288 1654 434 1707 illius
471 1652 660 1705 insulae
687 1649 910 1718 populos
941 1658 1158 1703 sanctus
1198 1650 1432 1703 Aidanus
1455 1651 1616 1702 vitam
1652 1650 1861 1718 religio-

289 1739 402 1778 sam
437 1723 668 1775 induxit.
705 1721 983 1774 Prodierat
1015 1721 1102 1773 hic
1147 1735 1176 1774 e
1222 1721 1403 1774 schola
1434 1721 1605 1773 sancti
1647 1719 1861 1774 Colum-

292 1794 438 1857 bani,
473 1803 528 1844 et
574 1792 628 1845 in
652 1790 1077 1844 Lindisfarnensi
1127 1791 1301 1844 insula
1349 1790 1735 1844 monasterium
1763 1790 1859 1842 ha—

291 1864 424 1916 buit.
459 1861 586 1916 [Lee
612 1861 793 1914 omnia
840 1860 1161 1914 confirmant
1197 1860 1480 1914 celebrata:
1522 1861 1573 1913 in
1617 1859 1860 1914 historiis

288 1933 502 1985 illarum
524 1931 764 2000 gentium
797 1929 1159 1998 dissensiones
1189 1931 1329 1983 inter
1359 1930 1637 1998 utriusque
1666 1930 1862 1982 schola:

288 1999 618 2056 monasteria
671 1999 837 2063 varia,
881 2000 1189 2068 prmsertim
1233 2003 1301 2055 de
1344 2001 1607 2053 Paschate
1650 2015 1712 2052 ac
1744 2006 1858 2051 ton-

289 2089 414 2126 sura
445 2089 458 2125 :
485 2081 540 2124 ct
570 2071 818 2124 videntur
843 2084 938 2138 per
964 2072 1026 2122 ea
1052 2080 1292 2138 tempora
1321 2071 1568 2124 monachi
1606 2069 1659 2122 in
1692 2069 1864 2123 eccle-

289 2143 389 2198 siis
431 2137 1195 2211 episc0palibuspfuuetiones7
1223 2155 1427 2211 sacras
1455 2139 1675 2211 obiisse,
1722 2140 1864 2207 quod

289 2208 492 2264 indicth
534 2208 694 2264 Beda.
729 2208 882 2263 Unde
927 2210 1263 2263 Cathedralcs
1311 2209 1562 2262 Ecclt-size
1606 2208 1860 2271 Minister,

288 2281 404 2336 sive
433 2279 758 2333 Monasteria
784 2285 1050 2331 vocantur
1084 2279 1289 2347 Anglis.
1317 2278 1392 2332 De
1436 2279 1702 2345 Hispanis,
1734 2279 1865 2331 Ger-

289 2351 492 2415 mania,
525 2350 711 2413 Dacia,
752 2348 1050 2411 Pannonia,
1102 2350 1393 2413 Sarmatia,
1428 2350 1743 2416 caeterisque
1791 2364 1867 2400 re-

289 2422 409 2491 gnis
438 2437 502 2473 ac
529 2418 823 2491 provinciis
849 2417 1119 2487 sigillatim
1135 2420 1324 2491 dicere
1350 2419 1614 2491 inlinitum
1641 2419 1730 2491 sit:
1763 2418 1866 2470 Ex-

289 2487 438 2544 stant
467 2487 715 2544 historici
742 2487 1023 2556 cujusque,
1057 2489 1146 2557 qui
1175 2489 1330 2557 plane
1365 2489 1613 2548 doceant,
1646 2487 1867 2540 ubicun-

290 2574 395 2627 que
423 2559 628 2616 Christi
664 2558 850 2627 religio
877 2559 1066 2626 viguit,
1095 2561 1255 2612 etiam
1295 2560 1538 2627 regulare
1564 2557 1865 2610 institutum

286 2631 558 2684 ﬂoruisse.
589 2630 760 2682 Porro
785 2630 958 2682 ubivis
980 2630 1217 2697 gentium
1241 2630 1341 2681 viri
1371 2629 1597 2682 aseesim
1631 2627 1865 2688 coluere,

286 2698 508 2758 felninte
543 2714 757 2768 quoque
784 2714 876 2752 eos
915 2699 1174 2753 autmlata:
1202 2715 1300 2766 pro
1334 2712 1491 2767 captu
1536 2714 1718 2760 sexus,
1747 2712 1868 2768 per-

289 2769 514 2824 fectioni
544 2767 865 2824 studuerunt
895 2787 905 2819 :
944 2768 1099 2836 idque
1125 2771 1203 2822 vel
1235 2769 1515 2829 ('(enobiis,
1548 2777 1638 2819 aut
1665 2767 1870 2836 cellulis

285 2842 514 2903 claus:e,
562 2840 646 2892 vel
696 2839 749 2891 in
791 2835 1038 2890 domibus
1086 2839 1316 2907 propriis
1352 2839 1714 2907 virginitatem
1761 2835 1870 2908 Deo

285 2920 589 2974 sacratam,
632 2920 725 2962 aut
768 2915 1010 2962 sanctam
1038 2910 1349 2963 viduitatem
1390 2916 1724 2962 exercentes.
1766 2907 1872 2960 Sed

288 2984 363 3034 de
391 2982 476 3034 his
510 2981 666 3034 satis.

285 3090 423 3143 CAP.
457 3089 542 3142 Ill.
572 3119 640 3128 —
672 3086 856 3141 Unitas
886 3087 1139 3158 regula-ris
1177 3089 1401 3141 instituti
1441 3105 1599 3158 usque
1646 3089 1714 3142 ad
1746 3106 1868 3143 san—

401 3170 543 3212 ctum
577 3158 937 3211 Benedictum.
977 3157 1154 3220 Obiter
1197 3159 1258 3211 de
1282 3160 1456 3227 patria
1493 3159 1758 3212 Cassiani.

370 3248 447 3300 Ex
487 3248 748 3301 hactenus
778 3247 937 3302 dictis
971 3248 1035 3300 de
1066 3247 1405 3301 multitudine
1437 3248 1633 3314 ubique
1683 3247 1864 3302 colen-

289 3320 432 3371 tium
467 3317 625 3370 titam
661 3317 1010 3370 monasticam
1039 3318 1090 3370 in
1131 3325 1357 3386 utroque
1384 3333 1538 3382 sexu,
1566 3317 1722 3371 facile
1756 3319 1868 3370 cui-

289 3390 656 3457 piaurvetera
699 3402 763 3439 cx
799 3387 1154 3454 prtcscntibus
1194 3388 1480 3440 aestimanti
1524 3388 1868 3455 persuadebi-

293 3455 408 3519 tur,
445 3455 608 3511 fuisse
637 3459 825 3524 primis
855 3457 959 3511 illis
999 3457 1332 3523 temporibus
1368 3458 1610 3510 diversos
1633 3467 1685 3510 et
1717 3465 1868 3511 certo

293 3528 612 3580 charactere
629 3525 1027 3580 discriminatos
1054 3528 1440 3580 monachorum
1456 3527 1694 3590 ordines,
1712 3534 1869 3584 preut

291 3606 486 3667 postea
541 3597 878 3656 institutum,
931 3599 1229 3666 prursct'tiut
1283 3599 1336 3649 in
1403 3596 1866 3667 Meinlicantilnts,

296 3666 530 3735 Quorum
565 3667 1115 3736 universce,quan'tvis
1143 3667 1246 3718 late
1278 3682 1493 3735 Sparsae,
1527 3666 1740 3736 familize
1770 3667 1869 3718 sub

293 3752 412 3789 uno
439 3738 699 3805 peculiari
727 3738 900 3806 capite
931 3737 1094 3791 certis
1119 3747 1172 3790 et
1197 3738 1393 3804 cuique
1419 3737 1652 3807 propriis
1682 3735 1870 3789 ciliciis

295 3894 491 3945 sancto
514 3887 808 3943 Corlcstino
838 3903 970 3958 papa
1004 3891 1218 3952 missus,
1248 3889 1392 3942 circa
1416 3905 1614 3942 annum
1646 3890 1748 3941 4‘28
1779 3905 1870 3957 per

300 3977 365 4014 se
387 3975 617 4026 suosque
651 3959 940 4026 discipulos
965 3958 1267 4011 Ternanum
1310 3967 1361 4010 et
1391 3959 1686 4011 Scrvanum
1718 3960 1871 4011 varia

302 4024 633 4084 tnonastdria
662 4024 918 4081 condidit.
948 4027 1098 4081 Circa
1148 4045 1206 4080 ea
1240 4044 1450 4096 quoque
1477 4033 1726 4096 tempora“
1758 4044 1872 4082 om-

297 4100 436 4153 nino
483 4107 690 4153 certum
731 4107 832 4158 est,
891 4108 1134 4152 sanetum
1187 4098 1396 4150 Niniam
1449 4100 1530 4153 vel
1584 4098 1870 4152 Ninianum

301 4171 478 4224 sancti
538 4169 758 4228 Martini
799 4169 1117 4237 discipulum
1175 4165 1427 4221 Cundidtv
1478 4168 1627 4221 Cum:
1675 4170 1728 4222 in
1778 4170 1871 4222 ho-

302 4240 492 4293 dierna
539 4239 724 4292 Scotia
754 4239 1083 4307 episcopum,
1119 4238 1310 4290 ibidem
1341 4253 1405 4289 ex
1436 4238 1698 4308 lapidibus
1737 4239 1871 4291 albis

304 4309 485 4361 nubib-
522 4311 896 4361 construxisse
946 4308 1352 4366 monat-,,terium,
1398 4309 1534 4360 unde
1577 4314 1630 4361 et
1678 4324 1870 4362 nomen

305 4380 410 4432 hoc
432 4379 706 4446 (Candida
734 4377 903 4446 C(lSﬂ’)
932 4378 1110 4440 traxit,
1138 4385 1272 4430 teste
1297 4377 1428 4429 Ven.
1467 4378 1627 4438 Beda,
1657 4386 1872 4430 sanctus
1903 4440 1906 4442 I

1965 464 2154 533 primis
2180 479 2274 517 sex
2317 473 2588 533 septemve
2627 466 2879 521 Ecclesiae
2919 471 3130 525 szeculis
3160 464 3270 526 iste'
3292 490 3420 528 usus
3450 477 3532 529 in-

1965 531 2226 612 valuerat.
2257 531 2414 588 Certe
2433 535 2659 612 vestigia
2692 538 3063 612 mihiquidem
3100 557 3202 594 non
3248 556 3528 612 apparent.

1965 603 2077 682 qui,
2123 618 2441 682 quocunque
2476 603 2717 682 intueor,
2755 603 3078 682 uniformem
3117 603 3507 680 ubique'mona

1964 675 2155 745 chatus
2178 675 2459 738 rationem,
2493 682 2546 727 et
2574 675 2784 728 facilem
2814 694 2877 732 ac
2909 675 3278 745 promiscuum
3301 682 3528 738 invicem

1966 743 2274 821 transitum,
2327 743 3076 821 mutuurnquekeonirncatum
3131 751 3526 817 professionum

1964 818 2018 889 et
2046 813 2417 889 eamnobiornm
2462 829 2643 867 cerno.
2687 814 2987 889 Orientales
3016 813 3285 889 monachi,
3313 824 3530 889 quando

1965 882 2018 953 iu
2058 879 2402 953 Occidentem
2417 893 2707 953 venerant,
2742 901 2861 937 cum
2894 886 2963 938 ibi
2995 879 3373 953 profitentibus
3406 892 3530 944 reti-

1965 951 2168 1017 giosam
2192 949 2357 1002 vitam
2385 951 2500 1004 sine
2522 952 2834 1008 discriminc
2856 949 3214 1010 censebantur
3244 977 3254 1010 :
3291 961 3526 1013 vicissim

1965 1019 2337 1073 Occidentales
2368 1019 2419 1072 in
2443 1021 2658 1075 Oriente
2683 1040 2696 1087 ;
2725 1026 3006 1090 quodcum
3037 1026 3331 1081 innumeris
3350 1044 3534 1084 exem—

1964 1090 2068 1161 plis
2098 1089 2269 1157 possit
2303 1090 2684 1161 demonstrari,
2714 1089 2879 1146 utinm
2926 1103 3132 1147 tantum
3167 1097 3251 1149 hic
3286 1099 3530 1161 atteram,

1964 1160 2208 1235 Cassiani
2235 1168 2288 1211 et
2309 1159 2560 1235 Germani
2581 1163 2855 1235 Gallorum
2883 1165 3294 1230 monachorum,
3323 1168 3412 1235 qui
3439 1159 3536 1220 AS;

1965 1230 2111 1299 gypti
2169 1230 2497 1301 monasteria
2553 1233 2910 1301 peragrarunt
2953 1235 3188 1288 instituti
3250 1230 3534 1290 monastici

1965 1297 2338 1372 cognoscendi
2362 1314 2525 1372 causa
2551 1297 2622 1372 fet
2666 1297 2846 1355 airimo
2883 1304 2934 1356 in
2987 1306 3217 1372 patriam
3264 1307 3532 1360 referendi

1967 1369 2212 1446 haustam
2251 1368 2373 1421 inde
2408 1371 2652 1423 notitiam
2681 1368 3002 1446 disciplima;
3024 1375 3074 1426 in
3100 1391 3254 1428 suum
3287 1384 3339 1430 ct
3367 1392 3536 1446 popu-

1966 1438 2182 1514 larium_
2221 1453 2437 1491 suorum
2479 1455 2635 1493 usum
2661 1459 2682 1514 ;A
2725 1442 2863 1495 unde
2905 1444 3038 1495 satis
3079 1453 3302 1514 apparet
3347 1438 3534 1500 exi-sti—

1965 1523 2142 1561 masse
2161 1509 2314 1583 ipsos
2337 1524 2500 1583 unum
2527 1525 2645 1564 esse
2673 1512 2725 1563 in
2752 1527 3034 1583 commtmc
3061 1509 3300 1568 orimium
3332 1517 3534 1583 ubique

1966 1579 2350 1652 monachorum
2378 1579 2601 1652 modum
2621 1590 2675 1632 et
2702 1596 2857 1652 usum
2895 1581 3166 1650 religionis
3195 1579 3529 1652 profitendze.

1968 1647 2191 1721 Moverit
2226 1647 2362 1721 forte
2387 1649 2710 1721 quempiam
2727 1651 2804 1718 (ut
2836 1651 2976 1703 hunc
3000 1647 3177 1704 obiter
3198 1647 3532 1721 'scrupulum

1967 1717 2153 1792 lectori
2198 1719 2431 1792 eximam
2460 1720 3222 1792 _C()rtt|':‘triauvulgi_opinione
3260 1717 3535 1792 praeoccu-

1963 1786 2110 1866 pato)
2139 1787 2280 1866 quod
2323 1788 2636 1866 Cassianum
2667 1786 2894 1866 Callum
2922 1786 3275 1866 Quidni
3308 1809 3434 1847 vero
3481 1796 3533 1846 id

1963 1871 2062 1931 ego
2090 1856 2187 1931 ipsi
2213 1856 2276 1931 de
2307 1871 2380 1931 se‘
2403 1856 2688 1910 aitirmanti
2718 1861 2994 1912 crederem
3007 1860 3300 1931 '?_Legimus
3324 1879 3442 1931 cap.
3488 1865 3530 1924 l,

1963 1925 2082 1980 coll.
2123 1926 2210 1986 2/1,
2235 1926 2548 1979 Cassianum
2591 1940 2712 1980 cum
2742 1932 2854 1980 "suo
2884 1925 3355 1985 unanimo‘abbate
3391 1925 3536 1986 ’ϐω--

1966 2011 2149 2071 manu
2171 1996 2342 2071 fassus
2369 2011 2492 2071 esse
2540 1998 3070 2071 abbati_Abrabam_o
3101 2018 3112 2050 :
3147 2019 3163 2049 ι
3195 2002 3317 2067 quia
3348 2002 3534 2071 (verba

1966 2074 2089 2119 sunt
2140 2067 2325 2135 ipsius)
2379 2067 2444 2119 ad
2497 2068 2838 2134 repetendam
2889 2067 3223 2122 Provinciam
3273 2067 3533 2132 nostram,

1966 2143 2128 2203 atque
2182 2137 2247 2188 ad
2299 2137 2611 2190 revisendos
2667 2147 2938 2206 parentes,
2992 2140 3317 2205 (motidianis
3357 2142 3538 2194 acrius

1965 2206 2184 2278 a’stihus
2222 2207 2619 2278 urgebamur.)
2657 2208 3028 2278 Quantaliam
3072 2210 3158 2261 hic
3204 2211 3535 2278 provinciam

1967 2275 2348 2344 intelligamus,
2414 2276 2515 2328 nisi
2569 2277 2711 2328 illam
2765 2277 2968 2330 Orienti
3013 2275 3296 2332 obversum
3353 2280 3541 2334 Gallia:

1966 2343 2280 2418 tyranuum};
2301 2343 2414 2410 jam
2443 2354 2554 2418 tum
2581 2347 2731 2418 quasi
2770 2348 2984 2415 proprio
3009 2349 3243 2409 nomine,
3270 2352 3412 2418 quod
3439 2352 3536 2403 ho-

1967 2415 2158 2481 dieque
2184 2416 2396 2478 retinet,
2435 2414 2708 2468 Prouincia
2737 2414 3052 2476 veca’ba'tur,
3081 2419 3132 2470 in
3163 2414 3320 2485 quam
3343 2420 3536 2473 deinde

1968 2493 2116 2536 certo
2145 2493 2357 2555 constat
2397 2485 2618 2555 rediisse
2647 2484 2988 2555 Cassianum,
3026 2488 3078 2539 in
3111 2484 3278 2555 caque
3315 2490 3532 2552 vixisse,

1969 2554 2336 2616 consenuisse,
2399 2554 2617 2607 obiisse.
2679 2553 2839 2606 Addit
2901 2556 2967 2609 de
3023 2553 3336 2623 parentibus
3383 2560 3532 2620 suis,

1969 2623 2134 2676 fuisse
2183 2623 2303 2676 illos
2357 2638 2546 2691 magna
2602 2624 2861 2691 religione
2899 2637 2951 2678 et
2995 2626 3192 2692 pietate
3237 2630 3533 2692 praeditos;

1970 2693 2110 2746 unde
2139 2708 2242 2745 non
2273 2693 2579 2760 impedituri
2606 2703 2945 2762 putarentur,
2986 2711 3052 2747 ne
3081 2698 3434 2750 tuonasticam
3466 2699 3536 2749 ibi

1972 2763 2136 2834 vitam
2191 2763 2423 2826 coleret;
2478 2771 2591 2815 tum
2631 2765 2846 2816 eosdem
2888 2765 3151 2832 copiosos,
3205 2767 3293 2834 qui
3333 2766 3535 2819 affatim

1971 2833 2246 2900 pra-bituri
2274 2841 2453 2886 essent
2483 2834 2808 2896 necessaria,
2840 2842 2894 2886 et
2917 2833 3330 2888 sollicitudinem
3362 2836 3537 2890 victus

1974 2903 2194 2970 parandi
2228 2902 2515 2969 dempturi.
2550 2903 2677 2968 Quae
2705 2903 2883 2956 omnia
2924 2907 3060 2956 mire
3089 2905 3415 2958 conveniunt
3451 2907 3534 2958 in-

1973 2973 2180 3040 digenis
2225 2973 2434 3029 illarum
2466 2973 2858 3044 uberi-imarum
2903 2974 3202 3042 regionum,
3230 2975 3320 3027 ubi
3347 2975 3538 3044 ἰητροὶ-

1976 3057 2111 3108 puus
2138 3050 2246 3094 tum
2272 3050 2390 3096 erat
2409 3041 2682 3109 religionis
2710 3043 2879 3111 vigor,
2908 3041 3182 3110 etpassim
3215 3041 3535 3098 nobilissimi

1897 3100 1939 3162 C
1972 3100 2168 3179 quique
2196 3113 2448 3165 Lerinnm
2484 3100 2823 3165 confluebant
2867 3100 3180 3180 profiteudm
3209 3129 3371 3168 causa
3408 3125 3534 3170 vute

1972 3184 2302 3234 monasticae.
2363 3181 2512 3234 Unde
2567 3181 2666 3234 sibi
2699 3183 2861 3250 (quod
2918 3198 3038 3236 mox
3094 3184 3292 3252 subdit)
3339 3186 3533 3238 merito

1972 3253 2128 3303 ambo
2157 3251 2589 3315 blandiebantur,
2631 3266 2724 3320 spe
2755 3253 3030 3306 verisimili
3071 3254 3138 3307 de
3163 3256 3538 3309 conversione

1971 3320 2284 3392 multorum,
2344 3339 2361 3369 α
2392 3321 2484 3388 qui
2539 3321 2684 3392 velut
2738 3331 2924 3376 nostro
2973 3331 3171 3386 essent,
3228 3325 3422 3392 inquit,
3471 3327 3539 3376 ad

1972 3391 2110 3442 viam
2131 3392 2319 3443 salutis
2346 3391 2592 3461 eaetnplo
2621 3401 2674 3461 et
2695 3393 2914 3444 inonitis
2944 3393 3230 3461 dirigendi.
3265 3391 3539 3447 a-V'ideant

1972 3467 2148 3512 autem
2199 3461 2289 3527 qui
2345 3461 2397 3512 in
2439 3459 2756 3514 solitudines
2803 3459 3125 3530 Scytharum
3173 3461 3414 3516 Cassiani
3453 3477 3541 3529 pa-

1975 3530 2131 3601 triam
2164 3530 2501 3601 submovent,
2533 3539 2844 3601 quamapte
2893 3531 2970 3583 illi
3014 3532 3349 3585 desertorum
3376 3548 3534 3601 squa-

1973 3599 2069 3651 lori
2108 3609 2161 3652 et
2191 3599 2479 3651 Caucaseis
2533 3599 2799 3663 rigoribus
2831 3600 3135 3660 conveniat,
3163 3601 3306 3667 quod
3336 3602 3402 3654 de
3423 3599 3538 3654 7sua

1989 3670 2143 3721 iatria
2177 3668 2468 3738 Cassianus
2505 3668 2758 3738 subjicit:
2793 3687 2809 3717 ε
2841 3667 2976 3720 Tum
3007 3678 3268 3735 praeterea
3301 3671 3539 3738 ipsorum

1992 3753 2211 3790 ocorum
2249 3737 2403 3801 situs,
2459 3737 2512 3789 in
2553 3737 2747 3803 quibus
2775 3747 2893 3790 erat
2943 3753 2972 3789 a
3012 3737 3540 3807 majoribusinostris

1974 3890 2237 3958 siquidem
2279 3888 2606 3958 monasterio
2651 3896 2868 3941 sanctus
2922 3889 3201 3942 Oswaldus
3253 3891 3544 3949 Northum-

1975 3957 2215 4019 brorum,
2255 3959 2367 4011 sive
2394 3957 2687 4024 Anglorum
2726 3958 3020 4011 borealium
3063 3973 3175 4022 rex,
3202 3961 3267 4012 ad
3297 3960 3540 4016 subditos

1972 4047 2099 4085 suos
2128 4031 2178 4082 in
2205 4029 2306 4082 [ide
2329 4029 2634 4082 Christiana
2663 4029 3005 4082 instruendus
3031 4031 3276 4083 evocavit
3295 4039 3539 4087 sanetum

1974 4101 2241 4176 Aidanum
2270 4110 2323 4176 et
2350 4098 2523 4176 socios
2561 4113 2688 4176 suos
2717 4098 2928 4176 Scottis,
2958 4099 3048 4166 qui
3081 4100 3364 4176 episcopus
3399 4100 3534 4154 Nor-

1979 4169 2258 4224 thumbria!
2288 4167 2591 4220 declaratus
2621 4167 3058 4221 Lindisfarucuse
3084 4167 3385 4223 emnoliium
3414 4186 3540 4225 con-

1977 4242 2128 4302 didit,
2153 4247 2314 4305 alque
2346 4238 2396 4289 in
2443 4239 2692 4291 clunibus
2723 4238 2840 4291 aliis
2878 4239 3122 4291 ecclesiis
3155 4240 3315 4292 vitam
3355 4257 3543 4294 mona-

1977 4313 2165 4364 sticam
2191 4307 2588 4374 instituitjuxta
2617 4306 2898 4360 Scotorum
2931 4308 3155 4376 rigidam
3179 4309 3538 4376 disciplinam.

1980 4380 2238 4433 Similiter
2301 4379 2445 4436 circa
2501 4393 2698 4429 annum
2755 4378 2858 4430 5’90
2915 4385 3134 4430 satnztus
3180 4379 3540 4433 Columbanus

308 4437 584 4502 Servanus
612 4449 756 4502 circa
791 4437 986 4501 annum
1009 4437 1206 4500 Christi
1239 4447 1341 4498 410
1365 4447 1430 4500 ad
1456 4437 1719 4500 borealem
1745 4448 1876 4500 For-
1903 4437 1952 4494 Ι)
1983 4469 2104 4504 cum
2139 4448 2520 4501 monachorum
2544 4457 2718 4499 turma
2747 4448 2798 4499 in
2840 4447 3040 4501 Callias
3061 4448 3334 4509 secedens,
3366 4448 3542 4502 Luxo—

307 4520 412 4571 tbze
446 4517 681 4572 ﬂuminis
721 4519 889 4587 ripam
931 4518 1138 4571 celebre
1169 4517 1487 4587 Culrosense
1512 4517 1749 4569 condidit
1776 4532 1878 4569 cm-

309 4589 551 4650 rn‘tbium,
585 4602 651 4641 ex
679 4585 786 4656 quo
818 4588 1014 4655 prodiit
1045 4594 1260 4640 sanctus
1293 4585 1645 4653 iicntigernus
1672 4587 1878 4655 primus

308 4657 560 4726 Clasquae
593 4659 896 4726 cpiscopus,
927 4658 1154 4710 eximius
1190 4659 1312 4710 vitae
1350 4657 1660 4709 monasticae
1689 4671 1877 4724 propa-

309 4725 482 4792 gator,
517 4728 671 4794 cujus
717 4725 1025 4781 menaslerii
1078 4726 1326 4780 Ordinem
1355 4727 1697 4778 monasticam
1740 4725 1880 4778 inter

311 4798 690 4850 Additamenta
723 4797 786 4850 ad
826 4798 968 4850 hunc
1007 4797 1256 4852 Codicem
1305 4795 1700 4848 collmravimus.
1747 4795 1881 4848 San-

313 4877 431 4918 ctus
475 4866 736 4919 Patritius
781 4868 1046 4920 Hibernia:
1091 4867 1361 4934 apostolus
1403 4865 1788 4918 Britannotluhi
1830 4867 1882 4917 in

313 4937 495 4986 Scotia
533 4945 710 4996 natus,
740 4937 1048 5002 pt‘itt.~t]lt:tlil
1078 4936 1344 4988 Hibernia:
1367 4936 1720 5003 apostolatum
1762 4936 1886 4987 sub-

315 5007 398 5065 iit,
429 5004 542 5068 jam
574 5007 625 5057 in
659 5007 832 5074 patria
860 5021 950 5056 sua
973 5007 1111 5073 apud
1139 5007 1594 5058 Britanaotiunutn
1620 5015 1884 5058 monaste-

317 5076 393 5126 ria
422 5075 602 5141 aliqua
634 5076 826 5136 erexit,
856 5092 1082 5142 quorum
1117 5077 1303 5128 rudera
1337 5083 1389 5127 ct
1428 5077 1561 5127 situs
1590 5077 1881 5127 etiamtum

318 5156 580 5212 apparent
614 5146 679 5196 ab
711 5146 823 5211 ipso
855 5155 1040 5196 sancto
1075 5145 1558 5198 «leuentinationem
1607 5145 1882 5205 trahentia,

321 5216 473 5280 prout
514 5224 744 5266 testatur
795 5212 1152 5272 It'il-I’utrick,
1186 5215 1234 5266 id
1280 5224 1358 5266 cst
1401 5216 1532 5268 cclla
1569 5214 1796 5272 Patritii,
1831 5224 1884 5264 ct

319 5283 512 5352 iterum
543 5285 697 5337 sedes
728 5285 898 5336 sancti
929 5284 1157 5336 l’atritii.
1195 5285 1322 5336 Dein
1357 5294 1636 5352 postquam
1669 5293 1884 5336 sam'tus

319 5350 716 5414 Colulnba.non
748 5352 1133 5415 Columbanus,
1170 5354 1453 5406 Scotorum
1495 5350 1881 5406 monachorum

357 5423 631 5476 atriarcha
678 5439 820 5475 anno
867 5423 968 5475 565
1015 5421 1207 5474 Jonam
1247 5423 1475 5476 insulam
1532 5439 1559 5475 a
1606 5422 1885 5490 Congallio

365 5503 610 5562 colorum
641 5507 765 5562 rege
793 5493 1120 5551 obtinuerat.
1157 5501 1209 5544 et
1236 5493 1442 5546 celebre
1479 5493 1683 5561 Ilyense
1711 5507 1889 5546 corro-

323 5557 468 5631 bium
491 5557 893 5629 constru'xcrat,
919 5579 1015 5631 per
1043 5562 1322 5616 Scotorum
1346 5572 1397 5614 et
1426 5557 1691 5615 Pictorum
1720 5578 1884 5630 regna

325 5629 629 5686 institutum
665 5629 1016 5686 monastie’um
1056 5633 1284 5685 maxime
1321 5632 1516 5693 lloruit,
1547 5629 1885 5685 referentem

331 5715 421 5755 sua
454 5701 1080 5758 llistoriaEcclesiastica
1111 5704 1221 5771 ip-e
1249 5703 1375 5756 Ven.
1401 5703 1559 5756 Beia.
1587 5703 1660 5756 Ex
1687 5701 1884 5772 llycnsi

1984 4522 2166 4573 vicnse
2195 4519 2332 4587 apud
2375 4515 2779 4587 Burgundiones
2813 4527 2993 4571 erecto
3025 4517 3350 4570 monasterio
3379 4520 3540 4571 vitam

1987 4586 2337 4643 monasticam
2373 4586 2655 4655 insigniter
2679 4589 3012 4656 propagavit,
3043 4587 3374 4640 Scotiearum
3414 4603 3540 4640 sna-

1988 4676 2103 4712 rutn
2143 4659 2488 4710 traditionum
2528 4657 2826 4710 acerrimus
2852 4658 3065 4718 vindex,
3099 4658 3172 4708 uti
3200 4672 3261 4708 ex
3296 4657 3410 4723 ejus
3441 4657 3544 4709 Re-

1987 4729 2106 4799 gula
2134 4737 2185 4781 et
2215 4725 2574 4799 l’wnitentiali
2605 4726 2656 4778 in
2686 4728 2788 4780 hoc
2830 4728 3025 4799 Codice
3050 4728 3284 4799 exhibita
3311 4735 3539 4799 constat.

1985 4795 2212 4854 Sanctus
2244 4811 2452 4863 quoque
2483 4795 2713 4858 Maurus,
2736 4799 2907 4850 sancti
2933 4798 3202 4850 Benedicti
3228 4796 3543 4865 discipulus,

1982 4871 2142 4922 etiam
2183 4876 2304 4918 ante
2333 4865 2562 4916 medium
2596 4865 2750 4933 hujus
2799 4867 2976 4920 seculi
3008 4867 3330 4919 constructis
3361 4879 3547 4918 mona-

1984 4939 2163 4993 sleriis
2192 4936 2330 5003 apud
2357 4934 2536 4986 Gallos
2559 4934 2957 4989 Βυηριὶἱῡιὶιιειιη
2984 4937 3315 5002 ἀίεσριὶηηιιι
3347 4935 3545 5002 ubique

1985 5007 2301 5064 introduxit,
2328 5005 2410 5058 cui
2442 5007 2677 5067 tandem,
2707 5017 2762 5056 nt
2798 5017 2916 5074 potc
2941 5007 3340 5074 disci-ctissima:
3373 5004 3542 5072 rigida

1990 5082 2272 5130 Scotorum
2303 5075 2484 5142 religio
2518 5072 2884 5127 lubentissime
2911 5075 3088 5127 cessit.
3117 5072 3314 5128 Onmcs
3347 5075 3545 5128 etenitn

1990 5150 2061 5201 illi
2096 5147 2240 5199 Scoti
2286 5154 2339 5198 et
2377 5143 2525 5210 Angli
2573 5145 2837 5200 niturcbi.
2874 5145 2962 5212 qui
3004 5160 3121 5195 cum
3167 5154 3354 5198 sancto
3384 5144 3544 5196 Wili-

1989 5218 2184 5270 1)ι·‹›ι“‹1(›
2218 5224 2270 5268 et
2291 5223 2476 5266 sancto
2501 5213 2774 5266 Bonifacio
2799 5215 3188 5266 Germanorum
3215 5213 3454 5280 apostolo
3477 5215 3543 5266 ad

1989 5286 2377 5341 convertendos
2425 5283 2676 5335 Frisones
2721 5292 2775 5334 et
2822 5284 3060 5335 Saxones
3102 5283 3158 5336 in
3199 5284 3545 5337 (,i-ermaniam

1990 5363 2266 5416 vetterunt,
2301 5370 2420 5404 cum
2463 5371 2573 5420 ipsa
2601 5355 2904 5406 Christiana
2954 5354 3209 5421 religione
3238 5355 3376 5421 apud
3421 5361 3548 5406 tunc

1986 5428 2099 5479 bari
2126 5442 2247 5476 aras
2274 5424 2392 5476 illas
2432 5423 2695 5486 nationes,
2732 5425 3081 5476 numaslicam
3109 5426 3279 5478 sancti
3322 5423 3550 5478 Benedi-

1987 5500 2056 5550 cti
2084 5495 2337 5563 lit-gulam
2367 5492 2798 5552 intrmluxcrunt,
2825 5495 3020 5546 crcctis
3043 5495 3302 5555 etrttobiis
3333 5494 3549 5562 amplis-

1989 5567 2158 5626 simis,
2189 5575 2240 5615 et.
2274 5564 2588 5623 introductis
2617 5565 2811 5633 ubiqtte
2842 5564 2891 5616 in
2926 5564 3070 5632 ipsas
3098 5564 3437 5619 cathedt'alcs
3463 5578 3531 5618 eo

1987 5638 2176 5692 Clesias
2208 5634 2564 5688 Bcncdictinis
2593 5635 2885 5689 monachis.
2919 5635 3075 5689 Eutr.
3108 5649 3271 5690 Genu.
