3942 6190
427 319 528 378 ιοτ

1408 329 1465 387 S.
1504 331 1862 389 BENEDICTI
1898 332 2189 393 ABBATIS
2218 332 2627 395 ANfANENSlS

3555 343 3662 402 ιοδ

430 439 575 517 avita
618 437 904 510 professio,
935 439 1282 517 ipsarumque
1319 442 1609 496 amoenitas
1631 441 1868 510 jucunda
1904 453 1992 498 re-
2020 453 2069 509 A
2095 449 2302 504 minum
2352 451 2618 517 tendant,
2673 450 3039 506 nimirum.“
3092 450 3384 509 excolenda
3434 454 3663 511 consilia
3700 510 3709 517 Γ

427 508 648 580 gionum
665 518 813 581 ante
841 508 1025 581 oculos
1049 508 1388 581 pingebatur,
1413 526 1573 579 quam
1593 508 1758 581 grata:
1780 521 1838 566 et
1862 527 1993 567 con-

425 578 576 700 frum
600 578 906 633 solitudinis
943 578 1133 647 spatiis
1158 578 1505 635 tenderentur
1533 598 1547 634 :
1579 578 1652 635 i'ta
1682 589 1875 662 ut_non
1905 596 1996 637 so-

449 663 537 700 nm
563 645 833 700 delectare
861 648 1182 700 monachum
1210 657 1432 700 nossent
1475 660 1684 700 secreta
1715 651 1990 700 silvarum.

449 663 537 702 nm
563 645 833 717 delectare
861 645 1182 702 monachum
1210 657 1432 717 possent
1475 660 1684 705 secreta
1715 651 1990 715 silvarum,

1609 719 1754 774 ndia.
1785 740 1805 771 ι
1839 720 1997 775 Deni-

424 717 519 771 sed
543 716 707 787 etiam
738 732 930 787 magna
960 718 1135 771 victus
1154 716 1394 787 praabere
1418 734 1537 774 com

1598 788 1761 860 ythia:
1796 788 1994 860 barba-

425 800 532 855 que
559 785 872 857 dictioipSa
899 795 954 842 et
979 785 1171 857 stylus,
1200 802 1363 857 quam
1392 803 1500 843 non

423 854 559 926 riem
602 854 861 926 redoleat,
888 854 1066 926 palam
1087 865 1191 912 est.
1219 854 1353 926 'Qua
1378 859 1547 913 etiam
1590 854 1802 914 ratione
1828 858 1989 914 refel-

422 925 629 1006 luntur,
671 926 765 1007 qui
813 925 1197 1007 athenien’sem
1225 925 1561 1007 .Cassianum
1612 936 1824 1007 putant.
1863 928 1992 983 inde

420 994 568 1067 enim
594 993 775 1064 potius
808 993 1040 1050 Atticam
1066 994 1346 1052 Graecismi
1374 993 1757 1067 proprietatem
1793 999 1993 1054 ducere

419 1063 707 1137 potuisset,
740 1078 903 1134 quam
924 1078 1047 1137 eum
1076 1079 1238 1134 quem
1274 1063 1495 1136 prail‘ert
1526 1066 1724 1137 ubique
1755 1067 1991 1122 latinita-

418 1131 492 1216 tis
520 1131 815 1217 gallican'a:
838 1131 1126 1217 genuinum
1149 1131 1392 1217 succum
1430 1150 1496 1191 ac
1518 1131 1787 1217 leporem,
1815 1137 1992 1217 qualis

417 1203 475 1258 in
519 1202 819 1273 Eucherio,
845 1202 909 1260 in
937 1203 1220 1260 Vincentio
1264 1205 1553 1267 Lirinensi,
1581 1202 1642 1260 in
1672 1202 1895 1273 Fausto,
1935 1208 1990 1262 in

419 1273 541 1346 aliis
564 1272 682 1346 ejus
706 1281 917 1346 tractus
948 1273 1301 1346 scriptoribus
1329 1274 1549 1346 passim,
1576 1274 1768 1346 ﬂoret;
1800 1272 1895 1331 sed
1922 1276 1990 1333 de

418 1343 506 1397 his
529 1342 684 1413 plura
710 1344 923 1399 dicendi
952 1342 1104 1399 locus
1137 1345 1227 1400 hic
1264 1342 1371 1399 non
1394 1352 1497 1400 est.
1525 1345 1608 1399 Ad
1645 1344 1991 1404 uniformita-

417 1423 549 1485 tem
569 1413 1115 1485 institutimonastici
1146 1422 1499 1485 revertamur,
1533 1413 1794 1485 adversus
1826 1431 1989 1485 quam

417 1482 552 1537 nihil
601 1483 903 1553 praescribit
946 1482 1272 1553 Regularum
1319 1485 1424 1539 hoc
1454 1482 1652 1539 Codice
1698 1482 2023 1539 relatamm'

417 1552 677 1607 numerus
720 1560 776 1607 et
825 1552 1129 1626 diversitas.
1173 1552 1388 1626 [Etenim
1433 1553 1537 1608 illa:
1571 1571 1601 1626 a
1641 1554 1888 1626 singulis,
1930 1563 1990 1609 ut

416 1636 656 1694 praesens
684 1636 814 1694 usus
856 1622 1133 1694 poscebat,
1173 1622 1439 1694 ,Patribus
1486 1622 1988 1694 scriptrefaliorum

415 1691 613 1745 similia
641 1691 972 1763 cupientium
1022 1693 1215 1749 studiis
1254 1693 1558 1763 descriptae,
1594 1691 1664 1749 'in
1702 1709 1989 1750 commune

416 1762 877 1835 proponebantur,
899 1770 969 1835 Aut
989 1777 1055 1835 es
1090 1763 1175 1819 his
1196 1764 1395 1835 quique
1414 1762 1514 1835 pro
1547 1763 1788 1835 locorum
1814 1770 1870 1818 et
1891 1780 1986 1818 na-

414 1831 623 1904 tionum
645 1831 971 1897 differentia,
1000 1833 1165 1904 vitam
1188 1831 1463 1904 u‘niform'i,
1487 1833 1665 1904 quoad
1688 1835 1978 1904 praecipua,

415 1899 703 1973 disciplina,
724 1911 1106 1973 temperarent.
1135 1901 1398 1958 Primaria
1431 1899 1581 1967 sane,
1603 1911 1661 1958 et
1680 1899 1837 1973 quasi
1855 1899 1983 1957 Tun-

416 1970 739 2045 damentalis
768 1970 1153 2045 menaehorum
1178 1972 1401 2045 “Regula
1445 1970 1941 2045 Evangeliumerat
1966 1992 1979 2026 :

416 2039 529 2105 illa,
558 2042 796 2111 inquam,
816 2041 1021 2114 Christi
1042 2039 1305 2109 consilia:
1330 2059 1451 2114 quae
1475 2039 1718 2099 castrare
1742 2044 1982 2114 seipsum

416 2123 884 2184 propterregnum
914 2113 1206 2181 caelorum;
1239 2129 1360 2184 quae
1385 2113 1656 2183 abnegare
1684 2129 1759 2177 se,
1785 2122 1841 2166 et
1858 2128 1983 2167 cru-

414 2195 534 2235 ccm
588 2181 815 2248 tollere;
870 2196 991 2252 quae
1040 2181 1273 2252 patrem;
1315 2192 1371 2238 et
1421 2181 1674 2244 matrem.
1736 2198 1978 2247 uxorein,

414 2264 578 2323 agros
609 2260 831 2323 propter
875 2252 1148 2323 Christum
1201 2253 1540 2323 relinquere;
1582 2267 1701 2322 quae
1752 2254 1985 2323 vendere

414 2321 763 2389 patrimonia,
791 2330 848 2377 et
870 2322 998 2378 dare
1027 2321 1376 2393 pauperibus,
1406 2321 1606 2393 sicque
1626 2323 1798 2377 nudos
1824 2321 1982 2377 Chri—

416 2399 561 2463 stum
596 2394 781 2463 sequi
802 2391 1141 2447 suadebant.
1176 2391 1421 2463 Regulae;
1440 2391 1797 2463 pa’rticulares
1849 2393 1984 2463 nihil

417 2460 524 2515 nisi
563 2459 893 2533 ejusprimae
937 2476 1002 2518 ac
1048 2459 1369 2518 universalis
1402 2459 1621 2534 Regula:
1667 2461 1982 2585 applicatio-

417 2545 535 2585 nes.
564 2539 659 2585 aut
702 2532 1092 2585 declarationes
1131 2532 1265 2585 locis
1290 2541 1344 2585 et
1373 2534 1622 2585 nersonis
1664 2548 1700 2585 n
1722 2546 1982 2585 erumaue

416 2545 535 2595 nes,
564 2539 659 2587 aut
702 2532 1092 2603 declarationes
1131 2532 1265 2603 locis
1290 2541 1344 2587 et
1373 2532 1622 2602 personis
1664 2532 1983 2603 plerumque

413 2608 611 2672 aptatae
637 2601 989 2658 habebantur.
1019 2603 1170 2670 Quod
1195 2602 1330 2660 adeo
1354 2601 1541 2657 verum
1562 2601 1680 2667 est,
1696 2610 1758 2656 ut
1778 2616 1848 2656 ne
1870 2603 1984 2672 ipse

414 2671 633 2739 quidem
668 2681 899 2742 sanctus
934 2672 1272 2737 Benedictus,
1319 2672 1410 2742 qui
1437 2672 1760 2742 ,antiqnum,
1820 2671 1982 2741 quem

415 2742 619 2811 reperit
664 2741 718 2795 in
750 2742 1009 2808 Ecclesia,
1049 2741 1403 2799 monasticam
1422 2741 1684 2811 -ordin’em
1721 2743 1979 2811 suscepit,

413 2809 701 2884 excoluit,
709 2811 978 2884 dilatavit,
1025 2812 1283 2884 Regulam
1321 2809 1683 2884 universalem
1712 2811 1825 2865 suis
1857 2809 1978 2884 ubi-

414 2894 522 2948 que
558 2880 809 2954 omnibus
838 2880 1290 2954 promulga'verit;
1342 2882 1437 2954 sed
1470 2881 1796 2951 peculiarem
1839 2880 1980 2954 dun-

415 2958 569 3004 taxat
612 2948 920 3019 Cassineiisi
966 2948 1234 3018 emnobio,
1283 2952 1371 3007 cui
1411 2948 1660 3019 prieerat,
1692 2964 1812 3019 qua:
1856 2949 1982 3006 inde
2032 3006 2045 3011 -

455 3019 629 3093 _r_ivata
672 3018 951 3093 diligentia
975 3022 1268 3093 descripta,
1297 3028 1354 3075 et
1379 3018 1625 3093 imitandi
1659 3018 1837 3074 studio
1877 3034 1980 3088 pu-

412 3032 629 3142 Brivata
672 3032 951 3091 diligentia
975 3032 1268 3093 descripta,
1297 3032 1354 3075 et
1379 3032 1625 3073 imitandi
1659 3032 1837 3074 studio
1877 3034 1980 3088 pu-

453 3087 818 3171 licata,__adeo
834 3105 955 3171 Anon
1002 3091 1496 3171 quasinabrqgasse
1520 3088 1731 3171 priores
1756 3098 1981 3171 caeteras

410 3163 495 3211 est
533 3157 758 3221 credita,
790 3168 852 3214 ut
900 3157 1122 3215 sanctus
1158 3157 1481 3215 Benedictus
1507 3157 1847 3224 Anianensis,
1874 3157 1976 3212 hu-

404 3226 517 3297 ius,
546 3241 710 3297 quam
747 3227 957 3295 damus,
1004 3228 1348 3285 Collectionis
1399 3235 1610 3294 auctor,
1645 3228 1802 3297 idem
1836 3227 1981 3282 aliud

308 3300 317 3315 ‘
406 3294 1007 3368 :Opuselucubraverit,
1027 3313 1200 3368 nuper
1224 3314 1256 3353 a
1283 3298 1401 3353 viro
1421 3298 1734 3353 doctissimo
1758 3294 1982 3368 Hugoue

410 3364 689 3438 lienardo,
719 3364 827 3438 luci
856 3367 1085 3438 publica:
1102 3364 1234 3438 eum
1263 3368 1490 3424 eruditis
1513 3364 1982 3438 observationibus

410 3436 619 3507 datum,
649 3436 736 3492 cui
764 3435 1073 3507 Concordia:
1109 3436 1429 3507 Reginorum
1464 3451 1659 3492 nomen
1684 3435 1832 3502 fecit,
1862 3452 1985 3507 quae

410 3454 619 3502 uatum,
649 3454 736 3492 cui
764 3454 1073 3493 concordiis
1109 3454 1189 3493 ne
1219 3454 1429 3492 marum
1464 3454 1659 3492 nomen
1684 3454 1832 3502 iecit,
1862 3454 1984 3507 quae

409 3506 746 3577 singulorum
766 3506 1149 3579 Benedictinae,
1165 3454 1383 3579 lgegulie
1407 3507 1644 3579 capitum
1671 3507 1984 3579 consensio-

408 3576 533 3631 nem
572 3592 696 3631 cum
741 3578 955 3633 caeteris
988 3576 1405 3633 omnibus'aliis
1445 3576 1662 3633 Regulis
1693 3576 1846 3632 clare
1892 3577 1983 3632 de-

407 3654 698 3702 monstrat.
742 3647 868 3704 liaec
895 3648 1159 3719 disputari
1194 3648 1438 3719 pluribus
1460 3647 1758 3719 debebant;
1792 3661 1983 3719 verum

407 3726 588 3775 metus
628 3725 765 3785 erat,
812 3733 881 3775 ne
922 3716 1416 3773 in'contentionem
1456 3731 1546 3785 res
1582 3716 1758 3771 abiret
1784 3716 1855 3770 ab
1883 3717 1983 3771 hoc

410 3788 560 3859 aditu
584 3784 856 3859 tranquilli
879 3788 1198 3859 paciﬁcique
1224 3786 1405 3859 operis
1428 3784 1659 3859 alienam
1679 3805 1692 3841 :
1709 3796 1981 3859 certorum

408 3858 609 3928 quippe
635 3855 937 3923 hominum,
971 3855 1402 3928 quos'abun'dare
1424 3858 1480 3912 in
1504 3871 1603 3912 suo
1628 3871 1803 3928 sensu,
1828 3855 1986 3912 facile

409 3927 658 3993 sinimus,
684 3928 884 3983 obnixa
912 3928 968 3981 in
988 3927 1324 3983 contrarium
1346 3934 1663 3996 armataque
1685 3927 1863 3996 studia
1890 3941 1986 3983 uo-

410 4011 687 4062 veramus,
710 4012 837 4052 cum
874 3997 1071 4076 quibus
1093 3998 1258 4055 rixari
1288 4012 1429 4051 nunc
1456 3995 1671 4066 quidem
1714 3995 1981 4053 nolumus.

1138 4127 1278 4185 XXI.

487 4258 731 4314 Diximus
754 4274 918 4329 supra
951 4257 1187 4319 Leonem
1227 4259 1482 4315 Allatium
1507 4275 1575 4316 ex
1612 4261 1829 4316 schedis
1858 4259 1987 4315 Hol-

410 4350 674 4405 stenianis
694 4349 1002 4419 posthnmis
1033 4351 1173 4407 hanc
1206 4350 1652 4407 Dissertationem
1682 4351 1981 4409 Prommia-

411 4442 518 4497 lem
555 4456 846 4507 exarasse;
886 4442 965 4496 sic
1003 4441 1146 4495 enim
1185 4442 1364 4510 prodit
1387 4441 1721 4499 clarissimus
1747 4440 1987 4496 Mabillo-

413 4534 536 4587 nius
562 4532 616 4587 in
643 4531 958 4602 pnefatione
981 4532 1047 4587 ad
1075 4540 1205 4587 tom.
1233 4531 1257 4587 Ι
1279 4531 1474 4587 Annal.
1495 4530 1792 4595 Bcnedict.,
1813 4548 1867 4589 u.
1895 4531 1980 4598 l9,

406 4624 502 4680 ubi
538 4624 603 4679 a‘d
650 4624 1056 4680 monstrandam
1105 4624 1336 4680 instituti
1377 4625 1662 4681 monastici
1700 4626 1981 4691 unitatem,

408 4716 512 4772 sub
539 4716 762 4772 nomine
806 4716 991 4771 Allan'i
1015 4716 1235 4772 adducit
1264 4717 1529 4788 prolixum
1571 4728 1776 4773 textum
1813 4733 1878 4772 ex
1908 4716 1985 4774 al-

407 4806 522 4862 lato
544 4805 721 4876 capite
742 4805 777 4859 5
810 4803 1093 4862 Dissertat.
1114 4803 1422 4862 Prommial.
1458 4807 1819 4879 desumptum.
1849 4806 1985 4861 Cum

410 4896 578 4966 igitur
609 4904 688 4951 tot
718 4895 822 4950 viri
846 4910 1040 4966 graves
1071 4904 1127 4950 et
1150 4896 1370 4960 eruditi,
1405 4897 1545 4951 inter
1572 4896 1696 4951 vita:
1737 4896 1990 4951 monasti-

411 4999 490 5039 cze
533 4985 736 5054 primos
779 4983 1016 5040 cultores
1060 4983 1363 5053 plenarium
1406 4998 1732 5040 consensum
1780 4999 1991 5054 repere-

414 5074 549 5140 rint,
572 5083 733 5145 atque
769 5074 939 5144 ipsius
966 5073 1196 5127 instituti
1228 5072 1387 5138 ratio,
1414 5080 1472 5126 ut
1512 5082 1636 5143 pote
1668 5074 1721 5128 in
1748 5073 1989 5128 consiliis

411 5166 739 5238 evangelicis
763 5165 1010 5231 fundata,
1031 5166 1136 5221 hoc
1164 5167 1338 5235 ipsum
1370 5164 1698 5230 manifestet,
1728 5167 1855 5221 hinc
1882 5182 1987 5221 non

414 5257 665 5312 obstante
684 5255 1015 5327 Bcgularum
1030 5256 1360 5321 diversitate,
1378 5255 1501 5311 talis
1523 5256 1813 5312 concordia
1836 5258 1890 5310 in
1909 5257 1990 5311 di-

413 5349 651 5420 rigendis
675 5349 962 5404 monachis
991 5348 1190 5403 mansit
1225 5350 1568 5424 inconcussa,
1610 5348 1783 5404 donec
1808 5358 1990 5419 poste—

412 5440 649 5499 rioribus
705 5440 918 5496 saeculis
973 5437 1208 5495 Ordines
1262 5438 1631 5497 Mcndicantes
1685 5441 1992 5496 insurrexe-

415 5539 565 5594 runt,
609 5531 703 5600 qui
748 5529 1137 5586 monasticam-
1161 5536 1361 5584 statum
1407 5539 1516 5585 tam
1554 5530 1700 5587 circa
1747 5531 1989 5585 habitum

419 5635 582 5688 quam
608 5622 751 5677 circa
780 5623 902 5679 vlta:
936 5636 1155 5677 cursum
1190 5620 1584 5690 quodammodo
1621 5622 1985 5687 mutaverunt,

418 5711 664 5783 quamvis
703 5727 888 5767 omnes
918 5710 1147 5766 Ordines
1175 5708 1429 5780 Religiosi
1478 5711 1543 5765 ad
1588 5706 1836 5768 eumdem
1880 5721 1984 5765 tero

2091 538 2419 611 evangelica.

2787 609 2948 665 XXII.

2160 697 2446 755 Existimat
2468 699 2686 770 quidem
2710 700 2795 754 vir
2814 699 3161 756 doctissimus
3183 700 3487 759 Ludovicus
3511 703 3664 759 Tho-

2090 790 2383 854 massinus,
2426 789 2663 847 Oratorii
2703 790 2965 848 Gallicani
3009 793 3316 864 presbyter,
3359 794 3427 849 de
3471 796 3662 851 Veteri

2090 880 2232 935 Disc.
2272 888 2411 950 part.
2441 898 2481 947 ι,
2514 880 2607 936 lib.
2651 897 2732 948 in,
2784 896 2902 954 cap.
2938 881 3028 949 24,
3060 880 3443 941 Cluniacenses
3470 900 3664 943 mona-

2088 971 2221 1027 chos
2248 973 2451 1042 primos
2473 970 2659 1040 fuisse,
2683 973 2773 1044 qui
2805 973 2858 1028 in
2899 974 3143 1030 ordinem
3187 976 3544 1032 monasticam
3581 977 3666 1032 in-

2088 1061 2360 1116 duxerunt
2383 1063 2746 1118 diversitatem
2780 1062 2849 1118 ab
2890 1064 3141 1120 omnibus
3182 1064 3307 1121 aliis
3343 1065 3661 1122 distinctum

2088 1166 2283 1221 corpus
2321 1151 2625 1219 conﬂando,
2666 1162 2724 1209 et
2773 1153 3032 1225 singulari
3077 1153 3305 1226 Regulae
3341 1169 3462 1211 sese
3509 1155 3665 1212 addi-

2087 1243 2280 1308 cendo,
2312 1259 2436 1298 cum
2467 1251 2593 1299 ante
2631 1242 2885 1300 saeculum
2918 1244 3184 1300 decimum
3216 1244 3316 1300 sub
3341 1260 3451 1301 uno
3493 1259 3663 1316 gene-

2088 1333 2187 1386 rali
2214 1335 2600 1390 monachorum
2622 1334 2832 1400 ordine,
2857 1343 3051 1390 cuncta
3079 1336 3411 1391 monasteria
3436 1336 3513 1390 ita
3530 1351 3664 1392 con—

2088 1423 2274 1478 stituta
2309 1423 2532 1491 fuerint,
2566 1433 2625 1479 ut
2651 1439 2805 1481 suam
2833 1424 3095 1495 Regulam
3140 1426 3513 1497 amplectendo
3550 1442 3664 1482 non

2086 1515 2439 1571 excluderent
2491 1517 2646 1583 alias,
2695 1516 2791 1573 sed
2835 1517 3079 1573 diversas
3124 1518 3357 1589 Regulas
3406 1518 3662 1574 admitte-

2088 1613 2229 1659 rent.
2262 1605 2462 1660 Verum
2506 1620 2639 1676 pace
2661 1606 3013 1662 eruditissimi
3043 1607 3168 1673 viri,
3208 1623 3310 1663 nec
3337 1605 3664 1664 Cluniacen-

2087 1709 2197 1757 ses,
2219 1694 2302 1749 vel
2329 1702 2513 1764 postea
2540 1693 2999 1761 Camaldulenses,
3023 1695 3435 1764 Cistercienses,
3463 1697 3665 1768 aliique

2013 1801 2058 1860 Β
2088 1784 2271 1854 plures
2300 1784 2665 1841 Benedictinae
2705 1785 3003 1857 disciplina:
3030 1784 3414 1842 reformatores
3448 1796 3659 1842 tantam

2084 1876 2138 1931 in
2193 1875 2439 1931 ordinem
2484 1876 2844 1932 monasticum
2897 1876 3224 1932 induxerunt
3276 1875 3657 1943 differentiam,

2083 1973 2142 2019 ut
2167 1973 2293 2034 pote
2356 1981 2456 2036 pro
2511 1966 2771 2036 primaria
2825 1965 2950 2021 vita:
3008 1981 3198 2022 norma
3258 1966 3658 2023 constituentes

2083 2055 2257 2108 sancti
2299 2053 2578 2110 Benedicti
2618 2053 2877 2126 Regulam
2908 2054 3099 2121 solam,
3136 2071 3168 2110 a
3197 2056 3477 2111 monachis
3502 2054 3663 2111 Occi-

2084 2148 2391 2204 dentalibus
2454 2149 2797 2204 observatam
2823 2190 2838 2216 ,
2896 2148 3053 2220 longe
3106 2157 3231 2203 ante
3290 2148 3665 2206 Cluniacensi:

2084 2245 2520 2316 congregationis
2564 2245 2869 2309 exordium,
2899 2244 3142 2315 adeoque
3164 2257 3354 2299 omnes
3396 2241 3501 2298 ille
3529 2257 3664 2298 con—

2085 2337 2427 2408 gregationes
2447 2336 2516 2390 ab
2538 2335 2729 2392 eodem
2748 2335 2896 2391 fonte
2915 2343 3255 2400 emanantes,
3273 2335 3417 2390 haud
3438 2334 3663 2391 aliunde

2084 2442 2237 2483 suam
2267 2427 2641 2483 diversitatem
2668 2428 2980 2493 hauserunt,
3013 2442 3175 2498 φησι
3201 2427 3394 2483 laxiori
3418 2427 3506 2483 vel
3524 2428 3661 2483 stri-

2084 2518 2242 2572 ctiori
2273 2516 2492 2589 Regula:
2528 2517 2890 2574 Benedictinae
2914 2517 3277 2581 observantia,
3314 2518 3382 2573 ad
3408 2531 3571 2590 quam
3600 2520 3659 2574 in

2084 2623 2183 2664 suo
2223 2610 2401 2681 rigore
2446 2610 2872 2665 conservandam
2910 2610 3196 2681 peculiaris
3219 2609 3481 2679 cujusque
3522 2625 3658 2665 con-

2060 2697 2415 2769 gregationis
2444 2698 2873 2763 constitutiones,
2903 2698 3132 2754 diversis
3156 2698 3403 2768 personis
3429 2706 3486 2754 et
3521 2698 3658 2755 locis

2082 2788 2401 2860 excogitatae
2424 2796 2568 2854 sunt,
2593 2803 2820 2859 quarum
2844 2788 2998 2858 proin
3021 2788 3303 2860 praecipuae
3325 2788 3467 2844 inter
3491 2786 3657 2858 hujus

2083 2881 2299 2938 Cedicis
2315 2880 2694 2936 Additamenta
2730 2881 3069 2941 exhibentur.

2154 3082 2234 3137 Ex
2260 3082 2458 3152 quibus
2484 3083 2736 3137 omnibus
2761 2992 2984 3138 (frigidi)
3018 3084 3271 3152 patescit,
3298 3091 3499 3138 statum
3538 3100 3658 3141 mo-

2006 3144 2050 3206 C
2085 3174 2355 3229 nasticum
2384 3176 2455 3228 ab
2479 3174 2702 3230 exordio
2728 3173 3073 3240 uniformcm,
3103 3174 3370 3243 simulque
3388 3190 3513 3230 cum
3537 3176 3657 3245 ipsa

2082 3263 2387 3320 Christiana
2445 3264 2702 3335 religione
2742 3266 3035 3335 sumpsisse
3080 3264 3342 3336 originem
3367 3304 3382 3328 ,
3433 3274 3490 3320 et
3530 3280 3658 3320 cum

2082 3357 2274 3412 eadem
2318 3371 2418 3427 per
2461 3355 2646 3411 orbein
2689 3356 2848 3411 simul
2898 3364 3247 3427 propagatam
3286 3354 3474 3411 fuisse.
3519 3354 3658 3411 Cum

2084 3457 2265 3503 autem
2294 3449 2538 3503 hodierni
2584 3446 2835 3503 Canonici
2885 3446 3189 3518 Regularea,
3223 3449 3314 3517 qui
3359 3449 3461 3503 sub
3502 3464 3658 3505 com-

2084 3539 2231 3594 muni
2275 3538 2478 3610 Regula
2505 3540 2677 3595 sancti
2704 3539 2987 3610 Augustini
3018 3537 3129 3593 Deo
3166 3538 3398 3594 militare
3422 3539 3662 3610 glorian-

2087 3638 2196 3695 tur,
2247 3631 2415 3685 etiam
2476 3646 2507 3684 a
2555 3629 2748 3701 primis
2791 3628 3114 3685 Christianis
3158 3627 3660 3699 Hierosolymitanis

2084 3734 2242 3774 suum
2281 3719 2566 3774 exordium
2617 3726 2881 3789 repetant,
2933 3719 3012 3773 sic
3065 3719 3133 3773 de
3180 3734 3368 3775 eorum
3409 3719 3661 3773 instituto

2084 3825 2256 3880 pauca
2302 3824 2603 3880 proponere
2644 3808 2816 3874 lubet,
2854 3808 2956 3864 etsi
2999 3810 3054 3863 in
3084 3805 3281 3864 Codice
3324 3806 3658 3879 Regularum

2086 3899 2438 3956 llolsteniano
2467 3899 2671 3954 nullum
2709 3915 2820 3955 suae
2849 3899 3074 3970 originis
3109 3908 3516 3957 monumentum
3548 3881 3662 3953 ine-

2086 3993 2315 4058 ruerint,
2364 3993 2464 4048 etsi
2501 4000 2732 4056 constet,
2782 3992 2881 4046 hos
2919 3990 3068 4045 viros
3096 3989 3377 4060 religiosos
3422 3987 3491 4042 ad
3521 3988 3665 4043 obti-

2087 4084 2317 4140 nendam
2348 4081 2710 4153 evangelicam
2743 4079 3148 4152 perfectionem,
3177 4092 3380 4143 mores,
3408 4085 3465 4133 et
3492 4078 3663 4133 actio-

2087 4188 2185 4229 nes
2224 4188 2354 4228 suas
2398 4185 2612 4243 semper
2639 4169 3024 4240 composuisse,
3055 4169 3329 4238 vitamque
3350 4181 3485 4221 vere
3531 4180 3663 4237 apo—

2087 4263 2335 4318 stolicam
2362 4262 2535 4317 tribus
2580 4261 2908 4317 solemnibus
2939 4260 3080 4315 votis
3105 4257 3376 4315 suffultam
3405 4256 3658 4321 duxisse;

2087 4362 2175 4408 ast
2217 4353 2435 4408 eosdem
2476 4369 2508 4407 a
2560 4351 2749 4423 primis
2792 4350 3115 4407 Christianis
3159 4348 3666 4420 Hierosolymitanis

2088 4441 2400 4513 evangelica
2433 4440 2658 4496 consilia
2698 4439 2963 4511 amplexis
2997 4446 3215 4495 exortos
3260 4453 3402 4504 esse,
3432 4453 3497 4494 ac
3540 4454 3667 4508 per-

2088 4543 2249 4606 petua
2277 4534 2417 4589 serie
2445 4542 2790 4605 propagatos,
2812 4533 3033 4588 omnino
3055 4545 3250 4587 vanum
3276 4538 3361 4586 est
3388 4544 3664 4595 asserere,

2088 4627 2193 4681 nisi
2222 4627 2541 4697 inquantum
2573 4641 2696 4680 cum
2727 4623 3006 4678 monachis
3040 4621 3382 4678 conveniunt.

2782 4715 2970 4770 XXIV.

2162 4809 2330 4863 Nemo
2369 4809 2515 4861 enim
2558 4806 2640 4859 vel
2688 4804 2878 4859 leviter
2912 4805 2966 4858 in
3015 4803 3238 4857 historia
3292 4799 3665 4856 ecclesiastica

2090 4906 2339 4952 versatus
2376 4895 2604 4965 ignorat,
2623 4909 2818 4948 nomen
2853 4891 3235 4947 Canonicorum
3264 4890 3456 4960 primis
3484 4889 3667 4945 Eccle-

2091 4986 2186 5039 siae
2221 4985 2431 5040 saaculis
2465 4984 2763 5039 inauditum
2793 4980 2975 5048 luissq
3017 4995 3192 5051 neque
3236 4983 3667 5039 ante.s:eculum

2091 5085 2298 5131 sextum
2352 5076 2483 5130 illud
2537 5076 2779 5129 auditum
2825 5083 2910 5129 est
2956 5075 3096 5144 apud
3142 5073 3521 5129 Occidentales
3569 5073 3667 5127 au-

2091 5177 2291 5230 ctores,
2325 5177 2483 5236 prout
2518 5167 2911 5223 Canonicorum
2943 5166 3269 5235 regularium
3297 5176 3670 5236 propugnator

2091 5260 2323 5315 eximius
2366 5259 2630 5315 Eusebius
2695 5259 2903 5321 Amort,
2955 5260 3007 5312 in
3049 5274 3149 5314 suo
3200 5257 3452 5329 laudabili
3501 5274 3671 5328 opere

2089 5348 2157 5404 de
2215 5348 2386 5403 Veteri
2420 5359 2466 5403 et
2499 5365 2628 5403 nova
2662 5347 2953 5418 Disciplina
2971 5350 3226 5401 canonica
3262 5355 3437 5417 part.l
3462 5348 3668 5418 pag.2,

2090 5439 2350 5511 agnoscit.
2394 5439 2507 5496 lino
2555 5448 2681 5494 ante
2707 5437 2961 5495 saeculum
2984 5445 3235 5493 octavum
3265 5451 3366 5509 per
3385 5439 3671 5493 canonicos

2076 5528 2424 5585 solummodo
2473 5527 2908 5598 intelligebantur
2950 5526 3133 5583 clerici
3173 5527 3281 5594 illi,
3304 5528 3400 5596 qui
3439 5528 3673 5598 ascripti

2089 5628 2245 5675 erant
2280 5619 2577 5675 matricula:
2624 5619 2852 5689 alicujus
2880 5621 3143 5687 ecclesia),
3177 5630 3434 5692 tauquam
3468 5621 3670 5688 bemﬁ-

2089 5709 2240 5764 clarii
2264 5708 2376 5765 sive
2397 5709 2771 5780 pra'bcndarii,
2801 5712 2996 5781 quibus
3022 5728 3187 5765 canon
3214 5712 3328 5767 sive
3367 5712 3669 5778 dimensum
