3942 6190
219 329 324 388 ιοο

1221 329 1452 388 CODEX
1491 329 1949 388 REGULARUM.
1988 363 2059 376 —
2095 331 2484 391 PRASFATIO.

3372 317 3478 395 uti

219 445 670 517 dispensabatur.
739 442 851 499 Nec
891 457 1023 499 sane
1082 443 1264 516 magni
1319 446 1483 502 refert
1557 446 1796 516 obiicere
1820 450 2056 517 Aprout
2111 449 2385 504 Possidius
2447 447 2502 502 in
2548 413 2718 517 ipsius
2756 446 2879 502 Vita
2923 447 3201 504 insinuare
3240 450 3476 509 videtur.

220 535 627 594 matricularios
673 547 769 588 seu
803 532 1101 590 matricula:
1133 535 1480 590 ecclesiarum
1513 537 1800 606 inscriptos

221 626 485 697 quosdam
512 623 808 687 exstitisse,
847 624 936 693 qui
968 640 1074 679 non
1103 634 1258 680 erant
1295 626 1572 690 canonici;
1612 625 1802 694 quales

220 719 606 775 existimantur
631 715 807 769 viduae
826 723 880 769 et
904 729 1164 785 pauperes
1179 715 1422 788 catalogo
1447 717 1799 772 ecclesiarum

221 811 347 866 olim
380 807 652 878 inscripti,
683 817 740 860 et
782 821 847 861 ex
879 805 1238 860 oblationibus
1263 805 1500 860 fidelium
1545 814 1726 861 certas
1745 814 1802 860 et

220 899 610 956 determinatas
658 896 1026 966 eleemosynas
1077 894 1272 964 singuli
1326 894 1670 963 accipientes,
1721 893 1800 950 uti

220 1007 318 1047 nec
354 997 580 1045 sanctus
629 985 906 1042 Cornelius
948 1001 1086 1057 papa
1132 987 1200 1040 ad
1246 985 1473 1040 Fabium
1510 985 1802 1042 Antioche-

219 1095 348 1136 num
393 1078 640 1134 scribens
665 1076 811 1130 circa
859 1089 1060 1129 annum
1093 1073 1200 1129 254
1246 1089 1436 1131 omnes
1481 1075 1800 1132 clericorum

218 1173 419 1246 gradus
461 1169 620 1226 simul
663 1183 728 1223 ac
760 1168 952 1234 viduas
1011 1176 1066 1224 et
1104 1184 1366 1238 pauperes
1392 1170 1646 1226 Ecclesue
1689 1171 1799 1226 Ro-

218 1275 397 1315 manae
436 1258 685 1329 catalogo
733 1259 1021 1327 inscriptos
1070 1273 1380 1325 recensens,
1435 1259 1600 1314 ullam
1642 1277 1802 1314 cano-

219 1353 460 1405 nicorum
515 1351 838 1404 mentionem
888 1349 1039 1404 facit.
1083 1348 1215 1404 Cum
1260 1353 1403 1404 enim
1458 1351 1648 1420 primis
1693 1351 1801 1406 illis

218 1442 478 1498 Ecclesia:
518 1441 729 1496 saeculis
780 1441 959 1495 cuncti
1025 1439 1125 1493 viri
1165 1440 1543 1506 ecclesiastici,
1597 1441 1704 1496 imo
1746 1449 1802 1496 et

217 1547 484 1603 pauperes
511 1532 790 1600 utriusque
818 1545 978 1585 sexus
999 1530 1052 1583 in
1081 1531 1416 1585 matriculam
1442 1531 1798 1586 ecclesiarum

218 1623 399 1688 relati,
433 1639 501 1678 ex
526 1622 887 1677 oblationibus
918 1620 1153 1676 fidelium
1177 1621 1504 1690 quotidianis
1539 1622 1796 1686 viverent,

221 1729 397 1784 neque
424 1712 678 1782 prOprios
718 1710 910 1765 fundos
945 1710 1301 1779 possiderent,
1355 1712 1433 1766 sic
1477 1725 1578 1765 nec
1616 1710 1801 1779 beneﬁ-

1901 538 2125 593 Frustra
2164 553 2378 608 quoque
2425 539 2479 593 in
2537 553 2662 592 suas
2718 549 2900 608 partes
2939 540 3156 595 trahere
3211 552 3481 598 conantur

1900 628 2146 683 canonici
2199 635 2448 682 sanctum
2509 627 2764 682 Basilium
2809 637 2863 683 et
2885 638 3130 684 sanctum
3183 630 3479 690 Caesarium

1899 715 2292 782 Arelatensem,
2326 726 2592 785 quatenus
2624 716 2888 787 regulares
2924 719 3188 774 nominari
3228 721 3481 793 valeant;

1901 823 2026 861 nam
2079 815 2307 877 uterque
2357 807 2730 862 sanctissimus
2779 809 3004 865 antistes
3061 811 3229 866 vitam
3289 829 3484 869 mona-

1901 898 2088 952 sticam
2136 914 2242 953 non
2278 899 2584 952 canonicam
2607 898 2861 963 excoluit,
2895 907 3057 969 atque
3088 903 3260 957 sancti
3297 903 3484 958 Basilii

1901 986 2111 1058 Regula
2165 989 2446 1043 monachis
2494 1003 2602 1042 non
2629 988 2842 1044 clericis
2883 991 3136 1061 adoptata
3161 1002 3245 1048 est
3275 1011 3288 1059 ;
3323 1010 3485 1064 quam

1898 1075 2053 1144 proin
2083 1075 2458 1131 sanctissimus
2484 1077 2872 1131 monachorum
2918 1077 3340 1136 Occidentalium
3392 1097 3487 1152 pa-

1899 1167 2138 1221 triarcba
2174 1174 2395 1222 sanctus
2438 1167 2781 1234 Benedictus,
2815 1169 2946 1239 Reg.
2982 1185 3105 1240 cap.
3147 1186 3339 1237 Lxxm,
3366 1189 3482 1228 om-

1899 1255 2060 1310 nibus
2110 1256 2390 1309 monachis
2442 1255 2722 1326 legendam
2788 1259 3057 1327 proponit,
3099 1259 3322 1330 ejusque
3388 1276 3487 1315 au-

1903 1351 2112 1399 ctorem
2146 1354 2386 1397 sanctum
2432 1345 2640 1397 Patrem
2678 1343 2936 1399 Basiliam
2965 1348 3226 1403 nominat.
3260 1350 3479 1404 Certum

1899 1446 2116 1502 quoque
2177 1441 2284 1498 est,
2367 1443 2614 1489 sanctum
2673 1435 2966 1491 Ctesarium
3025 1437 3079 1492 in
3133 1439 3486 1496 celeberrimo

1898 1520 2167 1576 Lirinensi
2209 1524 2538 1578 monasterio
2577 1525 2888 1591 educatum,
2930 1529 3288 1582 monasticam
3319 1532 3486 1586 vitam

1900 1627 2119 1681 semper
2145 1613 2468 1679 excoluisse,
2518 1613 2856 1686 Regulasque
2891 1631 3017 1671 suas
3066 1633 3163 1687 pro
3206 1621 3486 1675 monachis

1902 1711 1959 1757 et
2006 1704 2178 1759 sacris
2205 1704 2504 1775 virginibus
2537 1705 2591 1759 in
2617 1707 2945 1762 monasterio
2977 1707 3296 1778 degentibus
3343 1724 3483 1778 pra:-

221 1781 392 1866 ciarii,
428 1781 918 1871 autiprtebendarii,
948 1800 1116 1854 multo
1151 1799 1330 1855 minus
1353 1802 1592 1854 canonici
1625 1799 1804 1869 appel-
1828 1781 1873 1839 Β
1901 1791 2204 1861 scripsisse,
2250 1800 2413 1861 prout
2459 1808 2526 1848 ex
2587 1793 3052 1850 observationibus
3089 1797 3156 1850 ad
3201 1807 3488 1867 utramque

219 1893 316 1947 lari
361 1900 674 1963 potuerunt,
699 1900 910 1961 utpote
954 1891 1100 1947 nullo
1142 1900 1294 1946 certo
1332 1900 1388 1947 et
1435 1892 1806 1948 determinato

219 1999 417 2037 canone
461 1983 776 2053 gaudentes,
808 1982 936 2036 licet
977 1981 1222 2052 catalogo
1271 1983 1511 2038 ecclesiae
1538 1983 1802 2052 inscripti.

217 2074 512 2144 Postquam
565 2084 744 2129 autem
800 2073 1029 2129 ecclesia
1076 2074 1255 2129 fundis
1299 2083 1354 2129 et
1376 2077 1806 2144 possessionibus

219 2167 496 2220 abundare
556 2173 816 2236 cmperat,
867 2167 945 2220 sic
985 2175 1040 2220 et
1068 2165 1283 2236 plurimi
1323 2168 1503 2222 clerici
1562 2171 1804 2226 ecclesiis

224 2263 334 2308 tam
378 2255 787 2309 cathedralibus
831 2269 992 2324 quam
1027 2254 1148 2308 aliis
1196 2256 1622 2324 immatriculati,
1667 2277 1805 2330 pra:-

225 2347 421 2401 bendas
453 2355 511 2402 et
556 2347 804 2415 beneﬁcia
839 2354 988 2402 certa
1020 2354 1074 2400 et
1101 2347 1373 2402 ordinaria
1414 2350 1801 2418 acquisierunt,

223 2449 485 2508 quatenus
535 2439 757 2494 liberius
790 2437 962 2493 ollicio
1008 2438 1189 2494 divino
1231 2439 1540 2496 insistentes
1571 2456 1804 2496 annuam

224 2530 425 2587 idcirco
503 2533 818 2602 pensionem
879 2530 1232 2600 accipiebant,
1290 2532 1369 2586 sic
1420 2530 1543 2600 jure
1597 2533 1803 2602 optimo

226 2623 463 2676 canonici
520 2622 821 2692 nuncupari
880 2630 1210 2692 potuerunt;
1249 2638 1417 2677 canon
1463 2624 1608 2678 enim
1658 2625 1800 2694 apud

226 2720 431 2766 veteres
497 2713 632 2766 nihil
670 2712 813 2766 aliud
851 2719 986 2774 erat,
1034 2725 1192 2780 quam
1259 2712 1496 2782 regulata
1561 2715 1802 2786 quaedam

225 2802 422 2868 pensio,
462 2811 626 2872 prout
664 2802 800 2856 varii
846 2799 985 2870 iuris
1024 2799 1198 2856 civilis
1237 2811 1420 2858 textus
1466 2811 1753 2859 testantur.

933 2887 1107 2946 XXV.

294 2979 583 3049 Utcunque
625 2995 754 3036 vero
799 2984 1036 3038 canonici
1101 2997 1297 3038 nomen
1338 2997 1493 3037 suum
1554 2983 1802 3038 derivare

231 3077 453 3134 aveant,
490 3070 606 3124 sive
651 3085 682 3123 a
743 3071 1023 3126 matricula
1062 3071 1148 3127 vel
1189 3089 1388 3126 canone
1423 3071 1799 3136 ecclesiarum,

229 3162 426 3231 quibus
473 3161 722 3230 inscripti
755 3171 926 3228 erant,
979 3164 1094 3218 sive
1122 3180 1153 3218 a
1195 3178 1392 3220 canone
1429 3163 1514 3218 vel
1564 3163 1801 3234 regulata

226 3250 450 3319 quadam
504 3251 750 3319 pensione
801 3252 931 3321 ipsis
977 3252 1256 3306 annuatim
1311 3253 1653 3321 dispensata,
1705 3253 1810 3308 hoc

223 3355 384 3394 unum
422 3347 634 3395 certum
673 3349 774 3406 est,
805 3351 929 3395 ante
950 3341 1160 3412 Pippini
1183 3341 1354 3413 Magni
1407 3351 1646 3412 tempora
1688 3342 1808 3396 nul-

234 3429 335 3484 lam
377 3431 799 3485 determinatam
830 3431 1088 3502 Regulam
1122 3433 1329 3487 vivendi
1375 3433 1506 3503 ipsis
1545 3433 1799 3503 praescri-

228 3531 370 3590 ptam
420 3520 612 3587 fuisse,
643 3522 765 3590 quia
799 3521 1052 3577 Ecclesiae
1079 3522 1401 3578 universalis
1421 3538 1657 3578 canones
1687 3538 1805 3577 om-

229 3609 384 3665 nibus
427 3610 646 3665 clericis
682 3619 736 3666 et
775 3611 1095 3667 Christianis
1133 3628 1448 3669 communes
1481 3595 1656 3668 erant.
1704 3612 1806 3666 Fa-

227 3709 408 3756 tenmr
438 3702 587 3756 enim
609 3718 795 3758 omnes
817 3704 1192 3760 ecclesiastica:
1228 3705 1468 3760 historia:
1491 3707 1799 3776 scriptores,

227 3804 473 3850 sanctum
509 3796 792 3851 Eusebium
819 3797 1210 3854 Vercellensem
1236 3800 1542 3870 episcopum
1570 3800 1803 3870 primum

228 3884 416 3952 fuisse,
447 3888 542 3956 qui
580 3888 743 3941 vitam
779 3904 1115 3944 communem
1138 3889 1351 3945 clericis
1376 3890 1486 3946 suis
1526 3889 1806 3945 mandavit

226 3981 369 4036 circa
409 3997 616 4036 annum
657 3984 780 4048 5'50,
814 3985 979 4038 vitam
1011 3984 1312 4040 clericalem
1347 4000 1469 4039 cum
1504 3983 1804 4037 monastica

223 4072 572 4143 coniungens.
626 4072 810 4143 Neque
843 4084 1061 4130 sanctus
1093 4075 1424 4146 Augustinus
1448 4073 1657 4128 clericis
1691 4072 1805 4128 suis

224 4168 275 4222 in
311 4167 594 4224 communi
633 4169 937 4224 viventibus
979 4169 1303 4239 peculiarem
1338 4167 1598 4239 Regulam
1638 4165 1806 4225 tradi.-

224 4259 367 4314 disse
416 4258 688 4328 legimus;
728 4257 926 4312 nullam
957 4259 1101 4314 enim
1127 4258 1287 4312 aliam
1311 4256 1521 4312 vivendi
1557 4269 1805 4311 normam

223 4349 512 4418 scrip.~isse
556 4347 824 4403 afﬁrmant
861 4350 963 4404 viri
1003 4351 1167 4415 docti,
1193 4350 1297 4404 nisi
1337 4350 1618 4420 vulgarem
1655 4347 1803 4402 illam

223 4437 499 4532 Regulam
560 4440 1329 4532 sanctimonialibusfeminis
1396 4439 1801 4532 praescriptam,
1830 4471 1884 4532 Β

223 4542 381 4595 quam
405 4529 461 4582 in
486 4529 590 4582 hoc
615 4528 937 4599 Regularum
971 4530 1165 4586 Codice
1193 4531 1336 4585 inter
1361 4530 1497 4585 alias
1522 4543 1802 4584 sacrarum

221 4617 491 4688 virginum
518 4618 749 4689 Regulas
770 4620 1047 4675 collocavit
1066 4620 1242 4674 Lucas
1265 4629 1448 4675 noster
1473 4619 1800 4674 Holstenius.

224 4703 544 4774 Reperimus
601 4709 814 4777 quidem
864 4710 1191 4764 sanctissimi
1237 4709 1484 4780 praesulis
1512 4709 1647 4764 duos
1688 4723 1805 4764 scr-

227 4811 414 4852 mones
445 4799 514 4853 de
541 4801 801 4852 communi
817 4801 918 4852 vita
950 4801 1280 4866 clericorum,
1315 4801 1404 4870 qui
1431 4808 1605 4855 tamen
1627 4800 1804 4870 potius

228 4887 464 4943 dicenda:
510 4896 636 4943 sunt
668 4890 1092 4958 exhortationes,
1143 4906 1305 4961 quam
1346 4891 1467 4945 vita:
1504 4890 1807 4946 communis

230 4991 415 5033 norma
441 4977 527 5033 vel
580 4980 784 5050 regula.

931 5050 1117 5105 XXVI.

299 5134 408 5202 Περ
437 5151 572 5192 sane
595 5137 778 5192 clerici
801 5139 875 5192 illi
915 5141 967 5193 in
995 5140 1263 5194 communi
1294 5141 1540 5195 viventes
1563 5155 1592 5194 a
1619 5149 1808 5195 sancto

230 5224 529 5297 Augustino
596 5228 872 5292 instituti,
932 5230 1199 5284 ullatenus
1246 5231 1503 5300 appellari
1582 5239 1809 5299 possunt

231 5317 486 5379 canonici,
519 5332 748 5385 quorum
776 5333 970 5371 nomen
1004 5319 1058 5371 in
1097 5317 1335 5372 Ecclesia
1376 5320 1612 5373 nondum
1648 5319 1804 5374 audi-

232 5412 342 5457 tum
381 5415 524 5470 erat,
571 5408 664 5460 sed
708 5408 886 5476 potius
913 5407 1208 5462 Cmnobita:
1252 5408 1463 5464 dicendi
1493 5416 1640 5472 sunt,
1681 5409 1806 5477 quia

230 5494 579 5566 episcopium,
612 5497 702 5551 ubi
738 5513 857 5552 cum
897 5499 1147 5569 episcopo
1181 5499 1465 5568 degebant,
1505 5499 1555 5552 in
1591 5499 1806 5554 modum

231 5589 458 5643 cenobii
515 5598 758 5645 erectum
805 5589 999 5656 fuerat,
1045 5600 1099 5645 ct
1136 5591 1316 5645 forsan
1367 5591 1652 5660 ipsunnnet
1693 5599 1812 5645 erat

237 5681 617 5736 monasterium
689 5691 812 5735 ante
882 5682 1072 5737 initum
1123 5683 1486 5752 episcopatum
1546 5691 1809 5746 erectum,

1910 1880 2177 1953 Regulam
2215 1883 2432 1954 praeviis
2481 1883 2615 1938 satis
2641 1899 2908 1954 superque
2941 1888 3380 1943 monstravimus.

2595 1972 2807 2032 XXVII.

1976 2060 2246 2131 Quidquid
2288 2077 2416 2134 ergo
2468 2063 2744 2119 adducunt
2797 2066 3040 2122 canonici
3086 2068 3360 2140 regulares
3417 2072 3487 2127 ad

1902 2153 2236 2220 probandam
2261 2163 2576 2222 perpetuam
2623 2156 3021 2211 successionem
3059 2173 3210 2212 suam
3238 2176 3268 2214 a
3295 2161 3487 2230 primis

1903 2239 2223 2294 Christianis
2268 2241 2768 2314 Hierosolymitanis
2809 2261 2979 2316 usque
3004 2247 3071 2301 ad
3118 2259 3302 2304 nostra
3346 2261 3482 2307 tem-

1903 2343 2055 2397 pora,
2084 2331 2244 2386 nullis
2273 2332 2492 2387 omnino
2515 2333 2702 2390 solidis
2726 2339 3058 2406 argumentis
3077 2321 3258 2394 fulciri
3285 2352 3484 2410 potest;

1903 2421 2119 2476 etiamsi
2177 2423 2538 2480 concedamus
2608 2427 2868 2495 quosdam
2931 2444 3148 2500 semper
3213 2433 3490 2489 exstitisse

1903 2511 2130 2568 clericos
2179 2514 2338 2568 bonis
2383 2515 2495 2570 suis
2542 2517 2796 2573 omnibus
2833 2521 3220 2586 renuntiantes;
3253 2523 3488 2592 aliaque

1904 2599 2135 2655 consilia
2192 2602 2503 2672 evangelica
2553 2604 2914 2671 observantes;
2973 2624 3251 2678 nunquam
3303 2619 3488 2668 tamen

1903 2689 2094 2760 primis
2138 2698 2341 2760 septem
2379 2691 2590 2746 saeculis
2638 2693 2828 2749 adduci
2863 2705 3087 2764 possunt
3117 2699 3338 2768 integrae
3381 2701 3489 2756 cle-

1906 2779 2142 2834 ricorum
2165 2781 2633 2852 congregationes,
2671 2798 2791 2852 quae
2818 2799 2876 2839 se
2901 2785 2970 2839 ad
3013 2787 3115 2840 tria
3139 2797 3261 2842 vota
3293 2791 3488 2846 solem-

1907 2871 2019 2935 nia,
2048 2871 2386 2940 paupertatis,
2425 2873 2682 2926 castitatis
2714 2881 2762 2926 et
2794 2873 3118 2941 obedientiw,
3149 2879 3482 2934 observanda

1906 2959 2311 3030 astringebant,
2361 2959 2444 3014 vel
2499 2961 2567 3014 ad
2611 2961 2727 3016 haec
2770 2965 3075 3033 praestanda
3111 2981 3208 3035 per
3247 2966 3484 3036 aliquam

1908 3065 2223 3121 expressam
2287 3051 2548 3122 Regulam
2612 3053 3013 3123 obligaban'tur.
3078 3055 3276 3112 Omnes
3341 3059 3486 3112 enim

1905 3145 2040 3200 tales
2064 3146 2509 3216 congregationes
2543 3161 2573 3200 a
2596 3146 2951 3202 sanctissimis
2975 3146 3242 3216 episcopis
3263 3145 3492 3214 aliisque

1906 3236 2165 3305 piissimis
2218 3235 2352 3291 viris
2404 3235 2665 3292 institutae
2704 3235 2885 3306 potius
2937 3245 3096 3292 erant
3162 3238 3486 3299 rnonastictr,

1910 3340 2072 3394 quam
2111 3326 2400 3392 canonicte,
2449 3326 2901 3396 quemadmodum
2936 3337 3142 3382 cunctae
3181 3326 3397 3397 Regula:
3432 3325 3486 3379 in

1904 3414 2010 3468 hoc
2069 3413 2258 3469 Codice
2306 3413 2624 3484 Regulamm
2689 3413 2936 3469 adducta:
3005 3415 3290 3484 perspicue
3350 3414 3485 3470 satis

1906 3505 2298 3561 demonstrant.
2335 3505 2595 3575 Adeoque
2629 3505 2814 3561 clerici
2842 3506 2896 3560 in
2920 3507 3189 3560 communi
3217 3507 3480 3567 viventes,

1903 3611 2134 3665 quorum
2172 3595 2413 3650 nonnulli
2452 3595 2600 3651 omni
2645 3595 2912 3649 bonorum
2943 3595 3262 3664 proprietati
3303 3593 3486 3648 forsan

1905 3687 2336 3749 renuntiabant,
2384 3700 2657 3755 nunquam
2700 3693 2873 3740 tamen
2921 3685 3024 3740 tria
3057 3682 3312 3741 solemnia
3356 3691 3479 3740 vota

1901 3777 2241 3842 emittebant,
2273 3775 2356 3830 vel
2379 3791 2714 3831 communem
2743 3775 3003 3846 Regulam
3032 3774 3264 3840 vivendi,
3294 3773 3489 3829 distin-

1901 3876 2046 3922 ctam
2089 3868 2156 3922 ab
2194 3866 2451 3944 Ecclesiae
2489 3867 2787 3921 canonibus
2832 3873 2957 3920 ante
3002 3865 3242 3922 medium
3303 3863 3487 3920 saeculi

1901 3958 2077 4013 octavi
2133 3957 2534 4022 admittebant;
2589 3956 2715 4012 licet
2757 3957 2844 4011 his
2904 3957 3236 4027 temporibus
3287 3971 3485 4011 nomen

1904 4049 2279 4104 canonicorum
2320 4047 2374 4102 in
2410 4047 2680 4117 aliquibus
2714 4047 2848 4102 locis
2892 4045 3085 4103 ﬂorere
3132 4048 3375 4118 coeperit.

2572 4135 2801 4191 XXVIII.

1976 4229 2191 4284 Primus
2225 4228 2371 4283 enim
2417 4226 2511 4298 qui
2549 4226 2824 4282 canonicis
2860 4224 3122 4296 Regulam
3157 4226 3486 4295 peculiarem

1905 4319 2258 4390 praescripsit,
2296 4325 2668 4379 erausanctus
2691 4314 3114 4386 Chrodogangus
3154 4329 3249 4370 seu
3285 4315 3490 4371 Rodin-

1909 4425 2131 4482 gangns,
2165 4415 2219 4464 et
2256 4407 2668 4478 Trotongangus
2714 4419 2856 4460 anno
2911 4403 3016 4459 745
3063 4404 3149 4458 vel
3213 4405 3486 4474 sequenti,

1911 4501 1967 4555 in
2001 4499 2314 4569 episcopum
2341 4497 2631 4552 Metensem
2671 4495 2896 4560 electus,
2935 4508 3099 4566 quam
3136 4494 3318 4550 sedem
3346 4495 3482 4564 piis-

1908 4591 2047 4647 sime
2073 4591 2217 4646 rexit
2262 4603 2436 4659 usque
2487 4589 2556 4642 ad
2583 4602 2782 4642 annum
2824 4586 2947 4652 767,
2967 4586 3067 4641 sub
3103 4600 3210 4656 quo
3247 4594 3488 4656 tempore

1911 4684 2052 4740 hanc
2103 4680 2364 4752 Regulam
2419 4694 2518 4749 pro
2566 4678 2842 4734 canonicis
2871 4677 3200 4734 Metensibus
3248 4676 3488 4747 promul-

1911 4774 2078 4846 gavit,
2115 4787 2234 4842 quae
2283 4772 2428 4827 inter
2465 4769 2623 4840 hujus
2655 4770 2869 4826 Codicis
2903 4768 3487 4826 Additamentahabe-

1911 4874 2031 4920 tur.
2082 4864 2234 4919 lianc
2286 4863 2528 4918 omnium
2583 4863 2815 4933 primam
2890 4863 3146 4933 Regulam
3211 4863 3488 4918 canonicis

1918 4955 2172 5010 traditam
2196 4969 2266 5008 ex
2311 4953 2516 5024 Regula
2540 4951 2886 5008 Benedictina
2917 4953 3232 5022 plerumque
3268 4953 3486 5008 desum-

1916 5052 2398 5114 ptam—agnoscunt
2425 5042 2525 5097 viri
2551 5043 2745 5097 eruditi
2774 5059 2788 5108 ;
2829 5057 3095 5111 nusquam
3126 5053 3304 5096 tamen
3350 5042 3485 5113 legi-

1913 5149 2035 5189 mus
2075 5135 2324 5189 eamdem
2352 5134 2406 5188 in
2431 5135 2688 5189 ecclesias
2739 5132 2874 5186 alias
2908 5133 3269 5188 introductam
3295 5131 3484 5198 fuisse,

1911 5238 2086 5293 neque
2129 5225 2198 5279 ab
2236 5224 2328 5279 illa
2370 5223 2658 5278 canonicos
2688 5220 2983 5292 appellatos
3011 5221 3176 5277 fuisse
3202 5220 3484 5292 regulares.

1912 5315 2048 5370 Nam
2074 5317 2174 5371 hoc
2209 5323 2451 5385 tempore
2501 5313 2712 5368 etiamsi
2747 5312 3062 5366 exstiterint
3106 5311 3486 5367 Canonicorum

1913 5409 2166 5479 capitula,
2220 5423 2326 5461 non
2369 5415 2547 5460 tamen
2596 5404 2682 5458 illa
2724 5403 2985 5473 regularia
3017 5404 3485 5472 nuncupabantur,

1913 5507 2071 5570 prout
2114 5507 2300 5554 everte
2353 5499 2545 5567 probat
2599 5512 2741 5566 saepe
2795 5497 3046 5551 laudatus
3092 5497 3526 5551 Tliomassinus.

1915 5599 2055 5660 part.
2094 5606 2134 5656 t,
2163 5590 2254 5645 lib.
2286 5606 2365 5654 Ill,
2393 5605 2510 5658 cap.
2539 5587 2610 5643 De
2656 5587 2898 5658 capitulis
2926 5587 3021 5642 sub
3065 5588 3280 5658 imperio
3310 5586 3485 5641 Caroli

1920 5681 2123 5751 Magni,
2151 5681 2238 5735 ubi
2271 5681 2322 5736 in
2352 5679 2949 5735 mstintonium-ndducit
2981 5687 3240 5742 candncm
3275 5678 3483 5734 concilii
