3942 6190
391 319 490 377 Ml

1387 307 1445 363 S.
1488 304 1851 362 BENEDICTI
1889 299 2182 355 ABBATIS
2218 298 2624 358 ANIANENSIS

3522 295 3628 352 HQ

391 431 720 489 Veronensis.
793 439 940 481 anno
987 423 1092 479 755
1127 418 1406 482 celebrati,
1458 433 1564 496 quo
1600 413 1850 476 monachi
1886 412 1942 468 di
1994 409 2286 480 Aquidam
2319 409 2557 472 canonici
2605 406 2854 464 omnibus
2898 405 3052 460 bonis
3100 406 3212 488 suis
3257 403 3634 462 renuntiantes

393 531 590 580 cuntur
647 517 906 588 regulares
942 513 1109 586 (nulla
1167 514 1234 568 de
1302 509 1578 568 canonicis
1633 503 1969 577 regularibus

394 612 668 672 mentione
696 608 859 678 facta)
881 606 1095 662 etiamsi
1115 604 1182 658 de
1218 601 1416 658 Ordine
1438 599 1685 654 canonico
1717 597 1820 652 hoc
1842 609 1968 648 cono

399 705 585 758 cilium
630 701 904 774 loquatur,
965 694 1118 764 cujus
1149 694 1308 748 verba
1341 693 1456 748 hanc
1489 698 1651 745 sunt:
1689 706 1707 738 ε
1744 683 1820 744 De
1864 685 1968 740 illis

393 794 723 856 hominibus,
756 792 846 861 qui
877 790 1061 843 dicunt
1084 787 1234 855 quod.
1262 801 1320 842 sc
1353 793 1572 862 propter
1593 782 1766 844 Deum,
1790 787 1971 846 tonsuv

395 891 630 947 rassout,
665 890 719 937 et
741 881 900 935 modo
938 895 1023 933 res
1049 892 1236 932 eorum
1263 875 1346 930 vel
1371 873 1628 943 pecunias
1653 871 1872 932 habent,
1915 875 1972 922 et

396 992 494 1030 nec
517 977 614 1044 sub
643 989 804 1027 manu
839 970 1073 1041 episc0pi
1107 975 1252 1031 sunt,
1310 980 1409 1020 nec
1457 965 1509 1018 in
1536 960 1866 1032 monasterio
1889 972 1971 1010 re-

394 1063 656 1132 gulariter.
695 1062 902 1124 vivunt,
957 1058 1177 1128 placuit,
1216 1063 1275 1109 ut
1299 1055 1351 1110 in
1378 1051 1707 1108 monasterio
1734 1049 1844 1103 sint
1870 1048 1970 1104 sub

395 1154 595 1208 Ordine
630 1149 884 1226 regulari,
938 1156 1030 1201 aut
1058 1146 1157 1201 sub
1173 1160 1334 1200 manu
1355 1141 1593 1220 episeOpi
1630 1141 1730 1204 sub
1767 1136 1968 1194 Ordine

397 1241 676 1297 canonico.
710 1260 728 1292 ι

1077 1349 1250 1404 XXIX

467 1467 600 1520 Cum
652 1465 817 1534 igitur
863 1463 965 1516 hoc
1008 1459 1294 1514 concilium
1340 1454 1622 1509 manifeste
1674 1453 1969 1520 distinguat

399 1557 648 1610 Ordinem
677 1552 1014 1622 Regularem,
1053 1560 1307 1617 tanquam
1340 1547 1618 1600 monachis
1650 1546 1923 1614 proprium
1949 1585 1961 1606 ,

399 1649 465 1701 ab
498 1646 694 1699 Ordine
741 1644 1041 1705 Cauonico,
1079 1643 1158 1694 sic
1203 1656 1316 1694 :evo
1362 1639 1539 1692 Caroli
1588 1638 1758 1706 Magni
1794 1636 1968 1690 nullus

397 1735 644 1790 exstabat
674 1734 970 1787 Canouicns
1004 1731 1278 1801 regularis.
1309 1730 1626 1797 Quicunque
1647 1729 1791 1782 enim
1820 1728 1964 1780 dice-

395 1826 592 1878 bantur
626 1822 936 1891 regulariter
963 1822 1162 1883 vivere,
1193 1829 1350 1873 erant
1381 1819 1626 1871 monachi
1655 1859 1668 1881 ,
1698 1826 1751 1871 et
1772 1833 1802 1870 e
1830 1833 1959 1870 con-

397 1914 564 1965 trario
596 1912 667 1964 illi
703 1913 937 1963 canonici
982 1911 1418 1972 nominabantur,
1447 1910 1536 1976 qui
1568 1910 1666 1961 sub
1697 1907 1961 1961 obedien-

400 2004 470 2056 tia
502 2004 759 2072 episcopi,
801 2002 1186 2072 professionem
1223 2002 1541 2054 observandi
1583 2019 1760 2053 sacros
1807 2017 1966 2053 cano-

397 2109 487 2144 nes
540 2092 838 2155 faciebant;
899 2106 996 2144 nec
1034 2090 1297 2159 regulares
1336 2101 1625 2159 potuerunt
1675 2092 1799 2153 dici,
1843 2108 1964 2144 cum

396 2197 494 2248 per
522 2181 809 2235 concilium
839 2182 1105 2233 monachis
1127 2189 1484 2248 opponantur,
1514 2182 1604 2250 qui
1636 2183 1849 2248 proprie
1875 2197 1968 2234 vo-

397 2280 591 2324 cantur
623 2271 711 2324 hic
741 2271 1034 2340 regulares,
1077 2281 1237 2338 prout
1265 2279 1454 2339 argute
1498 2271 1751 2324 discurrit
1783 2272 1966 2324 lauda-

398 2371 485 2413 tus
511 2352 898 2414 Thomassinus
924 2360 1040 2413 loco
1061 2361 1246 2422 citato,
1293 2361 1384 2428 qni
1428 2361 1564 2413 ultra
1593 2362 1963 2431 progrediens,

397 2463 504 2501 non
534 2449 747 2502 dubitat
777 2465 1022 2503 asserere
1056 2463 1152 2518 per
1190 2449 1441 2503 Ordinem
1473 2452 1781 2502 canonicum
1814 2450 1967 2503 intel-

399 2539 493 2607 ligi
543 2540 742 2594 debere
787 2550 988 2594 statum
1021 2541 1358 2604 clericalem,
1411 2543 1495 2594 cui
1530 2543 1746 2610 quidem
1797 2544 1969 2596 nullus

399 2631 556 2683 vitam
587 2631 870 2700 regularem
895 2632 1067 2684 adhuc
1091 2634 1491 2700 praescripserat
1513 2672 1524 2694 ,
1555 2634 1801 2700 quamvis
1823 2635 1967 2687 circa

400 2721 635 2774 medium
689 2720 844 2788 hujus
887 2723 1066 2775 surculi
1115 2725 1287 2776 octavi
1317 2724 1431 2792 jam
1463 2725 1645 2777 clerici
1681 2725 1969 2778 cathedra-

400 2811 528 2863 Iium
559 2811 909 2865 ecclesiarum
957 2815 1121 2866 vitam
1149 2831 1484 2869 communem
1515 2816 1650 2868 inire
1684 2817 1964 2883 coeperint.

1089 2941 1252 2994 XXX.

2069 501 2326 571 appellari
2362 507 2639 569 coeperunt
2669 499 2975 568 regulares,
3012 497 3092 552 vel
3135 498 3204 560 ob
3233 499 3636 552 observantiam

2069 591 2284 662 Regulae
2335 592 2508 650 sancti
2552 591 2922 662 Chrodogangi
2953 631 2967 653 ,
3024 589 3107 642 vel
3160 590 3356 643 intuitu
3419 590 3638 658 [leguLe

2068 683 2550 753 Aquisgranensis,
2583 681 2727 746 nulla
2774 683 2919 736 enim
2963 681 3066 734 alia
3110 682 3468 754 determinata
3515 683 3640 736 vita:

2070 773 2333 844 regularis
2364 788 2553 826 norma
2585 772 2712 842 ipsis
2750 770 3059 842 praescripta
3091 779 3210 836 erat
3245 779 3370 825 ante
3401 770 3640 825 medium

2069 865 2249 919 saaculi
2276 864 2484 928 octavi;
2522 872 2575 919 et
2602 862 2816 931 quidem
2846 862 2900 920 in
2940 861 3186 916 confesso
3215 871 3298 915 est
3341 861 3478 930 apud
3520 877 3641 915 om-

2069 971 2167 1024 nes
2198 954 2435 1024 regulam
2467 953 2955 1028 Aquisgranensem
2986 968 3256 1022 nunquam
3298 952 3365 1016 ab
3397 951 3638 1004 Ecclesia

2069 1046 2360 1118 universali
2391 1046 2739 1122 approbatum
2771 1043 2850 1100 vel
2879 1050 3148 1118 receptam
3186 1042 3375 1114 fuisse,
3411 1043 3503 1106 sed
3550 1058 3641 1096 so-

2069 1135 2181 1190 lum
2229 1136 2553 1190 auctoritate
2596 1135 2842 1194 Caesarea
2888 1135 3226 1200 ordinatam;
3267 1135 3406 1188 unde
3448 1145 3503 1186 et
3548 1133 3642 1188 illa

2069 1225 2193 1278 vita:
2240 1224 2502 1296 regularis
2533 1240 2721 1278 norma
2765 1224 2906 1280 haud
2933 1224 3037 1277 dici
3068 1231 3272 1292 potest,
3303 1233 3360 1276 ut
3387 1232 3511 1293 pote
3555 1223 3643 1276 ni-

2073 1314 2173 1367 mis
2220 1331 2378 1384 vaga,
2430 1322 2589 1384 atque
2633 1313 2952 1384 quibusdam
3000 1314 3271 1376 canonicis
3314 1330 3414 1366 non
3447 1331 3643 1366 renun-

2068 1405 2320 1470 tiantibas
2373 1404 2634 1457 bonorum
2663 1393 2908 1458 suorum
2961 1403 3253 1475 dominium
3297 1404 3641 1472 permittens,

2070 1494 2489 1560 renuntiantibus
2529 1494 2690 1554 etiam
2737 1493 2895 1546 nimis
2929 1494 3208 1563 prodigam
3241 1495 3344 1547 cibi
3377 1501 3430 1548 et
3477 1503 3645 1564 potus

2071 1600 2376 1650 mensuram
2401 1625 2414 1648 ,
2445 1584 2682 1652 aliasque
2712 1584 2963 1640 laxitates
2990 1587 3308 1640 concedens.
3343 1586 3478 1640 Ilinc
3509 1603 3641 1638 raro

2069 1674 2207 1728 hanc.
2235 1673 2490 1744 Regulam
2535 1674 2805 1728 adducunt
2839 1675 2893 1728 in
2928 1661 3293 1729 teStiunmium
3329 1678 3450 1732 vita:
3491 1693 3645 1731 asce-

1997 1752 2039 1808 Β
2071 1764 2186 1837 tica:
2236 1764 2563 1831 scriptores,
2616 1780 2788 1834 neque
2842 1767 3083 1835 ejusdem
3135 1769 3462 1824 mentionem
3508 1769 3646 1822 facit

2067 1864 2284 1916 sanctus
2333 1851 2648 1914 Benedictus
2697 1854 3018 1924 Arriancnsis
3068 1856 3119 1910 in
3169 1871 3264 1907 sua
3313 1855 3643 1924 Regularum

2067 1941 2392 2004 Concordia,
2431 1945 2678 2011 quamvis
2713 1952 2953 2013 tempore
2993 1947 3222 2000 condita:
3253 1947 3463 2016 lieguhc
3493 1949 3650 2000 vive-

2066 2033 2173 2100 rit,
2212 2043 2266 2084 et
2298 2041 2418 2101 post
2473 2034 2759 2096 concilium
2809 2035 3243 2104 Aquisgranense
3291 2046 3396 2091 tam
3457 2038 3636 2106 ipsum

2069 2121 2387 2190 chttlarum
2428 2123 2690 2187 Codiecm,
2742 2140 2902 2192 quam
2932 2141 3116 2178 carum
3147 2125 3490 2179 Concordiam
3515 2143 3645 2180 cum

2066 2217 2265 2286 Regula
2300 2217 2642 2272 Benedictina
2673 2219 3062 2286 conscripsisse
3087 2220 3357 2274 credatur.

2748 2329 2958 2382 XXXII.

2139 2417 2332 2471 Verum
2384 2433 2505 2472 cum
2558 2420 2749 2474 intuitu
2799 2420 3012 2489 Regule
3060 2421 3536 2490 Aquisgrancnsis,
3585 2431 3649 2476 et

2065 2509 2440 2562 exhortatione
2491 2507 2709 2564 Patrum
2744 2511 2986 2574 concilii,
3037 2512 3128 2564 sed
3158 2513 3423 2580 praecipue
3458 2511 3648 2565 Ludo—

2067 2598 2167 2652 vici
2201 2597 2278 2650 I‘ii
2310 2598 2652 2666 imperatoris
2681 2601 3140 2668 adtnonitionibus
3170 2602 3389 2655 excitati
3418 2601 3648 2669 plurimi

2069 2688 2346 2760 utriusque
2378 2705 2540 2742 sexus
2569 2691 2811 2742 canonici
2859 2692 3018 2758 vitam
3062 2692 3362 2760 regularem
3391 2692 3653 2746 excolere

2067 2778 2364 2848 coeperint,
2411 2778 2490 2831 sic
2537 2787 2590 2830 et
2617 2780 2859 2840 eundem
2903 2782 3042 2852 inter
3066 2780 3440 2842 Additamenta
3477 2797 3652 2854 appo-

2069 2884 2196 2920 nere
2231 2868 2619 2937 cogitavimus,
2648 2869 2740 2920 sed
2771 2870 3007 2937 ejusdem
3032 2871 3312 2937 prolixitas
3344 2872 3648 2938 prohibuit,

2013 2969 2018 2978 "
2068 2967 2123 3011 et
2162 2958 2461 3032 prtcsertim
2491 2959 2613 3026 quia
2641 2958 2884 3013 hodierni
2915 2961 3162 3026 canonici
3189 2962 3462 3028 regulares
3492 2963 3646 3016 illam

473 3049 670 3104 verum
716 3059 1002 3118 postquam
1045 3061 1264 3107 sanctus
1303 3054 1721 3125 Chmdogangus
1787 3058 1966 3129 Reg“-
1996 3081 2039 3142 C
2070 3061 2168 3112 pro
2209 3060 2302 3098 sua
2335 3047 2454 3100 vita:
2494 3047 2741 3100 ascetica‘.
2792 3063 2980 3101 norma
3030 3064 3322 3116 agnoscere
3367 3061 3602 3110 renuunt
3631 3093 3646 3114 ,

367 3138 513 3192 .lam
559 3140 836 3192 canonicis
864 3141 1334 3208 promulgaverat,
1374 3153 1534 3210 atque
1575 3145 1627 3198 in
1670 3147 1966 3216 Aquisgra—

365 3291 367 3300 Ι
403 3228 556 3278 nensi
593 3229 854 3292 concilio,
903 3246 1045 3288 anno
1075 3231 1199 3294 816,
1243 3247 1342 3298 pro
1383 3235 1634 3288 omnibus
1687 3236 1871 3290 Gallia:
1917 3247 1970 3293 ct

407 3315 712 3371 Germania:
741 3321 1122 3378 canonicoruni
1171 3323 1411 3391 collegiis
1437 3326 1726 3391 peculiaris
1769 3327 1969 3398 Regula

403 3409 620 3461 condita
649 3418 753 3475 est,
784 3420 908 3465 tunc
953 3420 1005 3466 et
1036 3413 1132 3481 ipsi
1160 3417 1396 3467 canonici
1431 3417 1684 3484 appellari
1710 3425 1971 3487 regulares

406 3507 725 3566 coeperunt,
773 3509 829 3555 et
873 3519 1058 3560 eorum
1103 3505 1327 3574 collegia
1375 3509 1647 3562 nominata
1699 3521 1825 3564 sunt
1875 3514 1973 3566 ali-

407 3592 624 3658 quando
651 3596 965 3648 monasteria
992 3637 1004 3657 ,
1053 3597 1120 3650 ob
1151 3598 1438 3666 quamdam
1477 3602 1848 3668 cognationem
1885 3605 1968 3658 in-

343 3673 345 3675 ’
405 3690 624 3742 veniam
655 3683 798 3738 inter
824 3685 967 3752 ipsos
991 3684 1098 3753 jam
1133 3688 1450 3758 regulariter
1482 3691 1742 3754 viventes,
1766 3702 1819 3746 et
1858 3710 1973 3747 mo-

405 3773 631 3834 nachos,
664 3773 753 3840 qui
783 3775 850 3834 ab
874 3776 1096 3832 exordio
1123 3779 1341 3845 proprie
1386 3780 1658 3848 regulares
1687 3791 1873 3847 erant,
1914 3792 1973 3837 ut

405 3868 530 3928 pote
559 3863 610 3914 vi
661 3863 889 3924 instituti
932 3867 1214 3922 monastici
1241 3869 1495 3935 peculiari
1523 3879 1579 3925 et
1607 3871 1973 3928 determinatae

407 3950 604 4019 regula:
645 3953 872 4005 astricti.
917 3953 1112 4014 Fusius
1147 3957 1362 4024 quidem
1393 3966 1586 4014 tractat
1634 3962 1747 4016 bare
1792 3965 1969 4017 omnia

405 4038 655 4092 laudatus
685 4041 1068 4100 Thomassinus
1111 4044 1228 4102 loco
1255 4048 1443 4111 citato,
1475 4061 1845 4120 monstratque
1873 4055 1974 4107 sub

409 4126 493 4179 his
544 4127 872 4194 temporibus
921 4131 1164 4196 quaedam
1220 4139 1545 4190 monasteria
1589 4140 1806 4194 laxioris
1853 4144 1974 4196 vita:

407 4226 594 4268 amore
623 4212 690 4263 ad
722 4214 1018 4280 institutum
1047 4221 1351 4279 canonicum
1380 4223 1686 4291 descivisse,
1731 4231 1974 4283 tandem-

406 4316 512 4369 que
540 4301 679 4368 inter
705 4313 990 4375 utrumque
1043 4310 1348 4370 institutum
1388 4317 1677 4381 quamdam
1712 4321 1973 4374 commix-

2072 3137 2314 3210 quanivis
2330 3154 2497 3206 nuper
2513 3138 2593 3190 vir
2606 3139 2847 3192 eruditus
2861 3139 2935 3208 Eu
2949 3141 3122 3194 sebius
3137 3140 3322 3194 Amort
3341 3159 3498 3211 supra
3519 3144 3609 3196 Iau
3625 3175 3644 3183 -

2073 3226 2228 3279 datus
2242 3226 2376 3278 hanc
2391 3227 2644 3295 lit-gulam
2663 3227 2800 3280 inter
2813 3229 2914 3280 alia
2943 3227 3136 3292 Veteris
3149 3240 3197 3284 et
3217 3230 3378 3288 diem}:
3389 3231 3651 3299 Discipli-

2075 3332 2429 3380 mretmomea’
2448 3326 2790 3388 monumenta
2813 3318 3175 3380 collocaveril.
3193 3319 3320 3384 Quae
3347 3330 3401 3374 et
3427 3322 3478 3373 in
3502 3322 3651 3375 Con-

2072 3404 2318 3456 ciliornm
2347 3405 2673 3476 (Italgetione
2716 3406 3168 3480 Inrbbcanawtoin.
3215 3408 3308 3474 IX,
3352 3411 3648 3476 reperitur.

2077 3493 2144 3556 Ut
2172 3502 2347 3546 autem
2380 3495 2430 3559 in
2466 3496 2564 3547 hac
2590 3497 2910 3563 [tegularum
2939 3496 3265 3552 Collectione
3319 3499 3450 3552 nihil
3482 3502 3651 3553 omit-

2075 3592 2235 3647 tatur,
2266 3588 2406 3652 qnod
2431 3588 2495 3638 ad
2520 3589 2792 3653 canonitm
2819 3589 2937 3640 vite
2960 3590 3316 3658 cognitionem
3340 3593 3654 3646 conducere

2043 3669 2212 3725 'valet
2240 3713 2254 3736 ,
2281 3658 2442 3726 linter
2483 3674 2860 3729 Additameuta
2916 3677 3295 3730 collocavimus
3357 3679 3648 3746 antiquam

2045 3751 2456 3815 'Canonieorum
2525 3765 2772 3834 Regulam
2833 3783 2895 3818 ex
2951 3769 3121 3820 sancti
3171 3767 3544 3837 Chrodogaugi
3586 3779 3652 3822 et.

2073 3850 2527 3921 Atpiisgrancnsis
2571 3855 2783 3923 lit-gulis
2812 3856 3088 3909 collectam
3112 3897 3126 3920 ,
3153 3865 3206 3910 et
3231 3857 3408 3910 forsan
3451 3868 3651 3912 aucto-

2075 3942 2233 3995 ritate
2270 3942 2521 3996 Ludovici
2551 3943 2629 3996 l’ii
2664 3945 3004 4011 imperatoris
3038 3962 3132 4014 per
3179 3946 3507 3999 Amalarium
3545 3949 3673 4001 ec.‘

2074 4031 2248 4084 clesiu-
2281 4032 2533 4087 Mctcnsis
2578 4032 2836 4087 tlccarnnu
2889 4037 3277 4104 promulgatam
3307 4078 3319 4096 ,
3375 4047 3536 4104 prout
3583 4039 3647 4093 in

2073 4123 2450 4177 observatione
2520 4126 2584 4176 ad
2660 4127 2900 4178 canalem
2980 4128 3177 4196 praevia
3242 4129 3641 4183 existimamus.

2075 4210 2273 4264 Deinde
2295 4230 2416 4265 cum
2443 4215 2652 4281 praeviis
2691 4215 3153 4270 observationibus
3180 4219 3493 4271 exhibemus
3531 4230 3647 4275 tres

2073 4301 2305 4372 Regulus
2336 4316 2520 4357 sancto
2547 4306 2843 4372 Augustino
2873 4309 3192 4375 imputatas,
3230 4327 3362 4376 quas
3391 4315 3645 4367 canonici

409 4392 608 4446 tionem
637 4403 881 4452 οχυι-ιωη
910 4397 1094 4464 fuisse,
1129 4402 1271 4471 quod
1299 4405 1494 4472 sumius
1526 4406 1639 4460 haec
1683 4411 1968 4462 monadw_
1996 4414 2045 4470 1)
2077 4392 2350 4460 regulares
2394 4402 2519 4447 ante
2564 4397 2812 4448 Sll‘t'ltltlnl
2849 4399 3188 4450 undecimum
3230 4399 3328 4452 sibi
3371 4417 3473 4453 non
3503 4403 3635 4456 ado-

407 4498 524 4536 rum
544 4523 559 4545 ,
597 4491 654 4536 et
680 4487 1049 4550 canonicoruiu
1078 4491 1293 4549 nomina
1328 4493 1794 4560 indiscrimiuatim
1825 4499 1973 4552 adhi-

407 4576 526 4629 beri
553 4579 834 4645 cuuictdnt.
883 4580 972 4634 Sic
999 4583 1270 4648 piissimus
1297 4587 1589 4654 imperator
1617 4590 1842 4644 Carolus
1863 4592 1974 4645 Ma—

406 4683 545 4737 gnus
577 4670 628 4732 in
672 4669 909 4738 Epistula
939 4674 1007 4733 ad
1033 4675 1334 4743 Alcuinnm,
1368 4681 1766 4744 Turonensibus
1789 4701 1972 4738 mona-

409 4762 527 4814 chis
556 4763 727 4815 sancti
759 4761 973 4827 Martini
1004 4770 1291 4835 exprobrat
1323 4773 1736 4828 inconstantiam
1767 4785 1822 4829 ct
1841 4777 1972 4830 levi-

408 4859 571 4907 tatem
617 4854 781 4908 animi
810 4865 865 4908 et
909 4872 1139 4924 morum,
1189 4864 1329 4928 quod
1358 4881 1498 4918 nunc
1533 4868 1795 4930 monac/ti,
1829 4884 1974 4922 iumc

408 4944 645 5003 umonici
675 4945 778 4999 dici
813 4946 1006 5001 vellent
1036 4963 1049 5001 :
1096 4968 1113 4999 ‹
1151 4951 1451 5020 Aliquando
1484 4956 1626 5008 enim
1655 4958 1968 5021 monachos,

409 5032 696 5100 aliquando
736 5038 1047 5102 canonicos,
1099 5040 1385 5109 aliquando
1423 5053 1672 5098 neutrum
1718 5063 1814 5100 vos
1852 5063 1973 5102 esse

409 5122 606 5176 dicitis.
639 5142 657 5174 ι
691 5123 784 5181 Sic
809 5128 970 5190 etiam
993 5131 1216 5190 concilia
1243 5135 1574 5200 temporibus
1592 5136 1676 5189 his
1701 5136 1969 5190 celebrata

412 5223 712 5282 testantur,
763 5223 1064 5287 prmsertim
1111 5225 1454 5279 Vernonense
1506 5242 1665 5294 supra
1713 5229 1965 5290 citatum,

409 5320 634 5373 quorum
689 5323 930 5372 canones
985 5311 1086 5368 hoc
1129 5313 1310 5379 ipsum
1347 5324 1711 5372 monstrantes
1756 5317 1972 5371 adducit

415 5394 770 5462 praelaudatus
799 5395 1102 5458 Ludovicus
1142 5402 1545 5462 'flrutnassiirtis.

1104 5535 1288 5590 XXXI.

486 5638 715 5696 Lubente
743 5659 870 5714 ergo
900 5649 1092 5701 διρυιιιο
1121 5660 1328 5714 octavo,
1364 5661 1416 5705 et
1459 5655 1671 5708 ineunte
1720 5657 1968 5725 sequenti

2070 4491 2325 4552 ptarunt,
2369 4488 2460 4539 sed
2513 4487 2726 4542 labente
2773 4490 2874 4541 hoc
2905 4500 2961 4542 ct
3012 4493 3252 4559 sequenti
3301 4493 3495 4545 saeculo
3543 4493 3646 4546 flo—

2071 4585 2221 4626 rente
2253 4590 2369 4628 sese
2402 4575 2804 4644 Anglis-(inimcos
2838 4580 3207 4641 nominalnml,
3232 4597 3456 4648 quorum
3479 4585 3642 4651 proin

2071 4664 2318 4732 antiquas
2364 4667 2775 4720 consuetudian
2831 4669 3162 4722 adducimus.
3235 4671 3473 4740 Denique
3517 4674 3640 4725 cxi-

2071 4755 2234 4808 mium
2262 4757 2382 4809 vita:
2410 4759 2681 4810 camniica}
2713 4770 3111 4812 monumentum
3144 4760 3512 4827 proferemus,
3555 4765 3640 4816 nio

2072 4846 2266 4898 mirum
2317 4847 2573 4914 Iit-gulam
2627 4846 2768 4900 beati
2817 4848 2958 4901 l‘ctri
3005 4851 3067 4902 de
3101 4849 3350 4904 llonestis
3392 4853 3641 4908 ecclesiae

2072 4933 2384 4988 Perluensis
2416 4937 2803 5004 conscriptam,
2848 4947 3007 5005 atque
3048 4956 3188 4992 anno
3229 4942 3358 4994 III?
3399 4942 3640 5016 oblatam

2073 5039 2282 5075 summo
2333 5026 2574 5092 pontifici
2628 5025 2869 5095 Paschali
2917 5027 2976 5090 II,
3031 5044 3188 5095 quam
3247 5046 3417 5098 ntmer
3467 5033 3641 5086 edidit

2072 5128 2212 5182 saepe
2259 5113 2501 5167 laudatus
2522 5115 2784 5169 Eusebius
2822 5116 3036 5181 Amort,
3077 5133 3369 5187 agnoscens
3391 5121 3640 5175 eamdem

2073 5211 2289 5263 exstare
2316 5204 2542 5278 primum
2575 5203 2955 5257 Canonicornm
3006 5205 3342 5276 Regularium
3387 5207 3638 5276 Regulam

2064 5289 2220 5357 juxta
2265 5292 2580 5348 hodiernum
2628 5294 2930 5363 institutum
2956 5337 2969 5359 ,
3004 5297 3088 5349 cui
3123 5298 3277 5363 proin
3305 5299 3642 5354 observatio—

2074 5402 2197 5440 nem
2223 5387 2474 5455 prazviam
2501 5388 2632 5442 satis
2663 5387 2890 5456 amplam
2922 5389 3266 5456 prtefiximus.

2734 5477 2944 5530 XXXIII

2015 5580 2020 5588 ‘
2047 5616 2066 5620 -_
2099 5611 2104 5614 .
2145 5568 2307 5636 Igitur
2342 5570 2390 5621 in
2425 5570 2520 5622 hor,
2554 5568 2739 5621 (Iudice
2772 5569 3082 5637 Regularnm
3115 5569 3459 5625 Holstcniano
3483 5583 3642 5624 aucto

2075 5670 2118 5710 ct
2154 5658 2460 5727 locupletato
2483 5698 2495 5722 ,
2531 5659 2728 5711 milium
2762 5668 2910 5712 vrtus
2948 5667 3347 5716 monun‘icnlum
3379 5661 3443 5715 ad
3474 5664 3640 5716 vitam
