3942 6190
473 350 579 408 us
633 326 657 353 ‘

1466 335 1524 393 S.
1565 331 1929 392 BENEDICTI
1966 326 2257 385 ABBATIS
2292 317 2705 381 ANIANENSIS

3606 293 3721 349 ιῒϐι

478 459 724 534 gniarum
778 473 793 511 :
844 468 1011 525 quare
1061 444 1423 507 consentanea
1482 446 1550 501 iis
1594 444 1784 513 subjici
1822 458 2007 567 aeqlt‘ms
2032 482 2049 508 ,
2076 446 2123 505 Α
2151 437 2469 495 Tritbemio.
2519 434 2616 489 His
2661 424 2995 498 temporibus
3018 418 3238 477 omnino
3282 415 3563 487 ignoratur
3605 417 3739 464 tamn

482 530 675 567 mnum-
722 534 775 567 ρι
802 524 1039 567 ηνιιάρης
1071 522 1265 567 lector-
1292 519 1382 567 ubi
1409 516 1743 567 manaverit.
1771 512 1881 567 fate
1919 513 2047 566 'tur.
2152 531 2353 567 “annulo
2385 541 2547 567 ninam
2576 520 2964 567 mnnasterium
3004 512 3235 567 Biclare.
3264 507 3460 563 Postea
3482 501 3723 559 Joannes

482 516 693 600 opinor,
722 534 779 600 e_t_
802 516 1039 600 pr_'uden_s
1071 522 1265 600 lector,
1292 519 1382 600 ubi
1409 516 1743 600 cognoverit,
1771 516 2047 600 latebjltnr.

481 582 565 653 Drc
580 582 820 677 singulis
845 592 1086 677 Regulis,
1117 589 1228 660 vel’
1240 582 1553 669 auctoribus
1596 599 1784 665 earum
1810 582 1944 677 nihil
1964 582 2055 663 hic

482 651 703 737 prmfar‘i
727 679 863 737 opus
889 651 1169 737 diixim'uS'2
1203 651 1576 729 prmmisimus
1603 654 1745 708 enim
1773 652 1884 733 suis
1906 651 2055 733 .locis

486 721 554 789 ad
616 721 855 804 singulas
880 721 1534 804 _te_stin_lonia'veterum_,
1599 738 1720 792 qua:
1763 721 2011 804 notitiam
2037 760 2053 786 ,

484 814 687 873 quanta
704 795 847 873 flere
879 801 1068 873 haberi
1109 805 1325 870 potest,
1356 804 1470 850 tum
1501 795 1738 863 ipsarum
1766 832 1784 858 ,
1830 798 1942 845 tum
1969 804 2060 844 au-

485 871 696 929 ctorum
721 871 922 944 legenti
958 877 1273 941 suggerent.

1149 956 1386 1013 XXXVI.

557 1052 814 1122 Adeoque
836 1058 995 1106 extra
1021 1062 1238 1102 omnem
1265 1041 1696 1100 controversiam
1727 1039 1918 1095 statuit
1942 1037 2062 1095 Hol-

490 1143 698 1203 stenius
742 1147 989 1195 sanctum
1026 1135 1374 1191 Benedictum
1416 1131 1784 1186 Anianensem
1811 1142 1934 1183 esse
1971 1128 2066 1181 bu-

486 1232 579 1304 jus
602 1231 818 1287 Codicis
859 1227 1186 1304 Regularum
1213 1238 1400 1279 verum
1425 1229 1482 1277 et
1511 1220 1872 1275 indubitatum
1903 1216 2065 1272 colle-

491 1329 698 1375 ctorem
721 1359 736 1385 ,
766 1318 1031 1387 simulque
1059 1301 1462 1369 adhortationes
1481 1351 1496 1375 ,
1528 1326 1593 1365 ac
1618 1307 1909 1395 npnnullas
1938 1321 2067 1360 san-

494 1421 706 1467 ctorum
739 1409 960 1463 Palmm
993 1405 1282 1462 conciones
1320 1401 1377 1455 in
1422 1398 1732 1470 Appendice
1759 1395 2028 1453 exhibitas
2049 1434 2066 1459 ,

495 1500 550 1556 in
576 1513 742 1553 unum
769 1495 1069 1566 collegisse.
1099 1502 1261 1563 atque
1287 1492 1392 1561 ipsi
1414 1488 1599 1545 Codici
1630 1486 1888 1551 assuisse,
1916 1484 2070 1554 cujus

496 1589 654 1659 proin
684 1588 738 1642 in
770 1587 908 1640 hanc
939 1600 1053 1639 rem
1096 1584 1356 1638 adductas
1395 1580 1526 1636 satis
1555 1576 1861 1649 probabiles
1906 1574 2073 1631 ratio-

498 1692 597 1732 nes
634 1676 805 1731 fusius
849 1675 903 1729 in
952 1671 1343 1730 Obscrvatione
1384 1669 1583 1739 praevia
1629 1667 1697 1721 ad
1742 1666 1914 1736 ipsam
1962 1663 2075 1731 Ap-

497 1764 781 1835 pendicem
820 1761 1271 1817 examinavimus.
1320 1757 1437 1813 lam
1469 1757 1536 1811 ad
1579 1755 1810 1810 alterum
1851 1752 2073 1808 dubium

499 1868 663 1923 supra
701 1852 1052 1923 propositum,
1088 1851 1155 1906 de
1188 1866 1297 1920 quo
1335 1846 1509 1917 major
1554 1854 1727 1902 restat
1753 1843 2071 1906 dillicultas,

500 1947 821 2011 veniamus;
876 1960 999 2001 cum
1038 1944 1184 1999 enim
1225 1942 1280 1997 in
1325 1942 1429 1997 hoc
1473 1938 1793 2010 Regularum
1842 1933 2072 2000 Codice,

503 2038 644 2094 sicut
671 2045 726 2092 et
749 2038 803 2090 in
834 2036 949 2107 ipsa
973 2030 1267 2089 Concordia
1310 2030 1633 2102 Regulurum
1679 2029 1857 2083 desint
1896 2026 2079 2097 plures

506 2126 724 2197 Regula:
772 2134 898 2180 ante
944 2123 1182 2179 medium
1238 2121 1419 2177 saeculi
1478 2121 1607 2176 noni
1654 2118 1906 2183 conditae,
1944 2131 2079 2186 qua-

504 2234 627 2273 rum
670 2216 1115 2287 Supplementum
1139 2215 1456 2284 vulgaverat
1482 2226 1624 2281 smpe
1648 2210 1898 2265 laudatus
1924 2207 2080 2277 Hugo

509 2310 797 2366 Menardus
836 2308 1159 2377 teste-hujus
1187 2306 1400 2361 Codicis
1429 2303 1782 2376 typographo,
1811 2299 2082 2354 Ludovico

515 2403 763 2467 Billaine,
793 2401 874 2456 sic
913 2401 979 2455 ad
1013 2400 1171 2453 linem
1199 2398 1426 2468 catalogi
1452 2395 1781 2467 Regularum
1819 2393 1874 2446 in
1895 2392 2083 2447 eodem

513 2504 893 2551 contentarum
929 2493 1182 2563 loquente
1217 2510 1230 2544 :
1279 2509 1297 2541 ι
1332 2489 1479 2544 Idem
1517 2495 1735 2543 sanctus
1762 2483 2085 2539 Benedictus

511 2581 840 2637 Anianensis
877 2582 1046 2637 abbas
1081 2578 1409 2651 Regularum
1440 2575 1799 2632 Concordiam
1828 2588 1953 2629 cum
1982 2571 2087 2624 Re-

513 2674 636 2748 gula
666 2675 836 2731 sancti
864 2673 1138 2729 Benedicti
1169 2671 1379 2726 abbatis
1403 2666 1738 2725 Cassinensis
1762 2662 2085 2734 composuit,

515 2786 677 2840 quam
732 2768 798 2823 R.
830 2768 889 2822 Ρ.
922 2768 984 2821 D.
1016 2766 1168 2837 [Iugo
1218 2764 1507 2819 Menardus
1548 2766 1859 2830 congregat.
1913 2754 2087 2811 sancti

514 2857 684 2911 Mauri
717 2856 1011 2911 monachus
1037 2853 1225 2916 edidit,
1254 2859 1310 2907 et
1338 2848 1810 2906 observationibus
1838 2843 2090 2899 doctissi-

518 2949 624 3003 mis
665 2948 972 3011 illustravit,
1017 2961 1137 3015 quze
1161 2945 1278 2999 loco
1307 2959 1427 2999 esse
1452 2948 1680 3012 possunt
1719 2952 1927 3002 earum,
1955 2950 2090 3006 quas

521 3039 868 3094 doctissimus
905 3037 1216 3092 Holstenius
1243 3036 1296 3089 in
1336 3036 1481 3089 hunc
1509 3032 1763 3089 Codicem
1794 3028 2091 3084 meditaba-

523 3134 631 3190 tur,
663 3141 782 3194 quae
807 3126 1022 3195 quidem
1056 3123 1357 3180 Concordia
1376 3124 1440 3196 in
1466 3123 1655 3177 eadem
1682 3119 1894 3176 ollicina
1921 3119 2093 3174 Ludo-
2118 3137 2163 3199 ρ

523 3216 632 3271 vici
670 3216 900 3270 Billaine
925 3215 1132 3271 venalis
1170 3222 1401 3284 prostat,
1431 3214 1523 3284 qui
1563 3213 1845 3283 pollicetur
1872 3211 2095 3284 Supple-

527 3315 768 3363 mentum
811 3304 971 3374 bujus
1014 3304 1246 3371 Codicis,
1281 3306 1336 3360 in
1382 3320 1489 3375 quo
1527 3311 1837 3359 sanctorum
1877 3303 2091 3358 Patrum

525 3400 748 3485 Regulae
789 3407 844 3455 et
890 3399 1319 3456 Constitutiones
1346 3399 1414 3453 ab
1459 3395 1737 3451 Holstenio
1775 3394 2101 3464 praetermis-

527 3484 623 3554 sae,
653 3498 708 3544 et
731 3489 834 3543 alia
861 3488 1091 3558 plurima
1119 3503 1219 3559 ope
1243 3489 1523 3543 doctorum
1553 3486 1795 3540 virorum
1821 3499 1887 3539 ex
1934 3484 2101 3538 variis

525 3582 869 3639 bibliothecis
894 3581 1217 3652 conquisita,
1240 3579 1681 3635 continebuntur.
1723 3596 1743 3631 ι

1187 3671 1448 3727 XXXVII.

599 3767 680 3821 Ex
707 3767 903 3836 quibus
929 3779 1149 3821 omnino
1173 3769 1389 3820 constat
1425 3762 1480 3816 in
1508 3762 1612 3817 hoc
1635 3759 1836 3816 Codice
1861 3772 1966 3814 nou
1992 3772 2106 3811 om-

532 3872 631 3923 nes
657 3865 902 3911 veterum
932 3855 1170 3910 Patrum
1217 3852 1452 3925 Regulas
1492 3851 1822 3908 monasticas
1852 3862 2102 3919 compre-

533 3947 735 4003 hensas
778 3962 922 4011 esse,
958 3961 1058 4001 nec
1104 3960 1235 4001 sane
1262 3945 1330 3998 ad
1357 3950 1597 3999 nostram
1641 3941 1891 3997 notitiam
1929 3939 2107 3992 adhuc

537 4035 814 4107 pervenit,
848 4035 991 4087 facta
1018 4034 1182 4087 etiam
1215 4031 1459 4103 diligenti
1486 4029 1856 4099 inquisitione,
1883 4025 2110 4096 promis-

543 4139 663 4179 sum
712 4121 1154 4190 Supplementum
1179 4160 1193 4185 ,
1239 4135 1396 4175 secus
1435 4119 1666 4174 omissas
1702 4115 1934 4187 Regulas
1967 4113 2110 4167 inter

543 4211 917 4266 Additamenta
959 4209 1395 4265 collocassemus.
1427 4209 1495 4262 Et
1554 4208 1768 4277 quidem
1797 4213 1856 4259 ut
1899 4212 2108 4259 taceam

547 4299 804 4371 Regulam
874 4301 1045 4355 sancti
1094 4297 1461 4369 Chrodogangi
1532 4298 1674 4351 inter
1729 4295 2110 4350 Additamenta

539 4404 728 4449 nostra
774 4395 1029 4464 positam,
1080 4401 1288 4448 certum
1338 4398 1426 4445 est
1468 4397 1714 4445 sanctum
1762 4386 2109 4442 Benedictum

538 4488 901 4543 Anianensem
945 4487 1213 4542 omisisse’
1240 4483 1500 4539 eximium
1554 4480 1756 4537 veteris
1804 4477 2110 4547 Disciplina
2136 4480 2188 4539 D

543 4581 856 4636 monasticae
898 4586 1304 4633 monumentum
1333 4617 1348 4642 ,
1394 4575 1599 4631 scilicet
1646 4572 1905 4645 Regulam
1939 4573 2108 4626 sancti

539 4671 764 4726 Joannis
818 4671 1019 4725 abbatis
1064 4668 1422 4729 Biclarensis,
1475 4676 1595 4737 post
1648 4664 1884 4720 medium
1927 4662 2111 4718 smculi

556 4761 682 4820 texti
737 4760 994 4830 scriptam
1056 4776 1084 4815 a
1151 4765 1341 4815 sancto
1404 4757 1613 4812 Isidoro
1655 4753 1997 4824 Hispalensi,
2048 4767 2112 4807 ac

549 4862 734 4926 postea
777 4854 845 4908 ab
905 4852 1024 4921 ipso
1081 4850 1384 4905 Trithemio
1429 4857 1929 4908 commemoratam,
1980 4857 2141 4913 quo-,

545 4961 664 5000 rum
710 4952 950 5014 tempore
1006 4950 1061 4997 et
1105 4943 1220 5011 ipsa
1266 4939 1467 5010 Regula
1513 4938 1799 4999 exstabat,
1866 4932 2115 5003 quamvis

548 5049 691 5089 nunc
732 5033 919 5088 nullibi
965 5037 1238 5102 appareat.
1284 5029 1360 5083 De
1409 5028 1512 5083 hac
1558 5035 1737 5080 autem
1784 5021 1992 5092 Regula
2036 5019 2117 5074 sic

546 5125 739 5179 scribit
777 5123 1113 5178 clarissimus
1141 5119 1416 5176 Calmatus
1456 5117 1508 5172 in
1558 5116 1671 5171 suis
1715 5109 2117 5169 Obscrvationi—

545 5213 648 5267 bus
671 5213 877 5267 criticis
902 5212 971 5267 ad
992 5211 1367 5282 religiosorum
1389 5218 1446 5264 et
1466 5207 1846 5263 canonicorum
1865 5203 2115 5273 Regulus,

546 5303 615 5359 ad
644 5302 843 5357 calcem
869 5301 1398 5357 Commentariorum
1430 5299 1481 5352 in
1530 5295 1787 5367 Regulam
1818 5292 1993 5348 sancti
2022 5291 2118 5345 Be-

552 5394 755 5452 nedicti
802 5412 815 5448 :
870 5412 888 5444 ι
925 5392 1157 5462 Scripsit
1207 5390 1443 5448 Joannes
1491 5389 1671 5442 Abbas
1721 5382 2048 5438 lliclarcnsis
2090 5395 2121 5435 e

551 5486 799 5542 Valclara
841 5486 893 5541 in
939 5483 1218 5540 Catalonia
1248 5480 1510 5552 Regulam
1537 5477 1916 5539 monasticam,
1956 5487 2119 5543 quam

550 5584 770 5631 sanctus
796 5575 1114 5631 Benedictus
1144 5572 1464 5627 Aniancnsis
1492 5567 1784 5640 ignoravit,
1810 5572 1905 5619 aut
1930 5563 2121 5618 saltem

552 5665 793 5720 invenire
842 5682 947 5721 non
984 5666 1179 5735 potuit,
1230 5663 1494 5731 siquidem
1545 5677 1665 5715 eam
1708 5657 1898 5712 nullibi
1945 5657 2116 5714 citat.

556 5754 803 5825 quamvis
837 5754 904 5808 ab
932 5754 1137 5808 Isidoro
1169 5752 1471 5823 Ilispalcnsi
1511 5750 1797 5815 laudatur,
1831 5748 1966 5802 sicut
2009 5754 2059 5800 ct
2092 5760 2120 5796 a

2152 531 2357 602 Regula
2385 541 2547 599 quam
2576 520 2964 580 monasterium
3004 512 3235 569 Biclare.
3264 507 3460 563 Postea
3482 501 3723 559 Joannes

2156 596 2324 681 abbas
2351 596 2419 679 de
2445 619 2656 676 Biclare
2693 614 2877 670 sedem
2913 604 3276 680 episcopalem
3304 596 3594 656 Gerundia:
3637 601 3722 648 te—

2156 715 2304 779 nuit,
2333 728 2398 769 ac
2435 708 2742 767 Cbronicon
2766 703 2833 758 ad
2873 713 3076 756 annum
3116 695 3223 751 589
3250 690 3562 764 pertingens
3591 684 3728 742 scri-

2155 804 2284 877 psit.
2324 823 2342 857 »
2391 800 2502 856 Nos
2541 810 2757 870 quoque
2785 790 3139 849 admiratione
3167 783 3455 845 allicimur,
3477 794 3579 835 nec
3601 793 3741 833 san-

2160 872 2305 952 ctum
2357 892 2707 949 Benedictum
2761 887 3123 942 Anianensem
3153 921 3170 945 ,
3225 893 3329 933 nec
3388 872 3743 930 Holsteniunr

2160 985 2490 1041 mentionem
2520 980 2713 1037 fecisse
2739 978 2948 1033 illarum
2978 972 3305 1045 Regularum
3321 1008 3337 1034 ,
3364 981 3487 1038 quas
3509 978 3613 1036 pro
3632 978 3738 1017 ca-

2162 1077 2373 1133 nonicis
2415 1073 2700 1143 utriusque
2731 1082 2894 1125 sexus
2944 1067 2998 1121 in
3043 1061 3277 1119 concilio
3304 1053 3739 1129 Aquisgranensi

2164 1168 2386 1226 sancitae
2422 1174 2607 1230 erant,
2662 1177 2786 1219 cum
2837 1159 3043 1230 primus
3083 1152 3414 1224 Regularum
3473 1146 3742 1201 collector

2165 1260 2273 1315 illis
2299 1256 2629 1329 temporibus
2655 1251 2882 1315 vixerit,
2913 1256 3075 1317 atque
3116 1244 3321 1299 fatente
3364 1241 3482 1309 ipso
3521 1234 3743 1329 Ilolste:

2165 1352 2258 1406 nio
2276 1391 2290 1416 ,
2322 1323 2427 1418 ipsi
2455 1345 2659 1418 synodo
2688 1340 2941 1403 adfuerit,
2968 1353 2997 1391 a
3022 1334 3270 1407 piissimo
3298 1333 3624 1401 imperatore
3669 1323 3742 1376 ad

2169 1441 2461 1510 collapsam
2503 1434 2843 1505 disciplinam
2882 1427 3235 1510 monasticam
3266 1420 3437 1477 simul
3451 1434 3515 1473 ac
3554 1413 3747 1470 eccle-

2171 1530 2446 1586 siasticam
2501 1522 2909 1581 restaurandam
2934 1498 3271 1572 \destinatus.
3319 1511 3430 1567 Nec
3474 1525 3607 1566 sane
3636 1506 3751 1560 alia

2171 1618 2335 1687 hujus
2360 1614 2565 1670 silentii
2593 1627 2754 1668 causa
2779 1605 3049 1678 assignari
3072 1609 3282 1675 potest,
3321 1600 3424 1654 nisi
3455 1597 3599 1667 quod
3640 1597 3752 1651 Re-

2175 1708 2311 1779 gula:
2354 1705 2459 1761 illa:
2489 1703 2954 1772 Aquisgrancnses
2979 1701 3279 1768 appareant
3315 1690 3477 1746 nimis
3501 1702 3658 1756 vaga:
3696 1694 3755 1740 et

2101 1784 2148 1843 Β
2178 1778 2608 1852 indeterminataa
2639 1792 2707 1846 ad
2734 1786 3178 1845 introducendam
3200 1797 3389 1837 veram
3424 1788 3480 1835 et
3516 1778 3768 1833 solidam-

2175 1890 2346 1944 vitam
2398 1885 2717 1956 Regularem
2739 1924 2754 1948 ,
2813 1897 2913 1936 nec
2942 1894 3178 1950 unquam
3208 1892 3244 1931 a‘
3288 1876 3413 1931 sede
3445 1870 3771 1943 apostolica:

2178 1979 2488 2051 approbata:
2517 1975 2737 2031 fuerint.

2816 2062 2860 2117 Χ
2872 2059 3101 2115 XXVIII.

2249 2165 2384 2218 Cum
2406 2175 2536 2215 vero
2576 2156 2717 2212 haud
2738 2169 2928 2226 parum
2956 2149 3283 2208 discriminis
3320 2148 3374 2202 in
3403 2141 3775 2201 numerandis

2180 2266 2236 2313 et
2255 2253 2568 2318 ordinandis
2598 2248 2816 2320 chulis
2844 2247 2897 2301 in
2930 2246 3033 2300 hoc
3056 2242 3254 2300 Codice
3281 2235 3571 2301 contentis,
3588 2242 3772 2304 atque

2183 2346 2238 2402 in
2258 2338 2576 2401 exhibendis
2604 2341 2706 2396 illis
2732 2340 2786 2392 in
2825 2335 3120 2392 Concordia
3169 2328 3491 2402 [tegularum
3541 2325 3767 2387 relatis,

2182 2442 2429 2491 exortum
2454 2432 2713 2494 videatur,
2747 2429 2825 2483 sic
2851 2441 3029 2495 opem
3043 2422 3273 2495 pretium
3287 2418 3524 2474 diximus
3544 2415 3769 2469 utrius.

2185 2542 2290 2596 que
2333 2524 2576 2579 ordinem
2631 2510 2830 2574 tamab
2874 2514 3151 2571 Ilolstenio
3185 2525 3350 2582 quam
3408 2509 3476 2563 ab
3531 2507 3771 2577 Ilugone

2186 2614 2813 2686 Menardolobservatum
2860 2621 3183 2680 proponere,
3223 2609 3490 2672 quatenus
3529 2597 3770 2668 legenti-

2186 2710 2287 2766 bus
2323 2721 2486 2762 omne
2534 2701 2754 2758 dubium
2802 2698 3083 2754 auferatur
3142 2694 3288 2749 circa
3337 2690 3496 2761 hujus
3541 2688 3778 2743 Codicis

2185 2800 2462 2856 αὐθεντίαν.
2489 2795 2624 2848 Tota
2648 2792 2790 2847 enim
2813 2788 3100 2843 diversitas
3124 2790 3315 2841 exorta
3348 2790 3452 2845 est,
3477 2780 3619 2850 quod
3632 2778 3773 2833 doc-

2188 2894 2431 2949 tissimus
2462 2886 2749 2942 Menardus
2785 2880 3107 2953 publicando
3138 2874 3489 2931 Concordiam
3532 2871 3775 2941 Regula-

2194 3005 2308 3042 rum
2336 2999 2599 3054 nusquam
2634 2979 2870 3050 reperire
2885 2974 3121 3047 potuerit
3150 2971 3396 3027 Codicem
3439 2968 3775 3037 [tegularum

2193 3081 2259 3135 ab
2287 3078 2475 3134 eodem
2498 3081 2684 3130 sancto
2710 3069 3003 3125 Benedicto
3044 3062 3335 3120 Anianensi
3373 3060 3774 3129 conscriptam,

2196 3182 2249 3227 et
2283 3169 2402 3225 ideo
2446 3166 2662 3221 nomina
2712 3160 3042 3233 chularum
3100 3157 3152 3210 in
3204 3157 3306 3210 hoc
3353 3152 3543 3208 eodem
3590 3148 3779 3218 Opere

2196 3262 2325 3316 hinc
2382 3259 2507 3313 inde
2555 3255 2800 3324 dispersa
2850 3246 3185 3305 solummodo
3242 3251 3529 3306 notaverit,
3575 3238 3709 3295 cum
3748 3255 3781 3293 e

2199 3357 2386 3406 contra
2413 3344 2723 3401 Holstenius
2765 3342 2985 3396 invento
3028 3352 3159 3392 vero
3195 3335 3522 3405 Regularum
3570 3331 3782 3387 Codice

2198 3438 2428 3495 ediderit
2451 3434 2686 3506 Regulus
2706 3434 2760 3486 in
2802 3431 2919 3500 ipso
2968 3444 3068 3483 ms.
3102 3426 3324 3494 antiquo
3342 3431 3604 3505 repertas,
3631 3437 3781 3490 quas

2202 3529 2255 3583 in
2302 3540 2469 3580 unum
2519 3522 2760 3578 codicem
2820 3518 3109 3586 collegerat
3171 3521 3389 3568 sanctus
3449 3500 3784 3563 Benedictus

2202 3613 2547 3678 Anianensis,
2596 3610 2912 3681 priusquam
2955 3603 3303 3659 Concordiam
3332 3613 3557 3654 exarare
3588 3611 3784 3666 cmpe-

2205 3718 2311 3764 rat.
2343 3707 2480 3762 Hinc
2507 3703 2838 3760 clarissimus
2885 3696 3214 3759 llolstenius,
3247 3692 3399 3762 juxta
3452 3690 3611 3744 fidem
3672 3704 3779 3742 ms.

2206 3797 2431 3861 codicis,
2457 3792 2687 3864 Regulus
2720 3788 2997 3844 distribuit
3025 3786 3079 3840 in
3128 3794 3241 3839 tres
3282 3789 3485 3851 partes,
3540 3791 3786 3846 quarum

2207 3889 2389 3960 prima
2432 3883 2667 3955 Regulas
2705 3877 3064 3935 Orientalium
3111 3873 3331 3928 Patrum
3377 3866 3789 3935 complectitur,

2209 3957 2377 4034 altera
2399 3971 2846 4039 Occidentalium,
2872 3967 3032 4022 tertia
3058 3978 3192 4020 vero
3206 3969 3522 4018 sanctorum
3552 3957 3785 4013 Patrum

2212 4069 2445 4141 Regulos
2471 4081 2572 4137 pro
2616 4063 2789 4120 sacris
2832 4059 3134 4132 virginibus
3187 4055 3436 4135 scriptas,
3476 4051 3683 4123 quibus
3730 4058 3789 4105 et

2210 4160 2573 4233 Appendicem
2596 4153 2864 4224 adjunxit,
2893 4150 3156 4221 quasdam
3187 4154 3500 4203 sanctorum
3545 4142 3779 4198 Pati-um

2211 4248 2633 4305 Exhortationes
2655 4241 3045 4305 continentem,
3093 4237 3247 4307 juxta
3287 4234 3429 4290 hanc
3457 4236 3789 4302 prmaentm

2212 4339 2523 4395 methodum
2557 4354 2568 4388 :

2488 4441 2962 4509 CATALOGUS
3016 4435 3502 4500 REGULARUM

2569 4588 2646 4631 ΕΤ
2690 4583 2969 4628 ΑιιοιιυΜ
3004 4578 3469 4632 ΤΒΔΟΤΔΤυΗὶίν

2217 4672 2340 4748 Qui
2378 4671 2443 4730 in
2479 4668 2594 4727 hoc
2648 4664 2885 4726 (Σοωοε
2926 4662 3325 4733 Resupnum
3368 4655 3767 4739 continentur

2788 4780 2967 4838 PARS
2985 4777 3218 4838 PRIMA.

2293 4881 2504 4952 Regula:
2528 4877 2629 4934 SS.
2664 4874 2889 4929 Patrum
2921 4870 3268 4926 Orientalium
3304 4868 3373 4922 ad
3411 4866 3708 4921 monach

3495 4954 3781 5010 Steculum.

2217 5045 2257 5099 L
2391 5040 2450 5093 S.
2480 5035 2696 5095 Antonii
2727 5032 2959 5088 abbatis.

2219 5090 2281 5167 Il.
2480 5090 2883 5163 ls‘aimvabbatis.
3408 5165 3413 5167 Α
3608 5162 3622 5167 _
3694 5090 3783 5147 IV.

2218 5162 2301 5236 Ill.
2390 5162 2489 5233 SS.
2518 5174 2850 5243 Serapionis,
2876 5170 3112 5235 Macarii,
3136 5165 3419 5238 Paphnutii
3440 5205 3456 5231 ,
3496 5172 3551 5219 et
3576 5162 3657 5216 al-

2465 5247 2630 5302 terius
2656 5231 2905 5305 'Macarii,
2943 5251 3052 5296 etc.
3099 5231 3107 5235 ’
3210 5231 3229 5238 ’
3694 5231 3781 5305 iv.

2221 5322 2309 5377 IV.
2398 5299 2740 5372 ssfipatmm
2763 5299 2903 5367 aliaf
3695 5299 3784 5377 iv.

2226 5369 2309 5444 -V'.'
2399 5369 2599 5442 'l‘crtia.
3379 5443 3383 5444 ί
3474 5443 3477 5444 ν
3592 5441 3601 5444 _
3697 5369 3785 5444 ly.

2400 5439 3330 5513 SIllIacariiAlexandrini,abbatis
3346 5441 3654 5498 Nitriensis.

3699 5508 3785 5563 IV.

3702 5647 3791 5700 IY.

3700 5716 3792 5771 IV.

2399 5527 2649 5595 Ejusdem
2679 5523 2925 5595 cpistola.

2229 5599 2309 5654 Vll
2403 5585 2460 5650 S'.
2505 5585 2797 5655 Paclimnii,
2846 5590 3055 5645 abbatis
3099 5585 3491 5646 Tabcnncnsis,
3542 5598 3662 5636 cum

2438 5665 2709 5719 mulatione
2745 5662 2913 5715 sancti
2939 5658 3246 5727 Hieronymi
3262 5658 3311 5709 in
3327 5655 3593 5708 eamdem.

2422 5736 2651 5806 Cjnsdcm
2704 5733 2921 5788 Monita.
