3942 6190
189 391 320 445 VIII.
365 386 623 456 Ejusdem
645 394 698 440 et
713 382 981 440 Theodori
995 384 1235 454 epistolas
1251 393 1303 438 et
1319 385 1482 439 verba
1503 399 1639 454 mys-
1670 453 1736 507 Ν

366 468 491 507 tica.

366 468 491 512 ttca.
1672 468 1756 508 IV.

182 529 281 583 IX.
369 528 427 581 8.
459 523 701 588 Orsiesii,
735 524 948 578 abbatis
975 523 1374 586 Tabcnnensis,
1408 522 1651 577 doctrina

369 597 436 649 de
476 595 816 648 institutione
876 594 1286 648 monachorum.
1669 591 1758 646 IV.

187 668 256 721 Χ.
371 665 572 735 Regula
603 662 999 735 Orientalis,ex
1029 662 1250 735 Patrum
1271 659 1631 715 Orientalium

365 729 586 800 Regalis
611 733 834 787 collecta
867 749 894 785 a
922 733 1116 800 Vigilio
1149 733 1397 785 diacono.
1666 729 1758 784 IV.

193 805 281 860 XI.
371 805 431 858 8.
453 800 670 869 Basilii,
701 803 938 871 episcopi
965 801 1335 855 Caesariensis.
1672 800 1757 854 IV.

420 978 424 981 _
836 908 1106 964 PARSIL

194 1003 410 1074 Reguli?
454 999 558 1055 SS.
607 998 825 1053 Patrum
870 997 1288 1052 Occidentalium
1333 1000 1402 1052 ad
1447 999 1752 1052 monachos.

187 1093 229 1146 ι.
364 1091 425 1144 8.
461 1089 755 1152 Benedicti,
782 1089 993 1143 abbatis
1029 1086 1383 1141 Cassiuensis.
1673 1089 1759 1142 VI.

191 1163 252 1216 ll.
361 1159 569 1229 Regula
591 1158 934 1229 conseusoria
978 1160 1386 1212 monachorum.
1675 1157 1760 1229 VI.

192 1231 274 1286 Ill.
366 1226 483 1282 Alia
512 1228 707 1297 Regula
735 1227 948 1280 incerti.
1111 1296 1117 1297 7

195 1301 277 1355 IV.
366 1297 467 1352 SS.
504 1295 648 1350 Pauli
673 1305 727 1350 et
752 1296 1008 1364 Stephani
1037 1296 1311 1350 abbatum.
1673 1295 1758 1349 Vl.

197 1372 256 1422 V.
373 1367 432 1420 8.
461 1367 703 1429 Caesarii,
726 1367 961 1434 episcopi
991 1366 1343 1422 Arelatensis.
1671 1364 1758 1434 Vl.

197 1439 279 1491 VI.
372 1436 429 1490 8.
461 1436 732 1489 Aureliani
761 1433 996 1504 episcpr
1024 1436 1370 1488 Arelatensis.
1675 1433 1759 1488 Vl.

199 1507 302 1560 VII.
369 1507 428 1560 S.
465 1505 721 1568 Ferreoli,
758 1505 994 1574 episcOpi
1029 1505 1344 1559 Ueetiensis.
1673 1504 1758 1574 VI.

197 1575 327 1630 VIII.
370 1576 428 1628 S.
457 1575 772 1628 Columbani
794 1573 1034 1626 abbatis.
1675 1573 1759 1627 Vl.

373 1643 627 1711 Ejusdem
655 1643 1049 1697 Ptenitentiale.
1671 1640 1757 1696 VI.

195 1713 282 1786 IX.
377 1710 730 1786 Tarnatensis
761 1711 1096 1786 monasterii.
1140 1779 1154 1786 _
1261 1774 1310 1786 η

199 1783 264 1835 Χ.
383 1782 442 1835 8.
469 1781 680 1845 Isidori,
717 1781 952 1850 episc0pi
976 1779 1324 1849 Ilispalensis.
1653 1780 1765 1836 VII.

193 1851 281 1920 XI.
374 1852 432 1903 8.
478 1851 778 1911 Fructuosi,
802 1851 1038 1920 episcopi
1085 1850 1451 1920 Bracarensis.
1657 1850 1766 1920 VII.

193 1919 306 1974 XII.
372 1921 626 1987 Ejusdem
650 1919 946 1974 monas’tica
982 1919 1304 1975 communis.
1658 1919 1767 1974 VII.

376 1990 633 2056 Ejusdem
675 1988 920 2044 Pactum.

195 2060 328 2114 XIII.
375 2060 553 2114 Patris
584 2058 881 2125 cujusdam.
1680 2059 1769 2114 VI.

198 2129 329 2199 XIV.
378 2129 577 2199 Regula
605 2129 865 2198 Magistri.
971 2197 1026 2199 Α
1150 2197 1162 2199 _
1294 2196 1326 2199 __
1425 2198 1432 2199 7
1657 2129 1768 2183 VII.

196 2198 306 2252 XV.
377 2196 1200 2268 GrimlaicipresbyteriRegula
1231 2196 1618 2253 solitariorum.
1675 2199 1768 2255 lx.

846 2306 1027 2360 PARS
1048 2306 1132 2360 Ill.

489 2399 702 2470 Regulw
731 2397 836 2452 SS.
870 2396 1093 2450 Patrum
1133 2398 1203 2450 ad
1249 2397 1489 2465 virgines.

194 2491 235 2546 ι.
297 2477 304 2492 ‘
377 2491 435 2545 s.
465 2489 770 2559 Augustini,
805 2488 1044 2559 episcopi
1069 2486 1444 2559 Hipponensis.
1683 2486 1770 2559 χ.

199 2562 255 2616 II.
377 2560 434 2614 8.
464 2556 706 2621 Caesarii,
738 2558 976 2626 episcopi
1011 2556 1366 2612 Arelatensis.
1683 2556 1771 2626 Vl.

383 2629 632 2696 Ejusdem
658 2624 867 2683 Sermo.
923 2624 942 2626 “
1044 2694 1054 2696 7
1686 2624 1772 2679 Vl.

387 2694 640 2820 Easdem
681 2697 907 2768 epistola
938 2697 1005 2752 ad
1026 2694 1330 2751 Oratoriam
1385 2697 1625 2754 abhatis-
1685 2765 1752 2820 Ἣ

383 2785 521 2824 sam.
1695 2785 1772 2820 Vl.

387 2838 639 2908 Ejusdem
666 2843 1070 2908 testamentum.
1115 2906 1123 2908 7
1211 2905 1223 2908 7
1392 2907 1399 2908 7
1685 2835 1770 2908 VI.

199 2910 280 2963 Ill.
388 2904 446 2962 S'.
483 2907 779 2970 Aureliani,
809 2907 1046 2976 episeopi
1099 2905 1452 2962 Arelatensis.
1685 2904 1772 2976 VI.

386 2977 628 3042 Joannis,
661 2974 894 3046 episcopi
924 2974 1536 3046 Arelatensis,epistola.
1666 2974 1772 3046 77VI.

197 3047 285 3102 IV.
388 3048 447 3101 8.
474 3047 684 3116 Donati,
700 3045 942 3116 episcopi
970 3045 1359 3100 Vesontiensis.
1664 3045 1774 3116 VII.

205 3118 264 3170 V.
388 3117 567 3170 Patris
593 3114 906 3182 cujusdam.
1669 3114 1776 3169 VII.

394 3187 672 3241 Sententia
699 3187 765 3240 de
790 3185 1010 3256 Regalis
1022 3185 1367 3256 Devotarum,
1384 3200 1490 3240 una
1504 3201 1624 3243 cum

386 3257 602 3310 decreto
629 3255 841 3309 concilii
882 3254 926 3308 II
939 3255 1238 3324 ispalensis.
1676 3254 1782 3308 Vll.

205 3325 290 3379 VI.
386 3325 446 3379 S.
473 3325 729 3395 Leandri,
759 3327 994 3395 episcopi
1021 3324 1370 3394 Hispalensis.
1693 3324 1782 3395 VI.

208 3395 314 3449 VII.
385 3396 450 3448 Β.
485 3393 718 3461 ΑΞΙι-εᾱί,
743 3393 956 3449 abbatis
985 3393 1358 3450 Rievallensis.

1669 3394 1783 3451 XII.

829 3528 1173 3583 APPENDIX
1676 3517 1691 3520 ’
1721 3517 1734 3521 ’

213 3621 589 3692 Complectens
605 3621 1052 3692 EXRORTATIONES
1065 3619 1162 3674 SS.
1178 3619 1399 3674 Patrum
1416 3621 1482 3674 ad
1498 3621 1790 3677 monachos

325 3691 382 3748 et
414 3694 649 3763 virgines
669 3708 734 3746 ne
770 3691 1302 3746 Onsenvmruvnm
1354 3705 1668 3754 RELIGIOSE,

218 3781 359 3846 Quas
382 3801 415 3836 a
437 3793 620 3836 sancto
649 3781 956 3836 BENEDICTO
994 3780 1180 3833 abbate
1208 3779 1494 3832 Anianensi
1523 3778 1648 3832 olim
1681 3778 1792 3832 col-

277 3852 468 3915 lectas,
522 3853 693 3906 Lucas
729 3851 1112 3906 Ilocsremose
1163 3848 1366 3902 duobus
1416 3865 1539 3902 mss.
1575 3847 1792 3902 Floria-

280 3922 524 3976 censibus
546 3923 887 3975 serenissima:
930 3922 1123 3990 reginae
1145 3917 1426 3972 Christina:
1445 3919 1630 3971 edidit.

213 4009 258 4067 ι.
391 4010 449 4065 8.
479 4011 763 4066 Athanasii
789 4010 1138 4064 Alexandrini
1157 4009 1292 4064 liber
1318 4007 1384 4062 de
1412 4006 1676 4064 Observa-

399 4082 634 4136 tiouibus
663 4080 1067 4135 monachorum.
1703 4076 1793 4134 IV.

217 4149 282 4220 ιι.
391 4151 986 4220 EjusdemErhortatio
1010 4151 1077 4220 ad
1103 4146 1591 4220 sponsamChristi.
1705 4147 1793 4202 lV.

220 4219 303 4276 III.
395 4217 454 4274 8.
480 4217 668 4276 Basilii
701 4221 770 4274 Μ.
797 4219 1110 4275 Admonitio
1147 4220 1214 4273 ad
1233 4217 1676 4287 ﬁliumspiritua-

403 4292 530 4345 lem.
1448 4286 1463 4287 ί
1703 4286 1792 4341 IV.

221 4359 309 4432 I77V.
398 4360 616 4432 Evagrii
654 4360 904 4432 monachi
922 4357 1312 4432 Sententizead
1336 4357 1651 4412 monachos.

227 4429 286 4481 V.
400 4428 655 4497 Ejusdem
686 4429 982 4484 Sententia:
1011 4428 1077 4482 ad
1104 4428 1358 4497 virgines.

227 4497 309 4551 \‘I.
402 4499 611 4564 Fausti,
638 4500 847 4554 abbatis
872 4498 1190 4562 Lirinensis,
1223 4498 1657 4564 Sermonesqua-

403 4579 525 4623 tuor
553 4563 620 4624 ad
646 4569 958 4624 monachos.
1543 4563 1557 4564 ί
1719 4563 1786 4620 V.

228 4637 335 4691 VII.
401 4639 457 4693 S.
485 4640 740 4693 Eucherii
767 4639 1085 4693 Exhortatio
1114 4637 1180 4691 ad
1207 4634 1517 4690 monachos.
1723 4634 1786 4688 V.

229 4707 359 4761 VIII.
400 4709 654 4776 Ejusdem
680 4707 958 4763 Sententia
979 4709 1046 4762 ad
1077 4707 1390 4761 monachos.
1722 4703 1788 4776 Χ.

229 4776 316 4830 IX.
403 4773 659 4847 Ejusdem
689 4779 995 4832 Admouitio
1017 4777 1349 4847 advirgines.
1497 4843 1507 4847 _
1601 4842 1614 4847 7
1725 4773 1787 4828 V.

230 4848 295 4900 Χ.
409 4842 468 4902 8⁷.
493 4849 730 4912 Οωεθτὶί,
753 4849 989 4918 episcopi
1030 4842 1379 4909 Arelatensis,
1425 4842 1665 4913 epistolae

408 4919 526 4972 duae
553 4920 620 4972 ad
645 4912 953 4973 Cresa-riam—
983 4919 1327 4972 abbatissam.
1469 4912 1473 4913 “
1705 4912 1794 4968 Vl.

233 4985 319 5039 XI.
407 4987 658 5058 Ejusdem
695 4987 930 5057 Epistola
958 4986 1261 5058 hortatoria
1291 4984 1360 5038 ad
1399 4984 1661 5054 virginem

409 5049 520 5111 D'eo
543 5049 863 5112 dedicatam.
958 5049 976 5058 ’
1488 5049 1509 5054 ⁷
1709 5049 1796 5104 VI.

232 5124 348 5179 XII.
415 5126 626 5188 Novati,
663 5124 1234 5190 catholici,Scntcnlia
1262 5123 1326 5178 de
1355 5121 1660 5176 humilitate

411 5205 466 5250 et
502 5187 825 5260 obedientia,
874 5187 934 5250 et
980 5195 1048 5250 de
1105 5193 1362 5250 calcanda
1400 5193 1668 5261 superbia.
1709 5187 1798 5261 IV.

232 5265 375 5319 XIII.
417 5265 475 5320 8.
500 5266 707 5320 Paulini
731 5269 798 5320 ad
821 5268 1116 5320 monachos
1141 5265 1204 5319 de
1231 5259 1569 5332 poenitentia.
1734 5259 1800 5314 V.

235 5334 382 5390 XIV.
421 5336 663 5404 Eutmpii
701 5335 913 5389 abbatis
941 5335 1173 5403 Epistola
1205 5331 1272 5386 ad
1305 5331 1521 5385 Petrum
1563 5344 1656 5404 pa-

417 5420 538 5475 pam
567 5401 634 5459 de
663 5401 999 5460 districtione
1025 5405 1413 5458 monachorum
1437 5409 1492 5455 et
1505 5401 1660 5454 ruina

406 5467 890 5529 monasteriorum.
1182 5494 1191 5501 -
1698 5467 1806 5524 VII.

239 5544 362 5599 Χῖ·
422 5545 622 5668 metu
651 5544 939 5600 Sermones
965 5543 1070 5599 duo
1122 5543 1188 5598 de
1213 5542 1397 5599 decem
1455 5539 1674 5612 Virgini-
1705 5606 1790 5662 VII

1191 269 1417 327 CODEX
1457 263 1910 324 REGULARUM.
1949 294 2018 303 -—-
2053 260 2443 316 PREFATIO.

1695 4425 1784 4479 IV.
1818 4413 1871 4473 D

3327 259 3426 314 “8

2529 373 2767 426 XXXIX.

1934 466 2108 534 Atque
2135 467 2248 518 lucc
2277 473 2360 518 est
2403 465 2701 517 oeconomia
2749 477 2909 532 quam
2952 461 3194 515 adhibuit
3222 461 3434 516 Holste-

1865 556 1986 608 nius
2023 557 2075 608 in
2107 555 2429 624 publicando
2451 554 2552 607 hoc
2586 553 2900 622 Regniarum
2932 550 3142 617 Codice,
3173 567 3275 606 nec
3312 567 3430 605 am—

1864 645 2050 716 bigere
2078 646 2224 707 licet,
2257 647 2384 714 quin
2418 645 2649 714 chulas
2689 645 2876 698 eodem
2935 643 3096 697 modo
3155 643 3436 697 ordinatas

1864 735 1920 788 in
1955 751 2051 788 suo
2098 750 2197 788 ms.
2253 734 2533 802 repererit,
2581 741 2743 801 prout
2779 748 2844 785 ex
2879 732 3007 800 ipsis
3045 731 3257 785 schedis
3284 737 3432 800 post-

1864 827 2043 880 humis
2063 824 2292 887 eruitur,
2334 825 2546 878 etiamsi
2576 825 2821 892 quaedam
2876 823 3055 876 adsint
3087 823 3283 877 ibidem
3329 821 3437 875 Re-

1863 916 2001 987 gulae
2058 923 2246 970 sancto
2281 914 2571 969 Benedicto
2617 913 2909 967 Anianensi
2956 915 3176 967 omnino
3216 914 3432 982 ignotae,

1864 1013 1924 1057 ut
1968 1013 2092 1073 pote
2123 1005 2280 1074 longe
2315 1011 2436 1074 post
2483 1004 2651 1074 ipsius
2702 1003 2907 1057 obitum
2957 1004 3205 1067 condite,
3249 1003 3438 1072 quales

1863 1103 1990 1147 sunt
2024 1111 2036 1146 :
2062 1093 2278 1164 Regulae
2299 1109 2399 1164 pro
2426 1092 2649 1146 inclusis
2673 1092 2954 1146 monachis
2974 1091 3252 1160 utriusque
3279 1107 3439 1147 sexus

1865 1183 2078 1253 scriptae
2104 1200 2134 1238 a
2158 1184 2316 1238 beato
2343 1183 2657 1250 Grimlaico,
2685 1193 2740 1237 et
2787 1192 2975 1238 sancto
3006 1183 3223 1238 AZIredo
3249 1183 3437 1240 abbate

1866 1274 2211 1328 Rievallensi.
2245 1274 2352 1329 Nec
2381 1289 2510 1328 sane
2542 1275 2644 1328 hoc
2671 1274 2725 1326 in
2749 1272 3118 1342 przejudicium
3145 1273 3305 1341 hujus
3340 1273 3443 1328 Co-

1865 1362 2000 1416 dicis
2042 1363 2178 1415 verti
2207 1363 2384 1426 debet,
2413 1363 2568 1431 quasi
2598 1362 2688 1415 ille
2733 1377 2838 1415 non
2878 1363 2970 1426 sit,
3023 1377 3184 1430 quem
3225 1371 3444 1423 sanctus

1864 1451 2189 1508 Benedictus
2210 1452 2536 1506 Anianensis
2561 1453 2884 1521 scripserat;
2915 1467 3041 1506 nam
3075 1455 3445 1522 amanuensis,

1865 1542 2078 1598 labente
2119 1543 2314 1598 saeculo
2340 1559 2462 1609 xm,
2494 1543 2578 1597 vel
2624 1544 2868 1611 sequenti
2899 1543 3204 1607 inchoante,
3239 1545 3445 1598 exscri-

1863 1632 1998 1687 bens
2045 1647 2231 1687 verum
2278 1640 2334 1686 et
2377 1632 2748 1687 authenticum
2803 1630 3124 1700 Περαίαν-ατη
3175 1629 3439 1694 Codicem,

1794 1729 1840 1788 Β
1867 1724 2170 1792 prudenter
2189 1723 2453 1792 judicavit
2481 1721 2764 1791 superaddi
2792 1734 2951 1791 posse
2983 1720 3082 1773 has
3111 1719 3244 1774 duas
3269 1719 3447 1788 Regu-

1873 1811 1973 1877 Ias,
2003 1820 2064 1866 ut
2098 1820 2223 1882 pote
2253 1811 2319 1866 ad
2348 1810 2641 1881 perfectam
2670 1811 2794 1864 vita:
2839 1809 3152 1863 monastica:
3202 1823 3446 1862 normam

1870 1904 2115 1972 apprime
2141 1903 2497 1972 pertinentes.
2524 1900 2650 1954 Pari
2698 1913 2913 1968 quoque
2957 1898 3208 1952 libertate
3238 1897 3448 1952 Holste—

1874 1995 1996 2050 nius
2019 1995 2145 2050 huic
2171 1993 2355 2050 Codici
2383 2010 2604 2050 assuere
2626 1993 2794 2048 voluit
2844 1992 3094 2046 nonnulla
3116 1993 3328 2048 aliunde
3357 2007 3448 2062 pe-

1877 2085 2008 2150 tita;
2043 2085 2098 2138 in
2145 2084 2253 2139 alio
2292 2085 2436 2138 enim
2480 2084 2648 2138 veteri
2678 2098 2780 2137 ms.
2825 2083 3103 2152 reperiens
3128 2079 3449 2138 Sententiam

1874 2175 1940 2229 de
1989 2173 2205 2245 Reguli:
2234 2174 2571 2237 Devotarum,
2598 2173 2842 2228 eamdem
2867 2173 3038 2226 voluit
3087 2171 3342 2236 inserere,
3371 2171 3448 2225 si-

1874 2265 1986 2319 mul
2013 2280 2078 2319 ac
2097 2265 2307 2320 concilii
2339 2263 2671 2332 I‘Iispalensis
2696 2269 2856 2331 caput
2887 2263 2946 2315 Il
2975 2262 3042 2316 ad
3069 2261 3448 2316 sanctimonia-

1873 2353 2005 2407 lium
2027 2353 2334 2408 clausuram
2361 2360 2630 2422 spectans,
2661 2367 2823 2420 quam
2849 2351 3013 2406 etiam
3042 2349 3362 2405 Sententiam
3386 2352 3450 2404 de

1874 2445 2088 2515 Regalis
2124 2447 2462 2509 Devotarum,
2493 2451 2547 2497 et
2591 2459 2690 2497 nos
2737 2441 3102 2497 observationi
3129 2443 3341 2510 prxevize
3383 2442 3453 2496 ad

1875 2537 2135 2608 Regulam
2163 2536 2337 2590 sancti
2364 2535 2555 2589 Isidori
2601 2534 2997 2604 conjunximus,
3029 2541 3282 2601 tanquam
3309 2533 3452 2587 illius

1877 2627 2092 2696 Regulae
2141 2635 2302 2697 caput
2340 2626 2614 2690 ultimum,
2662 2633 2825 2694 prout
2869 2625 3068 2679 ibidem
3121 2627 3447 2679 notavimus.

1875 2715 2008 2770 Cum
2043 2716 2206 2788 igitur
2253 2724 2510 2784 agnoscat
2551 2715 2858 2770 Holstenius
2889 2714 3031 2767 hunc
3075 2712 3316 2768 Codicem
3351 2711 3454 2767 Re—

1876 2802 2122 2872 gularum
2150 2805 2399 2859 eumdem
2430 2819 2570 2867 esse,
2616 2818 2775 2872 quem
2816 2796 3193 2871 composuerat
3233 2811 3453 2857 sanctus

1875 2891 2200 2947 Benedictus
2244 2892 2588 2956 Anianensis,
2642 2891 2722 2946 sic
2769 2889 3004 2958 ejusdem
3058 2890 3452 2944 authenticitati

1877 2997 1978 3038 nec
2029 2993 2211 3037 assuta
2239 2982 2638 3047 Additamenta,
2691 2997 2792 3037 nec
2837 2983 3084 3037 diversus
3130 2981 3456 3050 Regularnm

1808 3071 1851 3133 C
1883 3075 2017 3130 ordo
2041 3076 2097 3130 in
2124 3075 2418 3130 Concordia
2444 3076 2780 3139 observatas,
2807 3074 3076 3129 ullatenus
3105 3074 3456 3144 praejudicarc

1884 3165 2098 3230 debent,
2128 3173 2288 3234 prout
2314 3180 2475 3235 supra
2505 3164 2943 3219 monstravimus.

2605 3255 2716 3310 XL.

1960 3347 2095 3402 Nam
2149 3347 2524 3403 sanctissimus
2581 3349 2748 3402 abbas
2807 3347 3131 3402 Anianensis
3181 3347 3462 3403 condendo

1887 3440 2234 3495 Concordiam
2282 3441 2600 3512 Regularum
2637 3442 2908 3496 diversum
2949 3442 3169 3496 omnino
3211 3443 3458 3496 ordinem

1887 3531 2025 3586 inire
2057 3531 2260 3596 debuit,
2310 3547 2432 3585 cum
2484 3547 2550 3584 ex
2599 3531 2842 3584 collectis
2885 3538 3196 3583 sanctorum
3235 3529 3458 3584 Patrum

1890 3619 2109 3690 Regulis
2155 3619 2296 3673 solas
2347 3620 2608 3687 quasdem
2651 3619 2948 3673 sententias
2986 3619 3336 3687 excerpserit,
3366 3635 3455 3674 ne-

1890 3705 2154 3760 cessarias
2204 3706 2418 3774 quidem
2460 3707 2526 3758 ad
2567 3706 2971 3758 monstraudam
3015 3707 3307 3775 disciplinae
3350 3723 3461 3761 mo-

1892 3795 2111 3849 nasticae
2133 3795 2554 3849 uniformitatem
2577 3810 2699 3849 cum
2727 3796 2840 3862 ipsa
2865 3795 3065 3864 Regula
3094 3794 3462 3863 Benedictina,

1893 3899 2054 3952 quam
2092 3884 2263 3938 solum
2292 3885 2544 3953 deinceps
2572 3884 2771 3952 ubique
2822 3884 3211 3938 observandam
3244 3888 3465 3941 manda-

1893 3985 2049 4030 verat
2093 3975 2370 4046 piissimus
2413 3975 2705 4044 impcrator
2725 3973 3027 4028 Ludovicus
3051 3974 3091 4037 Ι,
3121 3975 3248 4030 licet
3271 3977 3466 4031 hucus-

1895 4080 2001 4137 que
2046 4066 2102 4121 in
2130 4067 2399 4137 aliquibus
2443 4065 2784 4121 monasteriis
2827 4064 3009 4135 plures
3049 4066 3264 4136 Regula:
3304 4068 3465 4122 simul
3558 4098 3570 4110 ο

1895 4160 2194 4215 observata:
2244 4159 2463 4214 fuerint.
2497 4157 2589 4212 Sic
2629 4158 2775 4212 enim
2816 4172 2883 4212 ex
2925 4157 3045 4212 Vita
3069 4158 3324 4214 Ludovici
3360 4160 3466 4227 Pii,

1895 4263 1952 4310 et
1979 4271 2047 4309 ex
2073 4254 2322 4310 Aimonio
2369 4254 2462 4308 lib.
2490 4269 2522 4306 ν
2565 4253 2629 4306 de
2673 4250 2843 4306 Gesti:
2879 4251 3206 4306 Francorum
3249 4255 3470 4309 instrui-

1897 4363 2058 4400 mur:
2092 4364 2109 4396 ‹
2147 4346 2440 4414 Itidemque
2464 4343 2741 4398 constituit
2786 4343 2924 4397 idem
2958 4341 3066 4396 Deo
3105 4345 3350 4400 amabilis
3374 4346 3472 4400 im-

1895 4445 2114 4508 perator
2155 4434 2502 4490 Benedictum
2526 4433 2797 4496 abbatem,
2822 4441 2875 4487 et
2903 4447 3025 4487 cum
3078 4449 3142 4488 eo
3177 4437 3470 4491 monachos

1861 4595 1864 4598 7
1896 4535 2131 4582 strenua:
2151 4541 2247 4596 per
2273 4526 2454 4579 omnia
2478 4524 2618 4588 vitae,
2642 4525 2734 4593 qui
2761 4540 2858 4594 per
2877 4524 3054 4578 omnia
3083 4527 3469 4580 monachorum

1893 4626 2086 4673 euntes
2116 4617 2508 4682 redeuntesque
2538 4615 2888 4678 monasteria,
2913 4615 3235 4670 uniformcm
3262 4619 3471 4672 cunctis

1897 4707 2174 4762 traderent
2193 4703 2536 4758 monasteriis
2560 4711 2672 4755 tam
2702 4703 2834 4757 viris
2857 4719 3019 4772 quam
3050 4706 3473 4760 sanctimoniali-

1898 4796 1999 4850 bus
2017 4795 2231 4852 feminis
2244 4808 2448 4847 morem
2471 4792 2686 4846 vivendi
2703 4793 2993 4847 secundum
3014 4793 3271 4863 Regulam
3294 4799 3468 4851 sancti

1901 4885 2196 4941 Benedicti.
2230 4904 2248 4936 ›
2279 4884 2534 4952 Adeoque
2555 4891 2778 4937 sanctus
2802 4883 3124 4937 Benedictus
3149 4884 3473 4943 Anianensis

1901 4976 2224 5033 conferendo
2246 4975 2505 5045 Regulam
2528 4973 2702 5029 sancti
2733 4973 3005 5027 Benedicti
3042 4988 3164 5026 cum
3191 4974 3314 5029 aliis
3349 4992 3472 5030 san-

1902 5078 2111 5123 ctorum
2133 5067 2353 5121 Patrum
2377 5065 2618 5136 Regalis,
2641 5071 2906 5132 quatenus
2927 5079 2992 5117 ex
3016 5063 3122 5118 illis
3147 5064 3469 5122 uniformem

1904 5173 2026 5213 cum
2052 5159 2240 5212 eadem
2273 5156 2575 5211 doctrinam
2621 5160 2968 5218 monstraret,
3001 5154 3306 5208 necessario
3330 5157 3469 5210 ordi-

1905 5265 2028 5304 nem
2059 5250 2112 5303 in
2137 5247 2325 5303 Codice
2351 5245 2666 5316 Regularum
2705 5245 3050 5299 observatum
3078 5244 3345 5300 invertere
3384 5247 3478 5300 de—

1906 5343 2044 5407 buit,
2071 5341 2365 5396 sententias
2390 5347 2444 5394 et
2470 5338 2713 5392 instituta
2737 5346 3050 5392 sanctorum
3076 5336 3294 5392 Patrum
3318 5338 3477 5393 cuilio

1909 5436 2002 5489 bet
2025 5432 2185 5502 capiti
2213 5430 2430 5500 Regula:
2479 5427 2838 5484 Benedictina:
2873 5428 3251 5498 approprians,
3286 5437 3479 5498 quate-

1915 5541 2017 5579 nus
2044 5541 2219 5578 veram
2273 5521 2592 5591 Regularnm
2641 5520 2984 5574 Concordiam
3022 5509 3322 5574 conderet:
3349 5521 3485 5575 Iliuc

1917 5620 2264 5678 doctissimus
2309 5616 2462 5689 Ηυςο
2502 5613 2787 5672 Menardus
2819 5614 2872 5668 in
2901 5613 3108 5670 edendo
3139 5612 3484 5668 Concordiam
