3942 6190
866 192 881 221 Ι

491 333 585 390 419

1478 323 1534 379 S.
1577 321 1934 377 BENEDICTI
1970 316 2261 375 ABBATIS
2297 312 2703 370 ANIANENSIS

3616 304 3730 361 4Ξο

488 448 811 520 Regularum
847 458 988 498 anno
1019 440 1153 495 1658
1193 438 1353 493 talem
1389 436 1714 508 Regularum
1746 434 2062 504 Catalogum
2089 436 2141 497 Α
2179 429 2445 500 Virginum
2476 429 2546 483 ad
2575 438 2813 481 sororem
2858 420 3220 477 Florentinam
3267 417 3479 487 scripta:
3501 415 3741 472 mentio-

489 535 786 598 contexuit,
814 539 874 586 ut
910 530 1167 608 Regulam
1200 527 1372 583 sancti
1416 526 1689 581 Benedicti
1719 524 1897 594 primo
1945 522 2061 577 loco

489 623 753 696 posuerit,
793 630 1045 689 tanquam
1087 618 1459 688 principalem,
1512 617 1582 671 ad
1636 630 1797 684 quam
1844 612 2064 683 reliqum

494 714 846 767 reducuntur.

489 805 777 867 HUGONIS
822 804 1122 862 Mensam
1156 799 1489 876 Catalogus
1520 799 1585 857 in
1623 815 1737 856 sua
1772 794 2063 855 Coacon-

795 899 901 940 ou
945 883 1339 939 Ilecuunun
1384 876 1760 936 obscrratus.

596 982 647 1033 1.
672 979 874 1049 Regula
901 977 956 1049 S.
992 975 1281 1049 Benedicti.

596 1050 651 1102 2.
726 1044 795 1087 -ῖ
903 1044 1285 1100 S.Parhomii.

596 1121 650 1173 5.
725 1148 795 1156 —-
902 1115 1231 1170 S.0rsicsii.

599 1190 653 1242 4.
728 1217 798 1226 -
903 1184 1212 1240 Orientalis.

599 1258 653 1311 5.
724 1284 798 1296 —
905 1256 960 1310 S.
992 1255 1231 1308 Macarii.

596 1328 649 1381 6.
725 1357 793 1364 —
900 1324 1171 1378 IlidemS.
1213 1321 1447 1374 Macarii.

598 1398 650 1449 7.
725 1424 795 1434 --
903 1395 1000 1448 SS.
1036 1396 1270 1446 Patrum.

597 1468 651 1522 8.
727 1492 797 1504 ——
900 1465 1087 1516 Itidem
1112 1461 1210 1514 SS.
1240 1461 1480 1512 Patrum.

597 1537 649 1590 9.
726 1564 793 1572 —
900 1534 1084 1586 Itidem
1117 1530 1481 1583 SS.Palt‘um.

563 1605 650 1659 10.
726 1632 795 1642 —-
903 1602 959 1654 S.
987 1600 1186 1653 Basilii.

564 1676 650 1728 11.
725 1703 795 1711 —
905 1670 1321 1738 S.Ilicronymi.

565 1744 652 1798 12.
725 1772 796 1782 --
902 1741 957 1792 S.
992 1739 1294 1809 Augustini.

565 1814 652 1867 15.
725 1841 796 1851 -—-
901 1808 1251 1865 S.Cussiani.

570 1883 652 1936 14.
727 1911 798 1921 -·
905 1876 1373 1946 SS.Stephaniet
1400 1875 1571 1929 Pauli.

566 1952 653 2009 15.
727 1981 797 1990 —
904 1947 1271 2003 Tarnatensis.

566 2025 651 2076 16.
726 2049 798 2059 —
995 2017 1211 2071 Cresarii
1243 2016 1497 2083 episcopi.

568 2092 654 2146 17.
729 2119 799 2129 ---
906 2088 961 2141 S.
997 2086 1265 2140 Aureliani
1294 2084 1551 2153 episc0pi.

571 2161 657 2214 18.
732 2189 802 2198 -
912 2158 970 2211 S.
1004 2156 1241 2211 Ferreoli
1275 2156 1531 2223 episcopi.

570 2230 656 2284 19.
729 2259 802 2267 —
908 2226 965 2281 S.
998 2227 1183 2281 Isidori
1211 2226 1467 2294 episcopi.

567 2299 655 2353 20.
734 2328 802 2337 -—
910 2296 966 2350 S.
1003 2296 1305 2349 Fructuosi.

566 2368 653 2422 2|.
758 2398 800 2405 —
902 2366 1139 2421 Alterius
1173 2365 1474 2418 Fructuosi.

566 2438 655 2490 22.
749 2467 800 2476 -
907 2434 1331 2490 S.Columbani.

569 2508 659 2562 2‘5.
734 2537 805 2546 —
914 2504 1252 2559 S.Donati.-

568 2578 657 2631 24.
730 2607 802 2616 --
908 2574 1167 2642 Magistri.

569 2648 658 2701 25.
735 2676 807 2686 -—
910 2644 1204 2713 Cujusdam
1226 2642 1420 2697 Patris.

534 2717 658 2772 ~26.
732 2747 801 2756 —
907 2714 1041 2769 Item
1076 2712 1355 2782 cujusdam
1381 2713 1577 2768 Patris.

1222 2805 1358 2859 XLI.

577 2900 886 2970 Et'quidem
917 2913 981 2953 ex
1028 2896 1284 2966 Catalogo
1331 2894 1650 2966 chularum
1683 2896 1740 2950 in
1782 2895 2076 2948 Concordia

499 2994 804 3055 observato,
832 2990 1053 3044 omnino
1104 2997 1347 3057 apparet,
1399 2988 1661 3056 quasdam
1712 2986 2076 3057 Regulasibi-

501 3082 622 3137 dem
645 3080 929 3144 nominari,
961 3094 1081 3148 qua:
1121 3079 1175 3132 in
1208 3078 1321 3147 ipso
1345 3076 1542 3132 Codice
1568 3093 1675 3132 non
1703 3077 2069 3147 reperiuntur,

501 3183 557 3229 et
600 3175 837 3228 vicissim
888 3191 902 3227 :
948 3179 1108 3242 prout
1162 3158 1381 3225 cuilibet
1420 3178 1711 3240 utrumque
1759 3169 2071 3239 Catalogum

503 3264 804 3321 conferenti
837 3264 993 3318 facile
1027 3262 1253 3332 patebit.
1286 3260 1377 3316 Sic
1403 3262 1469 3316 de
1513 3261 1715 3331 Regula
1746 3262 1919 3315 sancti
1946 3260 2079 3314 Cas-

501 3356 642 3410 siani
669 3353 976 3409 observavit
1015 3366 1156 3421 saepe
1203 3351 1450 3405 laudatus
1497 3351 1782 3407 Menardus
1819 3350 1965 3405 illam
1991 3350 2082 3404 de-

503 3454 774 3515 sumptam
820 3457 943 3499 esse
988 3457 1054 3497 ex
1094 3442 1283 3510 primis
1329 3450 1560 3511 quatuor
1626 3441 1782 3495 libris
1839 3440 2080 3505 ejusdem

503 3534 1066 3590 sanctissimiabbatis
1085 3533 1149 3586 de
1162 3531 1584 3586 Institutionibus
1604 3532 1927 3594 monasticis,
1947 3543 2083 3598 quas

478 3626 659 3696 proin
704 3626 844 3679 inter
882 3624 1262 3678 Additamenta
1291 3621 1461 3691 ipsius
1502 3620 1716 3677 Codicis
1754 3620 2083 3691 Regularum

503 3717 682 3787 primo
720 3715 838 3770 loco
885 3715 1195 3784 posuimus;
1231 3711 1374 3782 quod
1403 3720 1583 3766 autem
1608 3711 1801 3765 attinet
1830 3707 2082 3779 Regulam

502 3807 673 3860 sancti
728 3804 1037 3874 Hieronymi
1083 3804 1173 3859 hic
1216 3803 1570 3868 nominatam,
1620 3801 1898 3856 existimat
1941 3800 2082 3856 idem

505 3896 758 3950 laudatus
784 3894 1089 3959 Menardus,
1128 3894 1273 3948 illam
1298 3893 1434 3947 nihil
1479 3893 1624 3947 aliud
1648 3907 1785 3955 esse,
1815 3891 1918 3947 nisi
1966 3891 2082 3962 epi-

506 3986 702 4042 stolam
747 3984 1021 4053 praelixam
1071 3983 1287 4054 Regulae
1331 3984 1505 4038 sancti
1546 3982 1845 4047 Pachomii,
1874 3982 1942 4037 de
1977 3996 2081 4050 qua

505 4074 750 4129 eruditus
784 4071 873 4125 ille
898 4069 1203 4125 Concordia:
1225 4072 1545 4141 chularum
1575 4072 1751 4126 editor
1777 4071 1896 4125 loco
1918 4070 2084 4126 citato

506 4162 589 4217 sic
632 4160 870 4229 loquitur
897 4178 910 4213 :
947 4178 966 4212 ι
1004 4159 1206 4234 Regula
1237 4163 1408 4217 sancti
1436 4162 1748 4233 Hieronymi
1778 4163 1912 4217 nihil
1940 4162 2084 4218 aliud

503 4258 591 4305 est
617 4264 778 4318 quam
805 4249 1033 4319 epistola
1062 4250 1177 4315 illa,
1205 4265 1370 4319 quam
1409 4251 1641 4322 prteﬁxit
1668 4251 1887 4322 Regulae
1912 4253 2084 4308 sancti

504 4340 814 4405 Pacbomii;
844 4348 996 4421 nam
1045 4341 1289 4411 quaedam
1332 4356 1399 4395 ex
1437 4340 1525 4394 illa
1556 4340 1759 4411 Regula
1806 4341 1894 4396 hic
1922 4343 2084 4397 citata

506 4432 689 4525 videre
723 4439 806 4485 est
834 4430 1101 4525 in‘eadem
1130 4430 1381 4501 epistola,
1410 4431 1514 4485 alia
1551 4446 1681 4487 vero
1732 4431 1941 4500 sapiunt
1971 4440 2084 4502 sty-
2110 4466 2163 4525 Β

507 4524 616 4579 lutn
653 4523 828 4579 sancti
859 4521 1192 4592 Hieronymi,
1224 4538 1326 4577 nec
1372 4522 1683 4591 discrepant
1722 4522 1791 4576 ab
1817 4523 2086 4578 Institutis

507 4617 684 4673 sancti
718 4614 1017 4679 Pachomii,
1047 4629 1169 4684 quae
1217 4614 1271 4669 in
1312 4614 1404 4669 illa
1434 4615 1661 4684 epistola
1686 4624 2038 4671 recensentur
2069 4633 2083 4669 :

508 4726 674 4782 quam
695 4709 742 4764 si
778 4710 1045 4779 integram
1077 4709 1424 4775 haberemus,
1450 4710 1595 4765 haud
1624 4709 1784 4765 dubie
1804 4710 1859 4764 in
1886 4725 1953 4765 ea
1974 4724 2092 4765 om-

510 4800 602 4855 nia
627 4797 1019 4868 reperirentur,
1040 4812 1160 4866 quae
1181 4797 1270 4853 hic
1288 4813 1355 4853 ex
1379 4812 1443 4853 ea
1465 4798 1833 4869 proferuntur,
1857 4799 2092 4854 maxime

508 4906 633 4946 cum
655 4896 877 4944 sanctus
901 4884 1263 4958 Hieronymus
1290 4889 1493 4944 nullam
1518 4890 1802 4960 scripserit
1828 4890 2091 4961 Regulam

510 4979 922 5034 monachorum.
952 4997 971 5029 ι
998 4976 1199 5033 Deinde
1226 4978 1281 5033 in
1307 4978 1765 5049 hacRegularum
1795 4978 2092 5035 Concordia

509 5071 708 5126 citatur
752 5077 964 5131 tantum
992 5085 1101 5125 una
1128 5069 1331 5140 Regula
1360 5071 1529 5126 sancti
1564 5069 1804 5136 Caesar-ii,
1833 5068 2091 5138 quemad-

512 5160 732 5214 modum
759 5168 818 5215 et
839 5175 946 5215 una
987 5161 1156 5215 sancti
1177 5158 1471 5226 Aureliani,
1495 5174 1620 5215 cum
1644 5167 1825 5215 tamen
1865 5148 2090 5213 omnino

511 5259 742 5317 constet,
784 5266 1222 5323 unumquemque
1265 5266 1336 5307 ex
1378 5252 1463 5307 his
1506 5253 1716 5308 duobus
1760 5249 2093 5307 Arelatensis

510 5342 771 5399 Ecclesia:
784 5342 1055 5412 episcopis
1073 5342 1208 5397 duas
1226 5341 1460 5413 Regulas
1477 5340 1767 5397 distinctas
1784 5338 2091 5409 scripsisse,

513 5448 683 5488 unam
710 5447 809 5504 pro
847 5432 1147 5498 monachis,
1175 5432 1402 5489 alteram
1449 5448 1548 5503 pro
1595 5429 2095 5489 sanctimonialibus

516 5521 756 5588 feminis,
783 5531 946 5594 prout
989 5537 1058 5578 ex
1110 5524 1229 5593 ipso
1268 5523 1591 5595 [tegularum
1630 5522 1828 5579 Codice
1875 5520 2096 5577 instrui-

520 5629 667 5678 mur,
688 5615 780 5671 ubi
804 5616 945 5671 binae
981 5616 1262 5686 utriusque
1289 5616 1527 5687 episcopi
1568 5615 1787 5688 Regulae
1812 5614 2093 5685 reperiun—

517 5716 627 5762 tur.
662 5706 773 5764 Nec
799 5723 928 5763 sane
961 5707 1178 5779 Regula:
1208 5708 1376 5763 sancti
1403 5706 1630 5763 Leandri
1666 5708 1729 5762 de
1768 5707 2096 5761 distinctione

2162 534 2285 573 nem
2315 517 2464 583 facit,
2490 515 2739 587 quamvis
2780 514 2868 567 illa
2913 518 3168 566 constans
3190 508 3254 563 21
3298 507 3547 577 capitulis
3595 507 3741 561 inter

2162 607 2296 661 alias
2330 620 2608 660 sacrarum
2639 603 2906 673 virginum
2928 597 3156 668 Regulus
3184 597 3239 651 in
3262 596 3379 666 ipso
3412 593 3739 665 Regularum

2163 696 2354 752 Codice
2383 698 2455 750 sit
2482 696 2758 750 collocata.

2872 777 3027 835 XLII.
3046 772 3063 785 ’

2232 877 2369 930 Hinc
2398 875 2585 929 mirari
2632 888 2737 927 non
2784 871 3040 924 debemus
3091 868 3143 920 in
3168 865 3387 937 Regalis
3422 859 3747 920 monasticis

2164 965 2515 1021 numerandis
2544 970 2746 1017 tantam
2771 960 3137 1014 diversitatem
3180 971 3438 1027 apparere
3463 956 3607 1011 inter
3638 954 3747 1010 Coo

2163 1061 2328 1114 dicem
2352 1056 2667 1127 Regularum
2707 1066 3001 1120 earumque
3041 1049 3410 1105 Conconliam.
3435 1048 3744 1108 praesertim

2163 1153 2209 1208 si
2265 1150 2613 1205 admittamns
2675 1144 2910 1215 auctoris
2968 1141 3318 1196 intentionem
3368 1154 3421 1193 tn
3461 1138 3749 1194 condendo

2162 1251 2391 1309 utroque
2414 1254 2575 1307 opere
2608 1236 2771 1289 fuisse
2805 1231 3200 1303 quodammodo
3228 1229 3564 1285 dissimilem.
3594 1228 3744 1283 San-

2163 1333 2439 1388 clissimus
2467 1329 2611 1384 enim
2634 1327 2804 1380 abbas
2843 1323 3168 1377 Anianensis
3190 1321 3494 1390 colligendo
3522 1328 3747 1375 sancto—

2163 1438 2283 1476 rum
2308 1422 2533 1475 Patrum
2562 1416 2791 1487 Regulus
2821 1415 2874 1468 in
2920 1426 3083 1466 unum
3130 1412 3370 1466 codicem
3397 1451 3412 1476 ,
3465 1411 3518 1464 id
3545 1410 3746 1464 solum.

2163 1510 2322 1564 modo
2348 1516 2525 1562 mente
2548 1506 2777 1574 agitasse
2807 1501 3041 1564 videtur,
3066 1507 3129 1553 ut
3176 1498 3411 1568 religiosi
3436 1498 3538 1551 viri
3579 1509 3739 1567 mque

2163 1618 2227 1656 ac
2272 1601 2484 1655 feminae
2517 1596 2879 1668 percurrendo
2935 1595 3221 1665 diligenter
3272 1602 3354 1648 tot
3378 1593 3575 1649 eximia
3616 1594 3747 1648 vita

2163 1694 2478 1749 monasticm
2515 1690 2779 1751 instituta,
2811 1701 2908 1757 per
2933 1688 3060 1741 talia
3106 1687 3308 1740 monita
3334 1685 3594 1739 salutaria
3616 1725 3632 1751 ,
3665 1685 3749 1739 di-

2091 1783 2136 1842 B
2164 1783 2335 1838 versis
2358 1780 2688 1849 temporibus
2712 1787 2767 1832 et
2789 1778 2923 1832 locis
2951 1778 3076 1831 data
3099 1818 3112 1840 ,
3153 1777 3220 1831 ad
3246 1784 3451 1831 arctam
3500 1775 3749 1845 discipli-

2165 1890 2289 1927 nam
2318 1869 2713 1927 observandam
2751 1869 3136 1930 excitarentur,
3164 1882 3286 1922 cum
3308 1881 3338 1920 e
3358 1874 3551 1921 contra
3590 1881 3746 1921 com-

2165 1963 2412 2035 ponendo
2440 1961 2795 2017 Concordiam
2838 1959 3164 2029 Regularum
3204 1959 3269 2013 ad
3320 1958 3374 2012 id
3399 1957 3578 2035 animo
3608 1956 3749 2012 fere-

2166 2030 2347 2117 batur,
2378 2060 2438 2106 ut
2464 2051 2817 2106 monachismi
2856 2051 3119 2104 unitatem
3150 2050 3218 2104 ab
3246 2048 3470 2104 exordio
3508 2030 3750 2102 instituti

2167 2145 2445 2213 probaret,
2469 2150 2632 2211 atque
2672 2142 2912 2196 omnium
2950 2140 3176 2194 aliarum
3237 2139 3564 2208 Regularum
3614 2153 3749 2194 con-

2168 2236 2497 2292 iormitatem
2554 2249 2677 2289 cum
2743 2232 2944 2302 Regula
2986 2230 3339 2286 Benedictina
3385 2236 3747 2290 monstraret,

2171 2342 2334 2396 quam
2369 2325 2539 2381 solam
2572 2324 2824 2393 deinceps
2845 2322 3236 2378 observandam
3260 2326 3588 2389 praeceperat
3611 2319 3755 2388 piis-

2172 2418 2341 2471 simus
2363 2416 2675 2485 imperator,
2706 2421 2869 2482 prout
2883 2426 3042 2482 supra
3080 2410 3453 2466 indicavimus.
3478 2408 3612 2463 Cum
3646 2408 3751 2479 igi-

2172 2515 2262 2559 tur
2287 2505 2338 2557 in
2352 2502 2556 2573 Regula
2578 2502 2944 2565 Benedictina,
2970 2500 3215 2569 quamvis
3238 2498 3516 2553 monachis
3535 2498 3750 2552 utrius-

2174 2609 2279 2664 que
2301 2607 2463 2648 sexus
2490 2593 2779 2662 adaptata,
2822 2591 2965 2645 nulla
3000 2606 3286 2645 sacrarum
3334 2588 3605 2658 virginum
3637 2603 3757 2643 me-

2176 2686 2347 2740 moria
2389 2684 2717 2755 reperiatur;
2748 2684 2827 2738 sic
2854 2683 3010 2738 facile
3031 2684 3282 2739 omittere
3307 2682 3481 2751 potuit
3518 2680 3759 2751 Regulae

2178 2776 2297 2830 illas
2353 2775 2481 2829 solis
2536 2773 2706 2829 sacris
2754 2774 3053 2843 virginibus
3110 2771 3485 2841 praescriptas,
3538 2771 3759 2826 etiamsi

2176 2868 2396 2923 easdem
2423 2866 2478 2921 in
2508 2867 2625 2936 ipso
2646 2863 3187 2943 Regularumpodice
3212 2861 3579 2944 collocaverit.

2884 2951 3061 3009 XLIII.

2246 3048 2535 3103 Existimat
2563 3046 2778 3118 quidem
2806 3044 3154 3100 doctissimus
3192 3039 3475 3096 Menardus
3503 3044 3760 3094 sanctum

2099 3126 2526 3193 CwBenedictum
2557 3137 2917 3190 Anianensem
2958 3134 3013 3187 in
3042 3148 3137 3187 sua
3182 3130 3481 3186 Concordia
3503 3168 3519 3194 ,
3570 3126 3763 3198 proie-

2179 3228 2346 3285 rendo
2370 3228 2664 3282 sententias
2692 3242 2759 3295 ex
2779 3224 2982 3296 Regula
3007 3223 3178 3278 sancti
3203 3220 3441 3283 Caesarii,
3463 3220 3632 3274 sancti
3645 3219 3764 3272 Au-

2179 3321 2368 3377 reliani
2419 3328 2474 3375 et
2505 3318 2734 3373 aliorum
2762 3357 2777 3382 ,
2832 3316 2885 3370 in
2916 3330 3073 3369 usum
3101 3309 3588 3369 sanctimonialium
3621 3309 3767 3363 scri-

2178 3413 2324 3483 ptis,
2383 3409 2718 3465 solummodo
2762 3408 2997 3463 nomina
3047 3404 3305 3463 feminina
3353 3402 3408 3456 in
3463 3400 3765 3461 masculina

2181 3513 2439 3566 mutasse,
2469 3514 2643 3568 neque
2685 3498 2753 3553 ad
2786 3512 2972 3552 eorum
3017 3494 3250 3565 Regulas
3291 3491 3569 3546 monachis
3622 3504 3769 3560 prae-

2183 3594 2414 3663 scriptas
2449 3590 2763 3644 attendisse.
2788 3586 2990 3642 Verum
3014 3586 3066 3639 in
3088 3600 3209 3638 eam
3237 3582 3545 3651 opinionem
3588 3579 3769 3633 addu-

2182 3691 2303 3738 ctus
2326 3689 2411 3737 est
2446 3680 2531 3735 vir
2576 3678 2971 3734 eruditissimus
3027 3675 3264 3731 nondum
3298 3673 3363 3728 de
3394 3672 3604 3726 illorum
3634 3683 3768 3724 san-

2183 3783 2393 3830 ctorum
2420 3773 2641 3828 Patrum
2670 3770 2889 3842 Regulis
2908 3769 2979 3824 ad
3005 3768 3300 3823 monachos
3327 3764 3542 3836 scriptis
3560 3763 3770 3819 certior

2183 3867 2377 3923 laeuis.
2411 3866 2469 3921 Si
2514 3865 2656 3920 enim
2688 3878 2926 3936 praesens
2973 3863 3062 3918 hic
3099 3861 3280 3917 Codex
3318 3857 3646 3930 Regularum
3692 3855 3769 3912 ab

2185 3958 2303 4029 ipso
2352 3966 2539 4012 sancto
2571 3955 2858 4011 Benedicto
2901 3952 3193 4008 Anianensi
3238 3950 3365 4006 olim
3409 3950 3643 4018 scriptus
3695 3949 3767 4002 ad

2162 4028 2328 4119 saepe
2360 4048 2558 4102 laudati
2587 4028 2827 4101 Menardi
2857 4045 3105 4099 notitiam
3134 4042 3486 4113 pervenisset,
3510 4048 3639 4095 tunc
3659 4038 3765 4093 ali-

2184 4149 2268 4196 ter
2299 4141 2620 4210 judicasset,
2649 4153 2772 4194 cum
2792 4137 2990 4193 ibidem
3018 4137 3245 4207 geminae
3270 4135 3495 4189 istorum
3543 4138 3770 4186 sancto-

2185 4249 2307 4288 rum
2334 4231 2555 4303 Regulae
2582 4230 2945 4293 inveniantur,
2986 4244 3094 4283 nna
3139 4227 3208 4282 ad
3246 4225 3557 4288 monachos,
3590 4223 3769 4278 altera

2185 4325 2253 4378 ad
2281 4338 2468 4378 sacras
2514 4322 2750 4391 virgines
2788 4320 3055 4373 ordinata.
3107 4316 3404 4371 Fatendum
3453 4324 3641 4368 tamen
3682 4320 3770 4367 est

2187 4423 2433 4472 sanctum
2456 4414 2803 4469 Benedictum
2836 4412 3199 4466 Anianensem
3223 4407 3549 4465 conferendo
3572 4405 3761 4476 Regu-

2191 4506 2298 4561 lam
2340 4505 2515 4561 sancti
2534 4503 2819 4575 Augustini
2866 4518 2990 4558 cum
3041 4499 3245 4570 Regula
3289 4496 3641 4553 Bcnedictina
3678 4509 3773 4550 co—

2193 4608 2373 4656 actum
2395 4598 2559 4652 fuisse
2584 4597 2801 4651 nomina
2830 4594 3086 4650 feminina
3123 4593 3176 4646 in
3198 4590 3495 4647 masculina
3525 4603 3773 4643 commu-

2193 4699 2333 4753 tare,
2355 4687 2482 4757 quia
2511 4687 2889 4743 sanctissimus
2916 4685 3003 4739 ille
3031 4682 3285 4739 Ecclesiae
3330 4682 3520 4736 doctor
3567 4678 3772 4733 nullam

2180 4781 2357 4835 .aliam
2381 4778 2638 4849 Regulam
2664 4778 2904 4847 scripsit,
2927 4776 3034 4831 nisi
3060 4775 3206 4830 illam
3234 4788 3354 4844 quae
3381 4773 3665 4840 desumpta
3690 4776 3776 4824 est

2189 4884 2258 4926 ex
2283 4869 2370 4924 illa
2413 4868 2613 4923 celebri
2657 4866 2896 4938 Epistula
2931 4880 2996 4921 ac
3054 4864 3285 4920 feminas
3329 4860 3773 4919 sanctimoniales

2193 4958 2382 5023 missa,
2412 4966 2468 5012 et
2507 4973 2653 5012 nunc
2705 4956 2972 5026 religiosis
3023 4953 3430 5026 Augustinianis
3486 4951 3775 5020 utriusque

2190 5064 2352 5105 sexus
2370 5048 2794 5103 accommodata.
2814 5046 2939 5102 Ilaec
2961 5046 3177 5116 quidem
3199 5045 3380 5101 omnia
3402 5060 3467 5100 ex
3485 5044 3603 5113 ipsa
3627 5041 3770 5095 Con-

2196 5143 2376 5197 cordia
2400 5141 2722 5211 Regularum
2763 5140 2964 5196 clarius
3010 5140 3379 5202 innotescent,
3410 5150 3548 5205 qum
3574 5134 3775 5204 prodiit

2196 5233 2420 5289 Parisiis
2488 5247 2630 5287 anno
2686 5232 2850 5296 l658,
2910 5230 3240 5286 doctissimis
3297 5226 3772 5283 observationibus

2198 5337 2472 5392 nunquam
2491 5337 2597 5376 non
2615 5319 2867 5376 laudandi
2891 5318 3130 5375 Menardi
3154 5318 3439 5382 illnstrata,
3464 5330 3588 5386 qua:
3606 5313 3777 5369 etiam

2199 5412 2365 5483 huius
2388 5412 2594 5468 Codicis
2620 5411 2955 5483 Regularum
2985 5411 3129 5466 aucti
3165 5419 3216 5464 et
3264 5406 3576 5478 ampliﬁcati
3617 5403 3777 5475 quasi

2201 5504 2447 5575 quaedam
2477 5502 2855 5574 interpretatio
2881 5500 3210 5557 considerari
3236 5500 3424 5569 possit,
3442 5505 3502 5552 ut
3523 5504 3652 5568 pote
3670 5494 3779 5551 cla-

2200 5596 2314 5651 rius
2345 5596 2621 5666 cxplicans
2662 5594 2751 5651 illa
2797 5608 2917 5665 qua:
2944 5592 2999 5648 in
3029 5590 3262 5662 antiquis
3295 5587 3514 5658 Regalis
3546 5587 3782 5642 obscura

2200 5696 2478 5755 apparent.
3366 5690 3369 5697 '
