3942 6190
211 359 306 414 ΩΙ

898 465 1079 519 XLIV.

273 569 442 630 Atque
479 557 597 613 hrec
621 571 746 611 sunt
785 556 852 610 de
903 556 1099 626 quibus
1137 555 1279 610 circa
1329 561 1650 624 prmsentem
1682 553 1784 608 Re-

207 656 445 725 gularum
475 651 720 704 Codicem
761 649 988 702 lectores
1026 647 1312 702 benevolos
1358 646 1618 700 certiores
1663 643 1787 698 red-

212 745 330 797 dere
351 739 732 809 cogitavimus,
758 746 1021 806 quatenus
1061 748 1114 790 et
1149 735 1224 789 illi
1271 734 1550 804 percipere
1575 733 1786 786 valeant

209 846 387 885 verum
417 829 544 883 vitae
570 827 884 880 monastica:
905 833 1106 878 statum
1136 823 1205 878 ab
1223 823 1448 878 exordio
1463 821 1782 875 Christianae

211 921 480 993 religionis
507 920 575 973 ad
591 917 719 971 'h'atc
756 907 940 971 absim
964 913 1217 983 'tenipdra
1249 915 1619 984 propagatum.
1645 911 1776 965 Nul-

209 1013 290 1066 lus
312 1011 458 1065 enim
484 1007 694 1062 inficias
727 1005 837 1065 ibit,
871 1005 984 1058 haec
1009 1014 1190 1058 vetera
1212 1012 1558 1057 monumenta
1605 1017 1784 1056 mona-

210 1105 337 1158 stica
359 1084 624 1156 eximiam
642 1097 879 1150 historia:
899 1096 1276 1148 ecclesiastico
1299 1103 1505 1164 partem
1537 1107 1782 1160 compre-

209 1191 464 1252 hendere,
481 1203 604 1242 cum
618 1196 821 1240 certam
841 1171 1520 1253 Eviiitgxlii'observantiam
1541 1169 1783 1250 azprimis

209 1279 415 1335 suculis
437 1277 691 1331 usitatam
713 1261 1016 1333 exhibeant,
1043 1259 1202 1340 atque
1229 1256 1782 1326 szinctrirtiinTatrttiii

211 1369 500 1424 nobiliores
527 1366 792 1420 asceticas
830 1363 1222 1416 admonitiones
1266 1361 1564 1430 proferant,
1589 1360 1784 1428 quibus

209 1459 454 1513 homines
499 1454 876 1510 excitabantur
901 1451 968 1504 ad
998 1451 1236 1504 vovcmla
1257 1437 1473 1505 'Christi
1516 1448 1735 1504 consilia
1763 1488 1778 1512 ,

212 1562 311 1600 non
332 1547 554 1615 quidem
581 1542 833 1596 omnibus
865 1539 1183 1594 Christianis
1212 1540 1537 1606 necessaria,
1565 1544 1656 1594 sed
1679 1539 1783 1591 illis

209 1637 293 1706 qui
316 1635 385 1689 ad
413 1649 599 1688 veram
627 1629 1008 1701 perfectionem
1045 1629 1291 1682 nituntur
1339 1629 1571 1682 condere
1612 1628 1782 1680 utilis-

207 1727 359 1780 sima.
395 1723 532 1778 llinc
579 1720 954 1776 convehuntur
997 1723 1317 1773 novaturum
1351 1717 1649 1786 aliquorum
1680 1715 1781 1771 ini-

1237 354 1462 410 COllEX
1503 353 1954 410 REGULARUM.
1995 386 2065 395 —
2102 356 2492 416 PREFATIO.

1811 466 1860 523 Α
1887 477 2009 518 nem
2056 473 2112 520 et
2161 466 2594 523 distributionem
2652 470 2917 527 invertere
2963 489 3068 530 non
3115 486 3460 553 praesumpsi-

3339 373 3441 428 499

1884 569 2024 619 mus,
2045 559 2248 626 grande
2276 561 2544 628 piaculum
2575 562 2964 630 existimantes,
3005 567 3050 620 si
3098 570 3226 638 quid
3255 586 3322 626 ex
3365 573 3458 628 illo

1883 645 2122 710 demere,
2159 647 2243 700 vel
2265 661 2462 720 augere
2493 653 2978 719 'prtetenderemus,
3003 670 3128 710 cum
3160 658 3244 712 vir
3263 660 3456 715 claris-

1883 733 2054 788 simus
2080 745 2260 789 exerte
2281 749 2520 802 aSserat,
2563 755 2622 793 se
2662 741 2896 810 Regulus
2924 744 2996 798 ita
3020 746 3362 803 coordinatas
3385 751 3454 804 ad

1885 821 2044 876 fidem
2076 839 2140 876 eo
2163 825 2277 877 licis
2298 826 2633 881 Coloniensis
2661 829 2914 895 edidisse,
2942 847 3042 887 nec
3076 835 3268 888 timeat
3311 836 3457 890 afﬁr-

1869 917 2052 974 mare,
2082 913 2328 966 eumdem
2371 923 2509 968 'esse
2534 915 2804 983 Codicum,
2831 921 2988 988 quem
3021 920 3258 978 'sanbtus
3287 925 3456 979 Bene-

1881 1003 2058 1056 dictus
2078 1003 2399 1058 Antanensis
2437 1005 2742 1074 collegerat.
2789 1008 2928 1062 Nihil
2951 1025 3078 1080 ergo
3113 1013 3449 1070 immutatum

1882 1101 1984 1154 est,
2016 1095 2106 1148 sed
2131 1095 2296 1148 codex
2333 1096 2708 1153 Holsteuiauus
2747 1103 2923 1170 quoad
2946 1105 3122 1158 omnia
3149 1107 3303 1159 etiam
3352 1110 3451 1160 mi-

1869 1185 2162 1238 nutissima
2189 1179 2396 1256 integer
2428 1181 2647 1258 prbiliit,
2679 1184 2845 1245 ht’illc
2867 1208 2898 1245 a
2935 1193 3202 1249 Ludovico
3231 1195 3455 1251 Billaine

1883 1284 2178 1342 prmnotato
2227 1291 2368 1330 anno
2423 1278 2563 1348 typis
2615 1289 2699 1333 est
2763 1281 3077 1350 impressus.
3120 1283 3271 1348 Quod
3327 1293 3454 1339 ante

1881 1367 2170 1435 quamlibet
2196 1368 2456 1438 Regulam
2481 1372 2757 1439 praemissa
2785 1373 2854 1426 sit
2887 1373 3127 1441 quaedam
3153 1372 3454 1430 Observatio

1881 1457 2064 1509 critica
2093 1499 2106 1520 ,
2161 1459 2263 1512 hoc
2309 1461 2622 1516 nullatenus
2662 1463 2957 1534 integritati
3006 1465 3209 1519 codicis
3261 1467 3454 1522 obesse
3535 1511 3541 1522 .

1881 1556 2076 1616 potest,
2101 1550 2193 1601 sed
2221 1551 2398 1617 potius
2419 1552 2485 1604 ad
2519 1553 2777 1621 majorem
2804 1553 3144 1621 splendorem
3173 1555 3449 1619 conducit,

1881 1645 2039 1706 prout
2059 1637 2123 1690 ad
2145 1639 2358 1692 easdem
2388 1639 2621 1710 Regulus
2652 1643 2913 1710 permisit
2957 1642 3262 1698 Holstenius
3311 1645 3454 1697 testi-

1883 1729 2058 1780 monia
2108 1739 2330 1782 veterana
2371 1727 2588 1784 Patrum
2622 1731 2685 1785 de
2741 1731 3104 1801 cujuscunque
3134 1733 3348 1803 Regulae
3375 1734 3450 1789 le-

209 1835 324 1890 qua:
355 1815 718 1876 contumeliae,
746 1813 837 1882 qui
864 1812 1243 1892 monacbatum
1276 1810 1576 1892 rotiosoruut
1607 1809 1780 1862 horni-
1813 1800 1858 1859 B
1885 1815 2158 1885 gislatorc,
2185 1833 2304 1886 qua;
2329 1827 2506 1873 tamen
2541 1821 2594 1874 in
2622 1822 2788 1874 veteri
2837 1838 2938 1876 ms.
2971 1800 3078 1878 non
3103 1800 3302 1892 reperit
3326 1863 3341 1888 ,
3380 1839 3446 1879 ex

209 1923 332 1961 num
368 1913 572 1959 statum
608 1903 956 1964 existimant;
987 1915 1052 1953 ex
1085 1899 1188 1952 illis
1216 1890 1410 1968 quippe
1459 1899 1778 1953 authentieis

209 1993 577 2051 monumentis
605 1983 1248 2055 discimus,'doctissimos
1275 1983 1432 2041 simul
1455 2002 1518 2041 ac
1553 1986 1780 2040 sanctis-

207 2090 370 2144 simos
387 2085 683 2142 Christiani
717 2083 950 2138 nominis
987 2079 1239 2144 athletas,
1265 2087 1510 2133 sanctum
1548 2077 1783 2132 Athana-

211 2180 374 2243 sium,
397 2183 648 2232 sanctum
669 2173 944 2235 Basiliam,
961 2177 1204 2226 sanctum
1225 2169 1601 2240 Augustinum,
1623 2168 1782 2222 alios-

206 2285 309 2341 que
337 2267 612 2324 maximos
645 2267 790 2319 viros
811 2263 1082 2318 exstitisse
1117 2263 1238 2316 vitm
1277 2262 1586 2318 monasticre
1612 2261 1783 2315 culto-

208 2377 294 2416 res
318 2368 375 2415 et
395 2358 760 2430 legislatur‘es.
782 2355 921 2410 Hluc‘
939 2352 1114 2410 etiam
1129 2349 1371 2424 primarii
1399 2353 1489 2408 rei'
1507 2349 1783 2408 litterarize

209 2460 602 2508 restauratores
645 2450 713 2524 a_d
765 2447 1119 2502 excolendum
1164 2453 1363 2501 statum
1421 2444 1780 2500 monasticum

213 2555 553 2611 summopere
566 2539 921 2602 daborarunt,
946 2543 1128 2590 vetera
1170 2537 1518 2590 mdnumen‘la
1543 2534 1612 2588 ad
1635 2548 1785 2588 eum-

212 2635 327 2689 dem
347 2629 676 2704 pertinentia
699 2647 766 2686 ex
793 2630 1143 2686 tenebricosis
1190 2627 1638 2683 bibliothecarum
1667 2625 1785 2696 plu-

215 2725 309 2779 teis
346 2731 636 2784 eruentes,
687 2730 848 2789 atque
899 2719 1279 2773 eruditissimis
1311 2717 1784 2774 observationibus

216 2813 575 2876 illustrantes,
621 2808 1071 2882 quemadmodum
1120 2816 1176 2864 et
1216 2808 1548 2863 clarissimus
1600 2816 1784 2862 noster

215 2901 517 2957 Holstenitts
551 2900 839 2970 praestitit,
891 2899 943 2952 in
989 2898 1258 2968 publicam
1307 2896 1480 2952 lucem
1527 2897 1781 2950 emittens

216 2996 350 3050 hunc
375 3002 700 3065 praesentem
743 2990 1058 3062 Regularum
1098 2987 1361 3052 Codicem,
1389 3003 1548 3057 quem
1588 2987 1782 3042 iterum

217 3101 455 3142 recusem
490 3084 778 3153 multisque
808 3083 928 3137 aliis
957 3081 1295 3136 diversorum
1318 3081 1568 3136 ordinum
1597 3094 1784 3134 mona-

215 3178 464 3232 sticorum
500 3173 865 3230 monumentis
894 3171 1275 3241 amplificatum
1327 3169 1416 3224 hic
1443 3169 1776 3225 exhibemus.

925 3257 1088 3313 xcv.
1463 3329 1468 3336 π

271 3355 496 3412 interim
549 3361 760 3421 tempus
787 3359 871 3406 est
903 3359 962 3404 ut
997 3364 1186 3419 pauens
1214 3347 1513 3404 referamus
1554 3347 1684 3419 quid
1724 3348 1779 3402 in

212 3447 307 3502 hac
323 3451 474 3501 nova
492 3443 729 3498 editione
753 3449 932 3496 aetum
955 3441 1054 3506 sit;
1095 3449 1203 3495 non
1228 3439 1371 3494 enim
1397 3439 1468 3496 ob
1503 3439 1662 3493 aliam
1696 3453 1783 3492 ra-

212 3537 405 3592 tionem
433 3533 582 3589 illam
609 3533 844 3604 aggressi
865 3530 1354 3600 sumus,'nisi‘quod
1373 3528 1644 3584 distractis
1666 3535 1780 3582 tam

209 3625 462 3680 Romana:
491 3639 654 3694 quam
704 3621 1022 3676 Parisiensis
1050 3621 1344 3676 editionum
1384 3619 1783 3689 exemplaribus

205 3719 385 3788 plures
427 3717 534 3770 viri
579 3714 724 3770 docti
762 3721 1258 3783 conquererentur,
1309 3728 1369 3767 se
1411 3713 1553 3772 tanti.
1601 3712 1782 3782 operis

207 3807 437 3862 utilitate
461 3801 1002 3876 privari-,pnesertim
1023 3815 1145 3859 cum
1180 3803 1236 3856 in
1264 3801 1550 3858 Germania
1584 3803 1785 3858 hucus-

207 3910 308 3970 que
348 3894 500 3950 nulla
543 3885 782 3962 ejusdem
816 3889 1196 3962 comparuerit.
1249 3890 1576 3960 Comparato
1622 3891 1784 3962 igitur

205 3984 472 4040 Editionis
490 3984 747 4038 Parisiba:
770 3983 1060 4054 exemplari
1091 3997 1233 4037 anno
1265 3981 1402 4036 1665
1447 3998 1478 4036 a
1504 3982 1777 4036 Ludovico

205 4073 430 4130 Billaine
456 4074 649 4139 facta),
703 4067 1030 4145 percelebris
1054 4071 1342 4140 bibliopola
1383 4071 1726 4142 Augustanus
1754 4084 1780 4112 ει

209 4164 474 4222 Martinus
501 4167 662 4222 Veith
691 4181 884 4222 novam
937 4167 1078 4222 hanc
1106 4167 1350 4222 meditari
1399 4166 1586 4237 coepit,
1618 4167 1783 4222 variis

204 4256 607 4313 Additamentis
650 4266 895 4322 auctam,
947 4273 1176 4328 eamque
1221 4259 1276 4314 in
1315 4258 1474 4324 folio;
1517 4267 1784 4329 quatenus

207 4350 351 4406 idem
387 4349 574 4406 Codex
606 4350 685 4404 sic
708 4349 1066 4418 ampliﬁcatus
1095 4349 1148 4403 in
1181 4345 1316 4418 justi
1353 4349 1642 4405 voluminis
1671 4357 1784 4406 mo-

209 4437 314 4493 lem
348 4445 709 4503 aocresceret,
736 4437 1094 4493 celebriorum
1141 4439 1412 4504 ordinum,
1437 4447 1547 4494 tam
1595 4455 1784 4496 mona-

211 4530 470 4584 stic-arum
510 4544 673 4599 quam
720 4519 1383 4600 canonico'rum,Regulas
1431 4539 1488 4585 et
1534 4529 1784 4586 instituta

211 4619 524 4690 complexus
574 4628 737 4689 atque
762 4619 817 4674 in
841 4634 936 4676 sex
966 4617 1142 4676 tomos
1169 4619 1393 4676 divisus.

905 4709 1089 4764 XLVI.

281 4803 350 4858 Et
375 4803 594 4875 quidem
637 4810 816 4860 tomus
843 4805 1050 4876 primus
1077 4805 1250 4876 ipsum
1281 4804 1522 4860 Codicem
1557 4804 1784 4876 Regula-

215 4906 329 4948 mn
367 4893 436 4948 ab
461 4892 744 4948 Hulstcnio
777 4895 982 4950 editum
1026 4894 1420 4963 complectitur,
1451 4894 1604 4966 cujus
1636 4895 1783 4950 ordi-

1878 1921 1984 1974 quo
2013 1904 2265 1962 Codicem
2293 1909 2615 1979 [tegularum
2646 1911 2951 1979 exscripsit.
2983 1911 3092 1967 Nec
3113 1914 3452 1984 sanemagui

1882 1999 2238 2068 refertyquod
2271 2001 2322 2054 in
2355 2001 2456 2056 hac
2483 2016 2618 2056 nova
2650 2002 2885 2057 editione
2919 2002 3197 2057 Materiam
3241 2004 3451 2059 Disser-

1881 2090 2091 2143 talionis
2109 2090 2434 2144 Praemium
2450 2090 2555 2146 alio
2569 2091 2758 2147 ordine
2773 2091 3070 2148 referamus
3092 2109 3106 2160 ;
3137 2093 3238 2146 hoc
3255 2095 3452 2163 quippe

1881 2182 2023 2235 haud
2044 2182 2148 2235 alio
2170 2182 2274 2236 line
2301 2183 2502 2236 factum
2524 2185 2754 2248 est,'nisi
2783 2194 2842 2239 ut
2869 2185 3067 2240 clarius
3111 2200 3264 2241 mens
3285 2185 3451 2256 primi

1880 2272 2103 2325 editoris
2125 2265 2446 2336 lnn'oteScat,
2475 2274 2566 2341 qui
2608 2282 2930 2342 prrematura
2961 2283 3136 2329 morte
3165 2283 3452 2346 surreptas

1865 2360 1984 2414 'hoc
2021 2360 2338 2428 prcus-mium
2360 2371 2464 2414 non
2491 2361 2746 2428 condidit,
2773 2363 2870 2416 sed
2901 2363 3044 2417 aliud
3073 2363 3240 2433 magis
3267 2363 3448 2418 elabo-

1881 2459 2057 2504 ratum
2107 2450 2488 2516 meditabatur,
2520 2459 2679 2520 prout
2726 2467 2888 2521 supra
2933 2453 3354 2522 prmuotavimus
3381 2468 3450 2507 ex

1881 2539 2180 2595 clarissimo
2202 2539 2523 2604 Mabillonio,
2565 2549 2872 2595 asserentes
2897 2542 2999 2595 hoc
3027 2541 3350 2611 prommium
3377 2556 3442 2596 ex

1883 2629 2182 2700 posthumis
2203 2629 2462 2685 llolstenii
2511 2631 2726 2686 schedis
2755 2631 2990 2686 Leonem
3019 2630 3274 2685 Allatium
3309 2645 3457 2686 com-

1880 2722 2147 2792 posuisse.

2573 2813 2775 2868 XLVII.
3395 2855 3402 2860 .

1951 2902 2102 2970 Quod
2131 2912 2311 2957 autem
2354 2901 2747 2958 Observationes
2779 2911 2905 2958 ante
2933 2903 3226 2972 quamlibet
3263 2902 3446 2974 Regu-

1883 2993 1988 3046 lam
2015 2995 2322 3063 prmmissas
2363 2993 2574 3056 attinet,
2606 3002 2660 3048 et
2705 2993 2823 3048 illas
2845 2994 3238 3064 quodammodo
3273 3009 3459 3049 neces-

1883 3085 2056 3138 sarias
2081 3084 2352 3149 duximus,
2385 3091 2446 3138 ut
2496 3100 2591 3154 per
2629 3085 2844 3140 easdem
2898 3083 3184 3152 cujuslibet
3235 3085 3454 3156 Regula:

1884 3189 2011 3227 vera
2031 3173 2171 3227 ratio
2190 3182 2389 3242 pateat,
2419 3181 2473 3228 et
2495 3175 2595 3228 sub
2621 3189 2730 3228 uno
2754 3172 2944 3228 obtutu
2973 3173 3134 3228 dubia
3159 3173 3307 3229 circa
3341 3173 3448 3230 Re-

1879 3263 2124 3332 gularum
2150 3262 2480 3332 l'egtslatores
2508 3262 2870 3326 obveaientia,
2899 3261 3280 3316 dissolvantur.
3309 3263 3448 3318 Hinc

1877 3362 1935 3408 et
1969 3351 2360 3408 Observationes
2385 3354 2602 3407 critica:
2620 3352 3030 3407 nominavimus.
3068 3351 3125 3406 Sl
3149 3353 3270 3420 quis
3313 3352 3455 3408 enim

1881 3454 2052 3499 artem
2081 3445 2324 3500 criticam
2375 3447 2508 3499 sano
2558 3460 2718 3499 sensu
2755 3441 3081 3507 consideret,
3117 3451 3242 3497 tunc
3269 3443 3455 3510 praefa-

1881 3545 1962 3592 tas
1986 3538 2390 3592 observationes
2411 3551 2539 3590 vere
2564 3536 2780 3590 criticas
2812 3548 3106 3603 agnoscere
3130 3533 3452 3595 debet,cum

1881 3627 1949 3682 de
1981 3628 2228 3696 qualibet
2243 3627 2445 3695 Regula
2475 3627 2697 3696 ejusque
2717 3633 2936 3678 auctore
2956 3624 3160 3694 justum
3175 3631 3452 3691 etaaquum

1877 3718 2138 3788 judicium
2167 3717 2462 3786 proferant,
2501 3718 2567 3772 de
2593 3713 2974 3772 eruditissimis
3007 3729 3188 3772 rerum
3245 3717 3458 3785 religio-

1882 3823 2064 3861 sarum
2093 3807 2466 3876 scriptoribus,
2501 3806 2826 3870 Mabillouio,
2851 3807 3115 3871 Calmeto,
3141 3813 3198 3860 et
3219 3807 3454 3860 Edmun-

1882 3900 1950 3953 do
1980 3899 2216 3954 Martene
2260 3900 2620 3969 desumptum.
2651 3898 2770 3952 Non
2805 3898 2948 3952 enim
2983 3913 3048 3952 eo
3094 3897 3322 3952 consilio
3365 3897 3457 3952 ob-

1882 3991 2215 4047 servationes
2240 3989 2578 4042 exaravin'tus
2605 4029 2618 4052 ,
2669 3996 2726 4042 ut
2753 3988 2996 4042 censoris
3022 3986 3258 4040 officium
3295 4001 3454 4041 usur-

1881 4096 2154 4152 paremus,
2180 4078 2272 4133 sed
2293 4079 2632 4134 solummodo
2653 4079 2880 4134 aliorum
2919 4079 3199 4134 doctorum
3240 4078 3448 4150 judicia

1879 4170 2124 4242 proferre
2142 4169 2429 4232 voluimus,
2455 4177 2514 4222 ut
2534 4180 2598 4224 ex
2643 4171 2804 4223 rebus
2851 4167 2956 4224 illis
2997 4184 3094 4224 sua
3130 4166 3450 4238 antiquitate

1883 4262 2128 4320 obscuris
2153 4261 2355 4317 veritas
2369 4261 2554 4331 magis
2596 4259 2880 4315 elucescat.
2910 4257 3027 4312 Non
3056 4257 3372 4322 diffitemur,
3396 4257 3450 4312 in

1885 4351 1971 4408 his
1995 4347 2460 4407 observationibus
2481 4349 2723 4420 quaedam
2745 4349 2881 4404 scitu
2907 4347 3066 4418 digna
3096 4349 3318 4412 omissa,
3343 4362 3450 4400 non

1886 4443 2082 4508 studio,
2113 4441 2208 4496 sed
2251 4454 2320 4496 ex
2359 4441 2589 4510 quadam
2623 4439 2834 4494 illarum
2876 4453 3056 4492 rerum
3109 4435 3410 4506 ignorantia
3434 4475 3448 4500 ,

1885 4546 2004 4600 qua:
2033 4538 2211 4586 tamen
2242 4528 2396 4584 facile
2430 4528 2662 4598 suppleri
2719 4532 2942 4598 possunt
2985 4540 3052 4580 ex
3087 4523 3172 4587 iis,
3200 4536 3320 4592 quae
3354 4521 3449 4575 do-

1883 4621 2156 4678 ctissimus
2185 4617 2468 4674 Menardus
2495 4618 2752 4688 praemisit
2789 4617 2856 4672 ad
2886 4613 3231 4670 Concordiam
3281 4610 3448 4681 Regna

1885 4709 2081 4774 tarum,
2109 4708 2253 4780 quod
2299 4708 2554 4762 eximium
2605 4720 2740 4774 opus
2779 4707 2844 4760 ad
2885 4718 3078 4760 manus
3130 4714 3278 4756 meas
3335 4713 3444 4752 non

1887 4798 2150 4870 pervenit,
2183 4797 2283 4850 nisi
2307 4805 2428 4866 post
2471 4795 2582 4865 jam
2611 4797 2899 4866 impressas
2921 4791 3323 4851 observationes
3341 4785 3451 4844 cri-

1889 4894 2042 4948 ticas.
2974 4878 2987 4895 ’

285 5062 314 5091 ι
349 5048 526 5107 lorte
549 5063 692 5107 anno
716 5049 856 5108 I755
885 5049 1408 5122 pmventus,'ﬁnem
1431 5058 1585 5106 vasto
1609 5051 1758 5120 operi
1799 5049 2200 5120 itupUnendum'
2221 5044 2346 5102 ﬁliis
2372 5046 2486 5102 suis
2523 5044 2755 5114 reliquit.
