3942 6190
380 317 478 370 ιὲτ

1392 307 1448 363 S.
1486 306 1844 363 BENEDICTI
1882 305 2174 360 ABBATIS
2214 302 2628 359 ANIANENSIS

3527 303 3621 358 5'28

449 421 602 478 XLII.
642 421 719 476 Ne
758 422 839 478 sis
860 421 1038 477 helluo
1068 423 1336 488 ciborum,
1368 434 1436 476 ne
1465 422 1861 476 resuscitentur
1892 422 1944 474 in
1977 427 2025 484 Α
2123 418 2303 474 XLVI.
2354 419 2552 472 Curate
2605 419 2786 490 igitur,
2823 417 3019 473 fratres
3073 417 3212 478 mei,
3259 417 3374 472 haec
3420 432 3638 471 servare

381 528 431 570 te
463 517 642 584 priora
671 524 912 585 peccata.

448 604 630 661 XLIII.
669 604 748 659 Ne
792 605 986 660 taedeat
1038 614 1089 660 te
1134 606 1356 671 laboris,
1387 613 1440 660 et
1468 605 1806 674 superveniet
1853 605 1950 659 tibi

379 698 488 752 cito
518 695 756 766 requies.
786 695 955 751 Sicuti
988 697 1268 766 parietinae
1307 696 1586 750 ruinarum
1627 703 1781 748 extra
1823 696 1956 750 civi-

377 796 543 843 tatem
571 787 705 842 ﬁunt
730 786 880 842 locus
914 785 1101 842 fetoris
1127 787 1398 853 omnibus,
1448 788 1522 840 ita
1557 787 1739 842 anima
1782 786 1950 858 pigri,

378 874 472 945 qui
499 874 666 944 θαι)ρῆ
695 874 1097 940 monachatum,
1141 872 1233 928 ﬁet
1278 875 1487 930 mansio
1515 875 1858 945 passionibus
1900 883 1955 930 et

379 964 661 1020 fetoribus.

449 1052 632 1108 XLIV.
673 1050 816 1124 Coge
844 1051 1095 1123 teipsum,
1119 1061 1181 1108 ut
1203 1068 1328 1110 ores
1353 1064 1610 1125 perpetuo
1635 1069 1756 1110 cum
1782 1056 1956 1124 lacry-

381 1145 502 1207 mis,
529 1152 588 1196 ut
619 1139 760 1196 forte
781 1141 1106 1198 misereatur
1135 1145 1212 1200 tui
1243 1145 1404 1212 Deus,
1436 1153 1492 1201 et
1516 1155 1680 1201 exuat
1708 1152 1760 1200 te
1784 1146 1957 1200 veteri

383 1233 624 1288 homine.

451 1319 608 1377 XLV.
650 1320 942 1378 Persevera
977 1323 1030 1378 in
1060 1324 1210 1380 hisce
1250 1325 1414 1381 rebus
1436 1341 1574 1396 quas
1604 1325 1818 1382 dicam:
1855 1327 1959 1380 sci-

377 1411 531 1476 licet,
560 1411 615 1465 in
640 1409 842 1476 labore,
870 1421 1208 1482 paupertate,
1233 1415 1692 1486 peregrinatione,
1717 1414 1960 1470 amictio-

387 1504 547 1558 nibus
573 1510 630 1557 et
663 1503 862 1572 quiete,
894 1512 949 1558 et
981 1504 1210 1560 afferent
1234 1506 1334 1560 tibi
1362 1507 1751 1571 humilitatem;
1787 1506 1962 1562 humi-

382 1595 509 1650 litas
537 1607 666 1648 vero
695 1593 931 1650 dimittet
967 1595 1148 1650 omnia
1192 1604 1434 1666 peccata.
1463 1596 1752 1652 Humilitas
1779 1605 1960 1652 autem

383 1693 467 1741 est
485 1726 500 1752 ,
529 1692 588 1739 ut
617 1685 781 1740 homo
821 1694 1036 1755 reputet
1079 1687 1319 1759 seipsum
1347 1695 1708 1758 peccatorem,
1738 1696 1794 1745 et
1817 1687 1961 1758 quod

2055 520 2342 580 praecepta,
2370 525 2437 564 ne
2461 511 2568 562 vita
2597 519 2778 564 vestra
2807 510 2878 564 sit
2908 509 3023 563 sine
3047 507 3246 563 fructu.
3280 508 3347 562 Et
3372 508 3639 562 sollicitus

2055 611 2173 656 esto
2197 617 2411 671 semper
2440 602 2506 656 ad
2535 601 2746 670 singula
2775 602 2964 666 verba,
2992 615 3115 670 qua:
3145 601 3321 666 audis,
3349 608 3407 654 ut
3444 599 3598 654 dicas
3622 619 3638 656 :

2057 693 2279 760 Ignosce
2325 692 2498 747 mihi:
2535 693 2662 762 quia
2699 691 2977 747 humilitas
3023 692 3173 765 fugat
3218 691 3399 746 omnia
3427 693 3643 764 negotia

2058 783 2279 852 inimici.
2302 781 2381 836 Ne
2408 790 2628 851 reputes
2649 781 2880 851 teipsum
2906 781 3200 852 quidquam
3225 789 3454 852 propter
3472 796 3645 853 opera

2058 883 2167 929 tua.

2127 963 2328 1017 XLVII.
2369 961 2452 1018 Sit
2473 963 2645 1018 tristis
2675 963 2854 1017 vultus
2879 971 3025 1027 tuus,
3063 963 3165 1017 nisi
3192 963 3518 1018 advenerint
3549 965 3648 1017 tibi

2057 1053 2228 1106 exteri
2258 1051 2486 1116 fratres;
2524 1059 2655 1106 tunc
2693 1053 2865 1122 gaude
2896 1067 3020 1107 cum
3053 1051 3181 1117 illis,
3211 1060 3272 1105 ut
3295 1051 3562 1108 inhabitet
3593 1054 3649 1106 in

2057 1149 2112 1198 te
2140 1143 2301 1196 timor
2333 1141 2568 1196 Domini.
2601 1141 2658 1196 Si
2699 1142 2806 1196 iter
2857 1141 3051 1198 {meris
3101 1156 3226 1196 cum
3253 1141 3534 1206 fratribus,
3569 1156 3653 1196 se—

2057 1233 2189 1288 cede
2223 1233 2418 1288 abillis
2447 1249 2761 1304 parumper,
2786 1242 2847 1288 ut
2871 1234 2946 1288 sis
2975 1235 3030 1288 in
3061 1233 3298 1299 silentio,
3322 1243 3379 1288 et
3405 1235 3531 1289 dum
3565 1235 3656 1288 in-

2059 1327 2206 1381 cedis
2261 1339 2358 1396 per
2405 1325 2582 1387 viam,
2634 1341 2703 1380 ne
2749 1333 2803 1380 te
2854 1334 3142 1380 convertas
3176 1325 3549 1380 sinistrorsum
3595 1332 3657 1379 et

2060 1416 2433 1479 dextrorsum;
2478 1415 2573 1469 sed
2613 1415 2876 1468 meditare
2919 1414 3160 1484 psalmos
3200 1423 3342 1480 tuos,
3371 1423 3427 1468 et
3451 1429 3548 1468 ora
3592 1414 3655 1467 in

2061 1515 2242 1562 mente
2271 1514 2364 1560 tua
2403 1505 2471 1560 ad
2507 1506 2697 1571 Deum,
2721 1519 3044 1576 quocunque
3073 1504 3128 1560 in
3162 1504 3280 1561 loco
3313 1503 3656 1576 ingrederis;

2060 1612 2160 1654 nec
2180 1597 2508 1668 perﬁdenter
2525 1612 2653 1668 agas
2673 1612 2796 1652 cum
2823 1597 3016 1653 incolis
3039 1597 3202 1653 illius.

2132 1688 2358 1746 XLVIII.
2398 1690 2456 1744 In
2485 1689 2734 1744 omnibus
2760 1691 2923 1745 rebus
2964 1690 3073 1744 tuis
3099 1699 3216 1745 esto
3262 1688 3562 1753 modestus,
3595 1694 3660 1741 et

386 1776 521 1831 nihil
546 1776 675 1832 boni
705 1785 982 1847 perpetret
1008 1793 1192 1834 coram
1219 1779 1358 1846 Deo;
1386 1790 1442 1835 et
1473 1779 1747 1835 adhaereat
1768 1779 1956 1850 quieti,
1987 1777 2034 1836 B
2062 1780 2131 1836 ad
2165 1792 2231 1834 ea
2272 1794 2394 1850 quae
2436 1786 2780 1849 opponentur
2799 1779 2931 1845 .tibi,
2972 1779 3202 1834 extende
3239 1793 3460 1833 manum
3501 1785 3662 1832 tuam

384 1874 442 1921 et
470 1882 577 1921 non
604 1867 834 1922 mstimet
876 1868 1112 1939 seipsum
1139 1869 1466 1940 quidquam;
1495 1877 1551 1924 et
1587 1886 1695 1925 non
1742 1871 1815 1924 sit
1845 1885 1966 1940 per-

386 1958 536 2014 tinax
577 1958 646 2013 ad
691 1961 1037 2015 statuendum
1082 1960 1306 2015 verbum
1352 1975 1548 2016 suum:
1588 1968 1648 2015 ut
1681 1960 1964 2016 abscindat

388 2048 882 2118 concupiscentiam
913 2065 1088 2117 suam,
1115 2059 1172 2105 et
1217 2051 1466 2106 demittat
1495 2050 1732 2115 vultum,
1775 2057 1968 2120 ponat-

390 2153 496 2208 que
526 2139 630 2194 sibi
674 2147 904 2195 mortem
933 2149 1057 2196 ante
1085 2141 1288 2209 oculos,
1318 2149 1374 2197 et
1397 2133 1586 2198 servet
1614 2143 1965 2213 semetipsum

388 2241 420 2280 a
455 2228 752 2294 mendacio,
793 2236 850 2285 et
877 2245 983 2285 non
1012 2229 1262 2302 loquatur
1299 2233 1465 2288 verba
1493 2233 1700 2300 otiosa;
1737 2247 1839 2288 nec
1878 2247 1964 2288 re-

391 2315 657 2385 spondeat
700 2318 1011 2388 superiori;
1059 2329 1117 2376 et
1166 2322 1513 2392 opprobrium
1559 2323 1860 2388 sustineat,
1907 2330 1964 2378 et

388 2402 514 2549 ligio
541 2403 742 2462 habeat
775 2405 1065 2476 desidiam,
1105 2415 1161 2464 et
1190 2409 1355 2466 instet
1380 2409 1654 2466 laboribus
1685 2419 1738 2466 et
1769 2423 1966 2466 matro-

394 2507 425 2550 r
483 2507 571 2552 us.

2062 1868 2225 1924 lente.
2245 1869 2304 1925 Si
2325 1883 2458 1926 vero
2485 1867 2652 1923 fueris
2676 1867 2910 1938 juvenis,
2941 1884 3008 1923 ne
3026 1869 3290 1925 extendas
3310 1882 3506 1924 manus
3528 1874 3664 1922 tuas

2062 1961 2271 2032 primus
2295 1960 2364 2015 ad
2390 1960 2570 2025 cibos;
2601 1974 2702 2014 nec
2735 1959 2952 2029 ingeras
2973 1958 3267 2028 quidquam
3314 1957 3560 2012 ciborum
3599 1956 3666 2011 in

2062 2068 2125 2108 os
2172 2051 2414 2107 alterius.
2446 2051 2516 2106 Et
2550 2052 2596 2106 si
2623 2052 2911 2106 cubaveris
2936 2051 2992 2105 in
3023 2050 3204 2120 aliquo
3234 2049 3372 2113 loco,
3400 2063 3471 2105 ne
3496 2056 3667 2118 tegas

2064 2149 2118 2196 te
2159 2154 2267 2195 uno
2307 2140 2607 2209 eodemque
2645 2139 2885 2210 stragulo
2929 2139 3090 2194 simul
3137 2153 3260 2202 cum
3295 2137 3440 2193 alio:
3469 2145 3526 2192 et
3553 2151 3664 2192 ora

2067 2229 2317 2295 multum,
2350 2238 2643 2299 antequam
2671 2228 2856 2283 cubes.
2890 2227 2958 2282 Et
2989 2227 3249 2283 Dominus
3281 2234 3467 2281 noster
3493 2223 3665 2280 Iesus

2069 2319 2319 2376 Christus
2361 2335 2520 2391 opem
2549 2319 2705 2374 nobis
2732 2326 2954 2390 praastet
2976 2319 3044 2375 ad
3085 2317 3417 2389 operandam
3457 2331 3666 2372 secun-

2072 2411 2199 2466 dum
2227 2411 2397 2481 ipsius
2418 2404 2837 2480 beneplacitum.
2863 2409 3057 2464 Amen.

2285 2501 2516 2573 Explicit
2543 2500 2742 2572 Regula
2768 2499 2937 2555 sancti
2962 2497 3174 2554 Antonii
3212 2496 3444 2552 abbatis.

1373 2746 1845 2856 ISAIIE
1975 2744 2650 2854 ABBATIS

1160 2963 1707 3079 REGULA
1792 2965 1980 3078 AD
2063 2961 2544 3079 MONAC
2560 2962 2880 3080 HOS.

1813 3144 2254 3162 ————

1315 3233 1414 3293 DE
1457 3232 1674 3295 ISAIA
1736 3232 2123 3297 VETERUM
2184 3235 2706 3299 TESTIMONIA.

945 3413 1161 3487 Ruﬁnus
1190 3417 1247 3472 in
1288 3416 1420 3474 Vitis
1447 3387 1692 3486 Patrum,
1723 3417 1813 3474 lib.
1838 3435 1890 3486 I,
1921 3437 2039 3490 cap.
2065 3420 2161 3488 IO;
2189 3430 2238 3476 et
2267 3417 2567 3488 Palladius,
2595 3421 2687 3478 lib.
2712 3436 2808 3479 vm
2829 3463 2845 3489 ,
2874 3439 2988 3495 cap.
3013 3424 3082 3479 55
3109 3443 3122 3478 :

467 3506 658 3591 Abbas
685 3507 858 3591 Syrus
901 3507 1212 3591 aliquando,
1248 3520 1302 3567 et
1339 3512 1526 3591 Isaias,
1566 3522 1622 3591 et
1663 3513 1860 3570 Paulus
1889 3526 2262 3591 occurrerunt
2296 3518 2680 3591 sibi__invicem
2726 3521 2793 3576 ad
2840 3521 3011 3591 ripam
3046 3518 3316 3582 ﬂuminis;
3353 3525 3515 3574 erant
3554 3533 3664 3591 att-

394 3589 514 3660 t‘em
557 3580 663 3660 viri
707 3579 796 3660 isti
835 3579 1012 3652 justi,
1056 3595 1280 3637 summa:
1327 3582 1669 3639 abstinentiae
1706 3593 1763 3639 et
1807 3586 1973 3641 totius
2019 3587 2317 3656 religionis.
2369 3587 2436 3643 Hi
2487 3591 2784 3660 pergebant
2830 3579 3053 3646 visitare
3092 3579 3375 3660 quemdam
3431 3587 3666 3644 nomine

401 3649 638 3721 Anuph.,
670 3657 777 3706 etc.

1515 3721 1741 3788 Ibidem,
1766 3722 1857 3778 lib.
1888 3740 1940 3790 v,
1967 3725 2032 3780 de
2069 3724 2248 3780 Verbis
2278 3728 2564 3782 seniorum.

418 3838 430 3851 ο
465 3810 820 3884 Interrogavit
845 3811 1092 3870 eumdem
1119 3825 1424 3869 sermonem
1453 3813 1618 3870 abbas
1639 3815 1844 3872 Isaias:
1872 3815 2011 3870 Dicit
2038 3817 2206 3872 abbas
2234 3816 2429 3874 Pastor
2454 3836 2466 3871 :
2497 3816 2650 3874 Sicut
2676 3831 2840 3887 capsa
2868 3818 3025 3889 plena
3051 3819 3313 3883 vestibus,
3342 3825 3447 3872 etc.

1349 3903 1414 3957 Β.
1440 3903 1792 3960 Bellarminus
1820 3903 1878 3960 S.
1909 3904 1978 3960 Β.
2003 3905 2070 3960 Ε.
2095 3907 2243 3960 card.
2265 3907 2332 3961 de
2361 3906 2552 3978 Script.
2581 3910 2706 3964 ccci.

465 3993 644 4068 Isaias
683 3992 870 4068 abbas,
895 3992 1123 4068 quiquo
1167 4001 1410 4068 tempore
1441 3994 1657 4068 vixerit.
1700 3995 1943 4052 invenire
1968 4010 2076 4052 non
2115 3998 2299 4067 potui,
2331 3999 2549 4068 scripsit
2574 3998 2824 4054 homilias
2847 3999 2917 4056 28
2961 3999 3118 4054 valde
3142 3998 3318 4063 utiles,
3345 4000 3657 4068 praesertim

397 4063 680 4120 monachis
705 4063 774 4116 ad
797 4062 1186 4132 perfectionem
1215 4062 1579 4120 tendentibus.

1007 4263 1510 4330 OBSERVATIO
1571 4268 1889 4331 CRITICA
1942 4271 2024 4332 IN
2083 4272 2470 4336 REGULAM
2533 4275 3033 4348 SEQUENTEM.

468 4433 1497 4524 nmo-[tegula‘editaesti‘subtnomine
1535 4438 1687 4524 Isaiae
1734 4443 1969 4524 abbatis,
2002 4447 2352 4524 continetque
2397 4452 2680 4521 sexaginta
2720 4461 2844 4508 octo
2877 4455 3292 4524 parvarcapita,
3319 4467 3441 4523 qua:
3469 4455 3660 4524 potius

397 4507 621 4592 dicenda
649 4514 776 4561 sunt
801 4513 880 4560 tot
912 4506 1183 4562 axiomata
1211 4508 1324 4563 sive
1356 4519 1623 4633 Bratcepta
1653 4513 1876 4566 moralia
1903 4506 2148 4570 eremitis
2176 4506 2438 4589 congrua,
2463 4506 2624 4590 atque
2658 4506 2964 4588 cmnObiiis,
2989 4506 3079 4592 qui
3103 4506 3352 4578 ἕίῶἐῖ
3371 4506 3497 4592 pari
3519 4506 3659 4591 'jiii’é

403 4591 588 4633 vivere
630 4576 849 4633 debent.
892 4577 1314 4632 accommodata.
1402 4593 1433 4633 e
1463 4580 1565 4633 hac
1594 4580 1799 4633 Regula
1831 4585 1947 4633 nari
1977 4585 2137 4633 modo
2166 4586 2580 4633 discurrentium
2610 4599 2689 4633 ρει
2757 4608 2819 4633 an
2849 4595 2916 4633 (In
2955 4593 3124 4633 cnnnti
3158 4539 3385 4633 (incana;
3417 4593 3626 4633 ηρσηιε.

1402 4593 1433 4634 e
1463 4580 1565 4634 hac
1594 4580 1806 4657 Regula
1831 4585 1948 4657 pari
1977 4585 2137 4657 modo
2166 4580 2580 4644 discurrendulti
2610 4599 2722 4657 est,
2756 4608 2820 4647 ac
2849 4595 2916 4647 de
2949 4580 3127 4647 'sa‘ncti

403 4579 588 4633 vivere
630 4576 849 4641 debent,
892 4577 1314 4632 accommodata.

3219 4593 3386 4648 ntonii
3417 4593 3652 4654 Regula.

397 4646 700 4727 ut_ibidem
729 4645 928 4727 dictum
959 4656 1062 4727 est.
1091 4646 1226 4727 l‘iam
1257 4647 1553 4727 desumpta
1597 4645 1719 4727 esse
1758 4645 1972 4727 videtur
1996 4669 2062 4709 ex
2094 4654 2448 4727 Sermonibus
2479 4659 2545 4712 ad
2580 4645 2874 4718 monachos
2896 4645 2997 4716 ab,
3020 4645 3385 4717 Isaia—abbate
3421 4645 3653 4727 habitis,

393 4717 488 4787 qui
519 4715 788 4790 religiosis
823 4715 1158 4790 ad__vi_rtutis
1187 4717 1394 4790 apicem
1440 4715 1804 4790 aspirantibus
1839 4723 1994 4778 valde
2030 4724 2210 4790 utiles,
2237 4725 2416 4781 eﬂ‘atis
2453 4736 2509 4782 et

395 4784 541 4851 sunt,
574 4784 864 4855 etquidem
895 4785 1086 4840 iisdem
1113 4784 1237 4855 quae
1267 4789 1318 4841 in
1347 4788 1449 4842 bac
1475 4784 1551 4844 Ile

2549 4733 2836 4810 praeceptis
2879 4732 3172 4787 moralibus
3216 4733 3418 4810 ubique
3460 4732 3655 4810 repleti

1627 4791 1677 4865 la
1701 4793 2065 4865 continentur.
2096 4793 2228 4848 Erat
2253 4807 2433 4851 autem
2464 4791 2629 4854 Isaias
2652 4791 2818 4856 abbas
2849 4811 3154 4856 coaetaneus
3181 4791 3369 4857 sancti)
3390 4791 3650 4865 Antonio,

391 4856 575 4942 abbati
591 4853 1402 4942 Pastoriget‘abbati‘thimmoni,
1421 4867 1477 4942 et
1498 4853 1679 4916 abbati
1694 4860 1955 4942 Anaphe;
1981 4872 2035 4917 et
2055 4866 2300 4942 quamvis
2324 4865 2442 4942 ejus
2464 4853 2636 4942 annus
2654 4853 3436 4942 obitualisignoretur,Buten

397 4925 560 4994 tidem
587 4926 731 4981 inter
757 4923 1032 4980 cruciatus
1073 4925 1304 4994 gloriose
1347 4927 1626 4984 confessus
1654 4941 1756 4986 est.

1843 4932 2038 4988 lurima

2113 4934 2233 5004 ujus
2263 4937 2592 4992 sanctissimi
2621 4939 2832 4994 abbatis
2861 4934 3131 4994 axiomata
3159 4934 3383 4994 mOraIia
3409 4941 3465 4994 in
3517 4939 3651 4994 Vitis

395 4992 616 5074 Ean-um
644 4994 1020 5074 reperiuntur,
1051 4992 1218 5074 atque
1250 4996 1436 5066 viginti
1465 4999 1856 5074 octoejusdem
1891 4992 2171 5058 sermones
2212 5005 2508 5074 supradicti
2529 4992 2828 5064 editisunt
2857 4992 3652 5065 iii'ieaidtahié’nibiimcé

396 5063 616 5120 Patrum
644 5063 934 5134 Μάρδοι-ἰοὶ
958 5063 1025 5120 de
1049 5063 1342 5136 La’Bigne,
1373 5081 1494 5136 pag.
1527 5063 1651 5122 885i

398 5245 826 5313 PRECEPTA
879 5251 1023 5312 SEU
1079 5248 1443 5311 CONSILIA
1507 5249 1846 5312 ABBATIS
1901 5254 2135 5314 lSAl/E
2189 5254 2473 5315 POSl'I‘A
2527 5255 2947 5319 TIRONIBUS
2989 5258 3069 5318 IN
3117 5255 3644 5320 MONACHATU.

1351 5370 1507 5449 Ejus
1543 5374 1854 5434 orationes
1888 5393 2000 5434 nos
2032 5374 2432 5450 custodiant,
2480 5377 2690 5437 Amen.

477 5556 671 5628 Erater
699 5556 1048 5615 dilectissime
1070 5599 1086 5624 ,
1130 5560 1178 5614 si
1219 5557 1333 5628 jam
1383 5561 1648 5632 reliquisti
1701 5562 1960 5616 mundum
1992 5571 2038 5634 ρ
2069 5577 2166 5632 age
2189 5561 2256 5616 de
2287 5560 2525 5631 peccatis
2558 5560 2684 5625 tuis,
2721 5569 2776 5616 et
2801 5576 2958 5616 serva
2981 5561 3317 5632 propositum
3356 5560 3502 5631 quod
3531 5576 3644 5616 am-

395 5653 541 5709 hunc
567 5663 785 5716 vanum,
825 5659 880 5705 et
916 5648 1028 5707 Deo
1059 5649 1292 5720 teipsum
1334 5651 1549 5718 dedisti,
1584 5652 1957 5721 paenitentiam
2065 5650 2250 5718 plexos
2274 5665 2362 5716 es;
2395 5658 2450 5704 et
2481 5664 2548 5706 ne
2595 5649 2866 5705 auscultes
2902 5650 3320 5722 cogitationibus
3361 5650 3489 5719 tuis,
3521 5665 3646 5708 cum
