3942 6190
365 304 466 361 42⁷]

1055 299 1278 360 CODEX
1321 301 1773 360 REGULARUM.
1815 331 1886 342 —
1918 299 1944 353 Ῐ

2074 297 2097 353 5
2139 299 2178 352 Ι.
2221 298 2521 354 ΒΕΟυΙηΕ
2563 300 2665 354 PP.
2709 299 2974 358 (iﬁlli-NT.

3519 303 3622 358 430

369 422 607 476 animum
642 429 788 472 tuum
818 415 1052 487 afﬂigent
1102 425 1157 470 et
1193 417 1410 472 dicent:
1443 417 1791 486 Nequaquam
1820 427 1944 483 pec-
1972 417 2021 471 Α
2048 409 2386 478 praefidenter
2415 426 2542 480 agas
2572 427 2694 467 cum
2727 411 3124 466 habitatoribus
3151 409 3286 480 ejus.
3317 411 3482 468 Serva
3512 434 3625 472 mo-

371 521 489 565 cata
516 519 608 563 tua
648 508 830 578 priora
860 506 956 560 tibi
989 506 1289 562 condonata
1339 515 1495 571 sunt;
1526 515 1582 560 et
1626 519 1782 559 serva
1826 505 1942 558 hmc

369 608 655 670 pnecepta.

433 688 473 744 I.
514 687 659 742 Cave
686 701 753 741 ne
787 685 1040 740 comedas
1080 700 1203 739 cum
1234 684 1476 748 muliere,
1511 691 1604 738 aut
1634 683 1945 737 fraternita-

370 788 471 832 tem
497 776 652 831 ineas
687 791 809 831 cum
838 790 1026 844 puero,
1049 781 1141 828 aut
1175 773 1414 829 dormias
1455 789 1577 828 cum
1607 771 1947 830 adolescente

368 881 526 936 super
553 866 741 920 eadem
769 875 970 920 storea.
999 865 1134 920 Cum
1161 864 1315 919 exuis
1336 871 1545 918 vestem
1574 853 1742 925 tuam,
1771 878 1838 917 ne
1865 878 1946 918 as-

367 957 535 1028 picias
564 971 764 1026 corpus
795 943 944 1009 tuum

432 1047 493 1101 II.
538 1045 596 1101 Si
623 1046 690 1099 ad
721 1054 906 1115 potum
938 1045 1050 1099 vini
1081 1053 1302 1100 coactus
1326 1044 1516 1110 fueris,
1548 1060 1618 1099 ne
1642 1044 1798 1099 bibas
1824 1045 1944 1114 plus

365 1152 525 1207 quam
559 1145 670 1191 tres
705 1137 938 1206 scyphos
977 1136 1278 1190 mediocres
1303 1153 1315 1187 :
1346 1149 1477 1189 cave
1504 1149 1571 1189 ne
1601 1134 1777 1189 solvas
1804 1150 1943 1203 prae-

367 1236 581 1298 ceptum
609 1235 830 1296 propter
862 1225 1182 1280 amicitiam.

431 1318 518 1372 Ill.
560 1317 637 1372 Ne
673 1316 950 1387 persolvas
977 1316 1226 1371 horarias
1253 1329 1443 1385 preces
1486 1314 1838 1385 negligenter,
1874 1330 1943 1369 ne

367 1410 574 1466 incidas
611 1410 664 1464 in
698 1424 890 1464 manus
935 1407 1277 1462 inimicorum
1326 1415 1560 1461 tuorum.
1605 1407 1680 1460 Da
1719 1421 1939 1475 operam

366 1509 624 1570 quantum
646 1508 798 1569 potes
821 1497 1155 1554 meditationi
1179 1497 1530 1566 psalmorum,
1555 1497 1679 1566 quia
1706 1497 1808 1550 hoc
1833 1511 1942 1552 ser-

368 1589 510 1644 vabit
542 1598 596 1643 te
628 1589 696 1642 ab
725 1589 1001 1642 immunda
1026 1589 1157 1641 vita.

432 1678 522 1732 IV.
564 1678 738 1748 Dilige
783 1677 1023 1734 laborem
1067 1686 1124 1732 et
1165 1677 1540 1744 afﬂictionem,
1590 1688 1650 1734 ut
1696 1679 1942 1735 leventur

2049 501 2298 567 destiam,
2328 512 2382 557 et
2411 504 2790 558 verecundiam
2835 503 2887 557 in
2917 503 3188 570 omnibus,
3223 514 3278 560 et
3304 507 3370 561 ad
3411 520 3472 563 ca
3507 525 3627 578 qure

2047 601 2387 660 apponuntur
2431 608 2614 649 coram
2661 602 2733 659 te,
2786 609 3006 650 manum
3029 611 3136 651 non
3173 596 3279 652 nisi
3302 599 3501 656 invitus
3529 616 3617 656 ex-

2046 683 2256 736 lendas.

2120 774 2299 828 XVIII.
2333 775 2410 831 Nc
2448 777 2612 832 cubes
2662 793 2786 833 cum
2828 779 2934 834 alio
2981 780 3081 835 sub
3127 781 3316 837 eodem
3363 785 3624 856 stragulo.

2046 862 2151 916 Ora
2179 865 2405 918 multum
2435 874 2557 920 ante
2592 868 2853 933 cubitum,
2902 871 3150 939 quamvis
3185 871 3508 944 defatigatus
3550 877 3626 930 sis

2045 951 2113 1006 ab
2152 953 2364 1008 itinere.

2117 1043 2255 1096 XIX.
2285 1044 2363 1099 Ne
2391 1046 2675 1115 permittas
2723 1057 2782 1102 ut
2826 1051 3109 1119 quisquam
3156 1060 3322 1123 ungat
3363 1055 3482 1110 oleo
3505 1071 3626 1112 cor-

2043 1148 2144 1202 pus
2171 1142 2339 1199 tuum,
2374 1136 2477 1189 nisi
2505 1145 2728 1208 propter
2755 1154 2971 1209 gravem
3003 1140 3269 1196 morbum.

2115 1224 2231 1278 XX.
2266 1225 2398 1280 Cum
2431 1227 2637 1282 sederis
2679 1229 2747 1282 ad
2794 1243 3037 1283 mensam
3079 1246 3202 1285 cum
3249 1230 3526 1300 fratribus,
3559 1251 3626 1292 ne

2045 1317 2296 1372 comedas
2323 1333 2446 1372 cum
2478 1319 2851 1387 delectatione,
2880 1328 2935 1376 et
2961 1323 3190 1377 extende
3234 1339 3451 1380 manum
3481 1335 3624 1381 tuam

2045 1412 2255 1458 tantum
2297 1407 2364 1459 ad
2393 1423 2453 1462 ea
2492 1424 2610 1476 qua:
2650 1418 2775 1464 sunt
2806 1421 2932 1465 ante
2962 1418 3032 1466 te.
3079 1412 3147 1467 Et
3171 1414 3492 1483 complicata
3519 1417 3630 1472 sint

2043 1512 2213 1564 genua
2254 1508 2364 1563 tua,
2411 1514 2511 1552 nec
2539 1499 2714 1554 eleves
2756 1503 2929 1555 visum
2959 1510 3108 1556 tuum
3152 1505 3219 1558 ad
3273 1506 3460 1561 alium.
3516 1507 3628 1564 Nec

2040 1587 2194 1641 bibas
2223 1603 2420 1656 aquam
2451 1589 2626 1653 avide,
2661 1604 2761 1645 nec
2790 1605 2913 1644 cum
2944 1593 3140 1646 sonitu.

2115 1677 2253 1731 XXI.
2293 1678 2358 1732 Si
2387 1681 2680 1735 excreandi
2707 1687 2759 1734 te
2803 1682 3002 1736 urserit
3048 1684 3365 1752 necessitas,
3387 1701 3510 1743 cum
3547 1703 3630 1744 se-

365 1760 645 1839 passiones
671 1775 796 1823 tute.
823 1767 902 1824 Ne
928 1777 1146 1839 reputes
1171 1769 1400 1838 teipsum
1427 1770 1716 1839 quidquam
1754 1771 1804 1824 in
1834 1770 1939 1823 ulla
1971 1764 2015 1822 B
2044 1767 2188 1822 deris
2219 1770 2358 1823 inter
2382 1769 2598 1834 fratres,
2634 1785 2815 1841 surge,
2846 1781 2900 1826 et
2925 1772 3135 1842 longius
3161 1775 3365 1846 projice
3404 1778 3471 1832 ab
3501 1778 3623 1834 illis.

367 1877 442 1928 re,
471 1869 529 1917 et
556 1862 774 1917 vacabis
804 1862 1092 1934 gemitibus
1117 1879 1215 1934 pro
1243 1865 1481 1933 peccatis
1506 1865 1632 1920 tuis.

435 1953 500 2008 V.
534 1951 752 2008 Custodi
786 1954 1014 2023 teipsum
1048 1969 1078 2008 a
1108 1955 1391 2011 mendacio
1441 1956 1567 2024 quia
1588 1955 1807 2026 expellit
1835 1970 1866 2011 a
1895 1965 1946 2011 te

366 2045 613 2100 timorem
642 2046 873 2100 Domini.
900 2045 976 2100 Ne
997 2047 1212 2116 aperias
1241 2049 1492 2104 omnibus
1517 2056 1608 2102 tua
1636 2047 1940 2114 benefacta,

367 2150 433 2190 ne
459 2136 630 2206 rapiat
659 2135 749 2190 illa
777 2137 1031 2191 inimicus
1055 2145 1200 2193 tuus.

441 2223 524 2278 VI.
551 2225 716 2294 Aperi
745 2226 962 2280 morbos
987 2233 1106 2281 tuos
1130 2226 1376 2297 patribus
1403 2227 1532 2294 tuis,
1559 2236 1620 2282 ut
1647 2228 1946 2298 experiaris

364 2329 518 2386 opem
549 2331 647 2387 per
676 2319 914 2387 ipsorum
942 2318 1248 2374 consilium.

437 2406 546 2462 VII:
588 2406 732 2478 Coge
780 2409 1010 2479 teipsum
1057 2411 1126 2465 ad
1153 2424 1290 2479 opus
1320 2424 1577 2466 manuum
1616 2418 1860 2475 tuarum,
1891 2421 1946 2467 et

363 2496 632 2552 habitabit
660 2499 713 2552 in
745 2507 797 2554 te
825 2500 990 2555 timor
1015 2499 1247 2555 Domini.

439 2587 569 2641 VIII.
602 2587 679 2642 Ne
714 2587 926 2656 judices
968 2588 1192 2645 fratrem
1226 2599 1377 2646 tuum
1427 2607 1549 2646 cum
1599 2599 1806 2663 peccat,
1847 2607 1946 2647 nec

363 2679 632 2748 despicias
656 2679 804 2734 illum
833 2697 846 2747 ;
877 2681 1084 2737 incides
1105 2681 1248 2736 enim
1292 2681 1346 2736 in
1373 2697 1564 2736 manus
1607 2682 1944 2737 inimicorum

364 2778 600 2824 tuorum.

436 2861 524 2916 IX.
556 2861 634 2916 Ne
683 2863 758 2918 sis
791 2863 1159 2919 contentiosus
1205 2864 1274 2918 ad
1325 2866 1670 2922 statuendum
1723 2863 1946 2918 verbum

365 2959 537 3016 tuum,
565 2966 634 3006 ne
655 2952 958 3008 inhabitent
986 2954 1039 3008 in
1078 2961 1132 3009 te
1161 2953 1322 3008 mala.

437 3043 503 3099 X.
532 3043 702 3116 Dilige
735 3045 1115 3113 humilitatem,
1146 3057 1201 3101 et
1227 3061 1334 3102 non
1359 3046 1675 3116 acquiescas
1704 3053 1796 3101 tuo
1825 3061 1947 3101 con-

2049 1859 2125 1915 Ne
2168 1861 2530 1931 pandiculeris
2581 1862 2723 1916 inter
2768 1863 3032 1930 homines,
3065 1872 3122 1920 et
3168 1867 3215 1920 si
3245 1869 3501 1924 acciderit
3530 1869 3625 1925 tibi

2047 1950 2435 2019 pandiculatio,
2460 1966 2526 2004 ne
2557 1951 2674 2006 hies
2694 1967 2789 2006 ore
2816 1961 2928 2019 tuo,
2958 1962 3014 2008 et
3039 1953 3253 2012 deseret
3275 1964 3346 2013 te.

2118 2039 2281 2093 XXII.
2314 2038 2388 2093 Ne
2419 2041 2629 2110 aperias
2676 2057 2738 2096 os
2790 2050 2942 2097 tuum
2985 2045 3055 2100 ad
3105 2045 3312 2114 risum;
3353 2049 3456 2105 hoc
3481 2051 3626 2107 enim

2049 2128 2250 2182 indicat
2275 2131 2370 2184 tibi
2397 2133 2586 2186 deesse
2611 2133 2859 2189 timorem
2891 2132 3008 2188 Dei.

2117 2217 2300 2276 XXIII.
2349 2221 2426 2275 Ne
2460 2222 2812 2291 concupiscas
2861 2225 2978 2279 rem
3030 2224 3282 2282 alienam.
3323 2227 3380 2284 Si
3429 2228 3626 2287 feceris

2048 2311 2262 2379 librum,
2287 2329 2355 2368 ne
2389 2328 2622 2369 exornes
2649 2313 2821 2380 illum,
2851 2315 2955 2371 hoc
2976 2315 3175 2388 quippe
3198 2315 3447 2375 affectum
3475 2328 3622 2377 tuum

2047 2403 2299 2457 ostendit.

2120 2490 2305 2547 XXIV.
2336 2491 2393 2546 Si
2423 2494 2735 2563 peccaveris
2764 2494 2819 2548 in
2847 2495 3048 2565 aliquo,
3073 2512 3181 2553 non
3198 2500 3396 2568 pudeat
3425 2510 3478 2556 te
3499 2518 3626 2558 con-

2049 2583 2187 2637 fiteri
2226 2583 2378 2647 illud,
2410 2598 2584 2652 neque
2612 2598 2841 2640 excuses
2876 2592 2928 2640 te
2965 2587 3285 2655 mendacio;
3331 2590 3425 2645 sed
3452 2605 3625 2660 genua

2047 2672 2219 2738 ﬂecte,
2249 2679 2302 2726 et
2327 2671 2585 2726 confitere
2631 2673 2882 2728 delictum
2930 2682 3102 2743 tuum,
3141 2685 3198 2732 et
3235 2687 3360 2747 pete
3389 2683 3622 2746 veniam,

2047 2772 2102 2818 et
2129 2763 2518 2818 condonabitur
2543 2763 2660 2819 tibi.

2117 2852 2281 2908 XXV.
2306 2854 2361 2908 Si
2387 2854 2511 2924 quis
2533 2855 2789 2910 mentitus
2811 2853 2975 2911 fuerit
2997 2857 3137 2928 apud
3157 2867 3231 2924 te,
3255 2873 3325 2915 ne
3349 2860 3623 2928 irascaris,

2048 2944 2140 2998 sed
2179 2945 2342 3000 dicito
2372 2963 2384 2998 :
2413 2943 2636 3015 Ignosce
2663 2944 2820 3011 mihi,
2853 2960 2960 3002 non
2984 2955 3249 3007 revertar.

2119 3034 2305 3090 XXVI.
2330 3035 2447 3091 Non
2475 3035 2674 3106 pudeat
2695 3046 2746 3092 te
2768 3052 3011 3108 quaerere
3033 3054 3062 3093 a
3082 3046 3175 3095 tuo
3201 3041 3482 3113 magistro.

361 3135 504 3191 siIio.
532 3137 823 3192 Assuescat
849 3137 1029 3208 lingua
1061 3146 1151 3192 tua
1195 3137 1376 3194 dicere
1401 3155 1413 3190 :
1462 3135 1682 3208 Ignosce
1711 3136 1840 3191 mihi
1860 3144 1944 3208 ,et
1971 3122 2014 3182 (Σ
2115 3124 2327 3181 ΧΧἫΙ-
2357 3125 2415 3182 Si
2445 3127 2567 3196 quis
2594 3127 2894 3196 pulsaverit
2912 3125 3137 3197 ianuam
3160 3129 3309 3185 cellze
3337 3139 3464 3199 tute,
3495 3131 3623 3189 dum

361 3228 710 3297 superveniet
739 3230 834 3284 tibi
866 3229 1159 3285 humilitas.

436 3317 525 3373 XI.
558 3318 693 3374 Cum
740 3321 946 3376 sederis
976 3321 1028 3375 in
1073 3319 1206 3376 cella
1237 3328 1349 3386 tua,
1378 3321 1443 3376 de
1480 3319 1654 3375 tribus
1681 3317 1944 3376 sollicitus

359 3419 481 3466 esto
505 3429 518 3463 :
544 3426 738 3481 nempe
766 3411 830 3465 de
867 3411 1182 3467 assiduitate
1207 3412 1262 3465 in
1291 3412 1557 3477 oratione,
1597 3409 1946 3466 meditatione

359 3507 714 3576 psalmorum,
743 3516 799 3561 et
830 3522 996 3577 Opere
1020 3522 1274 3562 manuum
1303 3514 1539 3561 tuarum.

435 3597 544 3651 Xll.
587 3596 772 3670 Cogita
803 3598 942 3668 apud
976 3606 1063 3652 te:
1120 3597 1318 3668 Utique
1347 3613 1456 3653 non
1503 3613 1623 3653 sum
1669 3603 1945 3667 superstes

361 3688 418 3743 iu
445 3690 546 3745 hoc
573 3689 794 3755 mundo,
821 3690 926 3745 nisi
955 3690 1057 3744 hac
1083 3689 1204 3755 die;
1249 3696 1303 3744 et
1343 3689 1592 3759 eripieris
1622 3703 1653 3742 a
1691 3694 1940 3757 peccato.

434 3778 568 3834 XIII.
602 3779 680 3834 Ne
716 3780 791 3835 sis
839 3779 1035 3844 helluo,
1085 3795 1154 3834 ne
1201 3786 1529 3834 renoventur
1559 3779 1612 3833 in
1655 3785 1710 3833 te
1758 3777 1941 3847 priora

359 3881 584 3941 peccata
624 3878 734 3924 tua.
770 3869 848 3924 Ne
896 3870 1074 3940 pigeat
1113 3879 1164 3924 te
1214 3869 1462 3935 laboris;
1508 3877 1564 3924 et
1609 3869 1674 3924 da
1722 3882 1944 3938 operam

2046 3217 2238 3272 sedens
2281 3219 2548 3273 incumbis
2592 3219 2744 3289 operi
2775 3225 2886 3286 tuo,
2937 3219 3126 3276 desere
3170 3236 3306 3293 opus
3351 3231 3523 3291 tuum,
3570 3235 3626 3281 et

2046 3324 2176 3364 cura
2199 3308 2314 3378 ejus
2337 3311 2599 3380 requiem.

2120 3398 2350 3454 XXVIII.
2381 3399 2459 3457 Ne
2502 3400 2743 3471 loquaris
2767 3418 2889 3459 cum
2913 3418 3206 3474 quoquam,
3245 3421 3347 3464 nec
3373 3409 3626 3467 attendas

2047 3491 2227 3547 verbis
2258 3493 2573 3565 cujusquam
2604 3497 2723 3552 sine
2748 3497 3000 3552 utilitate.

2117 3583 2306 3639 XXIX.
2341 3584 2397 3640 Si
2430 3587 2640 3642 miserit
2667 3595 2720 3643 te
2744 3590 3006 3659 magister
3030 3598 3153 3647 tuus
3178 3593 3246 3647 ad
3267 3594 3376 3649 iter
3419 3593 3622 3652 facien-

2045 3673 2192 3739 dum,
2224 3675 2433 3744 postula
2459 3676 2528 3730 ab
2565 3675 2656 3731 illo
2685 3678 2956 3746 quomodo
2990 3685 3042 3734 te
3068 3695 3244 3752 regas,
3283 3692 3338 3738 et
3366 3682 3621 3754 facjuxta

2048 3766 2360 3820 mandatum
2383 3764 2518 3834 ejus.
2550 3766 2630 3822 Ne
2666 3767 2966 3825 transferas
2993 3770 3175 3827 verba.
3219 3772 3276 3827 Si
3305 3777 3626 3833 custodieris

2047 3853 2232 3910 oculos
2265 3863 2384 3910 tuos
2429 3863 2484 3910 et
2517 3871 2677 3911 aures
2718 3865 2856 3924 tuas,
2907 3858 3130 3914 minime
3163 3863 3415 3931 peccabis
3444 3863 3623 3937 lingua

363 3963 700 4018 meditationi
739 3961 1092 4032 psalmorum,
1145 3968 1199 4018 et
1234 3960 1486 4016 adveniet
1537 3959 1632 4015 tibi
1672 3961 1888 4030 requies
1915 3973 1946 4013 a
2050 3952 2158 3998 lua-

365 4055 496 4110 Deo.

2121 4033 2287 4089 XXX.
2328 4033 2385 4091 Si
2412 4037 2742 4092 habitaveris
2769 4051 2892 4093 cum
2923 4036 3105 4108 aliquo
3142 4037 3332 4107 fratre,
3355 4051 3473 4098 esto
3498 4059 3624 4099 cum

435 4141 576 4199 xw.
607 4141 751 4212 Coge
805 4141 1037 4213 teipsum
1071 4141 1138 4197 ad
1162 4139 1344 4197 ﬂetum
1390 4141 1446 4196 in
1491 4138 1847 4206 orationibus,
1893 4149 1948 4196 et
2049 4125 2140 4182 illo
2168 4135 2228 4183 ιιι
2253 4129 2595 4200 peregrinus.
2619 4145 2724 4185 noc
2760 4131 3044 4204 pmipias
3071 4131 3148 4187 illi
3181 4134 3494 4206 quidquam.
3525 4153 3628 4193 nec

366 4233 506 4288 Deus
530 4233 878 4288 miserebitur
905 4231 1003 4296 tui,
1035 4239 1091 4288 et
1113 4240 1276 4287 exuet
1299 4239 1352 4287 te
1384 4232 1603 4288 homine
1627 4239 1828 4288 vetere.

437 4322 550 4378 XV.
585 4322 757 4388 Scito,
793 4321 936 4392 quod
974 4321 1147 4388 labor,
1178 4331 1234 4378 et
1260 4330 1571 4392 paupertas,
1611 4328 1666 4376 et
1702 4319 1945 4390 peregri-

367 4417 534 4481 natio,
562 4423 617 4470 et
642 4413 877 4479 afflictio,
904 4422 960 4470 et
991 4411 1262 4471 silentium
1293 4412 1525 4469 afferunt
1543 4412 1900 4467 humilitatem
1925 4428 1939 4476 ;

365 4505 644 4561 humilitas
665 4513 844 4559 autem
871 4513 1093 4575 peccata
1117 4504 1296 4560 omnia
1327 4503 1614 4559 condonat.
1660 4500 1944 4557 Humilitas

1969 4463 2024 4523 D

2050 4227 2102 4273 te
2129 4220 2462 4289 superiorem
2497 4219 2572 4274 illi
2597 4220 2788 4287 facias,
2822 4235 2922 4277 nec
2955 4221 3300 4292 praefidenter
3326 4240 3457 4297 agas
3501 4243 3627 4285 cum

2050 4310 2177 4376 illo;
2209 4318 2263 4364 et
2306 4311 2351 4366 si
2381 4312 2702 4382 prmceperit
2747 4313 2844 4367 tibi
2873 4312 3075 4382 aliquid
3114 4317 3256 4384 quod
3289 4318 3480 4386 nolles,
3532 4321 3626 4376 ab—

2049 4401 2235 4457 scinde
2258 4401 2590 4458 voluntatem
2619 4409 2787 4469 tuam,
2814 4409 2871 4458 et
2903 4417 2971 4458 ne
3016 4406 3305 4462 contristes
3343 4407 3513 4477 illum,
3557 4426 3625 4466 ne

2047 4496 2396 4552 abscindatur
2421 4512 2525 4568 pax
2549 4513 2578 4550 a
2620 4495 2774 4552 vobis
2805 4514 2818 4562 ;
2849 4506 2905 4553 et
2933 4497 3072 4553 scias
3097 4502 3240 4569 quod
3267 4499 3522 4558 obediens
3541 4515 3626 4560 eat

365 4603 542 4649 autem
564 4603 666 4660 est,
697 4603 758 4650 ut
784 4594 948 4650 homo
972 4602 1179 4665 reputet
1217 4593 1453 4664 seipsum
1497 4600 1857 4663 peccatorem,
1889 4599 1944 4646 et
2045 4586 2236 4662 major.

366 4682 646 4754 injustam,
670 4692 726 4740 et
764 4699 831 4740 ne
855 4692 1059 4741 statuat
1093 4686 1315 4741 verbum
1360 4699 1536 4749 suum,
1565 4690 1620 4738 et
1665 4683 1948 4738 abscindat

364 4787 520 4828 suam
549 4775 1062 4844 concupiscentiam,
1089 4783 1145 4830 et
1166 4774 1366 4846 deligat
1387 4774 1572 4829 oculos
1612 4773 1679 4827 ad
1719 4781 1942 4839 terram,

2122 4676 2310 4732 XXXI.
2343 4675 2400 4732 Si
2428 4677 2761 4733 habitaveris
2784 4692 2904 4734 cum
2948 4676 3116 4734 fratre
3143 4678 3344 4750 aliquo,
3394 4688 3451 4735 et
3484 4681 3625 4736 dicet

2049 4767 2182 4822 tibi:
2218 4766 2448 4836 Coquito
2471 4784 2484 4832 ;
2510 4766 2638 4822 die:
2672 4766 2812 4834 Quid
2848 4768 2968 4824 vis?
3016 4777 3070 4824 et
3109 4769 3154 4825 si
3184 4769 3501 4827 electionem
3530 4775 3623 4828 tibi

364 4872 420 4920 et
457 4865 726 4921 sustineat
750 4863 1047 4933 'injuriam,
1096 4872 1151 4918 et
1200 4864 1459 4927 laborem,
1492 4871 1546 4917 et
1590 4865 1712 4919 odio
1750 4863 1948 4920 habeat
2047 4856 2344 4926 reliquerit,
2373 4856 2614 4926 coquitO,
2645 4856 2790 4927 quod
2821 4856 2918 4913 tibi
2943 4860 3156 4914 venerit
3191 4858 3260 4916 ad
3284 4874 3478 4916 manus
3502 4875 3624 4916 cum

364 4955 644 5019 honorem,
675 4962 732 5010 et
758 4956 1018 5024 requiem,
1050 4962 1105 5010 et
1150 4954 1296 5010 dicat
1320 4953 1376 5008 in
1404 4953 1688 5009 omnibus:
1721 4954 1943 5026 Ignosce

365 5045 496 5100 mihi
530 5061 545 5110 ;
575 5044 840 5100 beneficio
880 5053 1061 5100 autem
1090 5043 1411 5101 humilitatis
1455 5041 1712 5115 fugantur
1735 5045 1940 5100 hostes.

432 5131 572 5190 XVI.
615 5133 885 5205 Perpetuo
936 5134 1108 5191 tristis
1154 5143 1311 5200 esto;
1343 5133 1391 5189 si
1427 5148 1557 5189 vero
1601 5133 1850 5190 venerint
1878 5133 1946 5190 ad

2048 4949 2242 5004 timore
2266 4947 2382 5003 Dei.

2119 5038 2333 5096 XXXII.
2382 5037 2516 5094 Cum
2543 5055 2572 5094 e
2602 5055 2791 5096 somno
2834 5040 3160 5106 surrexeris,
3189 5053 3287 5096 ora
3329 5049 3619 5110 antequam

2051 5131 2218 5187 ullum
2245 5147 2377 5202 opus
2409 5132 2665 5202 attingas,
2709 5138 2764 5186 et
2804 5130 3068 5186 meditare
3110 5131 3262 5202 prius
3285 5131 3446 5188 verba
3487 5132 3581 5188 Dei
3611 5152 3625 5197 ;

364 5230 414 5278 te
442 5222 662 5290 fratres,
690 5225 1013 5282 exhilareris
1053 5241 1176 5282 cum
1227 5224 1352 5290 illis,
1401 5231 1462 5278 ut
1509 5223 1770 5279 inhabitet
1812 5225 1866 5277 in
1897 5231 1950 5279 te
2053 5231 2181 5276 tunc
2206 5221 2493 5292 aggredere
2522 5221 2748 5290 impigre
2771 5233 2925 5288 opus.

365 5313 527 5369 timor
562 5314 680 5370 Dei.

437 5401 596 5462 XVII.
650 5404 708 5461 Si
748 5407 852 5461 iter
896 5404 1090 5462 feceris
1136 5421 1260 5461 cum
1307 5404 1587 5471 fratribus,
1639 5404 1832 5461 secede
1881 5405 1950 5460 ab

368 5494 494 5560 illis,
517 5504 578 5549 ut
601 5495 764 5552 silere
790 5495 1006 5567 possis;
1039 5511 1136 5552 nec
1175 5504 1228 5552 te
1257 5505 1541 5552 convertas
1584 5496 1690 5550 huc
1717 5504 1772 5550 et
1795 5494 1947 5558 illuc,

369 5585 463 5639 sed
489 5586 752 5641 meditare
779 5585 1017 5656 psalmos
1043 5596 1182 5650 tuos,
1209 5595 1264 5642 et
1289 5603 1383 5642 ora
1406 5587 1473 5641 ad
1496 5587 1667 5641 Deum
1693 5585 1745 5639 in
1765 5591 1946 5639 mente

379 5685 482 5731 tua.
537 5678 598 5731 Et
657 5691 1032 5748 quemcunque
1082 5676 1258 5732 locum
1312 5679 1587 5749 ingressus
1639 5673 1822 5739 fueris,
1879 5688 1945 5727 ne

2127 5308 2356 5365 XXXIII.
2396 5307 2650 5363 Hilariter
2673 5323 2898 5364 occurre
2927 5318 3131 5375 extero,
3158 5317 3214 5366 et
3243 5309 3414 5366 saluta
3441 5310 3625 5376 illum;

2055 5417 2124 5456 ne
2151 5400 2424 5456 discessus
2455 5409 2632 5456 vester
2661 5397 2729 5453 ab
2756 5398 2989 5454 invicem
3018 5399 3089 5455 sit
3113 5416 3238 5456 cum
3265 5400 3624 5465 detrimento;

2053 5503 2106 5547 et
2131 5505 2262 5547 cave
2285 5503 2354 5543 ne
2397 5487 2576 5542 statim
2609 5497 2769 5557 atque
2805 5489 3086 5545 advenerit
3127 5491 3193 5545 ad
3222 5499 3296 5556 te,
3323 5490 3628 5562 interroges

2051 5581 2200 5641 illum
2228 5577 2433 5633 inutilia
2461 5577 2578 5640 tibi,
2608 5579 2699 5632 sed
2727 5579 2939 5649 postula
2964 5579 3032 5634 ab
3065 5579 3154 5637 illo
3178 5589 3234 5635 ut
3259 5589 3397 5646 oret,
3429 5588 3624 5635 etcum

2050 5667 2270 5730 sederit,
2302 5667 2386 5721 dic
2418 5666 2486 5719 illi
2519 5687 2528 5718 :
2580 5667 2857 5732 Quomolo
2902 5659 3064 5732 vales,
3096 5669 3263 5725 frater
3301 5671 3372 5724 mi
3395 5671 3417 5724 ?
3442 5677 3492 5723 et
3535 5676 3633 5715 6X-
