3942 6190
269 337 360 393 LXI

1267 328 1323 384 S.
1363 326 1724 383 BENEDICTI
1761 324 1985 379 ABBAT
1991 321 2051 378 IS
2089 320 2502 378 ANIANENSIS

3422 321 3529 377 «ὁδὶ

272 455 398 511 bibe
422 450 498 507 illi
526 449 721 507 librum
753 447 988 516 aliquem
1018 445 1323 516 legendum.
1352 443 1410 498 Si
1435 458 1565 497 vero
1598 449 1683 497 est
1703 439 1852 496 defa—
1879 441 1932 500 Α
1955 446 2205 506 apponat,
2254 437 2501 506 quamvis
2545 436 2816 505 judicatus
2845 450 2910 490 ex
2954 450 3139 492 eorum
3169 436 3239 490 sit
3282 451 3531 505 numero,

273 547 476 616 tigatus
516 544 585 598 ab
616 542 831 607 itinere,
872 538 1127 608 permitte
1177 536 1255 592 illi
1282 536 1584 606 quiescere,
1629 541 1683 588 et
1729 531 1849 586 lava

274 636 439 706 pedes
465 633 601 702 ejus.
657 631 715 685 Si
750 637 931 685 autem
959 628 1211 699 loquetur
1247 625 1415 681 verba
1457 625 1658 688 inania,
1688 623 1776 677 dic
1803 623 1853 676 ei

277 744 401 783 cum
426 726 694 782 ebaritate
718 741 732 778 :
763 723 933 778 Parce
955 722 1105 786 mihi,
1138 722 1307 776 frater
1330 719 1421 784 mi,
1454 718 1579 788 quia
1606 716 1856 772 inﬁrmus

274 835 414 883 sum,
452 823 507 871 et
550 831 659 870 non
704 813 856 868 valeo
906 811 1094 866 audire
1122 811 1257 866 haec.
1313 808 1369 863 Si
1422 814 1601 862 autem
1649 805 1855 860 dissuta

276 908 476 965 fuerint
502 905 620 975 ejus
642 904 984 967 vestimenta,
1014 916 1217 956 censue
1238 899 1350 954 illa.
1372 897 1431 954 Si
1456 913 1584 953 vero
1611 896 1858 950 infirmus

275 1008 377 1063 est,
409 1006 463 1053 et
494 996 612 1066 ejus
643 994 968 1050 vestimenta
991 1000 1120 1046 sunt
1139 990 1379 1054 sordida,
1408 989 1533 1043 lava
1562 987 1672 1043 illa.
1703 985 1774 1039 At
1811 985 1857 1039 si

273 1104 445 1157 vagus
476 1095 576 1151 est,
606 1092 661 1138 et
706 1082 909 1138 fuerint
956 1079 1098 1149 apud
1126 1087 1180 1135 te
1229 1080 1422 1143 sancti,
1458 1093 1527 1133 ne
1574 1076 1859 1148 permittas

275 1176 484 1247 ingredi
520 1175 589 1229 ad
614 1174 758 1238 illos,
786 1172 882 1247 sed
910 1170 996 1226 fac
1021 1171 1073 1225 ei
1091 1168 1540 1234 misericordiam,
1576 1175 1631 1221 et
1650 1166 1861 1221 dimitte

275 1268 445 1323 illum.
473 1267 529 1321 Si
550 1276 634 1322 est
652 1272 833 1321 autem
852 1279 1080 1334 pauper,
1102 1278 1172 1318 ne
1196 1263 1403 1317 tristem
1426 1262 1575 1328 illum
1596 1260 1857 1325 dimittas,

275 1360 371 1415 sed
401 1359 467 1413 da
500 1359 549 1413 ei
577 1358 721 1428 quod
749 1355 1083 1412 concesserit
1105 1354 1202 1410 tibi
1230 1355 1393 1409 Deus.

346 1447 586 1503 XXXIV.
614 1446 670 1501 Si
701 1446 822 1515 quis
851 1445 1023 1499 frater
1054 1443 1366 1513 deposuerit
1390 1442 1528 1513 apud
1554 1450 1606 1496 te
1634 1439 1857 1511 aliquid,

274 1554 346 1593 ne
371 1536 729 1608 perscruteris
765 1535 1092 1605 depositum,
1120 1533 1227 1588 nisi
1254 1534 1372 1603 ipso
1398 1539 1682 1602 przesente.

348 1625 566 1680 XXXV.
596 1623 656 1679 Si
685 1624 807 1693 quis
829 1623 1111 1692 reliquerit
1134 1630 1186 1677 te
1213 1623 1268 1676 in
1292 1622 1426 1677 cella
1451 1637 1568 1687 sua,
1597 1628 1653 1676 et
1680 1634 1864 1692 egres-

277 1731 372 1772 sus
422 1716 607 1782 fuerit,
654 1730 724 1772 ne
754 1715 932 1772 eleves
974 1715 1149 1770 visum
1177 1715 1243 1770 ad
1272 1713 1706 1785 perspiciendum
1734 1712 1863 1782 quid

1953 528 2043 593 qui
2089 534 2140 580 te
2177 523 2450 593 judicant,
2496 525 2661 579 dicito
2700 524 2774 579 illi
2804 540 2930 579 cum
2972 524 3316 580 humilitate:
3366 525 3538 584 Parce

1954 614 2107 681 mihi,
2132 614 2303 670 frater
2325 616 2420 680 mi,
2442 616 2567 684 quia
2589 622 2843 685 peccator
2860 624 2916 669 et
2941 614 3186 670 inﬁrmus
3204 631 3344 683 sum,
3368 624 3426 672 et
3445 619 3539 674 ob-

1953 705 2147 759 noxius
2170 705 2275 760 illis
2299 721 2419 775 quae
2456 706 2613 771 dicis,
2641 720 2807 775 quare
2832 704 2922 759 illa
2949 705 3135 761 audire
3160 722 3267 762 non
3296 723 3538 776 possum.

2027 792 2211 846 XLVI.
2243 791 2445 847 Prtefer
2470 792 2666 847 fratres
2690 802 2809 848 tuos
2836 794 2892 847 in
2926 793 3202 859 omnibus,
3250 803 3306 849 et
3332 795 3376 850 si
3420 796 3544 865 quis

1958 883 2164 936 amicus
2188 882 2505 952 praestiterit
2535 883 2630 937 tibi
2654 884 2905 948 honores,
2936 883 3100 938 dicito
3127 902 3139 937 :
3192 882 3422 954 Propter
3447 900 3547 940 vos

1959 970 2059 1023 hos
2086 970 2218 1024 mihi
2247 971 2501 1040 praestitit
2530 971 2805 1037 honores;
2836 986 3015 1041 neque
3045 981 3227 1041 gustes
3250 973 3547 1044 quidquam

1958 1060 2161 1129 absque
2187 1059 2369 1115 sociis.

2028 1149 2235 1205 XLVII.
2265 1150 2448 1205 Mutuo
2478 1150 2682 1219 aliquid
2710 1166 2741 1205 a
2770 1160 2822 1205 te
2866 1151 3162 1221 postulanti
3195 1166 3263 1207 ne
3291 1152 3545 1224 deneges.

2030 1240 2255 1296 XLVIII.
2306 1240 2383 1296 Ne
2429 1240 2769 1311 frequentius
2810 1242 2976 1296 corde
3017 1256 3204 1297 verses
3232 1244 3550 1298 memoriam

1958 1347 2169 1399 eorum,
2201 1346 2335 1402 quos
2360 1341 2579 1402 prepter
2613 1331 2707 1385 Dei
2736 1332 3058 1386 charitatem
3085 1332 3369 1387 deseruisti
3399 1349 3412 1397 ;
3454 1332 3552 1387 sed

1960 1422 2153 1477 mortis
2188 1431 2244 1477 et
2266 1422 2628 1478 damnationis
2674 1433 2967 1489 memento,
2997 1430 3054 1478 et
3098 1423 3236 1492 quod
3282 1423 3459 1479 nullus
3488 1422 3554 1477 il-

1960 1515 2136 1571 lorum
2161 1530 2225 1570 eo
2252 1524 2490 1586 tempore
2512 1513 2609 1568 tibi
2631 1529 2789 1583 opem
2808 1514 2950 1568 ferre
2977 1514 3193 1583 poterit.

2036 1604 2220 1659 XLIX.
2273 1604 2330 1659 Si
2367 1605 2495 1659 dum
2542 1604 2747 1659 sederis
2793 1605 2848 1658 in
2889 1605 3026 1660 cella
3071 1614 3183 1671 tua,
3241 1605 3556 1661 memineris

1964 1695 2108 1766 quod
2136 1694 2332 1764 aliquis
2360 1693 2454 1748 tibi
2506 1692 2647 1747 male
2686 1691 2902 1759 fecerit,
2945 1708 3106 1765 surge
3133 1694 3340 1759 statim,
3372 1702 3428 1747 et
3458 1709 3557 1748 ora

276 1807 331 1862 in
354 1822 418 1862 ea
447 1807 538 1872 sit,
569 1806 667 1862 sed
707 1806 794 1862 dic
821 1805 872 1860 ei
916 1805 1045 1860 dum
1086 1783 1363 1875 egreditur
1387 1783 1409 1857 :7
1443 1804 1520 1859 Da
1551 1803 1683 1857 mihi
1728 1818 1864 1874 opus
1890 1796 1938 1855 B
1964 1803 2063 1859 pro
2083 1785 2173 1841 illo
2202 1786 2257 1840 in
2286 1785 2448 1840 corde
2494 1794 2608 1851 ωο,
2638 1792 2699 1838 ιιι
2724 1794 2913 1852 parcat
2958 1784 3037 1838 illi
3080 1785 3259 1851 Deus;
3311 1785 3385 1838 ita
3408 1783 3557 1839 enim

278 1898 515 1967 aliquod,
558 1897 647 1953 cui
692 1911 913 1968 operam
960 1910 1172 1959 navem,
1208 1894 1380 1950 donec
1431 1894 1756 1959 revertaris;
1810 1902 1865 1948 et

276 1987 536 2057 quidquid
566 1987 661 2041 tibi
684 1984 1006 2057 praeceperit
1027 1983 1313 2056 diligenter
1331 1983 1550 2054 perfice.

347 2078 588 2134 XXXVI.
616 2076 696 2132 Ne
720 2092 844 2132 ores
868 2092 993 2131 cum
1020 2075 1236 2146 pigritia
1275 2084 1327 2131 et
1350 2076 1691 2147 indiligenter
1716 2090 1730 2138 ;
1762 2074 1867 2129 hac

277 2167 424 2222 enim
455 2167 666 2222 ratione
692 2182 794 2237 pro
822 2182 888 2222 eo
922 2166 1066 2237 quod
1114 2167 1225 2222 Deo
1251 2166 1486 2237 placeas,
1533 2166 1602 2221 ad
1648 2166 1866 2221 iracun-

278 2256 421 2311 diam
449 2271 572 2311 eum
618 2256 981 2327 provocabis;
1029 2256 1125 2312 sed
1161 2265 1242 2312 sta
1275 2272 1398 2311 cum
1446 2257 1641 2312 timore
1671 2266 1723 2311 et
1752 2266 1868 2312 tre-

276 2362 448 2413 more,
477 2355 532 2402 et
556 2362 623 2401 ne
646 2346 896 2401 innitaris
919 2362 1092 2413 muro,
1132 2363 1232 2403 nec
1255 2348 1503 2403 remittas
1530 2348 1695 2416 pedes
1718 2356 1863 2413 tuos,

276 2446 338 2492 ut
360 2452 468 2492 uno
495 2446 627 2502 stes,
650 2445 704 2491 et
726 2436 889 2492 alium
913 2438 1192 2492 extendas.
1217 2435 1431 2493 Obsiste
1451 2438 1867 2507 cogitationibus

275 2529 404 2593 tuis,
436 2543 539 2583 nec
564 2527 868 2597 permittas,
900 2536 960 2581 ut
989 2527 1231 2583 sollicitae
1278 2528 1389 2583 sint
1433 2528 1499 2583 de
1544 2528 1709 2584 rebus
1747 2543 1868 2583 car-

276 2620 511 2684 nalibus,
540 2626 599 2672 ut
621 2619 698 2673 sit
732 2626 952 2687 accepta
981 2618 1090 2674 Deo
1117 2619 1291 2674 oratio
1318 2627 1429 2677 tua.

350 2710 609 2765 XXXVII.
644 2710 703 2764 Si
733 2717 914 2764 autem
953 2709 1193 2765 adfueris
1221 2711 1424 2777 missaz,
1471 2711 1681 2767 custodi
1724 2711 1866 2782 cogi-

277 2801 518 2858 tationes
566 2809 707 2867 tuas,
757 2806 811 2854 et
862 2814 1054 2864 sensus
1107 2809 1248 2866 tuos,
1296 2810 1351 2857 et
1386 2810 1496 2857 stes
1546 2818 1728 2858 coram
1758 2801 1867 2856 Deo

275 2892 541 2947 altissimo
587 2906 712 2969 cum
762 2890 995 2956 timore;
1045 2898 1103 2946 ut
1150 2892 1346 2962 dignus
1393 2891 1515 2956 fias,
1557 2892 1650 2962 qui
1685 2904 1867 2946 sumas

274 2999 474 3055 corpus
501 2981 701 3037 Christi
727 2990 782 3037 et
808 2983 1126 3052 sanguinem
1154 2982 1291 3053 ejus,
1320 2992 1376 3038 et
1408 2998 1568 3039 sanes
1588 2981 1868 3054 passiones

276 3082 422 3129 tuas.

1962 1882 2144 1953 passio
2167 1896 2326 1950 quam
2365 1880 2482 1950 ejus
2508 1894 2671 1934 causa
2701 1879 2946 1948 patieris,
2975 1878 3266 1933 evanescit.

2034 1973 2095 2027 L.
2129 1972 2185 2027 Si
2208 1988 2406 2044 corpus
2437 1971 2640 2026 Christi
2694 1985 2909 2026 sumere
2950 1970 3104 2038 velis,
3136 1986 3268 2026 cave
3308 1987 3375 2027 ne
3403 1971 3557 2027 cordi

1934 2066 2058 2118 tuo
2106 2063 2189 2117 ira
2234 2070 2327 2117 aut
2367 2062 2555 2116 odium
2602 2062 2733 2117 insit
2787 2072 2976 2117 contra
3020 2063 3368 2133 quempiam:
3415 2073 3471 2117 et
3507 2065 3557 2119 si

1965 2171 2128 2226 quem
2147 2155 2404 2211 adversus
2439 2163 2491 2211 te
2518 2156 2718 2210 iratum
2753 2155 2989 2220 noveris,
3020 2163 3145 2224 pete
3172 2156 3238 2210 ab
3269 2155 3361 2209 illo
3406 2155 3557 2225 prius

1964 2248 2202 2312 veniam,
2252 2246 2705 2316 quemadmodum
2759 2246 3015 2317 prazeepit
3067 2246 3327 2302 Dominus
3374 2255 3557 2302 noster

1967 2335 2184 2408 (Matth.
2208 2336 2285 2408 v).

2036 2424 2120 2479 LI.
2151 2424 2210 2480 Si
2239 2432 2575 2496 oppugnatus
2601 2424 2770 2481 fueris
2798 2434 2961 2481 noctu
2991 2441 3021 2480 a
3050 2427 3290 2492 libidine,
3324 2442 3456 2483 cave
3488 2444 3559 2484 ne

1967 2515 2294 2584 cogitatione
2315 2523 2529 2584 repetas
2553 2516 2760 2586 species
2786 2516 2907 2572 illas
2928 2517 3183 2583 interdiu,
3224 2533 3291 2572 ne
3320 2518 3559 2573 delecta-

1967 2610 2115 2664 tione
2138 2609 2522 2678 coinquinetur
2543 2624 2641 2665 cor
2664 2618 2812 2664 tuum
2838 2626 2851 2675 ;
2881 2609 2977 2680 sed
2997 2617 3279 2680 prosterne
3302 2619 3353 2666 te
3373 2626 3557 2666 coram

1968 2703 2101 2772 Deo,
2129 2711 2183 2759 et
2228 2676 2342 2772 ipse
2377 2703 2723 2758 miserebitur
2755 2704 2832 2757 tui
2857 2676 3061 2758 :‘novit
3101 2705 3298 2776 quippe
3331 2704 3558 2760 infirmi-

1966 2800 2130 2847 tatem
2152 2793 2452 2847 hominum.

2038 2882 2143 2936 Lll.
2172 2882 2230 2936 Si
2252 2898 2474 2953 Operam
2508 2883 2722 2938 dederis
2761 2884 2928 2939 nimio
2949 2884 3154 2956 jejunio
3182 2894 3240 2940 et
3284 2887 3558 2942 continua:

1968 2974 2223 3039 orationi,
2260 2988 2329 3028 ne
2368 2973 2504 3029 fidas
2537 2974 2680 3043 quod
2710 2975 2826 3030 haec
2859 2983 2913 3030 te
2954 2975 3235 3031 salvabunt
3262 2993 3277 3043 ;
3307 2977 3401 3032 sed
3427 2992 3560 3033 con-

1970 3063 2075 3119 fide
2095 3064 2237 3133 quod
2268 3063 2409 3118 Deus
2434 3064 2784 3119 miserebitur
2810 3065 3082 3122 alliictioni
3111 3069 3355 3139 corporis
3379 3070 3475 3135 tui,
3500 3079 3558 3125 et

346 3161 631 3217 XXXVIII.
663 3165 803 3220 Dum
839 3164 1057 3234 juvenis
1088 3179 1167 3231 es,
1199 3179 1266 3218 ne
1297 3163 1488 3219 induas
1516 3171 1719 3220 vestem
1764 3163 1861 3218 bo-
1893 3129 1937 3192 C
1969 3129 2271 3208 inﬁl‘lllilali
2296 3162 2402 3208 ῑυω
2434 3155 2808 3225 opitulabitur.

274 3267 419 3315 nam,
446 3251 619 3307 donec
646 3255 932 3324 pervenias
960 3255 1027 3309 ad
1048 3261 1401 3310 senectutem.

344 3340 591 3396 XXXIX.
639 3342 695 3397 Si
725 3344 828 3399 iter
857 3342 1049 3399 feceris
1087 3360 1211 3400 cum
1242 3343 1447 3412 majore
1498 3356 1569 3412 te,
1614 3362 1683 3401 ne
1722 3362 1861 3418 pra:-

275 3431 440 3488 eedas
481 3433 652 3488 illum.
694 3434 753 3489 Si
779 3436 1143 3490 assurrexerit
1170 3434 1344 3504 major
1378 3445 1430 3492 te
1473 3436 1544 3492 ad
1581 3436 1859 3507 alloquen-

274 3523 403 3578 dum
432 3523 591 3591 alios,
616 3541 685 3579 ne
722 3526 875 3596 parvi
906 3525 1070 3581 ducas
1096 3525 1266 3593 illum,
1297 3535 1353 3581 et
1382 3542 1600 3583 maneas
1624 3528 1819 3583 sedens
1843 3545 1857 3595 ;

273 3611 369 3667 sed
397 3621 478 3667 sta
508 3629 629 3669 cum
661 3614 773 3681 illo,
803 3610 974 3671 donec
1004 3616 1099 3671 tibi
1128 3624 1188 3670 ut
1217 3616 1456 3673 resideas
1481 3617 1801 3688 praecipiat.,

350 3704 460 3760 XL.
493 3705 629 3762 Cum
674 3710 865 3764 urbem
910 3718 1003 3764 aut
1041 3709 1297 3779 oppidum
1348 3712 1625 3782 ingressus
1673 3711 1859 3778 fueris,

278 3796 347 3852 ad
375 3806 576 3853 terram
623 3799 834 3855 dimitte
876 3800 1053 3855 visum
1086 3809 1260 3868 tuum,
1292 3816 1361 3857 ne
1406 3802 1522 3858 visa
1551 3804 1650 3858 abs
1675 3811 1729 3859 te
1754 3803 1864 3859 sint

272 3883 373 3940 tibi
403 3886 718 3943 certaminis
744 3904 909 3943 causa
936 3887 993 3942 in
1028 3888 1162 3943 cella
1197 3897 1310 3943 tua.

346 3975 480 4031 XLI.
525 3975 603 4031 Ne
649 3978 888 4034 dormias
931 3978 986 4033 in
1018 3978 1154 4043 loco,
1206 3979 1261 4035 in
1296 3994 1403 4048 quo
1433 3980 1597 4035 corde
1637 3994 1864 4050 peccare

272 4067 453 4122 times.
475 4066 554 4120 Ne
581 4068 833 4122 comedas
867 4081 991 4122 cum
1019 4067 1246 4121 muliere
1288 4083 1389 4122 nec
1436 4067 1666 4137 aspicias
1695 4067 1859 4134 illam,

272 4169 448 4224 neque
479 4155 641 4207 etiam
672 4155 993 4210 vestimenta
1014 4154 1151 4225 ejus,
1182 4155 1227 4209 si
1250 4165 1422 4226 potes.

342 4244 506 4300 XLII.
541 4243 600 4299 Si
649 4245 753 4301 iter
796 4244 992 4302 feceris
1041 4262 1165 4301 cum
1200 4261 1347 4313 sene,
1393 4264 1461 4302 ne
1488 4248 1772 4319 permittas
1806 4257 1865 4303 ut

271 4334 363 4390 ille
420 4343 604 4405 portet
647 4335 962 4407 quidquam.
1016 4336 1074 4392 Si
1122 4344 1303 4391 autem
1356 4336 1568 4393 fueritis
1613 4338 1860 4408 juvenes,

269 4425 642 4496 unusquisque
683 4436 862 4496 portet
910 4436 1120 4496 partem
1159 4427 1414 4496 aliquam.
1449 4428 1506 4483 Si
1540 4445 1667 4485 vero
1699 4429 1862 4485 fuerit

270 4514 565 4582 modicum,
610 4524 789 4586 portet
831 4515 963 4570 illud
1008 4517 1378 4587 unusquisque
1422 4533 1521 4589 per
1554 4519 1766 4586 horam,
1805 4530 1860 4575 et

269 4610 564 4679 princedat,
614 4610 706 4681 qui
749 4615 964 4679 portat,
1018 4616 1072 4663 ct
1118 4619 1319 4680 prmeat
1376 4611 1642 4678 infirmus,
1700 4620 1760 4667 ut
1814 4615 1861 4669 si

270 4699 447 4756 lassus
475 4701 675 4756 sederit
703 4701 770 4755 ad
813 4700 1132 4769 capiendam
1167 4703 1431 4777 requiem,
1475 4705 1709 4762 sedeatis
1735 4723 1857 4762 cum

270 4792 381 4845 illo.

254 4878 259 4885 ’
342 4882 520 4937 XLIII.
571 4883 628 4938 Si
667 4899 826 4954 quem
856 4899 1038 4941 senem
1081 4876 1502 4961 interrogaveris
1546 4890 1614 4945 de
1655 4892 1860 4963 cogita-

269 4974 506 5028 tionibus
554 4976 680 5041 tuis,
737 4976 885 5046 aperi
944 4975 1066 5032 illas
1114 4977 1282 5034 libere
1333 4979 1411 5033 uti
1449 4995 1507 5035 se
1559 4979 1767 5039 habent
1808 4981 1858 5035 ei

268 5081 428 5134 quem
457 5076 547 5120 tua
567 5081 765 5121 arcana
796 5076 1136 5123 servaturum
1161 5070 1421 5137 confidis;
1462 5086 1564 5126 nec
1584 5071 1857 5141 rationem

269 5154 474 5211 habeas
504 5157 649 5213 illius
677 5158 770 5228 qui
806 5168 1077 5228 provecta:
1123 5162 1296 5216 aetatis
1345 5170 1450 5227 est,
1496 5162 1589 5217 sed
1637 5164 1727 5233 qui
1766 5164 1859 5219 do-

274 5244 470 5312 ctrina,
522 5260 709 5317 opere,
755 5249 1528 5321 et'spiritualiexperimento
1571 5252 1759 5323 pollet,
1790 5270 1859 5309 ne

274 5335 478 5394 referas
501 5338 780 5401 damnum.
804 5342 849 5396 si
877 5351 1172 5412 augeantur
1192 5344 1469 5412 passiones
1497 5352 1620 5400 tute.

342 5425 520 5483 XLIV.
549 5430 808 5488 Adnitere
834 5440 893 5487 ut
934 5434 1159 5491 multum
1206 5450 1329 5491 ores
1354 5430 1539 5501 'noctu,
1574 5448 1631 5492 ut
1660 5438 1857 5494 illumi-

270 5528 429 5572 nctur
454 5520 756 5579 intellectus
780 5532 922 5580 tuus.
956 5525 1174 5582 Pensita
1203 5536 1422 5597 peccata
1447 5535 1559 5594 tua,
1590 5539 1647 5584 et
1666 5530 1857 5599 depre-

270 5618 395 5660 care
426 5608 591 5673 Deum
618 5628 717 5680 pro
745 5614 870 5679 illis,
902 5624 958 5670 et
996 5617 1111 5687 ipse
1140 5627 1324 5686 parcet
1354 5619 1468 5673 tibi.

341 5695 499 5751 XLV.
534 5696 588 5752 Si
628 5702 749 5770 quis
790 5703 1013 5760 fratrem
1042 5723 1197 5761 suum
1224 5717 1275 5763 te
1304 5717 1569 5776 praesente
1610 5709 1856 5778 judicare

2032 3241 2162 3297 LIII.
2195 3242 2253 3297 Si
2299 3245 2489 3299 morbo
2527 3256 2811 3316 correptus
2856 3246 3045 3313 fueris,
3093 3266 3162 3305 ne
3204 3251 3395 3307 tardent
3423 3260 3475 3307 te
3500 3261 3557 3307 et

1962 3334 2181 3389 deficiat
2204 3334 2427 3403 spiritus
2457 3344 2619 3401 tuus;
2652 3338 2746 3392 sed
2796 3340 2999 3409 gratias
3028 3355 3126 3411 age
3163 3340 3291 3407 Deo,
3321 3342 3462 3412 quod
3487 3343 3557 3399 de

1964 3433 2057 3479 tuo
2084 3425 2448 3480 emolumento
2478 3426 2549 3481 sit
2579 3426 2859 3484 sollicitus.
3497 3478 3500 3480 γ

2034 3516 2168 3571 LIV.
2202 3516 2340 3571 Dum
2368 3516 2584 3572 habitas
2612 3519 2666 3573 in
2689 3519 2824 3574 cella
2857 3530 2969 3584 tua,
3009 3523 3279 3579 constitue
3309 3524 3430 3580 cibo
3463 3532 3557 3580 tuo

1962 3607 2288 3676 prmflnitam
2334 3623 2667 3675 mensuram,
2704 3617 2761 3664 et
2807 3620 3067 3667 statutum
3116 3621 3350 3684 tempus,
3386 3622 3440 3669 et
3486 3631 3558 3671 ne

1963 3709 2262 3770 praetereas
2298 3697 2466 3765 illud;
2508 3708 2561 3754 et
2585 3700 2649 3755 da
2677 3703 2886 3771 corpori
2921 3711 3012 3757 tuo
3041 3713 3300 3773 quantum
3326 3705 3555 3777 indiget,

1963 3797 2024 3842 ut
2044 3788 2220 3845 valeat
2263 3804 2423 3844 orare
2452 3797 2506 3844 et
2535 3789 2711 3845 colere
2752 3789 2942 3846 Deum.
2971 3791 3030 3847 Si
3060 3808 3190 3849 vero
3217 3794 3431 3849 oblatus
3457 3795 3555 3854 tibi

1964 3877 2130 3934 fuerit
2149 3886 2303 3934 extra
2327 3879 2519 3936 cellam
2545 3888 2692 3934 tuam
2718 3880 2979 3938 delicatus
3005 3883 3179 3950 cibus,
3204 3900 3272 3939 ne
3296 3885 3364 3941 ad
3392 3885 3557 3942 satie-

1964 3979 2133 4028 tatem
2165 3988 2232 4028 ex
2252 3972 2343 4028 illo
2373 3988 2578 4037 sumas,
2610 3982 2672 4027 ut
2697 3975 2807 4030 cito
2836 3976 3035 4030 reverti
3068 3975 3248 4032 valeas
3268 3977 3335 4032 ad
3361 3976 3556 4032 cellam

1964 4070 2133 4116 tuam.

2033 4151 2146 4207 LV.
2177 4151 2235 4207 Si
2264 4154 2501 4209 severint
2526 4153 2581 4207 in
2612 4159 2665 4209 te
2702 4154 2900 4209 diaboli
2934 4155 3172 4211 laborem
3213 4172 3372 4226 quem
3407 4157 3558 4215 ferre

1964 4260 2072 4301 non
2096 4245 2295 4311 valeas,
2326 4261 2395 4300 ne
2434 4256 2682 4316 acceptes
2715 4247 2782 4303 ab
2822 4249 2939 4315 eis;
2985 4250 3240 4318 quoniam
3286 4262 3557 4322 occupant

1967 4353 2062 4393 cor
2105 4337 2339 4392 hominis
2384 4337 2708 4407 quibusdam
2756 4339 2919 4394 rebus
2963 4355 3098 4411 quas
3138 4355 3394 4411 superare
3444 4358 3553 4397 non

1966 4428 2132 4493 valet,
2163 4439 2222 4482 ut
2274 4429 2433 4484 tmdio
2478 4428 2629 4483 illum
2666 4428 2901 4484 aﬂiciant
2943 4439 2999 4485 et
3030 4430 3303 4487 deludant.
3357 4431 3554 4489 Omnia

1963 4535 2093 4576 sane
2153 4536 2341 4575 eorum
2396 4522 2610 4591 negotia
2663 4530 2789 4576 sunt
2834 4522 2951 4575 sine
3010 4536 3263 4577 mensura
3318 4537 3380 4578 ac
3434 4524 3556 4579 sine

1961 4611 2168 4666 ordine.

2032 4701 2162 4756 LVI.
2195 4702 2425 4758 Comedc
2448 4703 2618 4758 semel
2648 4704 2701 4758 in
2732 4706 2839 4770 die,
2878 4706 2971 4761 sed
3001 4722 3106 4762 non
3132 4708 3201 4760 ad
3220 4704 3553 4760 satietatem.

1960 4792 2147 4848 Prmbe
2187 4794 2401 4863 corpori
2452 4802 2541 4848 tuo
2571 4804 2830 4864 quantum
2880 4796 3103 4867 indiget,
3146 4794 3301 4865 juxta
3330 4795 3555 4866 exigen—

1963 4886 2092 4938 tiam
2114 4893 2338 4939 naturae.

2027 4975 2182 5030 LVII.
2233 4975 2460 5031 Mediam
2502 4984 2716 5033 noctem
2765 4977 2833 5032 ad
2881 4977 3265 5049 invigilandum
3316 4978 3553 5033 orationi

1955 5069 2203 5131 decerno,
2238 5066 2464 5121 alteram
2508 5084 2637 5122 vero
2660 5066 3021 5123 "medietatem
3059 5067 3264 5138 requiei
3304 5070 3554 5138 corporis

1955 5164 2055 5217 tui.
2098 5163 2401 5232 Antequam
2446 5171 2624 5218 autem
2671 5164 2911 5218 cubitum
2943 5177 3057 5231 eas,
3090 5163 3250 5236 vigila
3285 5178 3383 5234 per
3414 5164 3552 5219 duas

1957 5255 2119 5311 horas
2150 5256 2202 5309 in
2246 5256 2495 5310 oratione
2538 5265 2593 5311 et
2639 5256 2905 5321 laudibus,
2952 5264 3065 5310 tum
3109 5255 3324 5325 corpori
3359 5263 3450 5310 tuo
3479 5256 3548 5310 da

1957 5345 2216 5414 requiem.
2248 5344 2305 5399 Si
2328 5346 2568 5417 pigretur
2589 5361 2787 5415 corpus
2808 5353 2976 5417 tuum,
3006 5347 3131 5400 dum
3153 5345 3221 5401 ad
3242 5345 3546 5400 orationem

1956 5433 2283 5503 surgendum
2331 5442 2434 5499 est,
2491 5434 2657 5488 dicito
2696 5433 2813 5488 illi:
2864 5432 3028 5489 Visne
3062 5433 3302 5504 requiem
3348 5446 3548 5503 capere

1956 5527 2059 5581 hoc
2089 5537 2344 5596 tempore,
2395 5525 2589 5581 deinde
2623 5526 2774 5582 abire
2819 5523 2887 5582 ad
2931 5526 3148 5597 longum
3181 5524 3501 5597 supplicium
3522 5525 3549 5580 ?

1960 5616 2146 5672 Nonne
2167 5623 2389 5685 prastat
2410 5624 2471 5671 ut
2499 5631 2691 5686 parum
2716 5618 2803 5672 hic
2822 5616 3055 5682 labores,
3086 5626 3198 5671 tum
3229 5615 3547 5685 requiescas

1959 5708 2219 5784 illic'cum
2268 5708 2475 5763 sanctis
2514 5708 2568 5761 in
2594 5707 2926 5783 mternuru?
2965 5707 3117 5763 Tunc
3165 5708 3310 5763 enim
3353 5705 3545 5760 statim
