3942 6190
1835 194 1841 200 ~
1864 182 1897 203 ἡ

353 367 461 429 433
1052 368 1283 429 CODEX
1322 371 1458 430 REG
1468 373 1781 432 ULARUM.
1824 406 1891 416 ~—

2082 376 2109 433 5
2147 377 2187 432 1.
2231 378 2536 437 ΗΕΕΙΙΕΕ
2571 380 2675 436 PP.
2719 382 2987 444 ORIENT.
3537 396 3639 450 43$

357 484 571 542 recedit
607 500 637 539 a
680 492 734 538 te
762 481 999 555 pigritia,
1044 491 1100 539 et
1136 485 1383 542 adveniet
1407 487 1503 543 tibi
1533 487 1773 543 divinum
1801 491 1955 545 auxi-
1980 494 2033 554 Α
2127 487 2310 545 LXIV.
2353 491 2410 547 Si
2436 493 2671 549 volueris
2703 495 2884 567 egredi
2911 498 2979 553 ab
3008 497 3186 569 aliqua
3217 500 3383 567 cella,
3409 518 3541 559 cave
3570 522 3643 565 ne

365 576 512 631 lium.
2055 587 2302 647 asportes
2339 581 2541 651 aliquid
2579 597 2646 638 ex
2690 582 2805 653 ejus
2848 586 3211 656 supellectile,
3257 590 3352 646 sed
3398 592 3641 663 relinque

430 664 608 720 LVIII.
631 663 769 720 Cum
789 666 1147 749 monachatus
1179 666 1486 725 institutum
1522 672 1803 742 amplexus
1839 673 1954 728 [υθ-
2054 667 2204 722 illam
2244 669 2403 725 alicui
2442 671 2597 726 fratri
2638 676 2898 744 pauperi,
2948 685 3002 732 et
3047 678 3191 735 Deus
3243 679 3500 752 largietur
3545 683 3641 738 tibi

363 757 435 811 ris
455 797 469 819 ,
499 757 824 811 manumitte
856 771 1076 811 servum
1109 766 1292 825 tuum;
1333 761 1458 830 qui,
1485 762 1530 816 si
1571 764 1949 819 monachatum
2053 774 2372 830 quocunque
2400 762 2619 819 abieris.

362 833 511 918 sequi
539 848 691 912 velit,
721 862 789 901 ne
816 847 1103 917 permittas
1129 859 1189 903 ut
1217 849 1425 905 habitet
1452 859 1651 907 tecum.
2122 847 2284 904 LXV.
2325 850 2402 906 De
2430 852 2574 907 nulla
2611 870 2671 909 re
2701 856 2775 911 ita
2802 857 3053 913 laetantur
3080 860 3308 926 diaboli,
3340 861 3502 918 sicuti
3540 863 3637 919 lte-

429 936 568 990 le,
610 935 668 990 Si
698 936 899 991 abieris
926 937 994 991 ad
1022 937 1360 994 vendendum
1388 956 1524 1010 opus
1550 958 1803 997 manuum
1834 952 1951 999 tua-
2054 944 2237 991 tantur
2259 939 2327 994 de
2348 954 2413 994 eo
2443 939 2535 1011 qui
2564 944 2921 1014 cogitationes
2946 964 3075 1004 suas
3112 951 3447 1021 spiritualem
3477 969 3636 1009 suum

359 1042 499 1092 rum,
531 1041 600 1081 ne
629 1027 897 1096 diseeptes
920 1027 986 1082 de
1015 1029 1211 1098 pretio,
1237 1038 1297 1085 ut
1320 1031 1624 1088 seculares.
1649 1032 1796 1088 Idem
1816 1050 1948 1104 quo—
2048 1030 2368 1099 magistrum
2398 1033 2556 1088 celat.
2584 1034 2662 1090 Ne
2691 1045 2851 1106 putes
2879 1047 2930 1094 te
2957 1039 3209 1097 Patribus
3237 1043 3469 1099 similem
3505 1060 3634 1100 eva-

360 1131 461 1187 que
490 1118 811 1189 praestabis,
841 1117 887 1171 si
918 1117 1047 1187 quid
1077 1134 1246 1174 emas.
1280 1119 1515 1190 Inopiam
1546 1135 1726 1176 rerum
1757 1122 1868 1178 Deo
1893 1133 1946 1179 te
2050 1132 2259 1183 surum,
2294 1120 2396 1175 nisi
2427 1122 2672 1179 imitatus
2696 1126 2869 1183 fueris
2891 1142 3078 1184 eorum
3104 1130 3336 1187 labores.

357 1209 720 1278 propinquum
752 1206 930 1262 facere
960 1208 1123 1263 scias.
2118 1208 2296 1264 LXVI.
2336 1209 2502 1265 Serva
2540 1214 2768 1284 teipsum
2806 1234 2837 1271 a
2872 1219 3106 1284 divitiis,
3150 1235 3446 1292 earumque
3484 1239 3628 1279 amo-

424 1302 538 1357 LX.
582 1300 642 1357 Si
683 1301 989 1370 deposuerit
1028 1301 1171 1372 apud
1214 1308 1268 1357 te
1304 1301 1475 1358 frater
1508 1305 1777 1376 quiSpiam
1814 1323 1939 1372 vas,
2046 1313 2135 1363 re,
2170 1302 2426 1368 quoniam
2455 1315 2812 1376 corrumpunt
2833 1306 3071 1364 fructum
3106 1311 3379 1366 monachi.

358 1391 553 1462 illoque
593 1390 921 1461 indigneris.
962 1405 1032 1445 ne
1071 1398 1262 1459 tangas
1309 1392 1474 1460 illud,
1510 1395 1616 1450 nisi
1658 1396 1775 1465 ipso
1808 1413 1942 1451 con-
2112 1390 2315 1446 LXV".
2359 1391 2415 1446 Si
2455 1410 2663 1464 pugnas
2702 1397 2962 1454 adversus
2997 1401 3349 1456 tentationem
3390 1402 3627 1473 aliquam

357 1481 516 1536 ευιιο,
2044 1496 2161 1551 qua:
2188 1490 2239 1535 te
2268 1485 2566 1552 oppressit,
2601 1501 2669 1541 ne
2693 1487 2957 1553 desistas.
3000 1491 3094 1545 sed
3123 1501 3407 1560 prosterne
3447 1502 3501 1548 te
3536 1510 3629 1551 co-

421 1575 557 1630 LXl.
602 1575 660 1631 Si
698 1575 821 1645 quis
849 1574 1018 1630 frater
1054 1578 1327 1647 rogaverit
1358 1586 1418 1633 ut
1451 1578 1527 1633 illi
1559 1579 1758 1650 aliquid
1790 1596 1940 1635 emas
2041 1589 2157 1627 mm
2182 1574 2320 1640 D00,
2346 1583 2401 1629 et
2429 1576 2513 1631 dic
2548 1596 2560 1630 ε
2595 1576 2795 1645 Adjuva
2824 1595 2932 1645 me,
2963 1580 3215 1647 Domine,
3243 1586 3496 1653 quoniam
3526 1601 3628 1656 ego

354 1666 476 1721 dum
507 1667 906 1737 peregrinaris,
949 1666 1151 1735 facito;
1194 1669 1239 1723 si
1277 1677 1458 1725 autem
1500 1670 1697 1726 fratres
1738 1669 1938 1725 fuerint
2040 1661 2285 1717 inﬁrmus
2314 1680 2421 1718 non
2462 1666 2617 1721 valeo
2652 1668 2920 1723 sustinere
2964 1669 3105 1725 hanc
3138 1685 3400 1740 pugnam;
3446 1683 3499 1728 et
3539 1674 3627 1729 ille

352 1761 528 1809 tecum
550 1796 564 1819 ,
596 1755 666 1809 sit
697 1755 749 1809 in
776 1756 1064 1826 prresentia
1087 1772 1297 1813 eorum.
2037 1752 2388 1821 opitulabitur
2415 1755 2533 1820 tibi,
2558 1756 2603 1811 si
2629 1773 2695 1812 ex
2719 1768 2868 1813 recto
2894 1760 3056 1814 corde
3082 1762 3409 1827 processerit
3433 1762 3623 1833 depre-

418 1843 575 1899 LXII.
619 1844 677 1903 Si
721 1846 848 1917 quid
899 1847 997 1902 tibi
1040 1856 1227 1903 mutuo
1257 1848 1443 1904 datum
1481 1848 1671 1914 fuerit,
1712 1851 1936 1906 restitue
1965 1840 2011 1898 B
2040 1842 2182 1896 catio
2212 1849 2321 1897 tua.
2354 1843 2410 1898 Si
2441 1847 2760 1910 certaveris,
2786 1855 2840 1901 et
2861 1848 3091 1913 viceris,
3121 1865 3189 1903 ne
3216 1849 3493 1917 glorieﬂs,
3524 1867 3621 1906 ne-

351 1931 477 1989 illud
507 1950 632 1989 cum
663 1951 728 1991 eo
753 1935 922 1992 fueris
945 1954 1104 2004 usus;
1139 1954 1240 1995 nee
1273 1939 1519 1995 detineas
1557 1940 1684 1997 illud
1704 1982 1719 2007 ,
1759 1941 1933 1997 donec
2032 1948 2136 2001 que
2161 1934 2431 1999 conﬁdas;
2464 1936 2557 1990 sed
2582 1936 2674 1991 tibi
2702 1950 2854 2003 cave.
2878 1939 3130 2008 quoniam
3155 1940 3330 1995 hostis
3356 1939 3620 2005 difﬁcilio-

350 2025 444 2080 abs
469 2034 523 2081 te
551 2036 856 2098 repetatur;
884 2038 941 2085 et
967 2030 1012 2086 si
1036 2032 1163 2101 quid
1196 2031 1338 2087 illius
1367 2032 1621 2098 lractmn,
1651 2036 1929 2090 resarcito.
2032 2037 2146 2076 rem
2177 2023 2359 2092 Driore
2379 2039 2614 2094 Pugna!“
2643 2023 2696 2079 in
2721 2032 2776 2081 ῐθ
2806 2026 3204 2082 ωδοῗὶίυδῦίιυΐ

349 2113 404 2169 Si
430 2116 559 2186 quid
596 2127 783 2176 mutuo
811 2120 970 2176 alicui
1000 2122 1213 2189 dedisti,
1238 2138 1307 2178 ne
1336 2131 1549 2194 repetas
1574 2123 1725 2191 illud,
1757 2126 1801 2180 si
1831 2142 1932 2181 no-
2105 2112 2331 2167 vam-
2375 2113 2432 2167 Si
2468 2114 2779 2184 deprecari?)
2815 2116 3006 2181 Deum,
3037 2131 3107 2171 ne
3143 2116 3292 2172 dicas
3323 2135 3336 2169 ε
3368 2116 3621 2182 nomine.

345 2207 489 2262 veris
527 2208 680 2264 illum
721 2224 829 2265 non
871 2225 1029 2280 posse
1068 2213 1384 2280 restituere,
1422 2214 1720 2284 praesertim
1760 2215 1806 2270 si
1841 2214 1931 2271 illo
2028 2222 2249 2265 remove
2275 2208 2378 2264 hoc
2406 2223 2437 2263 a
2464 2224 2585 2275 me,
2620 2218 2674 2265 et
2697 2210 2933 2265 concede
2958 2210 3087 2265 mihi
3112 2210 3242 2277 hoc;
3278 2209 3374 2266 sed
3403 2211 3568 2266 dicito
3602 2230 3613 2264 :

346 2293 439 2349 tibi
465 2310 605 2366 opus
636 2313 742 2353 non
771 2298 952 2355 fuerit.
2029 2299 2260 2356 Domine
2286 2301 2429 2357 Deus
2458 2317 2611 2356 meus
2629 2343 2643 2367 ,
2678 2309 2735 2355 tu
2767 2302 2875 2357 scis
2898 2302 3027 2372 quid
3054 2302 3187 2357 mihi
3214 2302 3385 2372 magis
3411 2302 3618 2358 condu-

410 2386 592 2443 LXlll.
634 2389 692 2445 Si
719 2406 969 2463 egressus
996 2392 1110 2463 iam
1141 2410 1171 2450 a
1200 2394 1333 2451 cella
1362 2403 1449 2449 tua
1471 2437 1485 2461 ,
1514 2405 1703 2466 postea
1727 2399 1928 2468 repetis
2026 2401 2138 2457 cat,
2167 2392 2422 2461 quocirca
2447 2391 2641 2461 adjuva
2670 2407 2755 2447 me
2775 2433 2791 2458 ,
2819 2402 2876 2447 et
2904 2408 2971 2447 ne
2996 2393 3281 2462 permittas
3303 2401 3364 2447 ut
3394 2407 3615 2462 peccem

342 2473 516 2544 illum,
547 2486 605 2535 et
636 2480 877 2537 invenies
906 2483 1140 2554 aliquem
1164 2484 1386 2540 fratrem
1411 2486 1523 2556 jam
1557 2488 1628 2542 ibi
1655 2488 1923 2556 habitare,
2028 2481 2146 2548 tibi,
2177 2490 2231 2537 et
2262 2496 2476 2551 peream
2508 2482 2563 2536 in
2592 2483 2832 2552 peccatis
2860 2482 3019 2548 meis,
3045 2482 3173 2552 quia
3209 2497 3329 2537 sum
3356 2489 3614 2552 peccator

342 2578 525 2636 quaere
552 2569 649 2624 tibi
678 2570 871 2635 aliam;
905 2580 961 2627 et
981 2588 1113 2628 cave
1134 2589 1202 2629 ne
1235 2574 1383 2629 illum
1410 2575 1538 2632 inde
1564 2577 1801 2647 expellas
1817 2618 1832 2642 ,
1857 2594 1926 2634 ne
2022 2571 2301 2637 inﬁrmus;
2330 2585 2429 2627 nec
2451 2572 2632 2627 tradas
2653 2587 2739 2626 me
2764 2572 2997 2626 inimicis
3022 2572 3177 2636 meis,
3201 2571 3453 2642 quoniam
3478 2584 3611 2625 cou-

342 2663 527 2709 contra
561 2668 615 2713 te
641 2658 911 2715 irascatur
935 2661 1096 2717 Deus.
1124 2662 1193 2716 At
1224 2664 1269 2719 si
1296 2664 1411 2734 ipse
1440 2675 1632 2735 sponte
1659 2666 1806 2721 illam
1834 2683 1923 2723 re-
2024 2665 2138 2738 fugi
2169 2665 2237 2720 ad
2269 2674 2353 2731 te;
2385 2665 2556 2721 libera
2582 2680 2701 2731 me,
2727 2664 2986 2730 Domine,
3012 2666 3139 2735 quia
3170 2674 3224 2719 tu
3252 2680 3313 2720 es
3348 2663 3611 2719 fortitudo

342 2742 587 2815 linquere
620 2749 880 2815 voluerit,
899 2748 1012 2819 jam
1041 2750 1372 2820 justiﬁeatus
1402 2768 1491 2820 es;
1532 2755 1577 2810 si
1617 2761 1798 2813 autem
1832 2771 1923 2812 ac-
2025 2771 2147 2812 mea
2186 2763 2243 2810 et
2286 2770 2413 2826 spes
2440 2770 2591 2821 mea;
2622 2763 2678 2810 et
2704 2754 2798 2809 tibi
2833 2762 2918 2810 est
2942 2753 3215 2825 potentia,
3242 2760 3299 2809 et
3323 2753 3526 2825 gloria,
3554 2758 3610 2807 et

344 2838 542 2906 ceperit
582 2839 783 2910 aliquid
823 2856 892 2896 ex
932 2845 1048 2913 ejus
1082 2843 1443 2914 supellectile,
1484 2860 1552 2901 ne
1591 2847 1838 2917 requiras
1866 2847 1921 2903 id
2025 2844 2409 2911 beneficentia,
2442 2854 2498 2902 et
2518 2846 2818 2918 gratiarum
2843 2844 2986 2901 actio
3014 2845 3070 2899 in
3093 2852 3378 2899 sternam.
3406 2840 3604 2898 Amen.

345 2924 409 2981 ab
435 2926 545 2983 illo.
2372 2935 2597 3008 Explicit
2625 2936 2825 3009 Regula
2853 2934 3014 2991 Isaia:
3041 2933 3260 2991 abbatis.

351 3061 3590 3093 MM

1550 3165 2034 3228 SANCTORUM
2073 3164 2413 3228 PATRUM'

420 3313 1078 3461 SERAPIONIS,
1170 3315 1641 3464 MACARII,
1734 3321 1977 3449 PAPI

1953 3320 2340 3467 HNUTII,
2438 3317 2916 3456 MACARII'
2962 3326 3510 3473 ALTERIUS.

1344 3536 1751 3615 BEGULA
1807 3538 1940 3612 AD
2016 3535 2583 3621 MONACHOS.

453 3753 540 3809 DE
582 3755 640 3811 S.
684 3754 1085 3825 SERAPIONE,
1118 3756 1580 3828 CETEBISQUE
1617 3758 1837 3815 HUJUS
1872 3758 2174 3815 REGULIE
2214 3755 2651 3815 AUCTORIBUS
2686 3754 3017 3811 VETERUM
3055 3750 3489 3809 TESTIMONIA.

1467 3937 1763 4005 Palladius,
1800 3940 1940 3996 Hist.
1966 3941 2236 4003 Lausiac.,
2267 3957 2382 4010 cap.
2414 3940 2464 3992 7.

404 4019 536 4075 Cum
572 4030 684 4077 toto
712 4039 860 4100 anno
888 4025 939 4079 in
977 4036 1163 4100 monte
1189 4028 1375 4100 Nitriaz
1404 4029 1735 4100 habitassem
1764 4032 1905 4100 apud
1938 4032 2126 4086 beatos
2155 4039 2211 4085 et
2249 4039 2467 4085 sanctos
2502 4030 2719 4100 Patres,
2754 4041 3008 4100 magnum
3028 4028 3286 4100 Arsitium
3310 4070 3323 4094 ,
3355 4037 3410 4083 et
3435 4029 3598 4085 Puta-

336 4090 599 4170 pltastum,
630 4102 685 4147 et
712 4092 1028 4170 Hagioncm.
1059 4106 1113 4152 et
1136 4098 1416 4164 Cronium,
1437 4110 1490 4154 et
1505 4090 1879 4169 Serapionem,
1902 4109 1957 4156 et
1977 4101 2161 4156 multis
2188 4100 2531 4170 antiquorum
2552 4090 2769 4154 Patrum
2799 4090 3169 4170 spiritualibus
3194 4090 3598 4158 narrationibus

337 4160 400 4215 ab
429 4161 560 4231 ipsis
586 4177 762 4218 essem
792 4160 1119 4234 stimulatus,
1146 4170 1268 4223 veni
1300 4170 1352 4223 in
1376 4160 1623 4225 intimam
1643 4160 2007 4226 solitudinem.

1730 4259 1899 4327 Idem,
1928 4278 2044 4332 cap.
2076 4261 2194 4316 H7.

401 4344 648 4419 ingressa
693 4354 777 4400 est
802 4345 1097 4419 (Melania)
1140 4348 1194 4419 in
1234 4359 1471 4405 montem
1505 4350 1729 4415 Nitriae,
1760 4360 1974 4406 sanctos
2010 4350 2201 4405 Patres
2239 4353 2562 4406 conveniens
2592 4350 2805 4405 beatum
2836 4349 3068 4415 Pambo,
3104 4359 3158 4405 et
3187 4353 3390 4408 Christi
3419 4352 3595 4410 famu-

333 4411 440 4468 lum
466 4411 728 4470 Itrsitium
747 4457 761 4481 ,
794 4411 849 4471 et
875 4411 1127 4488 maguum
1156 4418 1502 4491 Serapionem
1522 4462 1537 4489 ,
1570 4411 1816 4477 sanctum
1844 4436 2059 4490 quoque
2090 4420 2453 4491 Paphnutium
2486 4430 2541 4475 et
2567 4419 2926 4475 venerabilem
2951 4411 3227 4476 Isidorum.

1365 4511 1621 4583 Ruﬁnus,
1659 4513 1801 4568 Hist.
1841 4512 2046 4579 actae,
2085 4512 2176 4567 lib.
2213 4529 2304 4579 ιι,
2341 4529 2458 4584 cap.
2495 4512 2550 4565 4.

400 4598 504 4654 Per
529 4600 674 4683 idem
700 4607 915 4683 tempus
940 4598 1133 4683 Patres
1161 4601 1556 4683 monachorum
1575 4605 1699 4683 vitae
1724 4610 1784 4683 et
1806 4600 2171 4683 antiquitatis“
2177 4603 2404 4683 merito,
2433 4600 2727 4683 Macarius,
2757 4601 3105 4683 etOIsid'o-rus,
3135 4600 3380 4683 aliusque
3414 4600 3591 4683 Maca-

331 4668 469 4742 rius,
503 4679 671 4742 atque
708 4669 1047 4742 Heraclides,
1079 4679 1147 4742 et
1166 4671 1431 4742 Panibus,
1458 4672 1676 4726 Antonii
1707 4668 1953 4741 discipuli
1986 4686 2082 4740 per
2107 4670 2398 4742 Egyptum
2418 4711 2433 4735 ,
2472 4679 2533 4742 et
2552 4672 2787 4742 maxime
2817 4671 2870 4724 in
2908 4671 3092 4726 Nitriaz
3117 4668 3317 4742 deserti
3345 4672 3590 4742 partibus

333 4737 603 4812 habentur
627 4739 724 4812 viri
744 4781 757 4804 ,
787 4740 879 4810 qui
914 4741 1247 4795 consortium
1278 4741 1400 4794 vive
1426 4749 1480 4796 et
1514 4749 1729 4795 actuum
1767 4737 1875 4796 non
1910 4737 2033 4795 cuin
2069 4737 2281 4795 caeteris
2307 4739 2655 4805 mortalibus,
2688 4741 2783 4797 sed
2811 4756 2936 4795 cum
2965 4740 3214 4812 supernis
3243 4737 3447 4812 angelis
3492 4742 3589 4797 ha-

330 4805 453 4863 bere
478 4805 862 4864 credebantur.

1719 4880 1956 4946 lbidem,
1994 4896 2109 4949 cap.
2150 4881 2202 4934 8.

396 4970 651 5025 Florebat
682 4972 847 5040 igitur
869 4971 1136 5042 Aigyptus
1162 4987 1226 5027 ea
1253 4978 1571 5042 tempestate
1600 4987 1706 5027 non
1734 4971 1907 5027 solum
1935 4969 2163 5042 eruditis
2197 4971 2250 5024 in
2286 4970 2597 5042 Christiana
2626 4970 2974 5042 philosophia
2999 4971 3161 5031 viris.
3192 4985 3381 5042 verum
3415 4973 3583 5028 etiam

327 5040 529 5112 bisqui
554 5053 887 5112 per__vastam
916 5040 1154 5098 eremum
1185 5040 1611 5107 comnianentes,
1639 5044 1790 5111 signa
1818 5049 1872 5094 et
1899 5040 2459 5112 prodigiagapostolica
2483 5040 2826 5112 simplicitate
2855 5041 2980 5112 vita:
3004 5049 3060 5112 et
3074 5040 3255 5112 cordis
3274 5042 3584 5112 sinceritate

328 5109 615 5182 faciebant.
652 5110 728 5163 Ex
768 5112 960 5179 quibus
992 5111 1205 5166 interim
1230 5127 1366 5182 quos
1392 5112 1492 5182 ipsi
1522 5109 1771 5182 vidimus,
1809 5119 1863 5182 et
1888 5109 2121 5182 quorum
2152 5109 2405 5182 benedici
2427 5109 2673 5182 manilius
2701 5110 3015 5182 meruimus,
3039 5111 3095 5164 hi
3122 5121 3248 5166 sunt
3281 5130 3292 5164 :
3318 5111 3583 5169 Macarius

328 5179 390 5233 de
412 5180 691 5250 superiore
718 5178 936 5245 eremo,
968 5181 1103 5236 alius
1130 5178 1394 5237 Macarius
1413 5178 1496 5237 'de
1528 5181 1766 5237 inferiori
1787 5221 1801 5245 ,
1830 5180 2068 5235 Isidorus
2095 5179 2150 5234 in
2174 5179 2307 5236 Sciti
2327 5220 2342 5247 ,
2377 5180 2613 5235 Pambus
2635 5181 2687 5243 in
2714 5178 2948 5243 cellulis,
2977 5188 3083 5235 etc.

1443 5270 1739 5336 Palladius,
1774 5269 1914 5324 Hist.
1946 5267 2218 5335 Lamiam,
2247 5287 2364 5340 cap.
2396 5271 2483 5325 9|.

391 5357 525 5417 Cum
566 5360 799 5431 quodam
838 5359 925 5414 die
968 5359 1306 5431 convenisset
1343 5358 1497 5430 (cum
1527 5359 1850 5431 Qronio,_et
1886 5357 2094 5431 Jacobg
2118 5358 2345 5429 claudo)
2374 5360 2535 5431 etiam
2570 5357 2907 5431 Paphnutius
2934 5370 3289 5431 cognomento
3321 5360 3578 5431 Cephala,

323 5432 412 5502 qui
439 5427 957 5502 dono'eogitationis
988 5445 1167 5502 saera:
1203 5427 1500 5499 Scriptura:
1532 5429 1743 5486 Veteris
1771 5428 2013 5502 Novique
2053 5427 2387 5502 Testamenti
2424 5427 2685 5502 pollebat,
2723 5427 3071 5502 totam_illa'm
3102 5427 3575 5501 interpretabatur,

324 5497 447 5557 eum
473 5497 814 5572 Scriptu'ram
845 5516 954 5557 non
984 5499 1204 5571 legisset
1236 5518 1248 5553 :
1291 5497 1354 5554 ea
1393 5507 1571 5554 autem
1606 5510 1724 5555 erat
1745 5497 2039 5563 modestia,
2073 5498 2405 5553 utvirtutem
2435 5497 2805 5568 prophetieam
2834 5500 3057 5555 celaret.

1726 5588 1874 5643 Idem
1892 5629 1906 5654 ,
1945 5604 2062 5658 cap.
2102 5586 2191 5640 20.

392 5683 648 5739 Narravit
678 5686 835 5742 nobis
863 5694 919 5741 et
944 5685 1038 5740 Dei
1066 5699 1253 5754 servius
1276 5682 1642 5754 Paphnutius,
1673 5681 1918 5753 praeclari
1951 5680 2110 5750 hujus
2139 5680 2310 5736 sancti
2346 5679 2630 5752 (Macarii)
2660 5681 2982 5751 discipulus,
3017 5685 3159 5754 quod
3189 5700 3311 5741 cum
3346 5683 3578 5753 quodam

328 5751 409 5809 die
437 5756 652 5811 sederet
679 5756 730 5810 in
755 5755 874 5810 aula
902 5764 1120 5810 sanctus
1149 5751 1446 5820 Macarius,
1474 5760 1580 5807 etc.
