3942 6190
373 427 478 486 455
1349 421 1406 478 S.
1447 423 1803 480 BENEDICTI
1848 425 2136 480 ABIMTIS
2184 425 2586 482 KNIANENSIS
3509 422 3606 478 456

432 542 682 612 Sanctus
697 537 1016 592 Benedictus
1035 538 1265 612 ‘Aniana;
1299 541 1464 612 abbas
1487 541 1626 595 hanc
1654 541 1824 610 ipsam
1853 551 1906 595 et
1941 541 2395 612 sequentcs‘duas
2433 541 2663 612 Regulas
2694 540 2978 611 aliquoties
3016 541 3068 594 in
3105 537 3403 594 Concordia
3429 535 3606 608 Regu-

356 609 531 664 larnm
564 608 779 679 laudat,
805 620 1005 674 easque
1034 607 1505 679 indiscriminatim
1545 607 1814 664 communi
1844 607 2198 679 appellatione
2230 609 2457 679 Regulus
2498 607 2717 665 Patrum
2754 607 2932 667 vocat.

433 677 758 748 Smaragdus
779 691 996 750 quoque
1025 676 1192 731 abbas
1221 681 1391 750 multa
1418 695 1484 734 ex
1517 679 1706 734 iisdem
1743 681 1806 735 ad
1848 675 2110 750 Regulam
2139 675 2323 734 sancti
2342 679 2619 737 Benedicti
2647 681 2823 740 atl'ert.
2851 689 2906 738 et
2941 679 3193 748 antiquos
3219 675 3606 732 monachorum

357 745 546 804 Patres
572 745 884 804 earumdem
907 754 1159 802 auctores
1183 748 1334 802 citat.

995 1019 1500 1081 OBSERVATIO
1543 1019 1862 1081 CRITICA
1907 1020 1986 1080 IN
2029 1021 2413 1082 REGULAM
2457 1020 2946 1095 SEQUENTEM.

427 1293 556 1373 Ilaec
591 1295 805 1373 quidem
837 1296 1052 1373 _Regula
1086 1293 1459 1373 quatuor‘illi‘s
1491 1296 2013 1373 .SGILI‘CIISﬁllllalibllS
2040 1295 2496 1373 supranominatis
2529 1295 3018 1373 inscribitttr,_cum
3056 1305 3237 1373 tamen
3275 1298 3342 1354 ad
3371 1301 3613 1373 ejusdem

356 1364 558 1438 calcem
597 1363 712 1438 haec
741 1366 903 1438 verba
934 1363 1245 1438 legantur:
1295 1363 1523 1438 Explicit
1556 1363 1755 1434 Regula
1794 1363 2015 1438 Patrum
2045 1363 2290 1438 abbatum
2333 1380 2558 1438 xxxviii.
2595 1364 2724 1431 Quae
2759 1367 2974 1438 quidem
3014 1368 3207 1438 verba,
3237 1363 3480 1438 prout'in
3513 1375 3606 1429 im-

354 1435 665 1514 pressis_sic
694 1443 746 1488 et
776 1435 836 1514 in_
862 1433 1246 1514 nianuscrip'tis
1272 1435 1636 1502 reperiuntur,
1663 1436 1882 1514 omnino
1909 1437 2164 1514 denotant
2189 1436 2330 1514 hanc
2361 1433 2615 1514 Regulam
2652 1433 3002 1514 compositam
3034 1436 3200 1514 fuisse
3227 1433 3610 1514 incongrega-

358 1505 502 1577 tione
533 1505 772 1577 plurium
791 1507 1067 1577 abbatum,
1093 1504 1183 1577 qui
1215 1506 1266 1558 in
1303 1519 1468 1577 unum
1501 1506 1814 1577 congregati
1844 1505 2234 1577 ardentissimis
2266 1503 2512 1577 precibus
2541 1503 2706 1577 Deum
2741 1503 3032 1574 ragabant,
3073 1515 3133 1562 ut
3159 1503 3613 1577 Spiritum'suum

356 1573 594 1645 mitteret
620 1573 690 1645 ad
721 1573 838 1645 illos
867 1574 1228 1637 instruendos,
1253 1573 1484 1643 qualiter
1514 1575 1899 1627 monachorum
1932 1573 2396 1645 conversationem
2426 1573 2527 1645 rite
2550 1573 2864 1645 dirigerent,
2890 1584 3051 1644 atque
3074 1573 3315 1632 sanctam
3345 1581 3467 1636 vitae
3495 1599 3614 1637 mo-

353 1644 579 1713 nasticze
619 1641 876 1713 Regulam
919 1645 1172 1713 ordinare
1208 1641 1532 1698 etistatuere
1561 1653 1812 1710 possent,
1847 1653 2005 1712 prout
2042 1660 2108 1698 ex
2148 1643 2317 1712 ipsius
2358 1642 2572 1710 Regula:
2606 1641 2918 1712 prmfatione
2949 1641 3290 1703 ihstruimur.
3313 1649 3445 1704 Cum
3479 1667 3616 1708 vero

353 1712 496 1790 inter
523 1711 1028 1790 omnespraesentes
1064 1711 1254 1780 majori
1288 1713 1590 1790 sanctitatis
1618 1713 1757 1790 fama
1793 1711 2072 1790 [latuerint
2103 1711 2477 1790 pricnontitmti
2508 1711 2762 1790 abbates,
2795 1715 2872 1768 sic
2911 1722 2972 1790 et_
3001 1731 3188 1770 eorum
3219 1727 3452 1786 quatuor
3481 1722 3615 1790 piis-

354 1782 772 1858 simisusancitis
802 1785 1200 1858 acquieverunt
1236 1793 1291 1838 et
1336 1782 1558 1858 reliqui;
1587 1783 1729 1850 quod
1764 1784 1958 1858 exinde
1985 1782 2281 1858 composita
2314 1782 2523 1858 sititane
2555 1783 2774 1858 Regula,
2801 1785 3160 1858 complectens
3184 1782 3310 1841 vera
3338 1782 3616 1858 prtecepta

352 1853 674 1930 moraliaad
706 1854 1044 1930 recipiendos
1080 1869 1249 1908 novos
1280 1853 1573 1907 monachus
1610 1853 1916 1930 necessaria
1938 1893 1951 1917 ,
1981 1863 2036 1907 et
2065 1852 2176 1919 jam
2209 1852 2442 1930 receptis
2467 1852 3099 1930 instruendisadaptata;
3126 1852 3424 1924 praesertim
3456 1852 3612 1915 circa

346 1921 622 1998 jejunandi
653 1921 869 1976 modum
899 1930 953 1998 et
979 1923 1215 1977 laborem
1239 1935 1634 1998 manummnec
1659 1937 1764 1998 non
1793 1922 2598 1998 circaprazstandamdebitam
2630 1921 3001 1998 superioribus
3022 1921 3413 1998 obedientiam,
3446 1939 3621 1998 atque

352 1992 713 2046 exhibendum
751 1993 976 2069 aegrotis
1000 1993 1369 2069 necessarium
1408 1991 1686 2069 auitilium.
1725 1991 1792 2045 Et
1830 1994 2050 2069 quidem
2079 1991 2393 2069 primaﬁtria
2432 1991 3030 2069 prgeceptacomposuit
3069 2003 3288 2069 sanctus
3324 1991 3616 2069 Serapion,

351 2069 585 2134 quatuor
621 2061 903 2130 sequentia
929 2063 1096 2117 abbas
1123 2063 1409 2127 Macarius,
1439 2061 1544 2115 alia
1581 2069 1814 2130 quatuor
1842 2070 1968 2116 sunt
2005 2061 2216 2116 abbatis
2245 2061 2562 2130 Paphnutii,
2584 2071 2639 2117 et
2672 2061 2863 2116 ultima
2896 2073 3126 2134 quatuor
3146 2067 3312 2122 abbas
3339 2061 3619 2125 Macarius

352 2130 643 2186 secundus.

1566 2356 1963 2418 INCIPIUNT
2007 2356 2402 2418 CAPITULA

351 2480 600 2560 Regula
629 2482 1073 2566 monachorum
1102 2481 1196 2566 vel
1229 2480 1800 2566 Deumjimentium
1844 2475 2466 2566 prodisgipulorum
2501 2479 2984 2566 eruditione,.id
3031 2489 3143 2556 est,
3193 2484 3564 2566 Serapionis
3596 2533 3613 2564 ,

897 2560 1174 2620 Macarii
1204 2604 1220 2633 ,
1279 2558 1629 2638 Paphnutii
1656 2601 1671 2629 ,
1709 2566 1762 2617 et
1798 2557 2064 2620 alterius
2091 2557 2364 2620 Macarii
2396 2601 2412 2632 ,
2464 2565 2518 2617 et
2551 2559 2826 2620 aliorum
2861 2579 3077 2622 xxxrv.

2123 2719 2171 2782 9.
2195 2717 2495 2782 Paphnutius
2514 2718 2660 2778 dixit,
2681 2717 2890 2780 qualiter
2907 2719 3202 2782 jejuniorum
3215 2723 3334 2772 ordo
3359 2731 3616 2778 teneatur.

2096 2777 2169 2844 lt).
2199 2777 2318 2844 item
2340 2781 2464 2840 ipse,
2491 2777 3104 2840 qualiterdebent't'ratres
3123 2789 3337 2844 operari.

2097 2841 2175 2890 11.
2206 2840 2325 2889 Item
2349 2844 2427 2907 qui
2453 2855 2594 2907 supra
2625 2879 2640 2902 ,
2685 2843 2898 2907 quaii_ter
2933 2840 3185 2892 inﬁrmitas
3209 2847 3288 2895 vel
3315 2849 3618 2907 possibilitas

2030 2912 2282 2962 corporum
2319 2902 2380 2949 ab
2406 2914 2468 2950 eo
2491 2906 2572 2963 qui
2598 2911 2776 2963 praeest
2803 2903 2944 2955 Patre
2970 2902 3324 2956 t-ons-dereturL

2101 2963 2169 3028 1:3.
2203 2963 2323 3028 item
2352 2965 2476 3028 ipse.
2500 2963 2714 3028 qualiter
2737 2965 2907 3013 oﬂiciis
2927 2979 2981 3028 se
3009 2965 3181 3015 fratres
3201 2971 3522 3028 praeveniant.

2101 3025 2171 3074 t3.
2201 3025 2334 3088 Alius
2374 3025 2608 3073 Macarius
2645 3025 2803 3088 dixit,
2851 3027 3061 3088 qualiter
3082 3025 3211 3077 inter
3233 3041 3290 3079 se
3316 3033 3617 3082 monasteria

2035 3098 2213 3148 pacem
2229 3086 2408 3132 firmam
2433 3088 2700 3134 obtineant.

2040 3147 2043 3148 ⁷
2103 3147 2171 3194 lt.
2201 3147 2452 3209 idemque,
2477 3148 2688 3208 qualiter
2732 3147 2896 3197 clerici
2939 3148 3154 3211 hospites
3177 3152 3475 3214 suscipiendi
3497 3161 3617 3206 sunt

2034 3208 2083 3256 in
2109 3211 2421 3256 monasterio.

2056 3220 2083 3254 n
2109 3218 2288 3254 ηιοιιτιςι
2299 3223 2322 3250 ρ
2332 3218 2421 3257 HO.

2099 3270 2169 3317 15.
2198 3267 2414 3326 Qualiter
2440 3267 2595 3328 culpa;
2614 3268 2916 3329 singulorum
2941 3270 3283 3323 emendentur.

2096 3332 2168 3380 16.
2195 3330 2255 3380 Ut
2280 3333 2385 3379 sine
2407 3342 2726 3396 personarum
2744 3341 3030 3396 acceptione
3063 3332 3318 3394 aequaliter
3333 3334 3611 3396 iudicetur.

2538 3390 2814 3453 Expliciunt
2839 3391 3071 3453 Capitula.

421 2723 469 2776 i.
502 2721 752 2774 Prafatio.
1957 2723 2007 2781 Α

414 2787 459 2836 Ξ.
495 2785 733 2847 Serapion
754 2785 898 2845 dixit,
915 2784 978 2833 de
1005 2782 1157 2847 prima
1181 2781 1926 2847 conjunc:ione_cmnoliitarutti.

411 2851 458 2897 5.
495 2841 633 2897 Ideni
655 2849 780 2906 ipse,
808 2841 1245 2904 de'unanimitate,
1270 2841 1326 2892 et
1350 2842 1649 2906 jucunditate
1670 2841 1895 2906 fratrum.

413 2912 455 2958 4.
495 2909 590 2967 Qui
621 2903 784 2969 supra,
809 2909 872 2957 de
904 2907 1083 2956 abbate
1109 2909 1161 2954 et
1197 2903 1438 2966 quomtido
1471 2906 1517 2950 ei
1556 2903 1788 2950 obediant
1825 2914 1930 2951 mo-

349 2971 734 3081 nagillﬂacarlus
756 3029 902 3087 dixit,
923 3026 1134 3089 qualiter
1157 3025 1413 3088 Spirituale
1439 3027 1729 3075 exercitium
1751 3023 1810 3071 ab
1835 3023 1928 3083 his,

346 3098 435 3154 qui,
451 3097 682 3154 ρι’-φθαίη,
709 3089 934 3154 Patribus
959 3096 1203 3154 teneatur.

411 3145 462 3201 6.
498 3152 632 3199 Idem
658 3145 778 3211 ipse,
805 3159 858 3196 ut
885 3153 934 3198 in
957 3149 1180 3197 oratione
1199 3146 1469 3197 astantibus
1494 3145 1653 3194 nullus
1672 3148 1780 3196 sine
1806 3159 1932 3208 prte-

346 3222 494 3272 cepto
513 3212 669 3260 Patris
694 3211 923 3271 psalmum
949 3211 1176 3272 imponat.

409 3265 453 3323 7.
492 3273 626 3322 Idem
683 3265 807 3332 ipse,
831 3265 1072 3333 quomodo
1098 3269 1474 3327 examinentur,
1520 3272 1605 3331 qui
1647 3282 1708 3317 ex
1749 3265 1930 3316 saeculo

348 3340 725 3384 convertuntur.

405 3398 450 3446 8.
489 3395 624 3446 Idem
649 3397 776 3458 ipse,
796 3393 1010 3458 qualiter
1034 3391 1283 3456 peregrini
1310 3390 1529 3454 hospites
1549 3391 1890 3452 suscipiantur.

408 3621 700 3685 INCIPIT
739 3621 1060 3683 REGULA
1105 3618 1588 3681 SANCTORUM
2147 3621 2506 3693 MACARII,
2547 3623 2970 3685 PAPHNUTII
3017 3627 3118 3686 ET
3163 3627 3562 3691 ALTERIUS

2028 3891 2156 3947 Car.
2206 3892 2290 3948 Ill.
2344 3892 2490 3948 Idem
2526 3895 2664 3963 ipse,
2703 3897 2770 3970 de
2804 3898 3148 3952 unanimitate
3194 3909 3243 3953 et
3273 3900 3618 3970 jucunditatc

866 3896 994 3951 Car.
1034 3895 1076 3950 I.
1116 3894 1391 3963 Pra’fatio.

2689 3966 2935 4036 fratrum.

418 4007 748 4063 Sedentibus
783 4006 939 4062 nobis
978 4007 1032 4060 in
1069 4022 1238 4060 unum
1275 4005 1500 4061 consilio
1546 4005 1926 4072 saluberrimo,

340 4115 465 4154 cum
508 4113 668 4169 prece
699 4097 984 4153 Dominum
1029 4105 1273 4152 nostrum
1303 4099 1642 4168 rogavimus,
1685 4107 1742 4152 ut
1768 4099 1926 4154 nobis

338 4189 689 4245 distribueret
726 4188 988 4259 Spiritum
1033 4196 1278 4242 sanctum
1301 4227 1316 4254 ,
1361 4189 1450 4257 qui
1480 4203 1578 4242 nos
1605 4188 1926 4256 instrueret,

341 4277 575 4348 qualiter
608 4277 836 4334 fratrum
869 4277 1332 4333 conversationem
1352 4317 1364 4340 ,
1392 4277 1476 4332 vel
1514 4275 1772 4348 Regulam
1800 4278 1924 4333 vita:

339 4369 594 4427 ordinare
619 4370 911 4441 possimus.

335 4508 462 4562 Car.
505 4505 566 4561 II.
610 4505 686 4560 De
723 4506 893 4576 prima
929 4503 1293 4588 conjunctione
1330 4503 1723 4557 caenobitarum.
1760 4501 1920 4558 Sera-
1950 4529 1997 4588 Β

974 4573 1096 4644 pion
1127 4573 1279 4628 dixit.

405 4709 670 4778 Quoniam
694 4707 1055 4763 misericordia
1079 4705 1292 4760 Domini
1310 4706 1464 4776 plena
1489 4714 1562 4759 est
1585 4714 1724 4759 terra
1747 4702 1917 4778 (Psal.

335 4801 551 4872 χχχιι),
581 4809 638 4855 et
670 4799 961 4856 multorum
991 4797 1206 4870 agmina
1239 4796 1306 4851 ad
1343 4796 1467 4850 vitae
1504 4794 1776 4867 fastigium
1803 4803 1922 4850 ten-

332 4893 486 4957 dunt,
515 4899 572 4946 et
599 4890 726 4961 quia
753 4887 924 4944 eremi
956 4887 1182 4942 vastitas
1206 4893 1261 4940 et
1285 4885 1620 4939 diversorum
1652 4889 1922 4938 monstro-

332 4998 452 5036 rum
477 4990 656 5037 terror
686 4978 999 5050 singillatim
1020 4976 1268 5032 habitare
1291 4973 1488 5029 fratres
1509 4990 1614 5028 non
1636 4973 1918 5042 permittit,

331 5073 596 5143 optimum
624 5071 839 5126 videtur
869 5068 1109 5139 Spiritus
1146 5065 1320 5121 sancti
1357 5065 1646 5134 praeceptis
1677 5063 1915 5119 obedire.

329 5161 441 5217 Nec
469 5169 653 5216 nostra
676 5159 895 5230 propria
922 5157 1087 5213 verba
1111 5162 1340 5225 possunt
1368 5153 1523 5207 firma
1545 5167 1916 5223 perseverare,

329 5250 433 5305 nisi
478 5247 708 5302 firmitas
743 5247 1179 5315 Scripturarum,
1228 5258 1260 5298 e
1302 5242 1603 5298 centesimo
1647 5242 1919 5297 tricesimo

327 5337 564 5392 secundo
601 5337 844 5408 psalmo,
883 5344 1129 5390 nostrum
1164 5333 1411 5390 ordinem
1451 5331 1658 5396 firmet,
1695 5347 1803 5403 quo
1839 5332 1920 5386 di-

327 5429 401 5480 cit
440 5441 455 5480 :
495 5426 630 5482 Ecce
669 5443 828 5499 quam
866 5427 1059 5482 bonum
1085 5433 1131 5480 et
1172 5441 1330 5496 quam
1357 5423 1656 5494 jucundum
1683 5422 1918 5477 habitare

326 5517 519 5584 fratres
543 5519 599 5573 in
626 5535 790 5572 unum
820 5516 1003 5588 (Psal.
1035 5516 1264 5587 cxxxu).
1310 5515 1375 5569 Et
1408 5514 1603 5569 iterum
1639 5531 1650 5566 :
1688 5512 1791 5578 Qui
1823 5514 1916 5566 Iza-

329 5607 495 5660 bttare
522 5607 648 5675 facit
679 5610 952 5663 unanimes
991 5607 1045 5660 in
1081 5607 1235 5660 doma
1265 5604 1437 5676 (Psal.
1474 5604 1674 5676 van);
1705 5604 1914 5658 firmam

323 5693 436 5762 iam
467 5711 609 5751 nunc
630 5695 888 5766 Regulam
911 5696 1130 5766 pietatis
1151 5712 1248 5765 per
1268 5694 1500 5765 Spiritus
1544 5695 1712 5749 sancti
1738 5703 1916 5749 ostcn-

329 5788 536 5840 sionem
569 5788 824 5842 fratribus
857 5788 1107 5842 ordinate
1137 5803 1545 5855 prosequamur.

2102 4054 2359 4110 Volumus
2385 4071 2515 4128 ergo
2543 4056 2738 4112 fratres
2767 4059 3048 4114 unanimes
3088 4061 3142 4115 in
3180 4062 3340 4116 domo
3372 4077 3497 4117 cum
3520 4063 3614 4133 ju-

2029 4145 2307 4201 cunditate
2334 4147 2580 4203 habitare
2599 4189 2614 4214 ,
2645 4149 2737 4203 sed
2764 4149 2993 4218 qualiter
3016 4151 3348 4206 unanimitas
3380 4153 3498 4222 ipsa
3531 4153 3617 4209 vel

2022 4235 2334 4305 jucunditas
2377 4245 2526 4294 recto
2569 4238 2760 4294 ordine
2812 4246 3095 4303 teneatur,
3135 4239 3246 4294 Deo
3295 4241 3614 4312 adiuvante,

2029 4327 2369 4382 mandamus.

2027 4441 2155 4498 CAP.
2198 4442 2285 4497 IV.
2330 4442 2435 4508 Qui
2463 4460 2621 4513 supra
2640 4485 2654 4506 ,
2688 4444 2753 4496 de
2777 4443 2961 4497 abbate
2981 4483 2996 4505 ,
3037 4453 3084 4496 et
3113 4444 3370 4514 quomodo
3399 4445 3446 4498 ei
3485 4448 3612 4499 obe-

2587 4514 2736 4567 diant
2764 4515 3027 4567 monachi.

2101 4601 2361 4658 Volumus
2390 4618 2522 4674 ergo
2549 4618 2714 4658 unum
2736 4618 2972 4673 praeesse
3001 4602 3270 4658 seniorem
3297 4620 3461 4680 super
3489 4621 3612 4661 om-

2025 4709 2121 4749 nes
2149 4693 2345 4748 fratres
2368 4735 2382 4758 ,
2417 4709 2517 4749 nec
2545 4693 2613 4748 ab
2645 4692 2763 4763 ejus
2803 4692 3028 4748 consilio
3055 4693 3139 4748 vel
3165 4695 3394 4763 imperio
3420 4709 3612 4764 quem-

2021 4800 2182 4856 quam
2215 4785 2496 4840 sinislrum
2525 4784 2828 4850 declinare,
2858 4785 2954 4839 sed
2978 4783 3119 4839 sicut
3140 4784 3366 4855 imperio
3395 4785 3610 4840 Domini

2021 4891 2144 4931 cum
2170 4877 2315 4931 omni
2353 4875 2540 4930 ltetitia
2573 4875 2826 4941 obedire;
2857 4873 3075 4930 dicente
3110 4873 3369 4947 Apostolo
3404 4877 3473 4930 ad
3505 4873 3610 4931 Ile-

2017 4967 2222 5022 Imeos:
2247 4967 2462 5020 Obedite
2478 4966 2770 5036 pratpositis
2795 4966 3134 5036 vestris,quia
3149 4966 3248 5036 ipsi
3263 4965 3482 5036 vigilant
3511 4981 3606 5036 pro

2018 5058 2159 5112 vobis
2191 5056 2377 5128 (Hebr.
2411 5057 2554 5129 xm).
2596 5057 2664 5112 Et
2695 5057 2956 5113 Dominus
2996 5057 3131 5112 dixit
3167 5071 3182 5109 :
3221 5055 3363 5110 Nolo
3400 5055 3608 5124 sacriﬁ-

2018 5149 2188 5216 cium,
2226 5148 2316 5203 sed
2353 5149 2703 5202 obedientiam
2742 5145 2966 5220 (Matth.
2996 5145 3108 5217 lx).
3141 5145 3605 5202 Considerandum

2017 5249 2102 5295 est
2131 5255 2344 5310 quoque
2382 5239 2451 5294 ab
2489 5239 2576 5293 his
2599 5237 2693 5310 qui
2729 5253 2788 5292 se
2820 5237 2914 5291 tali
2958 5249 3120 5307 opere
3158 5235 3445 5290 unanimes
3483 5245 3606 5288 esse

2018 5329 2261 5398 cupiunt,
2291 5329 2416 5398 quia
2438 5343 2537 5398 per
2561 5327 2924 5383 obedientiam
2943 5325 3217 5381 Abraham
3239 5324 3444 5394 placuit
3472 5324 3604 5388 Deo,

2019 5421 2087 5476 Et
2124 5423 2325 5476 amicus
2356 5421 2454 5476 Dei
2481 5419 2773 5492 appellatus
2802 5427 2878 5474 est
2918 5418 3060 5488 (Jac.
3097 5417 3178 5485 ιι).
3214 5417 3320 5471 Per
3351 5415 3606 5471 obedien-

2019 5513 2151 5568 tiam
2180 5513 2280 5582 ipsi
2308 5512 2537 5583 apostoli
2568 5518 2882 5566 meruerunt
2903 5517 3070 5565 testes
3098 5508 3326 5562 Domino
3349 5507 3404 5561 in
3433 5505 3607 5560 tribu-

2018 5605 2120 5658 bus
2148 5588 2207 5659 et
2229 5603 2440 5674 populis
2471 5617 2612 5658 esse.
2641 5601 2759 5672 Ipse
2788 5616 3003 5670 quoque
3032 5599 3293 5654 Dominus
3330 5606 3514 5652 noster
3538 5594 3607 5648 de

2019 5694 2266 5764 supernis
2302 5695 2368 5748 ad
2405 5692 2658 5748 inferiora
2701 5691 3034 5748 descendens
3062 5691 3138 5744 ait
3170 5708 3181 5741 :
3217 5688 3339 5742 Non
3375 5689 3485 5741 veni
3521 5684 3607 5752 fa-

2020 5803 2132 5839 rare
2161 5784 2475 5839 voluntatem
2506 5800 2704 5851 meam,
2737 5783 2827 5837 sed
2864 5781 2976 5849 eius
3007 5782 3094 5853 qui
3125 5798 3204 5834 me
3238 5779 3379 5833 misit
3420 5775 3605 5851 (locus.
