3942 6190
423 336 489 393 57
1054 331 1281 389 CODEX
1322 329 1778 388 REGULAKUM.
1813 362 1883 371 -
1922 330 2102 387 PARS
2137 332 2177 387 I.
2223 333 2526 394 REGULIE
2562 339 2664 394 PP.
2708 339 2980 399 ORIENT.

3544 345 3648 404 438

383 455 474 518 vi).
504 449 599 503 llis
625 463 751 519 ergo
776 445 942 499 tantis
967 444 1259 500 virtutibus
1284 444 1496 499 ﬁrmata
1517 445 1824 500 obedientia
1847 460 1964 500 ma-
1993 450 2046 509 Α
2069 458 2456 518 preponantur.
2491 449 2548 506 Si
2581 467 2708 507 vero
2735 457 3195 522 perseveraverint
3227 457 3504 528 pulsantes
3525 499 3540 524 ,
3569 463 3648 516 eis

380 554 612 614 gnopere
643 550 944 607 magnoque
974 535 1154 589 studio
1172 544 1445 590 teneatur.

380 632 504 685 Car.
544 629 604 680 γ.
642 626 911 680 Macarius
938 625 1092 687 dixit,
1109 625 1336 695 qualiter
1364 626 1639 694 spirituale
1663 626 1967 680 exercitium

615 697 678 751 ab
705 697 786 749 his
807 697 897 766 qui
923 692 1156 764 prwsunt
1191 692 1438 748 Patribus
1461 704 1722 749 teneatur.

445 789 715 856 Quoniam
752 786 984 840 fratrum
1011 785 1242 856 insignia
1272 787 1533 841 virtutum
1555 829 1569 852 ,
1605 787 1968 842 habitationes

376 899 623 953 quoque,
666 879 751 935 vel
798 879 1106 935 obedientia
1157 881 1406 950 superius
1455 882 1762 951 conscripta
1808 888 1963 943 sunt,

377 990 516 1030 nunc
552 972 792 1043 qualiter
826 970 1107 1042 Spirituale
1145 973 1467 1028 exercitium
1507 974 1574 1027 ab
1599 974 1682 1028 his
1711 973 1802 1042 qui
1830 988 1968 1042 prm-

374 1071 498 1120 sunt
551 1062 809 1117 Patribus
865 1069 1114 1117 teneatur
1166 1063 1278 1117 Deo
1322 1062 1548 1130 juvante
1595 1064 1961 1118 ostendamus.

376 1154 594 1209 Debetis
612 1195 626 1219 ,
659 1154 750 1222 qui
775 1152 1032 1224 praeestis
1054 1151 1267 1217 Patres,
1303 1154 1438 1208 tales
1464 1169 1560 1208 vos
1587 1155 1845 1208 exhibere
1865 1195 1878 1216 ,
1907 1163 1966 1208 ut

374 1244 664 1313 Apostolus
692 1243 768 1296 ait
800 1257 813 1294 :
852 1241 1031 1295 Estote
1054 1242 1226 1312 forma
1250 1242 1580 1297 credentibus
1613 1243 1666 1315 (I
1697 1243 1848 1297 Thes.
1879 1245 1917 1314 ι)
1947 1265 1958 1298 :

373 1337 473 1391 hoc
502 1345 620 1399 est,
650 1344 710 1388 ut
736 1350 832 1404 per
856 1333 1173 1403 qualitatem
1203 1336 1450 1405 mysticae
1483 1336 1700 1405 pictatis
1727 1345 1781 1390 et
1809 1351 1962 1391 seve-

374 1426 555 1480 ritatis
577 1424 811 1478 fratrum
841 1424 1052 1479 animos
1078 1425 1148 1477 ad
1175 1425 1415 1480 emlestia
1439 1426 1504 1480 de
1533 1427 1762 1481 terrenis
1793 1427 1965 1496 eriga-

373 1516 461 1578 tis,
487 1515 704 1570 dicente
735 1512 992 1583 Apostolo
1025 1531 1038 1566 :
1073 1513 1246 1583 Argue
1266 1555 1280 1579 ,
1305 1514 1518 1568 obsecra
1537 1557 1550 1580 ,
1582 1517 1816 1586 increpa,
1845 1534 1962 1570 cum

371 1605 512 1658 omni
538 1604 795 1672 patientia
832 1611 878 1655 et
909 1600 1149 1654 doctrina
1181 1601 1268 1671 (II
1310 1601 1444 1656 Tim.
1487 1603 1584 1672 iv).
1618 1604 1682 1658 Et
1711 1604 1816 1658 alio
1845 1605 1963 1660 loco

372 1693 547 1762 inquit
589 1710 602 1744 :
653 1691 792 1758 Quid
829 1690 1013 1755 vultis,
1053 1692 1106 1745 in
1143 1693 1290 1762 virga
1331 1695 1532 1747 veniam
1561 1695 1630 1748 ad
1663 1711 1780 1758 vos,
1813 1713 1883 1748 an
1908 1698 1960 1750 in

2067 553 2174 595 non
2209 553 2436 612 negetur
2474 543 2778 614 ingressus;
2815 547 2907 602 sed
2937 549 2984 601 is
3017 549 3108 617 qui
3137 559 3331 618 praeest
3359 550 3520 606 Pater
3554 553 3650 607 hu-

2057 627 2294 697 iusmodi
2334 633 2579 688 homines
2621 635 2846 690 introire
2883 639 3191 706 permittat,
3219 647 3274 693 et
3307 638 3543 708 qualiter
3571 641 3652 695 vi-

2067 727 2174 773 tam
2214 717 2442 776 fratrum
2460 763 2474 787 ,
2509 723 2593 778 vel
2622 724 2879 795 Regulam
2912 734 3095 782 tenere
3122 729 3348 798 possint,
3377 731 3647 786 ostendat.

2065 807 2217 876 Quod
2251 811 2296 864 si
2330 812 2479 867 dives
2511 822 2626 878 est,
2649 823 2704 869 et
2738 817 2944 871 habens
2974 818 3171 873 multas
3207 819 3424 876 divitias
3458 822 3513 876 in
3551 836 3650 877 sa:-

2067 899 2221 966 culo,
2245 909 2301 954 et
2327 903 2566 962 converti
2599 904 2857 971 voluerit,
2888 908 3044 962 debet
3065 909 3239 976 primo
3276 909 3366 964 Dei
3405 910 3650 966 volunta-

2065 995 2174 1042 tem
2218 989 2471 1058 implere,
2513 1000 2570 1046 et
2607 996 2866 1064 consequi
2917 1004 3243 1066 praeceptum
3293 999 3420 1054 illud
3463 1003 3650 1070 princi-

2065 1090 2250 1144 puum,
2286 1079 2429 1147 quod
2456 1080 2785 1136 adolescenti
2810 1083 2960 1137 diviti
2989 1084 3184 1138 dicitur
3217 1103 3230 1139 :
3277 1084 3447 1142 Vende
3471 1091 3646 1143 omnia

2067 1169 2201 1223 bona
2227 1181 2318 1223 tua
2337 1211 2351 1231 ,
2379 1182 2427 1224 et
2463 1172 2531 1226 da
2559 1174 2876 1244 pauperibus
2895 1215 2908 1236 ,
2942 1185 2987 1228 et
3017 1175 3138 1229 tolle
3164 1193 3368 1232 crucem
3393 1188 3535 1232 tuam
3557 1220 3570 1244 ,
3599 1190 3646 1234 et

2065 1276 2276 1329 sequere
2309 1280 2388 1316 me
2426 1263 2616 1334 (Marc.
2651 1266 2726 1338 χ).
2761 1265 2966 1322 Deinde
2998 1269 3343 1324 instruendus
3368 1279 3452 1326 est
3485 1273 3552 1325 ab
3583 1289 3648 1326 eo

2065 1353 2156 1421 qui
2183 1363 2380 1422 praeest
2406 1356 2588 1420 Patre,
2611 1365 2669 1410 ut
2698 1358 2830 1412 nihil
2856 1359 2958 1412 sibi
2985 1359 3272 1428 relinquat,
3300 1360 3402 1415 nisi
3431 1376 3644 1415 crucem

2065 1442 2298 1508 Christi,
2332 1460 2493 1514 quam
2526 1455 2708 1512 tenet,
2735 1458 2788 1502 et
2822 1457 3080 1518 sequatur
3121 1449 3428 1506 Dominum.
3459 1451 3648 1508 Crucis

2065 1547 2193 1585 vero
2227 1531 2440 1602 fastigia
2482 1549 2602 1603 qua:
2641 1538 2868 1590 tenenda
2909 1546 3068 1602 sunt,
3111 1539 3284 1606 primo
3326 1539 3472 1594 omni
3520 1541 3647 1596 obe-

2065 1618 2264 1672 dientia
2309 1636 2414 1674 non
2455 1637 2604 1676 suam
2645 1623 2975 1678 voluntatem
3019 1624 3228 1693 facere,
3265 1628 3358 1682 sed
3399 1628 3640 1684 alterius.

2065 1709 2217 1774 Quod
2241 1711 2286 1763 si
2310 1710 2536 1764 voluerit
2559 1715 2889 1769 monasterio
2914 1724 3121 1783 partem
3145 1716 3408 1782 conferre,
3437 1718 3647 1772 noverit

369 1785 557 1853 spiritu
584 1781 1010 1837 mansuetudinis
1040 1781 1103 1852 (Ι
1137 1782 1257 1836 Cor.
1294 1783 1411 1854 Iv)?
1447 1785 1852 1840 Decernendum
1879 1795 1954 1841 est

2065 1815 2172 1867 quo
2205 1800 2394 1853 ordine
2429 1801 2542 1855 sive
2583 1802 2726 1870 ipse,
2761 1804 2873 1857 sive
2909 1803 3024 1871 ejus
3063 1804 3260 1862 oblatio
3295 1807 3640 1877 suscipiatur.

370 1875 439 1928 ab
463 1873 574 1936 illo,
597 1873 691 1942 qui
718 1880 932 1942 praeest,
957 1872 1191 1940 qualiter
1211 1873 1356 1928 circa
1378 1874 1618 1944 singulos
1642 1876 1830 1930 debeat
1851 1876 1962 1945 pie-

373 1964 497 2018 tatis
526 1961 778 2017 afl‘ectum
811 1969 1149 2027 monstrare;
1181 1972 1237 2017 et
1270 1964 1504 2032 qualiter
1546 1972 1730 2020 tenere
1768 1967 1963 2020 debeat

371 2053 735 2122 disciplinam,
764 2068 871 2107 non
902 2053 1187 2107 immemor
1214 2055 1426 2109 Domini
1467 2054 1696 2110 dicentis
1729 2071 1742 2110 :
1773 2057 1835 2110 In
1857 2075 1961 2128 qua

371 2158 615 2197 mensura
648 2144 814 2197 mensi
844 2142 1074 2211 fueritis,
1103 2146 1400 2198 remetiatur
1430 2147 1566 2200 vobis
1596 2146 1810 2217 (Matth.
1841 2149 1956 2212 vn).

371 2256 497 2311 Car.
532 2256 621 2312 Vl.
664 2256 812 2311 Idem
839 2257 982 2327 ipse,
1022 2268 1078 2312 ut
1114 2260 1168 2312 in
1193 2261 1429 2314 oratione
1465 2263 1757 2316 astantibus
1783 2264 1958 2318 nullus

569 2327 682 2381 sine
702 2337 961 2397 pracepto
985 2328 1187 2384 abbatis
1212 2329 1470 2398 psalmum
1504 2332 1755 2401 imponat.

440 2438 763 2493 Astantibus
813 2454 944 2508 ergo
998 2441 1064 2494 ad
1105 2441 1404 2496 orationem
1450 2442 1628 2498 nullus
1673 2454 1960 2513 prmsumat

370 2527 486 2582 sine
515 2535 786 2597 praecepto
809 2529 898 2597 qui
927 2538 1121 2597 praeest
1138 2530 1313 2585 Patris
1334 2531 1526 2599 psalmi
1559 2532 1770 2586 laudem
1797 2535 1954 2588 emit-

372 2624 505 2670 tere.
548 2615 696 2671 Ordo
735 2616 838 2670 iste
881 2624 1149 2683 teneatur,
1179 2626 1238 2672 ut
1278 2619 1455 2673 nullus
1485 2619 1727 2674 Priorem
1761 2621 1813 2674 in
1845 2636 1958 2676 mo-

369 2707 612 2762 nasterio
648 2707 718 2761 ad
753 2707 1003 2762 standum
1043 2709 1124 2763 vel
1157 2709 1491 2778 psallendum
1524 2710 1716 2766 ordine
1747 2727 1953 2780 pnesu-

366 2803 481 2850 mat
507 2796 845 2866 praecedere,
877 2796 1089 2852 dicente
1127 2796 1414 2854 Salomone
1447 2817 1458 2852 :
1490 2797 1633 2865 Fili,
1674 2799 1955 2869 primatum

365 2886 729 2955 concupiscere
751 2885 892 2952 noli;
921 2904 1084 2958 neque
1116 2887 1421 2943 accubueris
1451 2889 1597 2959 prior
1623 2889 1677 2942 in
1702 2889 1952 2952 convivio,

366 2991 432 3028 ne
456 2975 626 3029 veniat
655 2973 840 3030 melior
870 2984 940 3040 te,
969 2985 1015 3030 et
1040 2976 1184 3030 dicat
1211 2977 1306 3030 tibi
1335 2991 1354 3028 .°
1383 2975 1584 3048 Surge,
1613 2987 1661 3032 et
1690 2977 1955 3050 confusio-

368 3082 484 3119 nem
509 3066 733 3136 patiaris
760 3067 813 3119 in
841 3066 925 3120 die
945 3065 1038 3121 illa
1062 3066 1213 3138 (Luc.
1243 3067 1375 3139 XIV).
1405 3069 1472 3123 Et
1494 3069 1689 3124 iterum
1717 3071 1949 3125 dicitur:

2064 1887 2131 1940 Et
2170 1888 2214 1942 si
2262 1890 2492 1944 voluerit
2530 1891 2596 1947 de
2637 1893 2809 1948 servis
2847 1895 2962 1948 suis
2998 1910 3180 1950 secum
3216 1897 3270 1950 in
3316 1899 3644 1954 monasterio

2064 1979 2392 2044 conducere,
2438 1982 2650 2036 noverit
2678 1980 2792 2050 jam
2836 1997 2943 2038 non
2987 2000 3110 2039 eum
3159 2000 3374 2041 servum
3417 1985 3639 2049 habere.

2063 2070 2156 2124 sed
2202 2069 2468 2137 fratrem,
2519 2081 2579 2128 ut
2621 2073 2676 2129 in
2722 2073 2973 2131 omnibus
3021 2075 3291 2147 perfectus
3334 2078 3639 2133 inveniatur

2062 2158 2222 2213 homo
2256 2161 2361 2216 ille.

2060 2263 2188 2320 CAP.
2229 2267 2356 2321 Vlll.
2399 2268 2666 2341 Idemque,
2694 2271 2922 2353 qualiter
2945 2275 3202 2345 peregrini
3227 2275 3450 2346 hospites
3474 2279 3643 2332 susci-

2732 2352 2964 2411 piantur.

2131 2425 2487 2480 Venientihus
2517 2429 2597 2484 eis
2634 2430 2813 2485 nullus
2852 2430 2954 2485 nisi
2998 2448 3172 2498 unus,
3209 2433 3296 2489 cui
3324 2448 3454 2490 cura
3495 2436 3639 2492 circa

2061 2519 2328 2590 hospitale
2349 2521 2512 2578 fuerit
2536 2523 2798 2595 injuncta,
2825 2536 3099 2593 occurrat,
3126 2536 3180 2582 et
3209 2543 3526 2599 responsum
3547 2531 3640 2586 det

2059 2609 2420 2664 venientibus.
2444 2609 2632 2678 Orare,
2650 2613 2733 2668 vel
2756 2629 2943 2684 pacem
2975 2614 3168 2670 offerre
3196 2631 3302 2671 non
3334 2615 3494 2673 liceat
3520 2618 3636 2683 ulli,

2059 2700 2163 2756 nisi
2201 2702 2377 2771 primo
2401 2702 2649 2758 videatur
2675 2705 2744 2759 ab
2770 2719 2836 2763 eo
2863 2703 2953 2772 qui
2987 2713 3181 2774 praeest
3205 2705 3394 2771 Patre;
3429 2715 3484 2761 et
3515 2722 3639 2762 ora-

2059 2790 2205 2845 tione
2237 2791 2396 2846 simul
2425 2799 2642 2860 peracta
2663 2833 2676 2859 ,
2709 2801 2968 2862 sequatur
3001 2794 3188 2849 ordine
3212 2808 3310 2850 suo
3339 2795 3487 2864 pacis
3521 2793 3637 2850 olli-

2059 2883 2202 2937 cium
2233 2880 2478 2935 reddere.
2508 2880 2618 2937 Nec
2647 2882 2831 2938 licebit
2854 2883 3016 2939 alicui
3049 2882 3202 2940 fratri
3230 2900 3352 2941 cum
3380 2895 3638 2957 superve-

2057 2976 2240 3032 niente
2277 2974 2660 3038 sermocinari;
2722 2988 2828 3028 non
2869 2973 2941 3029 sit
2969 2974 3063 3030 ulli
3099 2989 3228 3030 cura
3269 2977 3636 3048 interrogandi

2057 3065 2199 3120 unde
2223 3064 2447 3127 venerit,
2478 3063 2546 3118 ad
2571 3063 2700 3133 quid
2730 3064 2954 3128 venerit,
2982 3065 3064 3120 vel
3091 3066 3303 3135 quando
3331 3065 3637 3123 ambulatu-

370 3134 692 3214 Nolivaltum
717 3177 931 3231 sapere,
969 3134 1208 3216 sed'time
1236 3134 1411 3233 (Rom.
1444 3161 1545 3234 ιι).
1579 3163 1731 3232 Quod
1765 3164 1810 3219 si
1843 3173 1952 3218 tar-
1981 3134 2027 3197 Ο
2061 3169 2152 3209 1⁵1³8
2178 3155 2282 3220 Sil:
2311 3152 2414 3209 Πίεί
2441 3153 2540 3209 ⁸οη
2574 3153 2665 3223 (ιιιί
2698 3163 2896 3225 praeSt
2933 3134 3112 3222 Ρδιτίέ
3155 3165 3248 3212 am
3286 3157 3483 3228 (ιιιίὺυε
3519 3159 3636 3230 ipso

369 3248 462 3303 dat
487 3249 534 3303 is
564 3250 655 3318 qui
695 3258 891 3320 prteest
912 3291 928 3315 ,
957 3259 1173 3321 oportet
1210 3253 1442 3321 primum
1481 3254 1533 3308 in
1564 3255 1810 3309 notitiam
1839 3256 1954 3326 ejus

368 3337 586 3393 differre
604 3380 618 3405 ,
649 3348 704 3394 et
732 3341 1026 3395 secundum
1056 3339 1172 3410 ejus
1198 3341 1483 3412 imperium
1515 3344 1736 3399 obedire
1759 3359 1954 3399 conve-

369 3428 472 3493 nit,
502 3427 720 3484 fratres.
1624 3437 1628 3440 ’

367 3535 495 3593 CAP.
533 3536 646 3593 VH.
686 3537 836 3594 Idem
875 3532 1022 3616 ipse,
1055 3542 1314 3609 quomodo
1353 3545 1714 3598 examinentur
1747 3548 1836 3616 qui
1890 3563 1954 3598 ea:

857 3610 1050 3664 steculo
1075 3623 1463 3666 convertuntur.

437 3697 684 3764 Qualiter
713 3711 841 3752 vero
871 3699 1204 3755 examinatio
1234 3715 1361 3771 erga
1390 3715 1516 3765 eos,
1549 3701 1641 3770 qui
1669 3702 1734 3756 de
1758 3701 1953 3756 smculo

370 3799 764 3846 convertuntur
795 3792 967 3847 teneri
993 3791 1215 3870 debeat,
1245 3793 1594 3848 ostendamus
1619 3793 1792 3848 vobis.
1824 3791 1952 3846 Am-

365 3881 620 3949 putandze
649 3889 774 3936 sunt
803 3883 976 3951 primo
1011 3883 1080 3937 ab
1109 3883 1480 3953 hujuscemodi
1514 3883 1712 3938 divitiae
1748 3884 1948 3938 saeculi.

365 3969 431 4022 Et
455 3971 503 4024 si
525 3972 650 4040 quis
677 3988 882 4043 pauper
905 3975 1149 4029 converti
1171 3975 1438 4040 videatur,
1467 3975 1627 4030 habet
1653 3984 1708 4030 et
1734 3977 1848 4046 ipse
1870 3976 1952 4031 di-

364 4059 523 4115 vitias
541 4101 556 4124 ,
583 4075 720 4130 quas
747 4071 1029 4131 amputare
1055 4064 1275 4128 debeat,
1313 4079 1447 4133 quas
1475 4064 1708 4134 Spiritus
1735 4073 1954 4121 sanctus

363 4152 598 4205 ostendit
633 4167 731 4221 per
771 4152 1114 4208 Salomonem
1159 4154 1344 4210 dicens
1388 4171 1402 4209 :
1449 4154 1574 4208 Odit
1615 4157 1793 4210 anima
1836 4174 1951 4211 mea

362 4257 641 4311 pauperem
661 4243 958 4312 superbum,
981 4251 1029 4297 et
1051 4244 1260 4298 divitem
1281 4245 1577 4299 mendacem
1604 4245 1772 4317 (Eccl.
1797 4251 1948 4318 xxv).

367 4329 431 4382 Et
457 4330 563 4385 alio
592 4330 711 4386 loco
736 4332 869 4386 dicit
893 4347 908 4384 :
943 4331 1090 4386 Sicut
1117 4333 1446 4388 vulneratum
1471 4335 1748 4405 superbum
1778 4335 1948 4408 (Psal.

366 4420 652 4493 LXXXVIII).
691 4420 860 4477 Debet
895 4438 1027 4494 ergo
1067 4424 1114 4478 is
1153 4425 1244 4494 qui
1288 4435 1481 4494 praeest
1525 4425 1706 4493 Pater,
1755 4445 1950 4500 magno

2053 3245 2299 3316 jusserit.
2333 3243 2684 3301 Venientibns
2712 3261 2842 3301 vero
2877 3245 3134 3304 fratribus
3175 3249 3238 3302 ad
3274 3248 3462 3304 horam
3497 3250 3636 3306 refe-

2056 3336 2285 3400 ctionis,
2331 3349 2438 3390 non
2479 3334 2663 3391 licebit
2700 3338 2988 3408 peregrino
3027 3336 3181 3394 fratri
3215 3354 3336 3394 cum
3375 3337 3636 3396 fratribus

2055 3428 2406 3491 manducare,
2438 3427 2543 3482 nisi
2571 3444 2692 3482 cum
2715 3444 2781 3485 eo
2806 3430 2895 3499 qui
2925 3439 3120 3500 przeest
3151 3429 3344 3498 Patre,
3375 3442 3434 3488 ut
3466 3435 3641 3504 possit

2054 3519 2333 3574 aedificari.
2369 3518 2507 3573 Nulli
2538 3519 2721 3574 licebit
2740 3534 2862 3574 cum
2888 3533 2953 3574 eo
2982 3519 3150 3588 loqui,
3178 3535 3278 3575 nec
3299 3519 3522 3592 alicujus
3543 3539 3639 3577 au-

2055 3609 2234 3663 diatur
2262 3624 2463 3672 sermo,
2488 3609 2592 3663 nisi
2619 3608 2850 3672 divinus,
2879 3609 2969 3678 qui
2993 3624 3060 3664 ex
3083 3610 3276 3677 pagina
3304 3610 3634 3680 proferatur,

2053 3706 2108 3752 et
2137 3696 2255 3766 ejus
2281 3697 2371 3766 qui
2402 3705 2598 3765 praeest
2619 3695 2819 3762 Patris,
2852 3696 2934 3752 vel
2960 3698 3155 3767 quibus
3179 3698 3528 3770 ipsejusserit
3559 3703 3634 3761 lo.

2053 3787 2168 3856 qui,
2195 3795 2252 3840 ut
2276 3785 2480 3854 aliquid
2505 3786 2571 3840 de
2597 3786 2707 3841 Deo
2730 3787 3034 3841 conveniat.

2055 3895 2183 3952 Car.
2203 3896 2294 3951 1X.
2329 3895 2571 3961 Qualiter
2584 3897 3067 4021 jeju‘nior‘qmqrdo
3095 3908 3357 3958 teneatur.
3375 3901 3630 3977 Paphnu-

2711 3983 2794 4021 ius
2861 3984 2933 4021 ixi
2964 4009 2977 4021 .

2689 3977 2794 4021 tius
2823 3977 2977 4023 dixit.

2126 4059 2313 4131 Magna
2342 4068 2397 4114 et
2428 4059 2580 4114 utilia
2602 4059 2669 4114 ad
2701 4059 2895 4116 anima:
2925 4061 3151 4118 salutem
3182 4063 3326 4120 dicta
3350 4073 3494 4133 sunt,
3520 4064 3630 4122 fra-

2055 4158 2164 4205 tres
2190 4168 2201 4202 :
2230 4163 2328 4204 nec
2350 4148 2455 4204 hoc
2481 4147 2766 4204 tacendum
2783 4157 2886 4214 est,
2912 4151 3143 4219 qualiter
3158 4151 3483 4222 jejuniorum
3498 4157 3632 4212 ordo

2052 4240 2315 4295 tenendus
2357 4240 2446 4295 sit.
2491 4239 2602 4294 Nec
2629 4239 2780 4293 aliud
2816 4240 2941 4296 huic
2979 4241 3217 4299 firmitati
3261 4247 3630 4302 testimonium

2051 4331 2321 4396 convenit,
2369 4330 2665 4386 dulcissimi
2715 4327 2933 4396 fratres,
2977 4333 3083 4386 nisi
3111 4332 3266 4399 illud,
3289 4337 3434 4405 quod
3455 4335 3625 4392 dicit:

2056 4417 2246 4474 Petrus
2273 4430 2448 4472 autem
2469 4428 2516 4472 et
2530 4419 2762 4473 Joannes
2782 4420 3127 4474 ascendebant
3143 4423 3198 4475 in
3218 4423 3467 4494 templum
3488 4427 3630 4480 circa

366 4511 543 4565 studio
573 4489 715 4566 hanc
747 4489 1005 4582 Regulam
1046 4489 1232 4568 tenere
1271 4489 1377 4569 aut
1409 4515 1453 4570 si
1487 4489 1701 4586 pauper?
1725 4489 1950 4572 conver-
1975 4489 2028 4550 Ῑ)
2052 4513 2233 4567 horam
2285 4512 2537 4566 orationis
2588 4527 2782 4566 nonam
2831 4509 2965 4584 (Act.
2998 4511 3102 4584 ιιι).
3144 4489 3478 4586 Debet'ergo
3527 4517 3630 4572 iste

367 4605 520 4667 titur,
545 4603 725 4673 primo
750 4611 988 4673 exponat
1013 4604 1284 4658 sarcinam
1320 4606 1604 4675 superbire,
1632 4615 1689 4661 et
1717 4607 1796 4662 sic
1824 4623 1950 4662 exa-

367 4694 606 4748 minatus
632 4694 972 4763 suscipiatur.
1002 4693 1170 4750 Debet
1190 4703 1315 4752 ante
1337 4697 1517 4751 omnia
1547 4697 1821 4753 humiliter
1852 4699 1953 4753 im-

368 4784 454 4837 bui
475 4823 490 4846 ,
517 4791 576 4837 ut
606 4784 748 4852 quod
786 4799 1039 4854 magnum
1079 4791 1135 4839 et
1170 4783 1281 4840 Deo
1311 4795 1589 4855 acceptum
1626 4788 1949 4843 sacrificium

370 4882 481 4938 est,
522 4889 675 4930 suam
715 4875 1046 4929 voluntatem
1093 4891 1198 4929 non
1238 4875 1402 4932 faciat
1448 4878 1815 4948 unusquisque
1860 4895 1951 4934 ve-

369 4974 575 5030 strum,
622 4964 848 5030 fratres;
884 4967 978 5021 sed
1019 4969 1087 5022 ad
1133 4983 1292 5023 omne
1345 4984 1480 5039 opus
1531 4970 1732 5024 bonum
1776 4971 1950 5040 parati

367 5062 559 5110 estote.
600 5054 869 5126 Quidquid
902 5055 1193 5123 acciderit,
1235 5067 1329 5111 aut
1360 5056 1565 5126 justum
1600 5057 1728 5127 quid
1765 5057 1948 5122 fuerit,

372 5158 638 5199 memores
687 5158 809 5199 esse
865 5145 1074 5201 debetis
1129 5165 1140 5200 :
1199 5145 1266 5201 In
1319 5147 1653 5202 tribulatione
1699 5149 1950 5218 patientes

372 5232 546 5302 illam.
572 5233 703 5308 xu);
737 5237 792 5291 in
825 5237 1080 5306 operibus
1119 5239 1351 5294 honesti.
1394 5238 1574 5294 Nolite
1612 5256 1698 5295 vos
1731 5239 1948 5294 invicem

370 5325 437 5378 ad
467 5325 798 5381 iracundiam
821 5344 1132 5398 provocare,
1163 5329 1253 5384 sed
1280 5346 1480 5400 semper
1509 5329 1644 5384 bona
1679 5331 1948 5384 sectamini

371 5416 530 5486 (Eph.
562 5418 657 5490 Vl).
689 5417 728 5472 li
755 5419 847 5488 qui
877 5419 1012 5474 tales
1035 5428 1180 5485 sunt,
1208 5435 1331 5476 cum
1357 5422 1422 5476 de
1442 5421 1624 5478 saeculi
1652 5423 1812 5492 hujus
1834 5422 1942 5477 ille-

370 5510 548 5565 celiris
587 5509 806 5566 liberari
839 5512 1136 5580 voluerint,
1172 5515 1556 5586 appropiantes
1597 5516 1944 5578 monasterio,

370 5598 701 5655 hebdomada
745 5617 843 5672 pro
879 5602 1084 5659 foribus
1115 5604 1336 5674 jaceant
1380 5621 1392 5657 :
1438 5604 1567 5658 nulli
1609 5618 1730 5658 cum
1771 5605 1850 5657 eis
1881 5604 1948 5658 de

372 5693 626 5752 fratribus
649 5699 959 5768 junguntur,
991 5708 1046 5756 et
1079 5715 1292 5772 semper
1321 5701 1453 5756 dura
1495 5707 1549 5754 et
1577 5699 1838 5754 laberiosa
1868 5701 1946 5756 eis

2050 4603 2182 4658 ordo
2202 4603 2394 4668 teneri,
2424 4600 2644 4667 fratres,
2677 4609 2738 4657 ut
2755 4601 2902 4656 nullo
2930 4602 3032 4666 die,
3061 4603 3166 4658 nisi
3195 4603 3328 4658 hora
3351 4619 3512 4672 nona,
3537 4621 3626 4661 re-

2053 4695 2304 4752 ficiantur
2353 4692 2553 4749 fratres
2598 4693 2652 4747 in
2702 4695 3053 4761 monasterio,
3085 4705 3310 4766 excepta
3352 4697 3627 4752 Dominica

2053 4787 2140 4842 die
2167 4795 2221 4841 et
2268 4784 2712 4855 quinquagesima
2757 4783 3124 4841 Pentecostes.
3174 4785 3273 4842 Die
3301 4795 3480 4843 autem
3517 4787 3624 4842 Do-

2053 4877 2252 4932 minica
2285 4873 2419 4929 nihil
2439 4873 2582 4929 aliud
2609 4881 2791 4945 agant,
2820 4875 2923 4930 nisi
2953 4876 3064 4931 Deo
3084 4885 3306 4942 vacent,
3324 4892 3392 4934 ne
3416 4892 3515 4949 pro
3529 4879 3627 4933 ali-

2054 4983 2161 5038 qua
2184 4967 2471 5022 occasione
2495 4980 2554 5020 se
2601 4965 2788 5030 velint,
2815 4967 3060 5022 autalios
3099 4983 3382 5026 excusare.
3421 4969 3625 5026 Tamen

2054 5066 2346 5121 contestor,
2396 5055 2611 5121 fratres,
2663 5057 2808 5126 quod
2845 5057 2990 5111 nulla
3033 5060 3278 5128 operatio
3309 5061 3367 5116 in
3411 5061 3500 5117 die
3533 5061 3627 5117 illa

2054 5156 2240 5202 sancta
2268 5145 2650 5215 comperiatur,
2679 5145 2781 5200 nisi
2803 5154 3011 5200 tantum
3037 5149 3274 5219 hymnis,
3305 5158 3361 5206 et
3383 5151 3624 5221 psalmis,

2053 5248 2108 5293 et
2133 5238 2358 5293 canticis
2392 5237 2760 5307 spiritualibus
2786 5240 2900 5293 dies
2927 5239 3015 5294 illa
3047 5242 3400 5312 transigatur.

2080 5331 2208 5386 Car.
2251 5330 2317 5385 Χ.
2347 5329 2496 5384 Idem
2519 5331 2648 5400 ipse,
2665 5331 2899 5402 qualiter
2932 5333 3124 5404 fratres
3147 5337 3332 5392 debent
3363 5343 3589 5411 operari.

2119 5423 2358 5492 Itemque
2393 5423 2755 5492 praecipimus.
2816 5426 3026 5483 Debent
3075 5443 3206 5501 ergo
3233 5429 3432 5490 fratres
3463 5434 3624 5492 istum

2050 5513 2291 5568 ordinem
2318 5520 2523 5567 tenere.
2553 5513 2594 5567 A
2624 5515 2800 5584 prima
2837 5517 2971 5572 hora
3000 5534 3172 5590 usque
3199 5522 3266 5578 ad
3297 5523 3485 5579 horam
3517 5534 3658 5583 ter-.

2051 5608 2179 5660 tiam
2203 5604 2314 5659 Deo
2340 5613 2533 5659 vacent
2564 5603 2760 5662 fratres
2785 5623 2799 5671 ;
2830 5623 2858 5662 a
2883 5611 3040 5664 tertia
3066 5625 3192 5667 vero
3216 5629 3387 5686 usque
3409 5616 3476 5671 ad
3532 5631 3628 5672 no-

2049 5715 2198 5764 nam,
2223 5697 2483 5768 quidquid
2515 5697 2812 5769 injunctum
2842 5699 3006 5756 fuerit
3029 5717 3057 5757 a
3091 5701 3270 5772 Patre,
3302 5707 3417 5763 sine
3441 5706 3619 5776 aliqua
