3942 6190
334 282 439 357 Idi

1354 293 1410 353 S.
1449 293 1811 353 BENEDICTI
1850 292 2141 349 ABBATIS
2178 289 2586 352 ANiANENSlS

3474 297 3576 353 M0

330 415 762 471 murmuratione
802 414 1040 477 faciant;
1094 412 1406 468 meminisse
1431 412 1631 468 debent
1674 412 1752 475 bi,
1780 411 1902 481 (μὶ-ο
1934 414 1986 472 Α
2010 408 2163 475 Quod
2203 409 2248 464 si
2282 410 2686 480 praesumpserit
2715 410 2840 465 talia
2868 410 3066 476 facere,
3094 411 3304 468 noverit
3325 427 3382 468 se
3408 414 3458 469 in
3492 432 3581 488 sy-

326 503 431 559 bus
466 502 785 576 injungitur,
811 503 1017 557 dictum
1044 500 1287 571 Apostoli
1317 520 1330 555 :
1359 501 1550 556 Omnia
1568 518 1686 573 qua:
1706 501 1903 570 facitis,

326 593 442 647 sine
469 595 888 646 murmuratione
912 592 1071 663 facite
1121 590 1288 664 (Phil.
1314 592 1399 663 ιι).
1445 592 1662 647 Timere
1708 590 1908 647 debent

326 682 459 736 illud
484 683 688 737 dictum
720 682 962 738 terribile
993 701 1007 736 :
1039 682 1220 736 Nolite
1239 698 1597 746 murmurare,
1636 683 1771 735 sicut
1795 680 1908 751 qui-

324 772 448 827 dam
473 790 655 828 eorum
686 783 1170 839 murmurarerunt,
1200 785 1250 827 et
1283 774 1349 827 ab
1386 774 1791 828 exterminatore
1816 787 1904 841 pe—

322 864 525 916 rierunt
552 862 604 933 (I
646 861 769 917 Cor.
820 862 896 936 ι).
951 863 1121 918 Debet
1147 863 1329 927 etiam,
1358 863 1451 932 qui
1489 870 1686 931 praeest
1706 861 1899 924 Pater,

320 968 456 1022 opus
487 954 631 1024 quod
677 953 982 1009 faciendum
1031 962 1114 1009 est
1149 954 1243 1008 uni
1288 954 1590 1024 injungere,
1632 960 1694 1007 ut
1719 953 1900 1008 caeteri

318 1047 440 1116 ejus
466 1056 762 1118 praecepto,
790 1048 874 1102 cui
892 1046 1189 1117 injunctum
1219 1047 1405 1114 fuerit,
1426 1047 1624 1102 fratres
1645 1046 1901 1101 obediant

318 1151 438 1191 sme
466 1137 703 1208 querela.

318 1249 447 1305 Car.
484 1249 575 1304 XI.
604 1249 843 1317 Qualiter
865 1251 1146 1321 inﬁrmitas
1173 1249 1248 1304 vel
1272 1249 1588 1321 possibilitas
1620 1263 1897 1321 corporum

516 1322 581 1375 ab
608 1338 668 1375 eo
690 1322 779 1391 qui
803 1317 989 1391 pra’est
1023 1317 1184 1373 Patre
1221 1317 1581 1389 cognoscenda
1610 1319 1697 1372 sit.

389 1409 446 1464 Si
482 1411 604 1479 quis
635 1423 700 1464 ex
726 1409 984 1464 fratribus
1008 1424 1107 1480 pro
1123 1407 1330 1476 jejunio
1347 1450 1361 1467 .
1391 1407 1475 1462 vel
1501 1409 1755 1478 operibus
1778 1423 1896 1461 ma-

317 1517 485 1555 nuum
516 1516 759 1565 suarum,
790 1516 911 1570 qua:
956 1498 1247 1569 Apostolus
1266 1499 1533 1570 praecepit
1563 1515 1575 1551 :
1610 1496 1896 1568 Operantes

315 1592 557 1647 manibus
585 1592 801 1656 nostris,
823 1609 887 1646 ne
912 1607 1063 1663 quem
1090 1602 1317 1647 uestrum
1338 1608 1675 1663 gravaremus
1698 1590 1750 1663 (I
1767 1590 1891 1645 Cor.

314 1680 431 1754 tv);
478 1683 525 1737 si
561 1683 609 1738 is
638 1684 730 1753 qui
769 1683 890 1739 talis
919 1694 1034 1750 est,
1082 1683 1250 1740 fuerit
1278 1683 1593 1739 infirmitate
1617 1683 1892 1749 obsessus,

2008 502 2150 555 nolo
2172 501 2567 570 episcoporum,
2590 511 2683 557 aut
2708 504 2765 559 iu
2791 513 3057 560 conventu
3080 504 3312 561 fratrum
3350 522 3571 563 suorum

2006 592 2063 646 in
2084 592 2417 648 au‘dientiam
2458 595 2644 650 venire
2674 614 2687 648 :
2719 605 2774 650 et
2805 604 2931 650 tunc
2961 596 3177 651 recedet
3202 603 3456 665 tanquam
3493 596 3584 666 ju-

2007 685 2126 739 nior
2171 701 2320 750 suus,
2374 686 2547 740 donec
2595 687 2664 741 ab
2691 702 2757 741 eo
2779 688 2863 741 cui
2892 686 3144 755 injuriam
3171 687 3323 753 fecit,
3371 689 3581 743 veniam

2003 783 2172 844 petat,
2198 784 2259 829 ut
2276 791 2383 830 non
2412 788 2511 845 per
2536 777 2704 846 ipsius
2729 778 2921 831 vitium
2946 778 3040 832 alii
3071 778 3439 848 despiciantur
3478 780 3583 832 Paa

2005 874 2136 920 tres.
2171 866 2261 920 ille
2281 882 2412 922 vero
2441 869 2736 923 monachus
2756 877 2987 936 quantos
3016 866 3212 922 fratres
3240 868 3294 921 in
3326 868 3435 922 alio
3462 885 3579 922 mo-

2001 958 2243 1012 nasterio
2270 958 2562 1021 invenerit,
2586 966 2762 1013 tantos
2793 973 2851 1013 se
2876 958 3093 1012 noverit
3117 958 3319 1013 habere
3342 959 3576 1027 priores.

2000 1047 2111 1103 Nec
2140 1050 2526 1103 attendendum
2562 1057 2666 1113 est,
2708 1052 2800 1118 qui
2838 1048 2940 1104 fuit
2968 1058 3170 1114 antea;
3200 1049 3297 1104 sed
3343 1050 3580 1117 proban-

1998 1140 2127 1193 dum
2156 1148 2256 1204 est,
2287 1141 2461 1210 qualis
2490 1156 2610 1196 esse
2635 1143 2881 1211 coeperit.
2918 1141 3214 1211 Susceptus
3243 1156 3381 1196 vero
3403 1141 3450 1196 si
3478 1142 3577 1197 ba”-

1998 1230 2126 1284 bcre
2148 1229 2361 1285 videtur
2387 1231 2609 1301 aliquid,
2638 1233 2753 1287 sive
2773 1232 2826 1286 in
2849 1232 3031 1296 rebus,
3057 1233 3171 1287 sive
3199 1233 3252 1287 in
3278 1232 3583 1299 codicibus,

1999 1320 2138 1374 ultra
2168 1322 2215 1375 ei
2242 1322 2521 1390 possidere
2566 1337 2672 1377 non
2705 1324 2909 1387 licebit,
2934 1332 2997 1378 ut
3042 1324 3214 1394 possit
3239 1340 3359 1380 esse
3404 1324 3585 1394 perfo-

1996 1416 2133 1474 ctus,
2159 1411 2309 1480 quod
2325 1410 2451 1464 alibi
2472 1426 2577 1465 non
2599 1412 2793 1481 potuit.
2820 1411 3209 1467 Residentibus
3236 1428 3370 1467 vero
3398 1412 3586 1467 fratri—

1995 1499 2117 1565 bus,
2145 1501 2187 1554 si
2216 1500 2380 1556 fuerit
2402 1502 2581 1572 aliqua
2610 1504 2678 1558 de
2723 1502 3022 1572 Scripturis
3061 1503 3297 1565 collatio,
3329 1513 3384 1558 et
3412 1503 3586 1560 fuerit

1995 1606 2059 1645 ex
2089 1591 2174 1646 his
2192 1591 2318 1647 talis
2340 1592 2527 1658 scitus,
2558 1608 2661 1647 non
2693 1593 2741 1647 ei
2772 1592 2955 1648 licebit
2978 1592 3181 1662 aliquid
3211 1593 3417 1658 dicere,
3474 1594 3586 1648 nisi

1992 1690 2322 1752 praeceptum
2353 1684 2400 1737 ei
2432 1681 2597 1738 fuerit
2635 1698 2664 1737 a
2686 1682 2869 1737 Patre.

310 1774 702 1843 providendum
724 1781 808 1830 est
823 1776 892 1830 ab
914 1790 980 1832 eo
994 1775 1085 1846 qui
1107 1782 1324 1846 praeest,
1347 1774 1581 1845 qualiter
1601 1774 1715 1845 ipsa
1737 1773 1889 1828 infir-

2000 1790 2118 1847 Csr.
2143 1791 2277 1847 XIV.
2304 1792 2572 1865 Idemque,
2595 1793 2821 1865 qualiter
2834 1793 3249 1863 elericihospites
3262 1793 3589 1864 suscipiendi

311 1867 477 1922 mitas
498 1872 850 1921 sustentetur.
878 1865 1033 1933 Quod
1053 1866 1099 1922 si
1120 1865 1368 1922 inﬁmus
1395 1872 1478 1922 est
1498 1866 1679 1921 animo
1706 1867 1890 1937 hujus-

312 1958 459 2014 modi
486 1950 676 2024 frater,
701 1966 913 2028 oportet
942 1972 1065 2014 eum
1096 1958 1433 2030 frequentius
1453 1960 1687 2030 operari,
1713 1961 1892 2015 consi-

313 2050 553 2107 derando
577 2049 914 2121 Apostolum,
952 2050 1190 2121 qualiter
1213 2065 1411 2122 corpus
1440 2064 1597 2106 suum
1643 2051 1890 2106 servituti

312 2140 513 2211 redigit
536 2140 589 2212 (I
624 2139 746 2195 Cor.
778 2139 878 2211 rx).
915 2140 1028 2197 Hoc
1048 2149 1231 2197 autem
1260 2141 1655 2196 observandum
1686 2148 1792 2207 est,
1831 2148 1894 2194 ut

312 2233 368 2287 in
389 2231 538 2287 nullo
563 2232 901 2288 voluntatem
930 2247 1082 2288 suam
1107 2232 1272 2289 faciat
1294 2232 1404 2289 ille.

312 2342 441 2399 Car.
480 2341 592 2401 XII.
643 2342 885 2411 Qualiter
917 2344 1095 2427 officiis
1148 2344 1341 2398 mutuis
1379 2358 1434 2398 se
1467 2342 1657 2412 fratres
1699 2357 1892 2405 prave-

1013 2423 1181 2467 aiant.

384 2500 445 2559 Si
466 2502 813 2575 congregatio
846 2501 1013 2559 multa
1042 2512 1143 2568 est,
1183 2502 1345 2558 debet
1376 2501 1422 2557 is
1448 2502 1540 2572 qui
1566 2509 1765 2571 praeest
1791 2497 1892 2554 Pa-

316 2603 402 2650 ter
449 2595 737 2666 disponere
791 2595 1280 2661 bebdomadarios,
1326 2603 1381 2651 et
1433 2595 1679 2650 ordinem
1731 2591 1889 2648 oiiicii

312 2701 420 2756 quo
464 2685 568 2742 sibi
607 2686 836 2741 invicem
888 2685 1180 2741 succedant
1230 2687 1300 2742 ad
1338 2684 1786 2748 ministrandum;
1836 2693 1893 2740 et

313 2779 606 2849 decernere
624 2776 785 2834 debet
811 2776 921 2843 ille,
946 2777 1215 2846 quomodo
1235 2776 1432 2832 debeat
1455 2790 1593 2841 esse,
1622 2775 1711 2845 qui
1733 2773 1892 2830 cella-

313 2867 455 2919 rium
507 2864 737 2920 fratrum
787 2866 1082 2921 contineat.
1130 2864 1300 2920 Debet
1346 2864 1470 2919 talis
1516 2863 1890 2918 tantummodo

312 2956 461 3028 eligi,
488 2956 578 3026 qui
606 2958 777 3026 possit
807 2958 861 3011 in
888 2956 1141 3010 omnibus
1154 2955 1289 3025 gula:
1317 2970 1427 3010 sua:
1455 2954 1890 3025 suggestionibus

312 3046 605 3110 dominari,
630 3054 683 3099 et
716 3040 1028 3117 evangelica
1050 3046 1237 3101 ordine
1266 3045 1526 3100 fratribus
1553 3045 1665 3099 suis
1688 3045 1889 3099 victum

2524 1866 2627 1918 sint
2656 1865 2711 1917 in
2743 1866 3080 1918 monasterio.

2066 1972 2200 2028 Cum
2221 1973 2369 2029 omni
2398 1975 2698 2029 reverentia
2724 1982 2783 2027 ut
2821 1970 3057 2028 miniétri
3087 1973 3295 2039 altaris,
3350 1988 3461 2027 non
3509 1973 3581 2027 li-

1995 2065 2140 2120 cebit
2164 2064 2267 2121 nisi
2301 2065 2433 2136 ipsis
2462 2066 2765 2121 orationem
2806 2065 3098 2135 complere,
3128 2066 3241 2121 sive
3278 2066 3544 2121 ostiarius
3568 2107 3583 2132 ,

1993 2156 2108 2210 sive
2137 2156 2386 2212 minister
2407 2163 2493 2211 est
2528 2156 2713 2225 templi
2738 2155 2854 2210 Dei.
2882 2156 3036 2222 Quod
3060 2156 3103 2210 si
3129 2154 3310 2224 aliquo
3334 2171 3467 2209 casu
3514 2155 3590 2210 la-

1995 2260 2125 2316 psus
2149 2253 2252 2311 est,
2284 2252 2341 2301 et
2372 2246 2425 2301 in
2459 2262 2544 2312 eo,
2566 2247 2709 2316 quod
2736 2247 2958 2311 dicitur,
3004 2247 3262 2317 probatus
3302 2247 3541 2303 crimine
3566 2288 3582 2313 ,

1993 2352 2100 2392 non
2128 2337 2289 2392 liceat
2316 2336 2366 2391 ei
2390 2341 2514 2391 ante
2556 2351 2680 2391 eum
2711 2337 2801 2406 qui
2832 2344 3029 2407 praeest
3078 2336 3317 2401 Patrem,
3348 2337 3431 2392 vel
3495 2354 3584 2394 se-

1994 2428 2227 2482 cundum
2268 2426 2559 2496 complere.
2599 2425 2738 2481 Nulli
2761 2427 3109 2496 permittatur
3131 2425 3329 2481 clerico
3357 2426 3411 2480 in
3471 2441 3589 2483 mo—

1995 2517 2236 2572 naSterio
2265 2518 2533 2583 habitare,
2587 2518 2691 2572 nisi
2719 2519 2768 2572 ei
2800 2518 3172 2572 tantummodo
3197 2532 3356 2586 quem
3390 2517 3587 2588 lapsus

1993 2608 2200 2678 peccati
2232 2609 2300 2663 ad
2338 2607 2700 2662 humilitatem
2722 2607 2963 2670 deduxit,
3016 2616 3073 2661 et
3100 2615 3182 2660 est
3208 2606 3538 2662 vulneratus
3563 2648 3577 2673 ,

1993 2701 2128 2755 utin
2158 2698 2487 2755 monasterio
2508 2699 2826 2753 humilitatis
2860 2698 3130 2753 medicina
3173 2706 3418 2753 sanetur.
3456 2698 3586 2764 Haec

1993 2789 2148 2845 vobis
2187 2790 2416 2845 tenenda
2455 2788 2742 2853 sulliciant,
2790 2788 3010 2853 fratres,
3064 2788 3415 2844 custodienda
3442 2805 3584 2845 con-

1993 2882 2237 2947 veniant,
2260 2890 2316 2937 et
2334 2882 2488 2937 eritis
2511 2880 3014 2952 irreprebensibiles
3046 2881 3099 2934 in
3124 2880 3321 2950 populo
3350 2880 3476 2935 Dei.

2053 2994 2181 3048 CAP.
2214 2994 2330 3048 XV.
2365 2993 2606 3060 Qualiter
2631 2992 2799 3064 σαίρω
2822 2990 3147 3063 singulorum
3174 2991 3545 3085 emendenturl

313 3137 615 3205 gubernare
646 3156 658 3192 :
692 3138 783 3208 qui
806 3104 994 3203 timeat
1016 3135 1166 3192 Judm
1189 3137 1531 3201 sententiam,
1562 3138 1653 3207 qui
1689 3137 1757 3191 ab
1790 3135 1891 3190 ini-

2065 3104 2176 3161 Nec
2203 3106 2306 3161 hoc
2335 3105 2620 3161 tacendum
2647 3112 2748 3171 est,
2775 3104 3007 3176 qualiter
3043 3105 3211 3173 culpae
3237 3104 3582 3183 singulorum

316 3228 391 3280 tio
421 3220 506 3280 fur
534 3223 655 3280 fuit.
690 3225 923 3282 Studere
963 3227 1125 3281 debet
1159 3226 1250 3295 qui
1279 3226 1406 3282 huic
1446 3223 1620 3280 cilicio
1665 3226 1890 3296 deputa-

315 3326 427 3379 tur,
464 3314 526 3369 ut
553 3314 734 3370 audiat
766 3334 778 3369 :
815 3316 954 3383 Quia
993 3316 1082 3387 qui
1120 3316 1244 3369 bene
1276 3315 1667 3381 ministraverit,
1702 3316 1891 3369 bonum

313 3408 537 3478 gradum
562 3409 783 3480 acquirit
828 3407 1011 3476 (Joan.
1036 3407 1167 3479 xn);
1216 3415 1272 3462 et
1313 3406 1507 3461 anima:
1543 3420 1655 3461 suae
1679 3405 1891 3460 lucrum

312 3497 444 3553 facit
472 3497 523 3570 (ι
562 3497 695 3553 Tim.
721 3500 824 3564 ιιι).
859 3498 1029 3555 Nosse
1057 3498 1256 3555 debent
1287 3497 1449 3553 etiam
1496 3496 1717 3562 fratres,
1764 3499 1890 3567 quia

313 3593 571 3664 quidquid
595 3594 647 3648 in
675 3594 1001 3650 monasterio
1029 3601 1311 3658 tractatur,
1340 3593 1453 3647 sive
1489 3592 1542 3646 in
1572 3591 1735 3655 vasis,
1777 3591 1893 3645 sive

311 3684 366 3737 in
401 3683 761 3749 ferramentis,
809 3685 890 3740 vel
928 3694 1123 3741 ca'tcra
1154 3686 1355 3750 omnia,
1383 3698 1500 3739 esse
1532 3683 1888 3738 sanctificata.

314 3774 370 3829 Si
393 3776 515 3845 quis
537 3776 604 3830 de
633 3775 891 3832 fratribus
931 3775 1135 3846 aliquid
1176 3774 1509 3846 negligenter
1531 3773 1846 3828 tractaverit
1875 3816 1889 3837 ,

307 3879 521 3941 partem
553 3886 611 3926 se
640 3872 840 3926 habere
862 3871 1071 3925 noverit
1091 3886 1215 3926 cum
1237 3870 1329 3925 illo
1358 3884 1504 3940 rege,
1540 3870 1633 3939 qui
1662 3868 1714 3922 in
1742 3869 1890 3922 vasis

314 3964 507 4020 domus
539 3962 636 4018 Dei
691 3963 1061 4027 sanctificatis,
1110 3979 1231 4017 cum
1268 3963 1381 4018 suis
1422 3962 1642 4017 bibebat
1687 3976 1888 4016 concu-

309 4055 477 4119 binis,
509 4064 563 4110 et
589 4054 804 4125 qualem
832 4055 1029 4107 meruit
1057 4052 1348 4108 vindictam
1384 4050 1547 4125 (Dan.
1582 4051 1657 4123 v).
1690 4051 1892 4107 Custo-

314 4149 511 4203 dienda
548 4154 672 4202 sunt
714 4147 819 4202 ista
864 4154 1159 4216 praecepta,
1188 4154 1242 4201 et
1270 4161 1366 4215 per
1405 4145 1644 4216 singulos
1674 4145 1787 4200 dies
1834 4144 1889 4199 in

313 4251 474 4291 aures
499 4234 727 4291 fratrum
762 4234 1037 4291 recitanda
1065 4241 1209 4298 sunt,
1241 4241 1299 4286 ut
1328 4249 1432 4288 non
1465 4234 1891 4287 condemnentur

313 4330 366 4383 in
398 4327 637 4398 peccatis
662 4328 793 4383 suis.

312 4438 441 4494 CAP.
483 4435 617 4493 XIII.
668 4436 909 4503 Qualiter
946 4438 1082 4491 inter
1106 4452 1177 4505 ,se
1215 4408 1532 4505 monasteria
1563 4449 1739 4505 pacem
1788 4433 1856 4503 [ir

545 4498 705 4561 mam.
721 4507 1008 4571 obtineant,
1038 4498 1175 4560 alius
1209 4503 1475 4559 Macarius
1497 4498 1654 4557 diuit.

380 4589 650 4669 Quoniam
686 4596 889 4654 veritas
931 4604 1288 4669 protestetur,
1329 4610 1449 4666 quae
1488 4595 1655 4650 dicit:
1692 4592 1758 4648 In
1802 4609 1890 4646 ore

313 4695 542 4749 duorum
568 4689 644 4745 vel
670 4690 826 4744 trium
846 4691 1055 4743 testium
1076 4688 1231 4744 stabit
1253 4704 1403 4742 omne
1440 4689 1648 4740 verbum
1673 4684 1885 4756 (Matt/1.

316 4779 501 4851 xvm);
538 4778 801 4833 ﬁrmanda
836 4793 964 4848 ergo
994 4786 1078 4833 est
1092 4776 1296 4847 Regula
1317 4776 1555 4846 pietatis,
1582 4789 1683 4830 nec
1710 4782 1890 4828 lacen-

316 4876 442 4927 tium
466 4878 566 4935 est,
591 4869 822 4941 qualiter
860 4868 998 4922 inter
1028 4883 1085 4922 se
1115 4867 1436 4921 monasteria
1468 4881 1651 4936 pacem
1681 4865 1888 4920 firmam

314 4964 611 5020 obtineant.
662 4959 778 5014 Non
816 4958 997 5014 licebit
1022 4958 1089 5013 de
1133 4958 1240 5012 alio
1275 4957 1623 5021 monasterio,
1649 4956 1767 5013 sine
1797 4972 1889 5009 vo-

313 5052 519 5110 imitate
547 5053 665 5123 ejus
694 5051 784 5123 qui
811 5059 1007 5122 praeest
1040 5049 1235 5111 Patris,
1270 5047 1467 5103 fratres
1496 5049 1770 5119 recipere;
1794 5048 1886 5103 sed

317 5163 417 5202 nec
450 5146 632 5200 videre
655 5134 890 5214 oportet,
917 5142 1129 5197 dicente
1157 5140 1413 5213 Apostolo
1447 5159 1456 5194 :
1496 5140 1635 5207 Quia
1663 5140 1753 5210 qui
1775 5142 1888 5210 pri—

314 5253 453 5291 mam
475 5236 632 5307 ﬁdem
654 5236 860 5289 irritam
875 5232 1011 5301 fecit,
1029 5243 1102 5287 est
1116 5231 1316 5301 inﬁdeli
1337 5232 1564 5285 deterior
1581 5230 1631 5301 (I
1661 5230 1794 5285 Tim.
1808 5230 1884 5298 v).

315 5326 469 5395 Quod
500 5328 544 5383 si
574 5335 828 5397 precatus
858 5324 1019 5379 fuerit
1043 5324 1112 5379 ab
1131 5341 1195 5380 eo
1226 5324 1316 5394 qui
1358 5333 1553 5394 przcest
1592 5323 1774 5388 Patre,
1831 5334 1889 5377 ut

316 5421 372 5475 in
428 5421 536 5476 alio
583 5419 914 5477 monasterio
952 5407 1303 5489 ingrediatur,
1358 5416 1766 5469 commendetur
1821 5415 1890 5468 ab

318 5531 385 5563 ru
408 5511 456 5565 ei
495 5512 584 5581 qui
607 5518 803 5580 praeest
825 5510 913 5564 ubi
952 5524 1071 5563 esse
1101 5507 1386 5567 desiderat.
1421 5516 1475 5560 ct
1522 5507 1601 5561 sic
1631 5505 1891 5574 suscipia-

316 5611 425 5655 tur.
478 5600 611 5655 Nam
642 5601 757 5654 sine
796 5600 1069 5655 voluntate
1095 5600 1184 5668 qui
1224 5614 1456 5667 prmessc
1486 5598 1645 5650 debet
1675 5596 1725 5648 in
1772 5611 1890 5651 mo-

316 5691 556 5747 nastcrio
590 5689 787 5754 Patris,
835 5689 1138 5743 nullatenus
1182 5687 1307 5741 alibi
1362 5687 1652 5754 reripiatur
1702 5685 1887 5739 frater.

1995 3196 2367 3259 emendentur,
2395 3210 2494 3266 pro
2524 3195 2785 3267 qualitate
2807 3195 2974 3264 culpae
2999 3195 3103 3249 erit
3130 3196 3583 3253 excommunica-

1995 3285 2092 3341 tio.
2120 3285 2260 3356 Ergo
2289 3286 2391 3341 iste
2437 3286 2571 3341 ordo
2610 3293 2881 3340 teneatur.
2935 3284 2993 3339 Si
3032 3285 3153 3355 quis
3196 3299 3262 3339 ex
3310 3283 3583 3340 fratribus

1995 3392 2298 3433 sermonem
2325 3379 2558 3433 otiosum
2610 3376 2892 3441 emiserit,
2926 3390 2993 3429 ne
3040 3390 3164 3430 rcus
3206 3374 3277 3430 sit
3314 3375 3540 3430 concilii
3562 3406 3611 3439 ,-

1992 3470 2336 3540 prmcipimus
2382 3485 2504 3526 eum
2551 3470 2730 3523 triduo
2784 3483 2814 3521 a
2866 3467 3094 3521 fratrum
3153 3468 3582 3537 congregatione

1992 3561 2077 3616 uel
2103 3561 2368 3630 colloquio
2396 3576 2516 3616 esse
2546 3560 2802 3623 alienum,
2830 3567 2890 3612 ut
2928 3558 3107 3613 nullus
3133 3574 3255 3613 cum
3279 3574 3343 3612 eo
3375 3559 3582 3628 junga-

1994 3660 2101 3705 tur.
2151 3649 2207 3705 Si
2240 3665 2367 3705 vero
2390 3650 2586 3720 aliquis
2615 3649 2983 3720 deprehensus
3022 3647 3185 3703 fuerit
3216 3649 3268 3702 in
3298 3648 3434 3712 risu,
3493 3647 3578 3702 vel

1992 3743 2048 3798 in
2076 3743 2405 3799 scurrilitate
2443 3744 2730 3811 sermonis,
2760 3744 2901 3798 sicut
2923 3742 2997 3797 ait
3019 3740 3331 3809 Apostolus,
3363 3757 3490 3811 qum
3507 3741 3577 3794 ad

1993 3849 2101 3887 rem
2148 3850 2250 3888 non
2293 3836 2552 3905 pertinent
2596 3820 2816 3907 (Ephes.
2848 3833 2939 3902 v).
2976 3831 3231 3902 jubemus
3258 3829 3575 3899 bujusmodi

1991 3928 2221 3981 duarum
2274 3927 2734 3990 hebdomadarum
2789 3926 2965 3997 spatio
3007 3925 3061 3979 in
3092 3923 3310 3978 nomine
3357 3923 3575 3978 Domini

1990 4018 2134 4073 omni
2161 4017 2366 4090 ﬂagello
2396 4019 2716 4075 humilitatis
2741 4017 3004 4083 coerceri,
3032 4016 3244 4071 dicente
3264 4014 3531 4084 Apostolo
3560 4030 3576 4069 :

1993 4106 2055 4161 Si
2078 4109 2195 4178 quis
2223 4107 2388 4177 frater
2411 4112 2713 4164 nominatur
2742 4108 3029 4162 iracundus
3056 4117 3145 4163 aut
3170 4104 3454 4176 superbus,
3480 4114 3575 4159 aut

1988 4196 2319 4261 maledictus,
2355 4198 2493 4253 hunc
2522 4209 2699 4255 notata
2724 4198 2773 4269 (I
2813 4195 2935 4252 Cor.
2965 4195 3054 4267 v),
3100 4204 3155 4251 et
3182 4209 3290 4250 non
3319 4193 3475 4250 odile
3518 4203 3578 4248 ut

1991 4286 2292 4354 inimicum,
2323 4289 2415 4344 sed
2439 4289 2698 4359 corripite
2724 4297 2783 4342 ut
2808 4288 3031 4342 fratrem
3056 4285 3140 4358 (ΙΙ
3176 4285 3328 4340 Thes.
3359 4284 3472 4356 ιιι).
3509 4285 3579 4340 Et

1991 4375 2044 4431 in
2074 4375 2180 4431 alio
2208 4376 2328 4432 loco
2355 4395 2365 4429 :
2388 4375 2445 4431 Si
2476 4378 2593 4447 quis
2625 4377 2791 4446 frater
2811 4376 2966 4446 fuerit
2990 4385 3281 4444 prwrentus
3312 4375 3368 4428 in
3390 4374 3575 4445 aliquo

1865 4462 1885 4472 ’
1914 4472 1964 4531 D
1989 4465 2198 4531 delicto,
2226 4483 2317 4522 vos
2348 4469 2439 4537 qui
2456 4466 2768 4538 spirituales
2800 4467 2943 4533 estis,
2974 4467 3215 4522 instruite
3254 4466 3573 4535 hujusmodi

1993 4556 2139 4627 (Gal.
2169 4559 2268 4630 vi),
2292 4567 2349 4615 et
2384 4560 2643 4629 corripite
2671 4558 2925 4625 fratrem;
2953 4560 3027 4615 ita
3051 4566 3109 4613 ut
3129 4572 3225 4629 per
3249 4558 3578 4615 humilitatis

1994 4647 2355 4717 frequentiam
2387 4666 2495 4704 non
2523 4651 2807 4721 reprobus,
2855 4647 2949 4704 sed
2977 4650 3237 4719 probatus
3263 4650 3316 4703 in
3345 4663 3577 4721 congre-

1992 4741 2209 4809 gatione
2231 4751 2558 4812 perseveret.

1992 4852 2120 4907 CAP.
2162 4856 2301 4911 XVI.
2347 4855 2418 4909 Ut
2457 4857 2569 4910 sine
2610 4868 2951 4921 personarum
2976 4854 3274 4921 acceptione
3299 4850 3577 4921 mqualiter

2632 4925 2915 4993 iudicetur.

2077 5044 2190 5097 Hoc
2219 5049 2346 5096 ante
2367 5040 2550 5093 omnia
2588 5036 2932 5108 praecipimus
2970 5034 3154 5099 vobis,
3184 5032 3277 5102 qui
3307 5032 3436 5089 huic
3454 5032 3576 5087 olli—

1997 5136 2081 5189 cio
2118 5131 2387 5203 praeestis,
2414 5138 2476 5183 ut
2503 5142 2750 5199 personae
2789 5140 2821 5179 a
2857 5124 3014 5179 vobis
3051 5138 3163 5178 non
3189 5121 3533 5191 accipiantur
3557 5160 3572 5187 ,

1998 5224 2092 5279 sed
2119 5221 2311 5292 mquali
2345 5219 2539 5275 affectu
2564 5232 2754 5273 omnes
2796 5215 3111 5284 diligantur,
3167 5219 3223 5267 et
3264 5225 3364 5281 per
3391 5226 3577 5266 corre-

1995 5316 2233 5385 ptionem
2256 5326 2447 5369 omnes
2467 5318 2753 5375 sanentur,
2777 5307 2903 5377 quia
2922 5305 3206 5375 aequalitas
3230 5304 3408 5374 placet
3433 5304 3575 5374 apud

1998 5408 2185 5469 Deum,
2225 5407 2440 5461 dicente
2482 5402 2749 5473 Propheta
2791 5419 2806 5455 :
2846 5398 2904 5456 Si
2936 5414 3053 5454 uere
3093 5397 3272 5470 utique
3306 5397 3576 5467 justitiam

1997 5499 2288 5569 loquimini,
2312 5500 2457 5567 justo
2470 5497 2732 5567 judicate,
2764 5493 2864 5563 ﬁlii
2896 5491 3168 5547 hominum
3205 5487 3378 5561 (Psal.
3419 5488 3571 5559 Lvu).

1999 5590 2109 5645 Nec
2134 5589 2303 5643 latere
2331 5603 2426 5643 vos
2447 5588 2714 5652 volumus,
2748 5586 2873 5656 quia
2892 5584 2985 5655 qui
3009 5598 3117 5638 non
3141 5580 3366 5649 corripit
3388 5594 3578 5634 erran-

2001 5693 2129 5749 tcm,
2172 5681 2382 5737 noverit
2411 5695 2467 5735 se
2494 5695 2593 5751 pro
2622 5694 2688 5733 eo
2709 5679 2974 5741 rationem
3007 5674 3363 5734 redditurum.
3394 5671 3581 5727 Estotc
