3942 6190
405 329 509 384 με

1436 317 1494 373 S.
1532 319 1892 377 BENEDICTI
1925 317 2217 376 ABBATIS
2255 320 2666 376 ANIANENSIS

3544 318 3652 374 ιιι

411 438 514 491 lus.
554 434 611 489 Si
643 433 765 504 quis
803 440 980 485 autem
1026 429 1467 493 murmuraverit,
1500 429 1579 484 vel
1615 432 1982 488 contentiosus
2025 504 2031 506 _
2080 435 2343 499 candum;
2385 433 2510 502 quia
2559 447 2656 503 per
2698 447 2852 488 suam
2891 432 3272 506 negligentiam
3323 441 3377 488 et
3423 431 3560 489 alios
3597 436 3655 489 in

407 527 721 591 exstiterit,
756 533 849 578 aut
883 535 1160 591 opponens
1201 521 1254 573 in
1299 520 1480 588 aliquo
1516 521 1844 576 contrariam
1884 538 1978 578 νο-
2006 504 2056 564 Ᾱ
2079 525 2271 580 vitium
2313 524 2498 581 mittit.
2541 523 2600 579 In
2634 524 2832 595 vigiliis
2869 504 3262 601 observandum
3297 533 3399 589 est,
3438 527 3660 595 quando

408 619 669 672 luutatem
697 614 1002 686 praeceptis,
1039 613 1197 681 digne
1230 619 1507 666 correctus
1541 620 1646 666 tam
1691 613 1782 668 diu
1812 613 1978 669 absti-

409 719 558 774 neat,
607 706 847 776 quandiu
875 705 957 758 vel
989 704 1158 772 culpae
1185 702 1418 773 qualitas
1454 703 1780 772 poposcerit,
1811 703 1895 758 vel
1921 720 1978 760 se

405 800 718 873 ptrnitendo
767 797 1133 853 humiliaverit
1193 805 1355 865 atque
1412 795 1799 850 emendaverit.
1847 795 1980 850 Cor-

407 902 590 946 rectus
611 898 790 944 autem
825 905 931 942 non
958 888 1152 941 audeat
1185 900 1414 954 usquam
1449 884 1721 940 recedere.
1757 885 1814 940 Si
1857 887 1980 956 quis

404 997 534 1037 vero
575 983 640 1036 de
680 979 961 1042 fratribus,
994 976 1078 1030 vel
1109 975 1200 1045 qui
1241 975 1296 1028 in
1327 974 1477 1029 cellis
1504 975 1829 1042 consistunt,
1863 975 1980 1044 ejus

407 1072 582 1126 errori
613 1068 972 1133 consenserit,
1009 1065 1292 1136 culpabilis
1327 1064 1431 1119 erit
1472 1071 1634 1133 atque
1671 1077 1981 1119 excommu-

406 1163 679 1217 nicatione
702 1159 1068 1231 dignissimus.

475 1252 563 1306 Ἦ.
588 1251 666 1305 Ad
699 1253 889 1305 horam
913 1264 1044 1302 vero
1079 1246 1342 1302 orationis
1383 1244 1510 1299 dato
1546 1242 1735 1314 signo,
1775 1244 1821 1297 si
1861 1244 1982 1312 quis

405 1359 512 1398 non
543 1341 722 1396 statim
751 1338 1115 1410 praetermisso
1141 1337 1287 1391 omni
1313 1351 1477 1405 opere
1505 1335 1646 1404 quod
1677 1335 1789 1402 agit
1816 1334 1980 1406 (quia

403 1434 538 1488 nihil
569 1433 800 1488 orationi
845 1427 1264 1500 praeponendum
1301 1428 1405 1497 est)
1435 1435 1657 1497 paratus
1683 1426 1865 1490 fuerit,
1901 1425 1982 1481 fo-

405 1540 495 1578 ras
517 1522 836 1578 excludatur
865 1517 1292 1575 confundendus.
1333 1516 1565 1586 Operam
1599 1532 1729 1570 vero
1775 1517 1980 1571 dabunt

2076 630 2265 671 omnes
2311 615 2667 680 conveniunt,
2705 615 3012 686 quicunque
3058 624 3314 687 gravatur
3357 632 3570 683 somno,
3600 627 3662 674 et

2077 704 2189 758 exit
2221 703 2388 770 foras,
2415 718 2524 758 non
2551 717 2610 758 se
2633 703 2827 759 fabulis
2853 715 3099 776 occupet,
3134 707 3230 762 sed
3256 707 3440 762 statim
3468 708 3661 764 redeat

2077 795 2144 849 ad
2171 809 2326 864 opus,
2358 795 2426 850 ad
2455 794 2600 865 quod
2631 797 2967 851 convenitur.
2997 797 3056 852 In
3095 799 3510 870 congregatione
3557 816 3660 855 au-

2078 894 2188 940 tem
2236 885 2352 954 ipsa
2381 885 2473 941 ubi
2505 885 2719 957 legitur,
2766 903 2955 943 aurem
2982 903 3201 959 semper
3240 889 3310 944 ad
3347 889 3662 961 Scripturas

2078 975 2334 1039 habeant,
2365 983 2422 1029 et
2453 976 2727 1031 silentium
2747 977 3035 1034 observent
3061 993 3273 1034 omnes.

2149 1069 2262 1124 VII.
2289 1069 2402 1125 Hoc
2427 1070 2592 1125 etiam
2622 1071 2926 1126 addendum
2952 1069 3075 1136 fuit,
3105 1079 3166 1125 ut
3191 1069 3379 1138 frater,
3419 1072 3516 1142 qui
3555 1087 3659 1143 pro

2079 1156 2315 1226 qualibet
2360 1157 2518 1227 culpa
2561 1158 2806 1228 arguitur
2831 1158 2916 1214 vel
2944 1159 3283 1229 increpatur,
3333 1160 3657 1230 patientiam

2079 1247 2294 1311 habeat,
2325 1255 2380 1302 et
2405 1263 2512 1302 non
2535 1248 2857 1318 respondeat
2898 1251 3177 1321 arguenti;
3209 1250 3304 1306 sed
3327 1250 3576 1306 humiliet
3595 1266 3660 1308 se

2079 1337 2134 1391 in
2162 1339 2430 1402 omnibus,
2471 1339 2764 1393 secundum
2784 1347 3113 1410 praeceptum
3141 1339 3355 1398 Domini
3377 1339 3609 1398 dicentis
3636 1358 3654 1398 :

2081 1425 2220 1492 Quia
2267 1427 2408 1481 Deus
2459 1427 2742 1482 humilibus
2776 1429 2868 1483 dat
2910 1431 3160 1500 gratiam,
3202 1430 3436 1502 superbis
3477 1440 3659 1486 autem

2081 1517 2272 1570 resistit
2311 1517 2362 1589 (I
2387 1516 2531 1571 Petr.
2565 1519 2639 1589 v).
2679 1518 2766 1584 Et,
2793 1520 2883 1589 qui
2927 1535 2981 1574 se
3026 1520 3292 1586 humiliat,
3337 1519 3662 1575 exaltabitur

403 1612 596 1681 singuli
626 1610 843 1674 fratres,
875 1616 935 1662 ut
957 1615 1198 1676 tempore
1220 1621 1328 1677 quo
1353 1607 1532 1660 missae
1571 1605 1726 1669 ﬁunt,
1757 1606 1871 1660 sive
1895 1607 1982 1661 die
2081 1606 2230 1678 (Luc.
2270 1606 2401 1678 xxv).
2437 1607 2537 1674 Qui
2562 1624 2690 1663 vero
2718 1610 2912 1679 saepius
2934 1620 3216 1680 correptus
3243 1627 3351 1668 non
3379 1626 3437 1666 se
3464 1626 3654 1668 emen-

404 1703 519 1756 sive
557 1707 734 1763 nocte,
772 1698 986 1768 quando
1031 1697 1233 1751 diutius
1278 1696 1345 1750 ad
1393 1695 1692 1750 orationem
1732 1694 1979 1749 standum
2079 1697 2310 1764 daverit,
2362 1699 2688 1754 novissimus
2721 1700 2776 1753 iu
2807 1701 2994 1755 ordine
3018 1709 3163 1756 stare
3191 1701 3480 1770 iubeatur;
3513 1703 3661 1758 sicut

401 1798 506 1856 est,
530 1804 636 1844 non
666 1788 940 1852 deﬁciant,
966 1786 1052 1841 vel
1076 1785 1344 1854 superﬂuo
1364 1785 1510 1840 foras
1540 1786 1822 1851 recedant;
1853 1787 1975 1856 quia
2007 1842 2050 1862 π
2080 1789 2338 1844 Dominus
2367 1789 2502 1844 dixit
2527 1808 2538 1843 :
2565 1789 2644 1844 Sit
2686 1790 2780 1843 tibi
2817 1791 2950 1844 sicut
2979 1792 3212 1846 ethnicus
3257 1802 3305 1845 et
3343 1791 3659 1862 publicanus

401 1877 663 1947 scriptum
705 1884 789 1930 est
835 1875 890 1929 in
928 1874 1218 1945 Evangelio
1256 1892 1268 1928 :
1304 1872 1517 1944 Oportet
1565 1887 1737 1930 autem
1777 1895 1977 1946 semper
2006 1872 2052 1900 υ
2080 1877 2293 1949 (Matth.
2328 1881 2506 1951 xvru).
2535 1881 2617 1935 Ad
2638 1896 2879 1936 mensam
2919 1893 3096 1938 autem
3134 1883 3440 1953 specialiter
3477 1883 3661 1939 nullus

401 1985 574 2032 orare,
611 1977 659 2021 et
705 1983 809 2020 non
854 1966 1074 2035 deﬁcere
1119 1964 1294 2037 (Luc.
1340 1982 1473 2020 xvm
1499 1965 1539 2038 ).
1572 1966 1640 2020 Et
1676 1967 1782 2021 alio
1812 1967 1969 2023 loco:
2078 1969 2332 2038 loquatur
2358 2010 2373 2035 ,
2443 1970 2548 2025 nisi
2599 1971 2690 2040 qui
2742 1979 2974 2040 praeest,
3028 1972 3112 2026 vel
3149 1973 3240 2042 qui
3295 1973 3664 2045 interrogatus

403 2059 529 2113 Non
565 2058 868 2128 impediaris
909 2073 1060 2111 orare
1093 2073 1311 2126 semper.
1364 2055 1421 2110 Si
1466 2057 1587 2126 quis
1640 2067 1818 2111 autem
1868 2073 1974 2112 non
2077 2058 2264 2114 fuerit.

401 2147 735 2209 necessitate,
769 2147 864 2201 sed
893 2146 1062 2214 magis
1091 2145 1221 2200 vitio
1255 2146 1651 2215 procedendum
1681 2148 1974 2216 putaverit,

2617 2173 2850 2245 Emplicit
2878 2173 3087 2246 Regula.

397 2240 540 2292 sciat
579 2253 659 2303 se,
698 2253 819 2292 cum
865 2238 1232 2307 deprehensus
1277 2235 1458 2302 fuerit,
1491 2237 1810 2306 culpabilem
1835 2237 1981 2306 judi-

666 2485 1186 2578 SEQUITUR
1243 2487 1625 2565 TERTIA
1682 2486 2107 2565 PATRUM
2161 2488 2566 2567 REGULA
2624 2487 2757 2564 AD
2823 2485 3403 2565 MONACHOS.

1188 2727 1615 2786 OBSERVATIO
1653 2728 1923 2787 CRlTlCA
1959 2728 2029 2784 IN
2066 2729 2397 2785 REGULAM
2437 2727 2873 2797 SEQUENTEM.

475 2951 596 3007 Haec
623 2959 706 3020 est
739 2951 897 3007 tertia
935 2951 1153 3005 Patrum
1191 2950 1246 3004 in
1276 2964 1441 3004 unum
1477 2947 1910 3020 convenientium
1951 2947 2179 3017 Regula,
2217 2954 2273 3001 et
2303 2945 2530 3020 quidem
2558 2943 2793 3020 masime
2827 2945 3112 3001 cmnobitis
3145 2949 3460 3020 praescripta
3491 2967 3661 3008 :con-

403 3030 512 3077 stat
533 3019 674 3099 _XIV
729 3021 1012 3099 praeceptis
1047 3029 1156 3074 tam
1185 3020 1252 3072 ad
1282 3019 1583 3099 monachos
1603 3033 1763 3098 quam
1795 3019 2020 3099 abbates
2039 3014 2097 3072 et
2119 3014 2744 3099 prmpoSitogdirectisL
2766 3030 2998 3099 quorum
3038 3014 3308 3099 nonnulla
3327 3014 3543 3099 sapiunt
3576 3037 3661 3078 re-

405 3091 702 3160 centiorem
729 3084 1076 3160 disciplinam
1119 3089 1494 3142 monasticam.
1539 3084 1673 3160 Nam
1711 3087 1765 3140 in
1793 3087 2050 3160 primmva
2083 3084 2206 3141 vitaz
2236 3084 2552 3160 monasticae
2597 3084 2936 3160 institutione
2962 3087 3212 3160 monachi
3243 3089 3310 3142 ad
3337 3084 3658 3147 clericatum

405 3159 766 3215 communiter
795 3155 898 3212 non
939 3159 1333 3220 evehebantur,
1370 3165 1528 3227 prout
1551 3158 1636 3212 hic
1666 3155 1988 3227 supponitur
2018 3172 2032 3210 :
2058 3171 2233 3227 neque
2259 3157 2451 3225 primis
2478 3155 2583 3210 illis
2609 3155 2844 3227 Steculis,
2873 3157 3176 3223 praesertim
3205 3165 3444 3227 tempore
3481 3164 3658 3217 sancti

399 3229 640 3308 Antonii,
666 3227 998 3308 Serapionisz
1020 3227 1320 3308 l’achomii,
1345 3225 1659 3308 Paphnutii,
1685 3225 1818 3308 etei,
1846 3225 2673 3308 reperiturABegulamonastica
2703 3225 2904 3308 limine.
2924 3227 3126 3294 scripta
3152 3225 3652 3308 ;_quemadmod_um

403 3309 457 3352 et
479 3300 592 3352 haec
621 3295 926 3366 conscripta
972 3298 1137 3352 fuisse
1167 3297 1377 3352 Videtur
1403 3295 1472 3352 ob
1498 3298 1680 3352 varios
1723 3295 1987 3366 terminos
2016 3297 2085 3350 ab
2113 3295 2549 3366 Occidentalibus
2579 3297 2692 3350 sive
2727 3295 2956 3366 Latiuis_
2972 3295 3251 3352 monachis
3291 3303 3660 3356 communiter

403 3369 654 3441 usitatos,
687 3367 778 3436 qui
799 3363 923 3441 raro
945 3367 1291 3441 inveniuntur
1319 3367 1374 3422 in
1413 3367 1632 3439 Regalis
1653 3383 1719 3423 ex
1741 3367 1923 3441 lingua
1945 3365 2267 3441 Egyptiaca
2290 3367 2374 3441 _vel
2395 3365 2583 3441 Graeca
2607 3364 2902 3441 translatis.
2929 3363 3170 3441 Denique
3193 3369 3485 3441 novitatem
3517 3371 3662 3441 sapit

405 3434 759 3509 prinscriptus
777 3438 929 3508 niger
955 3437 1149 3509 cuculli
1171 3435 1335 3509 color,
1369 3434 1650 3509 cum'ante
1677 3434 1930 3492 saeculum
1957 3434 2262 3509 septimum,
2292 3438 2399 3509 imo
2422 3436 2645 3509 tardius,
2679 3437 2769 3489 vix
2803 3434 3026 3509 reperiri
3064 3438 3236 3505 possit
3262 3438 3458 3509 aliquis
3477 3434 3660 3496 deter-

405 3505 647 3633 minatus
681 3505 1152 3564 color‘monachis
1189 3507 1502 3578 designatus
1543 3508 1747 3574 fuisse;
1779 3522 1970 3562 recens
1997 3505 2141 3562 enim
2185 3517 2270 3562 est
2309 3506 2585 3562 distinctio
2627 3513 2816 3562 exorta
2857 3505 3000 3559 inter
3039 3509 3335 3564 monachos
3353 3505 3563 3583 ‘nigros
3603 3517 3664 3566 et

407 3594 436 3631 a
499 3594 580 3633 os.

407 3594 436 3631 3
447 3594 580 3634 IDOS.

896 3807 1242 3866 lNClPlUNT
1281 3807 1621 3867 CAPITULA
1663 3806 1964 3865 REGULIE
2005 3806 2047 3861 A
2090 3805 2379 3864 SANCTIS
2417 3807 2760 3866 PATRIBUS
2800 3809 3169 3864 PROLATZE.

1826 3935 2224 3950 Ψ

470 4009 514 4060 1.
539 4007 616 4058 De
639 4011 911 4059 conversis.

466 4073 513 4119 2.
545 4070 604 4118 Ut
630 4071 778 4117 abbas
803 4070 920 4118 nihil
944 4070 1033 4117 sibi
1059 4073 1302 4130 proprium
1323 4071 1554 4122 vindicet.

466 4135 513 4181 5.
536 4131 609 4178 De
636 4131 944 4179 vestimentis
961 4130 1323 4180 monachorum.

469 4195 512 4240 ι.
546 4191 606 4240 Ut
629 4185 974 4254 nullamulier
1016 4190 1072 4238 ad
1116 4193 1461 4241 monasterium
1494 4190 1572 4241 vel
1598 4203 1769 4254 agrum
1811 4205 1976 4241 mona-

403 4256 606 4304 chorum
631 4252 847 4300 accedat.

466 4315 513 4363 5.
541 4313 616 4362 De
638 4311 852 4375 lectione
876 4317 929 4363 et
951 4314 1238 4375 operatione
1259 4313 1615 4362 monachorum.

464 4376 512 4424 6.
540 4375 615 4425 De
637 4372 728 4437 liis,
753 4375 836 4435 qui
861 4375 920 4437 ad
944 4372 1066 4437 opus
1090 4375 1180 4424 Dei
1204 4376 1342 4425 tarde
1362 4381 1636 4424 occurrunt.

467 4440 513 4487 7.
538 4437 613 4486 De
631 4433 828 4484 silentio
844 4436 901 4484 ad
920 4433 1152 4484 mensam.

465 4501 509 4550 8,
542 4497 604 4550 Ut
625 4495 683 4543 ad
707 4500 979 4546 necessaria
1003 4496 1264 4560 quaerenda
1288 4495 1387 4545 bini
1408 4495 1487 4547 vel
1509 4497 1634 4548 terni
1655 4498 1924 4546 mittantur.

2008 4015 2052 4077 ρ
2145 4009 2206 4084 ᾗ
2223 4007 2675 4084 Ut‘nusquam'sipe
2703 4018 2946 4084 pracepto
2963 4016 3171 4084 senioris
3195 4017 3528 4084 egrediantur.

2151 4071 2226 4133 10.
2249 4069 2336 4133 _l_)e
2363 4069 2457 4131 his,
2481 4073 2562 4133 qui
2585 4073 2648 4120 de
2672 4069 2966 4124 monasterio
2990 4080 3130 4126 exire
3153 4069 3414 4128 voluerint.

2148 4131 2166 4201 i
2180 4134 2225 4201 ί.
2249 4130 2314 4201 lit
2335 4130 2482 4201 abbas
2499 4130 2609 4201 cum
2634 4133 2857 4201 fratribus
2884 4137 3064 4201 reﬁciat
3087 4141 3213 4187 omni
3240 4146 3481 4201 tempore.

2148 4195 2225 4265 lg.
2253 4192 2313 4242 Ut
2335 4192 2770 4265 nulluslmonachus
2800 4198 2849 4246 in
2893 4196 3169 4250 inﬁrmitate
3194 4192 3377 4261 positus
3401 4214 3656 4265 parentum

2081 4255 2238 4304 studio
2262 4255 2642 4303 commendetur.

2145 4315 2220 4376 15.
2247 4315 2319 4364 De
2348 4315 2425 4365 his
2464 4317 2544 4376 qui
2572 4315 2746 4365 furtum
2771 4317 2964 4370 faciunt.

2082 4374 2318 4500 “ge
2339 4374 2500 4427 nullus
2521 4378 2721 4427 alterius
2761 4381 3046 4430 monachum
3067 4383 3182 4432 sine
3205 4385 3448 4446 permissu
3474 4385 3660 4436 abbatis

2599 4499 2874 4560 Bxpliciunt
2899 4501 3140 4564 Capitula.

1696 4689 1988 4753 INCIPIT
2030 4691 2373 4755 REGULA.

473 4936 514 4993 Ι.
562 4935 696 4992 Cum
741 4933 798 4989 in
844 4932 1063 4988 nomine
1110 4928 1361 4993 Domini,
1411 4943 1516 4984 una
1557 4942 1678 4982 cum
1717 4925 2057 4988 fratribusD
2084 4925 2286 4990 tribus,
2332 4926 2478 4979 velut
2525 4925 2727 4998 Regula
2776 4929 3037 4983 continet.
3077 4929 3232 4996 Quod
3281 4934 3327 4988 si
3376 4948 3658 5008 susceptus

403 5027 604 5084 nostris
645 5023 1108 5088 convenissemus,
1159 5021 1405 5090 inprimis
1443 5019 1643 5090 placuit
1683 5027 1744 5073 ut
1772 5019 1978 5090 Regula

405 5129 462 5174 ct
485 5117 729 5172 instituta
758 5115 980 5170 Patrum
1005 5127 1105 5184 per
1133 5111 1376 5167 ordinem
1406 5111 1714 5180 legerentur
1742 5128 1753 5163 :
1783 5109 1978 5179 quibus

401 5211 559 5266 lectis
587 5209 806 5281 placuit,
835 5209 880 5263 si
915 5209 981 5263 de
1009 5205 1206 5266 smculo
1245 5206 1366 5275 quis
1391 5204 1448 5258 in
1476 5203 1805 5259 monasterio
1847 5218 1977 5258 con-

401 5301 538 5356 verti
571 5299 826 5365 voluerit,
859 5297 1062 5368 Regula
1098 5295 1148 5351 ei
1189 5293 1482 5350 introeunti
1511 5293 1742 5364 legatur,
1771 5300 1827 5346 et
1853 5306 1974 5346 om-

402 5409 501 5448 nes
531 5400 684 5446 actus
713 5390 1031 5446 monasterii
1079 5388 1152 5442 illi
1186 5388 1469 5458 pateﬁant.
1515 5384 1666 5452 Quod
1709 5384 1754 5438 si
1792 5383 1973 5438 omnia

404 5490 528 5551 apte
549 5481 866 5551 susceperit,
905 5478 985 5535 sic
1016 5479 1174 5549 digne
1211 5493 1242 5531 a
1271 5476 1528 5531 fratribus
1559 5477 1612 5530 in
1639 5473 1828 5530 cellula
1855 5489 1972 5528 sus-

403 5573 655 5642 cipiatur,
683 5582 798 5627 tum
824 5571 868 5626 si
896 5570 1130 5640 aliquam
1154 5569 1207 5624 in
1237 5568 1482 5624 cellulam
1521 5567 1753 5622 voluerit
1775 5565 1976 5621 inferre

407 5662 787 5728 substantiam,
815 5660 869 5716 in
894 5675 1077 5716 mensa
1107 5667 1336 5729 ponatur
1371 5673 1556 5713 coram
1580 5657 1831 5713 omnibus
1861 5655 1971 5710 fra-

2081 5013 2262 5080 fuerit,
2311 5031 2418 5071 non
2441 5017 2614 5072 solum
2657 5019 2722 5074 de
2755 5021 3058 5076 substantia
3097 5039 3259 5093 quam
3300 5024 3515 5096 intulit,
3566 5031 3659 5087 sed

2079 5107 2243 5162 etiam
2271 5123 2372 5162 nec
2403 5109 2468 5163 de
2497 5109 2676 5179 seipso
2710 5111 2779 5166 ab
2805 5111 2897 5167 illa
2919 5112 3186 5183 judicabit
3215 5119 3373 5174 hora.

2151 5198 2214 5253 ll.
2258 5198 2453 5255 Abbati
2479 5215 2609 5256 vero
2636 5201 2768 5255 nulli
2798 5203 2955 5258 liceat
2985 5205 3086 5260 sibi
3109 5208 3410 5279 quidquam
3441 5216 3661 5284 proprie

2079 5287 2378 5353 vindicare,
2403 5304 2526 5342 cum
2551 5290 2732 5344 omnia
2756 5291 2864 5346 Deo
2891 5295 3125 5363 propitio
3155 5297 3209 5350 in
3236 5297 3381 5354 illius
3405 5314 3659 5357 maneant

2078 5387 2366 5449 potestate.
2417 5378 2474 5435 Si
2504 5382 2626 5449 quis
2663 5397 2822 5447 vero,
2854 5385 2996 5452 quod
3033 5387 3085 5440 in
3117 5387 3320 5458 Regula
3351 5390 3662 5460 juniorilms

2083 5473 2402 5544 prohibetur
2425 5514 2438 5537 ,
2487 5473 2588 5528 sibi
2630 5475 2828 5545 aliquid
2863 5493 2930 5532 ex
2972 5480 3316 5536 successione
3349 5491 3657 5551 parentum,

2084 5577 2178 5617 seu
2206 5561 2444 5632 quolibet
2488 5563 2684 5619 donato
2719 5566 2953 5622 retinere
2977 5571 3415 5639 praesumpserit,
3467 5581 3523 5627 et
3554 5588 3660 5626 non

2081 5655 2260 5710 omnia
2291 5653 2343 5708 in
2372 5669 2654 5712 commune
2681 5659 2952 5726 posuerit,
2994 5675 3022 5712 a
3072 5658 3327 5714 fratribus
3373 5671 3656 5729 arguatur.
