3942 6190
254 317 359 371 ηδ

935 313 1161 372 CODEX
1198 311 1654 370 REGULARUM.
1695 342 1763 354 -ο
1801 313 1982 370 PARS
2009 307 2060 370 SI.
2103 313 2406 372 REGULE
2448 313 2551 370 PP.
2593 313 2858 373 ORIENT.

3403 317 3508 376 M6

253 431 316 486 Si
351 431 406 486 in
438 428 575 484 vitio
607 425 924 498 perstiterit,
972 428 1024 481 in
1057 427 1306 481 notitiam
1345 427 1580 496 episcopi
1623 425 1832 481 defera-
1861 430 1910 490 Α
1935 425 2185 480 ebrietati
2227 441 2284 481 se
2317 426 2634 491 sociaverit;
2677 435 2770 480 aut
2798 426 2842 480 si
2866 427 2918 480 in
2947 425 3198 495 proximo
3226 427 3507 486 transmis-

259 528 384 585 tur;
415 519 508 590 qui
552 519 596 573 si
627 518 695 572 ab
724 518 975 587 episcopo
1003 525 1281 586 correptus
1313 531 1414 570 nec
1458 517 1536 572 sic
1579 518 1834 572 emenda-

261 612 423 676 verit,
453 609 770 680 deponatur.

332 699 416 757 ιιι.
443 698 779 754 Vestimenta
807 713 938 754 vero
975 697 1234 754 fratribus
1273 701 1576 755 necessaria
1625 702 1698 756 ita
1741 703 1836 758 ab-

261 793 359 849 bas
378 791 627 847 omnibus
645 789 898 845 ordinare
923 790 1103 857 debet,
1132 806 1251 860 qua:
1278 793 1557 847 monachis
1577 793 1832 861 deceant;

261 900 374 940 non
397 883 628 940 diversis
664 881 934 936 coloribus
961 881 1150 948 tincta,
1192 883 1434 950 exceptis
1463 883 1686 937 cucullis
1715 900 1836 952 quae

260 978 677 1042 comparantur,
715 970 761 1025 si
803 968 1007 1024 fuerint
1036 970 1233 1042 nigrae,
1269 972 1347 1026 uti
1371 985 1464 1026 eas
1487 972 1682 1028 debere
1709 990 1836 1029 cen-

257 1077 464 1118 scmus.

329 1151 419 1206 IV.
453 1148 896 1206 Familiaritatem
948 1151 1189 1205 omnium
1232 1151 1539 1218 mulierum,
1587 1161 1697 1208 tam
1742 1169 1836 1224 pa-

259 1249 474 1296 rentum
499 1255 661 1309 quam
690 1248 1090 1304 extranearum,
1109 1255 1208 1310 pro
1229 1243 1581 1297 custodienda
1616 1244 1724 1298 vita
1749 1243 1835 1298 vel

261 1329 516 1384 cavendis
564 1329 771 1397 laqueis
819 1329 1036 1394 diaboli,
1087 1331 1156 1384 ab
1198 1331 1445 1385 omnibus
1490 1334 1836 1390 monasteriis

259 1421 343 1476 vel
364 1413 592 1476 culturis
632 1423 1050 1487 monachorum;
1085 1439 1179 1478 seu
1210 1423 1690 1494 frequentationem
1722 1442 1837 1482 mo-

261 1511 558 1566 nachorum
606 1526 636 1564 a
682 1511 1026 1566 monasteriis
1069 1511 1400 1582 puellarum,
1447 1514 1587 1568 sicut
1631 1515 1833 1586 Regula

261 1602 438 1668 docet,
482 1603 770 1671 prohibere
807 1618 1111 1658 censemus.
1155 1603 1341 1674 Neque
1385 1605 1490 1660 ulla
1541 1607 1734 1662 mulier
1778 1610 1835 1664 in

261 1691 486 1746 interius
524 1693 722 1746 atrium
754 1695 1067 1749 monasterii
1109 1694 1314 1764 ingredi
1353 1697 1568 1751 audeat.
1603 1698 1757 1765 Quod
1788 1702 1832 1755 si

1935 532 2050 582 sus,
2097 532 2196 587 pro
2218 532 2314 571 sua
2342 517 2557 571 levitate
2592 516 2675 571 vel
2706 516 2848 587 gula,
2897 531 3004 571 non
3033 518 3215 571 statim
3249 517 3500 588 expedita

1933 611 2252 664 necessitate
2287 609 2355 662 ad
2401 609 2594 664 cellam
2643 608 2897 674 redierit,
2941 623 3064 663 cum
3101 609 3154 663 in
3203 609 3257 664 id
3297 608 3506 666 facinus

1932 698 2096 755 fuerit
2123 701 2387 765 detectus,
2418 708 2478 753 ut
2500 715 2733 754 canones
2760 701 2974 765 docent,
3009 708 3103 754 aut
3129 701 3348 767 triginta
3387 701 3504 759 die-

1931 789 2033 844 bus
2089 803 2121 842 a
2168 788 2544 843 communione
2596 796 2913 856 separetur,
2965 797 3061 843 aut
3109 789 3278 860 virgis
3328 804 3504 849 casus

1931 879 2266 934 emendetur.
3173 896 3178 925 '.

1928 1021 1934 1038 ,
2005 971 2071 1024 X.
2105 970 2256 1037 Quod
2287 970 2332 1024 si
2357 985 2481 1024 casu
2513 969 2631 1038 quis
2657 967 2826 1024 frater
2850 969 2916 1025 de
2947 970 3135 1025 cellula
3166 986 3232 1026 ex
3268 972 3504 1042 qualibet

1933 1065 2175 1120 scandali
2225 1079 2387 1119 causa
2413 1064 2562 1118 exire
2586 1062 2835 1129 voluerit,
2881 1063 3013 1118 nihil
3037 1065 3249 1133 penitus
3276 1065 3378 1119 nisi
3404 1079 3506 1118 nu-

1933 1155 2208 1226 galissimo
2233 1154 2486 1208 induatur
2509 1153 2852 1219 vestimento,
2897 1161 2953 1208 et
2993 1161 3144 1208 extra
3170 1153 3505 1208 communio-

1934 1259 2058 1298 nem
2085 1243 2314 1297 inﬁdelis
2340 1243 2596 1298 discedat.

2003 1333 2092 1386 XI.
2126 1333 2257 1387 Illud
2284 1349 2496 1402 quoque
2536 1334 2822 1389 statuimus
2854 1342 2913 1387 ut
2945 1332 3164 1388 abbates
3198 1331 3342 1388 omni
3378 1339 3509 1386 tem-

1931 1440 2062 1494 pore
2102 1440 2223 1479 cum
2273 1423 2528 1477 fratribus
2557 1423 2800 1478 reficiant
2827 1440 2838 1474 :
2871 1423 2997 1491 quia
3025 1437 3090 1478 eo
3123 1429 3366 1490 tempore
3398 1435 3507 1490 quo

1932 1515 2130 1569 fratres
2180 1526 2273 1567 aut
2317 1528 2417 1583 pro
2466 1513 2790 1584 negligentia
2833 1525 3086 1583 arguere,
3141 1519 3236 1565 aut
3279 1510 3509 1579 spiritali

1933 1603 2129 1659 debent
2172 1617 2418 1657 sermone
2459 1602 2723 1666 imbuere,
2771 1602 2973 1671 absque
3001 1607 3149 1656 certa
3187 1599 3512 1670 necessitate

1934 1709 1992 1750 se
2017 1708 2293 1748 removere
2319 1709 2426 1747 non
2457 1693 2669 1748 debent.

261 1799 380 1838 cum
406 1785 636 1840 consilio
671 1785 754 1839 vel
776 1785 1049 1841 voluntate
1086 1785 1297 1841 abbatis
1322 1788 1709 1843 monasterium
1749 1771 1907 1844 vel'B
2004 1787 2116 1842 XII.
2165 1786 2222 1842 Id
2267 1787 2428 1842 etiam
2474 1802 2572 1856 pro
2627 1785 2976 1841 custodienda
3027 1784 3172 1839 fama
3207 1782 3511 1854 specialiter

261 1874 476 1930 cellulas
505 1877 891 1932 monachorum
925 1877 1168 1946 quaedam
1209 1877 1371 1933 fuerit
1401 1880 1662 1949 ingressa,
1713 1895 1830 1935 me-

261 1966 360 2020 rito
390 1967 508 2035 ipse
535 1967 704 2022 abbas
748 1975 803 2022 et
841 1983 1036 2024 nomen
1076 1969 1286 2025 abbatis
1320 1972 1574 2042 deponat,
1605 1981 1662 2027 et
1699 1973 1834 2029 infe—

259 2056 456 2111 riorem
503 2071 564 2111 se
608 2057 860 2112 omnibus
904 2059 1232 2129 presbyteris
1274 2069 1657 2132 recognoscat,
1705 2063 1832 2132 quia

258 2147 380 2202 talis
410 2155 604 2201 sancto
643 2148 787 2218 gregi
818 2149 1057 2218 prazponi
1102 2150 1280 2215 debet,
1326 2153 1418 2220 qui
1449 2167 1544 2206 eos
1573 2153 1832 2207 immacu-

256 2236 392 2292 latos
419 2236 534 2292 Deo
559 2236 756 2292 offerre
782 2246 1073 2306 procuret;
1111 2253 1217 2293 non
1245 2254 1342 2309 per
1368 2240 1633 2309 quaslibet
1677 2241 1834 2296 fami-

256 2328 521 2386 liaritates
546 2328 758 2384 diabolo
781 2331 990 2384 sociare
1009 2329 1242 2386 festinet.

321 2418 389 2474 γ.
417 2418 682 2473 Matutino
711 2418 856 2474 dicto
881 2417 1079 2473 fratres
1112 2418 1328 2474 lectioni
1350 2427 1542 2475 vacent
1565 2434 1736 2488 usque
1765 2421 1833 2476 ad

257 2511 446 2566 horam
494 2511 786 2566 secundam
819 2528 832 2565 :
863 2513 909 2566 si
940 2519 1120 2567 tamen
1165 2511 1310 2566 nulla
1351 2528 1512 2568 causa
1562 2514 1838 2570 exstiterit

257 2618 357 2672 qua
388 2617 620 2658 necesse
649 2603 718 2658 sit
746 2603 911 2658 etiam
952 2605 1318 2673 praetermissa
1359 2605 1592 2661 lectione
1629 2606 1836 2677 aliquid

257 2693 368 2748 ﬁeri
399 2695 454 2748 in
485 2708 792 2749 commune.
831 2693 960 2750 Post
993 2694 1182 2750 horam
1212 2697 1506 2752 secundam
1546 2699 1837 2767 unusquis-

257 2799 358 2854 que
385 2785 453 2838 ad
483 2799 622 2853 opus
659 2800 814 2840 suum
847 2793 1070 2854 paratus
1107 2787 1178 2841 sit
1214 2801 1383 2856 usque
1413 2787 1478 2842 ad
1505 2787 1695 2844 horam
1740 2805 1838 2845 no-

257 2887 380 2927 nam
424 2891 438 2925 ε
474 2874 622 2944 quod
665 2875 962 2944 injunctum
1011 2876 1204 2942 fuerit,
1253 2878 1370 2932 sine
1410 2882 1838 2937 murmuratione

257 2963 470 3034 perﬁcia
478 2972 518 3020 t.

329 3055 414 3109 Vl.
445 3054 530 3109 Ad
553 3055 743 3111 horam
768 3071 897 3112 vero
923 3059 1185 3113 orationis
1229 3059 1354 3115 dato
1385 3062 1558 3132 signo,
1606 3063 1697 3132 qui
1729 3078 1835 3120 non

262 3145 438 3198 statim
489 3147 857 3214 praetermisso
903 3149 1049 3203 omni
1097 3164 1263 3220 opere
1318 3116 1464 3222 quod
1516 3116 1640 3223 agi:
1672 3153 1836 3226 (quia
1864 3116 1908 3179 Ο

263 3234 390 3288 nihil
428 3235 666 3290 orationi
706 3238 1122 3307 praeponendum
1156 3240 1266 3311 est)
1303 3251 1524 3312 paratus
1557 3241 1740 3310 fuerit,
1769 3243 1838 3302 ab

263 3325 451 3382 abbate
477 3327 563 3382 vel
591 3331 878 3399 praeposito
911 3332 1235 3402 corripiatur
1263 3350 1279 3389 :
1316 3340 1373 3390 et
1405 3333 1510 3390 nisi
1531 3343 1838 3405 prostratus

264 3419 472 3472 veniam
501 3419 738 3488 petierit,
762 3423 1278 3479 excommunicetur.

327 3507 436 3563 VII.
484 3507 567 3562 Ad
601 3523 846 3564 mensam
883 3520 1061 3567 autem
1098 3513 1407 3584 specialiter
1433 3514 1614 3571 nullus
1655 3515 1838 3587 loqua-

265 3605 366 3661 tur,
391 3598 497 3653 nisi
523 3599 614 3668 qui
637 3610 853 3669 praeest,
881 3603 968 3658 vel
997 3603 1088 3674 qui
1118 3604 1481 3678 interrogatus
1510 3605 1691 3661 fuerit.

336 3687 460 3742 VIII.
515 3687 600 3743 Ad
651 3693 958 3746 necessaria
1009 3696 1300 3764 quaerenda
1347 3696 1402 3750 in
1453 3695 1666 3761 cellula,
1723 3695 1836 3751 bini

267 3777 608 3845 egrediantur
629 3780 714 3834 vel
740 3782 877 3836 terni
903 3782 1100 3840 fratres
1129 3799 1144 3837 :
1173 3792 1229 3840 et
1255 3786 1330 3840 ita
1360 3785 1460 3851 illi,
1503 3787 1699 3854 quibus
1727 3801 1838 3842 cre-

268 3867 426 3932 ditur,
454 3884 562 3923 non
591 3870 683 3939 qui
707 3873 1089 3929 verbositatem
1115 3883 1210 3930 aut
1233 3873 1412 3946 gulam
1439 3882 1735 3930 sectantur.

335 3957 423 4013 IX.
468 3958 528 4014 Si
561 3961 684 4030 quis
720 3977 850 4019 vero
885 3974 1040 4020 extra
1081 3965 1470 4021 conscientiam
1512 3967 1725 4022 abbatis
1754 3967 1837 4022 vel

270 4049 569 4118 pra'positi,
611 4054 1037 4126 qualemcunque
1067 4056 1241 4112 locum
1271 4069 1554 4124 egressus,
1593 4055 1730 4126 gula:
1753 4056 1838 4112 vel

1932 1878 2236 1940 statuimus,
2265 1887 2322 1931 ut
2345 1876 2521 1930 nullus
2552 1878 2845 1931 monachus
2873 1877 2926 1930 in
2958 1876 3271 1930 inﬁrmitate
3300 1874 3511 1944 positus

1930 1971 2120 2026 relicto
2167 1969 2496 2024 monasterio
2542 1975 2824 2036 parentum
2874 1981 3090 2021 suorum
3137 1965 3318 2020 studio
3356 1979 3504 2018 com-

1932 2061 2217 2116 mendetur
2254 2077 2266 2111 :
2297 2060 2420 2129 quia
2452 2059 2622 2130 magis
2646 2073 2767 2112 eum
2800 2057 3135 2112 saecularium
3177 2055 3513 2127 spectaculo-

1931 2165 2050 2204 rum
2078 2149 2195 2203 visu
2221 2157 2316 2203 aut
2340 2146 2528 2203 auditu
2554 2146 2714 2216 pollui
2737 2161 3039 2209 censemus,
3074 2158 3231 2213 quam
3251 2143 3320 2199 ab
3348 2143 3505 2214 aegri-

1932 2238 2118 2292 tudine
2148 2253 2306 2308 posse
2333 2238 2571 2310 purgari.

2003 2328 2136 2382 XIII.
2179 2327 2235 2383 Si
2263 2329 2384 2399 quis
2411 2342 2540 2383 vero
2567 2327 2864 2382 monachus
2888 2323 3088 2380 furtum
3119 2325 3326 2389 fecerit,
3363 2323 3508 2392 quod

1931 2425 2111 2493 potius
2147 2423 2487 2492 sacrilegium
2526 2423 2631 2477 dici
2675 2431 2871 2492 potest,
2912 2420 2967 2474 id
3007 2419 3317 2475 censuimus
3364 2417 3509 2472 ordi-

1933 2516 2198 2580 nandum,
2234 2523 2294 2570 ut
2328 2515 2514 2586 junior
2535 2514 2704 2584 virgis
2740 2527 2908 2568 caesus
2945 2511 3081 2566 tanti
3117 2509 3361 2564 criminis
3389 2520 3516 2562 reus

1933 2622 2208 2677 nunquam
2247 2605 2486 2661 ofﬁcium
2527 2605 2814 2661 clericatus
2846 2602 3108 2672 excipiat;
3150 2601 3196 2656 si
3237 2613 3364 2653 vero
3395 2597 3508 2666 jam

1935 2699 2167 2756 clericus
2212 2697 2267 2752 in
2306 2697 2360 2752 id
2389 2696 2596 2752 facinus
2643 2694 2807 2750 fuerit
2844 2693 3228 2762 deprehensus,
3273 2689 3508 2744 nominis

1935 2789 2107 2860 ipsius
2141 2787 2401 2858 dignitate
2442 2786 2684 2857 privetur
2717 2802 2729 2838 :
2771 2784 2858 2840 cui
2900 2781 3150 2838 sufﬁcere
3194 2787 3370 2850 potest
3409 2793 3510 2848 pro

1937 2887 2092 2934 actus
2123 2879 2206 2934 sui
2247 2877 2484 2942 levitate,
2519 2875 2733 2946 impleta
2777 2871 3107 2944 pmnitentiaa
3142 2867 3508 2925 satisfactione

1937 2968 2266 3023 communio.

2010 3059 2148 3114 XIV.
2185 3057 2502 3114 Monachum
2533 3056 2635 3112 nisi
2674 3055 2886 3111 abbatis
2911 3053 2995 3110 sui
3021 3049 3399 3122 autpermissu
3424 3053 3520 3102 aut

1938 3148 2214 3204 voluntate
2267 3148 2337 3204 ad
2386 3145 2531 3202 aliud
2585 3145 2969 3200 monasterium
3026 3140 3516 3211 commigrantem,

1938 3239 2118 3296 nullus
2144 3239 2313 3294 abbas
2338 3246 2432 3293 aut
2470 3237 2766 3306 suscipere,
2811 3241 2906 3288 aut
2929 3232 3166 3287 retinere
3203 3233 3516 3300 praesumat.

1937 3330 2090 3398 Quod
2110 3331 2152 3385 si
2183 3331 2251 3385 ad
2279 3329 2663 3386 districtiorem
2699 3324 2960 3396 Regulam
2987 3338 3092 3378 non
3118 3336 3220 3391 pro
3255 3327 3410 3374 actus
3435 3318 3520 3374 sui

1936 3422 2156 3478 levitate
2186 3420 2496 3477 tendentem
2521 3418 2690 3473 abbas
2709 3430 2838 3472 suus
2860 3415 3033 3486 ipsum
3056 3412 3124 3467 ad
3149 3411 3382 3465 alterum
3402 3422 3523 3463 mo-

1937 3516 2234 3572 nasterium
2283 3512 2515 3568 transire
2545 3508 2882 3580 permiserit,
2922 3513 2984 3560 ut
3023 3502 3150 3558 inde
3191 3509 3377 3569 postea
3415 3497 3517 3554 sub

1935 3607 2116 3677 aliqua
2170 3603 2454 3659 occasione
2501 3598 2682 3668 egredi
2729 3605 3022 3667 praesumat
3046 3632 3060 3658 ,
3107 3589 3275 3677 nulla,
3304 3587 3515 3677 ratione

1935 3675 2322 3765 permittimus.
2357 3688 2498 3744 Sane
2521 3688 2566 3742 si
2589 3686 2712 3756 quis
2739 3691 2860 3754 post
2880 3683 3021 3737 hanc
3040 3675 3509 3748 diligentissimam

1937 3785 2292 3845 sanctionem,
2325 3795 2431 3835 non
2464 3779 2757 3833 observare
2785 3787 2908 3842 qua:
2936 3777 3062 3825 sunt
3097 3767 3344 3834 superius
3371 3778 3520 3820 com-

1933 3877 2223 3946 prehensa,
2248 3867 2676 3942 praesumpserit,
2719 3879 2870 3920 reum
2898 3877 2957 3917 se
2986 3857 3285 3916 divinitatis
3309 3854 3516 3927 pariter

1937 3978 1993 4022 et
2017 3963 2375 4020 fraternitatis
2391 3960 2596 4030 judicio
2623 3956 2864 4013 futurum
2893 3965 3014 4007 esse
3043 3954 3350 4020 cognoscat.

2142 4054 2370 4126 Explicit
2399 4049 2604 4122 Regula
2637 4066 2671 4102 a
2695 4046 2800 4103 SS.
2833 4041 3081 4099 Patribus
3101 4038 3330 4113 prolata.

272 4175 3473 4210 _____________________________________________..

691 4287 818 4402 Β·
905 4294 1715 4408 MAGARII
1785 4283 3103 4405 ALEXANDBINI

1533 4464 1820 4520 ABBA'I‘IS
1858 4463 2259 4520 NITBIENSIS.

1155 4587 1634 4671 REGULA
1713 4586 1867 4670 AD
1941 4584 2618 4670 MONACHOS.

867 4797 955 4853 DE
990 4797 1048 4853 S.
1083 4795 1387 4852 MACARIO
1432 4794 1740 4864 EJUSQUE
1774 4793 2055 4851 REGULA
2097 4791 2427 4849 VETERUM
2463 4785 2900 4847 TESTIMONIA.

1293 4955 1734 5026 Martyroloaium
1769 4955 1919 5009 Rom.
1946 4956 2196 5024 postridie
2221 4951 2348 5008 Kal.
2371 4951 2499 5007 Jan.

342 5021 395 5080 In
422 5021 699 5082 Thebaide
721 5029 1167 5096 commemoratio
1188 5026 1247 5083 S.
1273 5021 1493 5096 Macarii
1515 5025 1861 5096 Alexandrini
1881 5021 2111 5080 abbatis.

1468 5095 1525 5150 S.
1559 5095 1912 5164 Hieronymus
1931 5134 1946 5159 ,
1975 5092 2194 5164 epistola
2221 5092 2311 5147 25.

345 5185 481 5251 Quid
503 5196 632 5242 ante
668 5205 774 5260 non
794 5177 980 5260 plures
1005 5203 1176 5260 annos
1202 5187 1389 5242 Nitriae
1410 5195 1633 5260 gestum
1644 5186 1734 5260 sit,
1777 5183 2092 5260 referemus.
2123 5184 2353 5260 Quidam
2374 5198 2440 5260 ex
2466 5180 2742 5260 fratribus,
2769 5175 2982 5260 βεδε-οἶοι·
3003 5172 3176 5260 ηιςείβ
3196 5181 3523 5260 immiti-

275 5250 406 5330 _r_ior,
439 5268 654 5330 centum
681 5250 905 5324 solidos,
929 5274 1064 5330 quos
1093 5259 1200 5330 lina
1226 5250 1457 5330 texend'o
1481 5253 2475 5330 acquisiverat,__moriensndereliquit.
2495 5250 2704 5330 Initum
2739 5258 2820 5330 est
2848 5250 2992 5330 [nter
3019 5250 3524 5330 nl9llflcb9§fffnf§§=

274 5305 406 5378 lium
447 5305 1076 5398 (536"i'n'vé'ﬁéxh‘l‘663
1093 5305 2294 5398 ’ἔὶἶεῖῐὲἕῖιῖιῖηῖιὶιῖ’ἱιῇιῐίαξ’ἂίῦἶέξείξέιιῖιίἰέ
2309 5305 2645 5398 habitabant)
2690 5319 2817 5398 quid
2845 5315 2996 5398 facto
3035 5328 3170 5398 opus
3219 5317 3419 5398 esset:

273 5387 599 5465 pauperibus
629 5399 1071 5465 distribuendos;
1106 5387 1558 5461 Macarius-vero,
1587 5405 1641 5451 et
1666 5395 1884 5458 Pambo,
1915 5405 1970 5449 et
1991 5394 2252 5465 Isidorus,
2281 5401 2336 5448 et
2360 5387 2950 5465 cmteri,_quos_Patres
2977 5390 3442 5465 vocatus-sancto;
3465 5387 3529 5465 in

275 5452 354 5542 eis
380 5452 648 5537 loquente
675 5452 1300 5543 spiiiiu',"&ééx§evenihi
1315 5452 1661 5524 infodiendos
1690 5481 1810 5522 esse
1847 5452 1970 5520 cum
2007 5464 2213 5527 eodem,
2240 5452 2486 5519 dicentes
2515 5478 2527 5513 :
2553 5452 2790 5514 Pecunia
2835 5467 2926 5510 tua
2955 5468 3126 5510 tecum
3165 5454 3231 5506 sit
3272 5452 3326 5504 in
3353 5452 3526 5518 per-dio

275 5535 486 5590 tionem.

1367 5607 1627 5672 Socrates,
1661 5604 1798 5660 Hist.
1837 5602 1963 5659 ccci.
1989 5603 2079 5658 lib.
2111 5619 2184 5667 ιν,
2209 5620 2324 5672 cap.
2362 5604 2443 5658 l8.

348 5695 618 5758 Macarius
645 5701 1042 5761 Alexandrinus
1076 5719 1198 5760 cum
1223 5710 1419 5760 caetera
1455 5697 1671 5770 quidem
1703 5697 1883 5756 omnia
1921 5695 2176 5768 Egyptio
2211 5694 2442 5750 Macario
2490 5700 2634 5748 esset
2673 5690 2882 5755 similis,
2916 5689 2966 5741 in
2999 5687 3097 5741 hoc
3127 5695 3304 5738 tamen
3342 5680 3515 5747 dispat
