3942 6190
239 286 343 344 449

920 282 1143 344 CODEX
1180 289 1637 348 REGULARUM.
1679 322 1748 333 —
1787 291 1970 349 PARS
2006 293 2047 348 I.
2091 292 2394 351 REGCLA‘I
2436 293 2541 349 PP.
2578 294 2851 353 ORIENT.

3397 300 3499 355 650

237 401 433 471 diligas
465 405 526 452 ut
548 404 848 468 parentem.
912 398 1172 455 Similiter
1195 415 1409 473 quoque
1428 418 1617 459 omnes
1653 420 1814 476 opor-
1841 413 1892 471 Α
1916 413 2064 461 etne
2095 415 2307 463 avertas
2356 408 2589 471 oculum,
2634 417 2727 462 aut
2772 411 2986 464 inanem
3028 409 3268 465 dimittas
3302 429 3503 486 paupe—

236 501 315 548 tet
346 490 569 561 diligere
595 486 814 553 fratres,
844 502 966 543 cum
996 490 1191 560 quibus
1217 492 1381 547 etiam
1404 501 1455 548 te
1482 493 1711 551 conﬁdis
1734 496 1815 550 vi-

236 585 371 641 dere
395 581 622 653 gloriam
651 579 872 636 Christi.

311 673 441 728 VIII.
484 672 611 727 Non
660 672 834 726 oderis
870 672 1189 728 laboriosam
1226 691 1435 745 operam
1480 676 1649 747 (Eccl.
1679 677 1817 743 vn);

235 768 409 825 otium
435 781 651 836 quoque
678 781 748 820 ne
791 773 1031 821 sectatus
1075 765 1262 821 fueris.
1325 767 1383 822 In
1416 769 1612 840 vigiliis
1634 769 1820 825 confe—

236 867 379 923 ειυς,
410 859 466 911 in
494 872 660 927 opere
679 854 829 925 justo
856 854 1102 921 affectus,
1133 857 1416 912 ambulans
1441 860 1593 927 quasi
1620 859 1822 913 dormi-

235 958 385 1013 tans,
408 947 587 1002 lassus
611 947 681 1001 ad
708 954 940 1001 stratum
969 956 1120 1002 tuum
1142 948 1349 1013 venias,
1376 957 1576 1004 etcum
1603 950 1820 1006 Christo

234 1040 582 1109 requiescere
612 1045 664 1094 te
688 1038 902 1093 credas.

301 1128 399 1184 IX.
441 1127 781 1197 Cursumque
827 1130 1139 1184 monasterii
1188 1146 1349 1201 super
1385 1132 1566 1186 omnia
1605 1132 1820 1203 diligas.

235 1219 338 1288 Qui
366 1234 496 1273 vero
520 1219 719 1288 sapius
740 1235 900 1274 orare
926 1220 1193 1287 voluerit,
1236 1223 1542 1277 uberiorem
1584 1224 1824 1278 inveniet

234 1310 671 1373 misericordiam
701 1310 923 1366 Christi.

306 1402 374 1457 X.
412 1404 786 1474 Matutinoque
823 1405 964 1459 dicto
1009 1404 1084 1459 ita
1132 1406 1537 1461 meditationem
1585 1405 1826 1459 haLeant

233 1496 436 1553 fratres
468 1513 646 1569 usque
679 1498 748 1552 ad
782 1497 972 1552 horam
1006 1498 1340 1553 secundant:
1379 1498 1424 1553 si
1456 1505 1633 1552 tamen
1675 1496 1823 1552 nulla

235 1606 401 1647 causa
423 1591 723 1656 exstiterit,
770 1605 880 1660 qua
910 1605 1135 1647 necesse
1162 1590 1235 1645 sit
1263 1590 1430 1646 etiam
1452 1589 1823 1661 praitermissa

235 1686 592 1743 meditatione
621 1684 827 1755 aliquid
856 1685 975 1741 ﬁeri
1002 1685 1055 1738 in
1081 1698 1385 1739 commune.

1923 512 2074 552 rem:
2107 513 2173 552 ne
2216 497 2354 554 forte
2399 499 2658 553 Dominus
2704 500 2757 552 in
2788 500 2999 570 hospite
3043 509 3134 554 aut
3178 502 3231 555 in
3261 519 3500 575 paupere

1922 590 1990 644 ad
2022 597 2070 644 te
2093 590 2295 657 veniat,
2334 599 2390 646 et
2430 591 2609 645 videat
2649 599 2701 645 te
2726 590 3084 655 haesitantem,
3112 588 3164 645 et
3191 601 3504 649 contemna-

1921 680 2026 745 ris;
2065 680 2160 734 sed
2201 681 2452 735 omnibus
2502 680 2728 735 hilarem
2785 689 2837 735 te
2881 681 3135 746 ostende,
3179 691 3233 735 et
3272 682 3504 741 ﬁdeliter

1922 788 2040 842 age.

1992 885 2132 939 XXI.
2172 885 2367 939 Passus
2392 882 2641 951 injuriam
2668 892 2863 938 taceas.
2881 886 3137 954 Injuriam
3166 886 3364 951 facere,
3391 904 3498 944 non

1921 989 2083 1029 nosse
2106 1015 2121 1039 ,
2165 974 2364 1027 factam
2402 988 2559 1041 posse
2601 973 2854 1027 tolerare.
2897 973 3012 1027 Non
3048 983 3098 1028 te
3131 975 3315 1029 inania
3345 979 3505 1032 sedu-

1923 1071 2048 1117 cant
2098 1062 2348 1126 consilia.
2399 1063 2494 1117 sed
2537 1062 2710 1132 magis
2756 1070 2809 1116 te
2849 1062 3153 1131 specialiter
3203 1064 3256 1116 in
3286 1064 3504 1120 Christo

1924 1153 2209 1208 conﬁrma.
2250 1152 2365 1207 Non
2389 1153 2484 1207 tibi
2511 1153 2751 1207 aestimes
2774 1153 2910 1208 ullos
2937 1154 3297 1222 prosimiores
3320 1169 3507 1223 paren-

1925 1254 2009 1300 tes
2038 1257 2201 1311 quam
2230 1242 2321 1310 qui
2353 1251 2532 1298 tecum
2557 1250 2683 1297 sunt
2710 1242 2765 1296 in
2793 1243 2987 1298 cellula
3016 1244 3234 1297 fratres.

1996 1352 2160 1406 XXII.
2201 1352 2265 1407 Si
2306 1354 2374 1407 ad
2416 1356 2723 1409 necessaria
2754 1355 3075 1424 requirenda
3109 1370 3139 1408 e
3173 1354 3507 1409 monasterio

1923 1444 2038 1498 bini
2068 1444 2416 1513 egrediantur
2437 1445 2521 1499 vel
2545 1446 2684 1499 terni
2714 1445 2934 1511 fratres,
2964 1446 3099 1500 tales
3127 1446 3279 1509 ﬁant,
3309 1446 3509 1513 quibus

1925 1533 2187 1598 creditur,
2237 1534 2329 1603 qui
2376 1535 2626 1589 timorem
2669 1536 2764 1590 Dei
2812 1537 2864 1590 in
2902 1551 2960 1590 se
2997 1538 3198 1590 habere
3227 1536 3504 1599 videntur,

1924 1636 2032 1675 non
2060 1622 2152 1690 qui
2174 1623 2443 1677 verbosita
2454 1631 2559 1678 tem
2589 1633 2682 1678 aut
2712 1626 2890 1696 gulam
2918 1633 3252 1696 spectantur.

306 1732 590 1833 5"?"
622 1732 827 1755 '"""'
856 1732 975 1741 "'"
1002 1732 1055 1738 ’“’
1086 1732 1385 1739 “’”““““⁷”
1572 1776 1583 1787 .
1851 1758 1898 1816 Β
1996 1732 2180 1787 XXIII.
2222 1734 2361 1802 Ergo
2408 1735 2453 1789 si
2499 1735 2621 1804 quis
2666 1736 2729 1790 de
2772 1736 2968 1790 smculo
3018 1736 3086 1791 ad
3114 1736 3505 1791 monasterium

383 1817 399 1832 .
487 1785 579 1833 ost
619 1778 813 1833 horam
845 1792 973 1832 vero
1019 1776 1311 1833 secundam
1355 1788 1726 1847 unusquisque
1756 1773 1824 1829 ad
1930 1823 2171 1847 “Mm,
2218 1823 2447 1847 Mhm,‘
2536 1823 2733 1847 “Mdu
2786 1825 2828 1847 Δ,
2872 1824 3161 1847 “manu
3195 1824 3402 1847 LM.“
3456 1832 3505 1847 Α,

235 1884 371 1939 opus
400 1883 564 1923 suum
605 1876 829 1938 paratus
859 1868 931 1922 sit
955 1882 1127 1936 usque
1171 1868 1238 1921 ad
1284 1868 1474 1921 horam
1504 1880 1725 1928 nonam,
1766 1871 1827 1918 ut

236 1963 501 2034 quidquid
528 1961 827 2031 injunctum
852 1961 1048 2026 fuerit,
1084 1961 1196 2014 sine
1230 1959 1644 2013 murmuratione
1665 1957 1825 2028 perﬁ—

236 2054 360 2118 ciat,
393 2053 542 2107 sicut
569 2052 701 2106 dicit
731 2060 955 2119 sanctus
975 2050 1247 2120 apostolus
1279 2045 1446 2119 (Phil.
1477 2046 1564 2118 ll).

305 2143 423 2198 XII.
465 2142 523 2198 Si
556 2143 678 2212 quis
698 2152 879 2196 autem
918 2140 1368 2204 murmuraverit,
1405 2138 1489 2192 vel
1516 2137 1823 2193 contentio-

236 2249 327 2291 sus
346 2233 652 2299 exstiterit,
679 2240 774 2287 aut
808 2232 1051 2287 referens
1079 2233 1136 2286 in
1163 2231 1346 2300 aliquo
1374 2229 1704 2285 contrariam
1740 2244 1827 2283 vo-

236 2322 504 2379 luntatem
537 2322 852 2393 praeceptis,
901 2322 1062 2392 digne
1093 2329 1375 2390 correptus
1411 2319 1708 2376 secundum
1739 2335 1825 2372 ar-

237 2415 461 2471 bitrium
487 2414 724 2469 senioris
752 2413 832 2467 vel
860 2414 1078 2468 modum
1105 2411 1296 2480 culpas,
1322 2410 1508 2465 tandiu
1532 2410 1824 2473 abstineat,

238 2506 479 2576 quandiu
510 2505 597 2559 vel
624 2504 796 2574 culpa:
831 2504 1064 2573 qualitas
1087 2503 1421 2573 poposcerit,
1457 2501 1542 2556 vel
1567 2518 1623 2558 se
1648 2503 1825 2574 pmni~

238 2597 400 2652 tendo
425 2596 799 2651 humiliaverit
823 2636 839 2661 ,
882 2594 966 2649 vei
1006 2594 1406 2659 emendaverit;
1444 2594 1518 2648 ita
1546 2601 1605 2648 ut
1643 2608 1827 2649 corrc-

238 2696 360 2757 plus
389 2703 502 2741 non
535 2686 734 2740 audeat
761 2701 990 2754 usquam
1020 2685 1280 2740 recidere.

312 2779 448 2835 XIII.
494 2779 554 2834 Si
584 2780 706 2849 quis
733 2778 924 2845 frater,
963 2779 1045 2834 vel
1075 2780 1167 2850 qui
1212 2780 1267 2834 in
1290 2780 1530 2835 oratorio
1564 2789 1711 2845 sunt,
1741 2779 1827 2835 vel

238 2874 331 2943 qui
359 2889 459 2945 per
503 2874 730 2929 cellulas
767 2874 1110 2940 consistunt,
1161 2876 1469 2947 quicunque
1502 2876 1619 2946 ejus
1651 2876 1827 2931 errori

238 2965 603 3028 consenserit,
635 2963 920 3034 culpabilis
941 2964 1067 3020 erit.

315 3058 452 3112 XIV.
493 3057 580 3113 Ad
629 3057 821 3112 horam
875 3074 1003 3112 vero
1049 3058 1317 3114 orationis
1364 3058 1492 3113 dato
1528 3057 1700 3127 signo,
1733 3056 1825 3126 qui

1926 1823 2173 1877 converti
2218 1823 2494 1888 voluerit,
2536 1823 2738 1895 Regula
2782 1825 2831 1878 ei
2871 1824 3165 1878 introeunti
3192 1824 3423 1895 legatur,
3452 1832 3509 1878 et

1924 1927 2113 1968 omnes
2140 1920 2294 1967 actus
2323 1915 2634 1967 monasterii
2685 1913 2759 1967 illi
2805 1913 3082 1984 patefiant.
3122 1913 3223 1981 Qui
3255 1914 3301 1969 si
3325 1914 3510 1968 omnia

1928 2009 2052 2073 apte
2090 2003 2429 2069 sustinuerit,
2464 2005 2542 2058 sic
2569 2004 2729 2075 digne
2756 2020 2783 2057 a
2816 2004 3075 2058 fratribus
3100 2005 3429 2074 suscupiatur
3456 2005 3511 2059 in

1925 2092 2276 2146 monasterio.

1996 2197 2185 2256 XXIV.
2226 2198 2361 2253 Nam
2388 2200 2433 2254 si
2464 2199 2697 2270 aliquam
2734 2202 2788 2256 in
2814 2201 3006 2257 cellula
3046 2201 3276 2257 voluerit
3304 2202 3509 2258 inferre

1925 2292 2307 2356 substantiam,
2345 2292 2398 2346 in
2427 2308 2612 2347 mensa
2633 2303 2864 2362 ponatur
2891 2309 3076 2349 coram
3116 2294 3366 2349 omnibus
3401 2293 3514 2348 fra-

1926 2383 2118 2449 tribus,
2150 2384 2295 2437 velut
2330 2383 2529 2456 Regula
2557 2387 2816 2441 continet.
2881 2386 2983 2454 Qui
3012 2388 3059 2442 si
3085 2398 3369 2457 susceptus
3395 2388 3512 2444 fue-

1924 2473 2018 2539 rit,
2044 2487 2150 2528 non
2175 2473 2351 2527 solum
2383 2474 2451 2528 de
2477 2474 2776 2530 substantia
2808 2493 2969 2545 quam
3001 2478 3204 2543 intulit,
3232 2479 3327 2533 sed
3348 2480 3512 2535 etiam

1925 2578 2028 2619 nec
2057 2564 2122 2618 de
2148 2579 2206 2618 se
2231 2565 2347 2636 ipso
2372 2564 2440 2618 ab
2469 2564 2558 2619 illa
2582 2566 2849 2636 judicabit
2876 2570 3029 2622 hora.
3074 2568 3207 2623 Nam
3232 2570 3277 2624 si
3302 2570 3512 2640 aliquid

1924 2654 2078 2724 prius
2126 2655 2369 2724 erogavit
2420 2655 2769 2725 pauperibus,
2812 2666 2906 2710 aut
2930 2658 3152 2712 veniens
3182 2657 3236 2713 in
3265 2659 3512 2714 cellulam

1926 2742 2129 2812 aliquid
2163 2743 2343 2797 intulit
2373 2742 2663 2810 fratribus,
2702 2745 2804 2815 ipsi
2845 2754 3023 2801 tamen
3057 2762 3164 2801 non
3189 2756 3272 2802 est
3301 2747 3512 2804 licitum

1927 2840 1985 2884 ut
2008 2830 2209 2899 aliquid
2234 2832 2432 2886 habeat
2467 2833 2522 2886 in
2549 2848 2642 2887 sua
2668 2842 2953 2902 potestate.

1999 2940 2167 2997 XXV.
2209 2942 2276 2996 Et
2302 2942 2349 2997 si
2396 2959 2462 2997 ex
2508 2944 2750 3014 qualibet
2779 2962 2944 3002 causa
2973 2948 3212 3003 scandali
3253 2956 3376 3018 post
3403 2956 3516 3005 ter-

1930 3029 2063 3084 tium
2086 3031 2227 3087 diem
2256 3033 2380 3089 inde
2405 3036 2557 3091 exire
2585 3035 2836 3103 voluerit,
2863 3037 2999 3092 nihil
3020 3039 3234 3109 penitus
3259 3040 3514 3111 accipiat,

240 3166 348 3206 no“
373 3151 563 3206 suum
585 3153 957 3221 praetermisso
977 3152 1124 3206 omni
1159 3165 1322 3219 opere
1358 3150 1500 3219 quod
1534 3111 1645 3220 agit
1669 3162 1828 3217 μηδ’
1855 3111 1899 3173 C
1931 3122 2040 3221 nisi
2067 3122 2335 3221 iii-veste
2371 3141 2478 3196 qua
2506 3128 2702 3221 ‘venit.
2746 3128 2898 3221 Quod
2936 3130 2983 3183 si
3025 3145 3157 3221 casu
3210 3132 3516 3198 transierit,

242 3250 331 3296 tus
361 3240 552 3306 fuerit,
581 3240 730 3296 foras
753 3242 1108 3307 excludatur,
1149 3250 1209 3295 ut
1233 3240 1558 3305 erubescat;
1586 3238 1713 3308 quia
1742 3238 1828 3292 ni-

240 3331 319 3386 hil
344 3332 582 3387 orationi
616 3333 1035 3402 praeponendum
1063 3342 1170 3389 est.

314 3422 429 3478 XV.
472 3422 709 3492 Operam
743 3423 854 3478 Deo
881 3423 1083 3478 dabunt
1120 3421 1319 3494 singuli
1357 3420 1555 3501 fratres
1590 3429 1832 3490 tempore

245 3530 351 3584 quo
380 3515 567 3570 missa:
591 3514 646 3568 in
670 3513 870 3584 vigiliis
888 3513 1239 3569 observandis
1273 3511 1442 3578 ﬁunt,
1471 3512 1687 3582 quando
1715 3526 1832 3567 om—

248 3619 345 3661 nes
364 3604 742 3668 conveniunt,
776 3618 845 3659 ne
891 3603 1164 3660 deﬁciant.
1217 3601 1537 3671 Quicunque
1576 3609 1834 3671 gravatur

245 3708 437 3748 somno
464 3732 481 3758 ,
533 3701 697 3747 exeat
727 3692 910 3758 foras,
952 3709 1060 3748 non
1101 3707 1160 3748 se
1202 3691 1403 3748 fabulis
1442 3699 1709 3759 occupet:
1738 3690 1833 3746 sed

244 3783 427 3838 statim
452 3783 644 3838 redeat
663 3783 732 3838 ad
755 3798 912 3853 opus,
939 3797 1048 3853 quo
1067 3783 1407 3839 convenitur.
1446 3781 1505 3836 In
1540 3795 1835 3851 congrega-

245 3871 388 3927 tione
430 3879 619 3927 autem
646 3871 762 3942 ipsa
792 3871 881 3925 ubi
919 3871 1136 3943 legitur,
1175 3884 1338 3926 aures
1367 3883 1580 3939 semper
1606 3869 1674 3923 ad
1699 3868 1836 3923 scri-

246 3972 440 4032 ploras
470 3963 735 4028 habeant,
772 3970 829 4018 et
853 3962 1128 4019 silentium
1155 3961 1466 4018 observent.

316 4074 456 4130 XVI.
497 4074 616 4130 Hoc
656 4075 823 4129 etiam
856 4073 1241 4129 attendendum
1282 4071 1419 4139 fuit,
1452 4080 1515 4127 ut
1546 4070 1720 4127 frater
1740 4070 1835 4139 qui

244 4180 345 4236 pro
370 4165 621 4236 qualibet
656 4163 811 4235 culpa
846 4164 1095 4235 arguitur
1135 4163 1220 4218 vel
1248 4164 1591 4234 increpatur,
1627 4161 1837 4232 patien-

248 4256 375 4310 tiam
417 4255 622 4310 habeat
681 4262 739 4309 et
792 4269 901 4309 non
951 4253 1274 4324 respondeat
1312 4252 1560 4324 arguenti
1600 4266 1689 4317 se;
1742 4250 1838 4307 sed

248 4343 499 4398 humiliet
546 4357 607 4398 se
634 4343 691 4397 in
734 4342 989 4398 omnibus
1009 4382 1024 4407 ,
1058 4342 1352 4397 secundum
1375 4351 1705 4414 praeceptum
1734 4341 1835 4395 Do-

1932 3211 2111 3268 nullus
2138 3214 2434 3268 hairediutn
2471 3213 2588 3284 ejus
2620 3218 2767 3272 adire
2805 3219 3017 3274 debeat.
3059 3220 3214 3286 Quod
3243 3222 3287 3276 si
3318 3221 3517 3292 impul-

1932 3320 2056 3379 sare
2091 3304 2358 3372 voluerit,
2413 3307 2621 3385 Regula
2675 3311 2726 3363 ei
2772 3310 3001 3381 legatur,
3052 3321 3109 3366 et
3154 3312 3521 3369 confundatur

1932 3393 2182 3462 turpiter,
2210 3403 2265 3448 et
2294 3396 2536 3451 discedat
2560 3397 2849 3465 confusus,
2886 3400 3014 3469 quia
3042 3408 3098 3454 et
3124 3400 3199 3455 illi
3229 3418 3259 3455 a
3287 3416 3395 3470 quo
3423 3418 3516 3459 re-

1930 3485 2066 3552 petit
2090 3484 2270 3539 fuerat
2304 3486 2551 3541 recitata.

2004 3592 2190 3649 XXVI.
2236 3595 2379 3666 Ergo
2425 3610 2493 3648 ex
2543 3595 2783 3666 qualibet
2829 3612 2994 3652 causa
3036 3598 3159 3667 quis
3206 3600 3517 3668 peccaverit

1932 3684 2122 3751 frater,
2150 3686 2217 3740 ab
2244 3685 2486 3739 oratione
2513 3684 2876 3755 suspendatur
2910 3695 2964 3742 et
2981 3688 3207 3758 jejuniis
3230 3689 3517 3760 distringa-

1933 3780 2043 3829 tur.
2098 3773 2251 3840 Quod
2292 3774 2338 3827 si
2367 3789 2552 3829 coram
2597 3776 2854 3830 omnibus
2903 3775 3166 3833 fratribus
3213 3787 3520 3849 prostratus

1933 3864 2147 3919 veniam
2171 3864 2547 3934 postulaverit,
2580 3866 2883 3921 dimittatur
2912 3867 3007 3921 illi.

2005 3974 2217 4031 XXVII.
2259 3975 2393 4031 Nam
2448 3977 2496 4032 si
2538 3978 2594 4032 in
2637 3993 2734 4032 sua
2772 3978 3004 4035 voluerit
3029 3994 3382 4051 perseverare
3421 3998 3521 4041 no-

1934 4068 2109 4138 quitia
2150 4079 2207 4123 et
2239 4069 2515 4138 superbia,
2555 4077 2613 4124 et
2655 4070 2802 4125 dicat
2844 4088 2858 4125 :
2911 4071 3013 4126 llic
3041 4087 3144 4143 ego
3184 4074 3385 4129 durare
3410 4089 3520 4131 non

1934 4174 2154 4232 possum
2180 4202 2195 4228 ,
2225 4163 2321 4217 sed
2349 4163 2612 4232 accipiam
2646 4162 2887 4218 casulam
2914 4179 3108 4229 meam,
3157 4175 3213 4221 et
3238 4181 3391 4232 eam,
3424 4168 3523 4224 ubi

1936 4249 2168 4305 voluerit
2198 4251 2457 4306 Dominus
2482 4292 2497 4317 ,
2527 4253 2777 4324 quisquis
2796 4255 2863 4309 de
2882 4253 3142 4310 fratribus
3160 4270 3285 4310 eum
3308 4256 3413 4312 hoc
3438 4258 3526 4314 di-

1937 4342 2085 4397 xisse
2111 4343 2264 4413 prius
2292 4344 2548 4412 audierit,
2598 4344 2803 4401 referat
2833 4347 3145 4417 praeposito,
3183 4356 3237 4402 et
3257 4350 3519 4418 praeposi-

247 4432 380 4487 mini
416 4432 653 4487 dicentis
688 4449 702 4485 ε
736 4429 877 4496 Ωιιίο
923 4430 1068 4486 θείω
1114 4431 1399 4486 humilibus
1445 4432 1538 4485 da!
1582 4432 1833 4501 gratiam,
1859 4454 1914 4514 Β
1940 4447 2026 4493 tus
2049 4438 2252 4492 abbati.
2292 4438 2473 4494 Abbas
2497 4456 2680 4496 coram
2705 4442 2956 4497 omnibus
2979 4440 3241 4497 fratribus
3264 4445 3518 4511 resideat,

249 4526 485 4595 superbis
512 4533 687 4587 autem
719 4524 912 4579 resistit
943 4522 1084 4595 (Jac.
1115 4522 1211 4594 tv).
1243 4523 1341 4588 Et,
1372 4524 1461 4594 qui
1494 4540 1547 4577 se
1568 4520 1834 4587 humiliat,

254 4616 577 4670 emirabitur
607 4612 825 4684 (Matth.
856 4612 1035 4685 xxttt).

323 4726 486 4782 XVII.
528 4727 631 4794 Qui
658 4742 791 4782 vero
820 4728 1015 4797 saepius
1042 4726 1335 4797 corripitur
1364 4735 1420 4781 et
1444 4740 1550 4781 non
1573 4741 1631 4781 se
1652 4740 1838 4780 emen-

255 4818 495 4883 daverit,
531 4819 861 4875 novissimus
905 4820 961 4874 in
993 4818 1185 4874 ordine
1209 4826 1357 4872 stare
1387 4815 1663 4885 iubeatur.
1710 4818 1833 4883 Qui.

257 4907 301 4962 si
331 4924 432 4966 nec
477 4910 558 4964 sic
591 4908 809 4978 quidem
862 4924 922 4964 se
960 4906 1367 4971 emendaverit,
1421 4914 1714 4962 extrahens
1744 4909 1839 4962 ba-

254 4997 470 5065 heatur,
498 5001 641 5055 sicut
670 4999 929 5054 Dominus
955 4999 1094 5052 dixit
1128 5015 1143 5053 :
1181 4998 1264 5052 Sit
1304 4998 1397 5053 tibi
1432 5000 1564 5052 sicut
1601 4998 1836 5051 ethnicus

256 5097 307 5141 et
336 5088 652 5160 publicanus
689 5086 905 5160 (Matth.
930 5090 1110 5159 xvnt).

328 5196 510 5255 XVIII.
550 5198 635 5253 Ad
676 5212 921 5252 mensam
959 5207 1141 5252 autem
1192 5197 1498 5266 specialiter
1544 5197 1718 5252 nullus
1763 5196 1839 5251 Io—

260 5298 471 5359 quatur,
509 5290 613 5344 nisi
649 5290 743 5359 qui
780 5298 979 5359 praeest
1010 5289 1095 5344 vel
1128 5272 1229 5359 qui.
1257 5289 1621 5360 interrogatus
1650 5289 1834 5343 fuerit.

332 5377 472 5433 XIX.
513 5377 703 5435 Nullus
733 5393 792 5435 se
830 5378 884 5433 i'n
915 5394 1009 5434 sua
1036 5377 1229 5448 peritia
1257 5392 1431 5448 neque
1463 5378 1514 5432 in
1540 5393 1671 5433 voce
1699 5379 1841 5432 exal-

262 5472 360 5533 tet,
399 5469 494 5523 sed
522 5482 623 5538 per
646 5468 1008 5524 humilitatem
1054 5477 1110 5522 et
1152 5468 1515 5524 obedientiam
1543 5467 1755 5523 laetetur
1783 5468 1841 5523 in

264 5557 509 5616 Domino.

334 5648 450 5707 XX.
496 5649 921 5722 Hospitalitatem
937 5661 1190 5707 sectantes
1209 5666 1306 5722 per
1325 5651 1505 5708 omnia
1528 5649 1699 5723 (Rom.
1714 5651 1837 5724 xu),

1937 4537 1993 4584 et
2017 4543 2142 4584 eum
2169 4518 2417 4585 exhiberi
2440 4530 2664 4601 jubeat,
2697 4541 2753 4585 et
2787 4531 2954 4602 virgis
2991 4543 3291 4602 purgetur:
3319 4540 3376 4586 et
3396 4547 3527 4586 oras
3580 4550 3589 4555 ί

1936 4624 2013 4677 tio
2042 4625 2152 4689 liat,
2194 4630 2249 4678 et
2290 4623 2371 4677 sic
2410 4624 2477 4679 ad
2528 4625 2962 4680 communionem
3008 4623 3322 4692 recipiatur.
3378 4622 3448 4678 Ut
3474 4624 3532 4690 si;

1936 4714 2061 4783 quis
2081 4728 2212 4769 sane
2232 4729 2340 4769 non
2366 4715 2688 4770 emendatur
2716 4716 2961 4771 doctrina
2977 4755 2992 4783 ,
3036 4716 3203 4787 virgis
3237 4724 3529 4788 purgetur.

2010 4824 2243 4882 XXVIII.
2282 4826 2435 4893 Quod
2478 4827 2523 4881 si
2568 4842 2695 4882 casu
2739 4827 2861 4896 quis
2905 4830 3075 4883 frater
3099 4828 3173 4883 de
3193 4830 3531 4897 monasterio

1937 4916 2090 4972 exire
2118 4916 2373 4981 voluerit,
2398 4916 2531 4975 nihil
2550 4918 2768 4987 penitus
2794 4917 3045 4987 accipiat,
3072 4918 3178 4973 nisi
3206 4919 3261 4973 in
3292 4919 3519 4975 notatis.

1939 5011 2081 5067 simo
2124 5011 2472 5075 vestimento,
2525 5019 2581 5064 et
2622 5018 2778 5065 extra
2826 5010 3264 5066 communionem
3291 5009 3525 5067 inﬁdelis

1941 5102 2202 5158 discedat.
2245 5101 2375 5155 Nam
2400 5102 2571 5171 quieti
2600 5111 2654 5156 et
2691 5101 2909 5172 paciﬁci
2946 5102 3221 5157 excelsum
3261 5102 3534 5178 diripiunt.

1942 5207 2199 5263 regnum,
2245 5201 2301 5246 et
2345 5192 2442 5246 ﬁlii
2484 5201 2868 5263 computantur
2901 5192 3164 5248 Altissimi
3195 5193 3411 5266 (Matth.
3444 5193 3530 5269 v)u

1942 5293 1997 5339 et
2026 5285 2291 5354 pretiosas
2336 5284 2751 5355 splendidasque
2798 5287 3069 5358 accipient
3112 5304 3341 5343 coronas
3364 5304 3386 5358 τΔ
3428 5273 3534 5364 ﬁlii

1943 5385 2123 5431 autem
2141 5377 2487 5429 tenebrarum
2513 5375 2565 5428 in
2582 5377 2850 5432 exteriora
2876 5379 3029 5433 ibunt
3049 5387 3337 5438 tormenta.
3356 5377 3530 5449 Super

1943 5483 2095 5536 quem
2116 5466 2461 5537 requiescam,
2490 5466 2618 5521 dicit
2644 5467 2918 5535 Dominus,
2948 5471 3049 5525 nisi
3070 5488 3227 5541 super
3248 5470 3525 5538 humilem,

1943 5567 1995 5613 et
2014 5558 2270 5629 quietum,
2300 5565 2349 5611 et
2371 5568 2674 5615 trementem
2703 5577 2965 5618 semones
2991 5581 3134 5618 meos
3171 5563 3306 5635 (Isa.
3338 5563 3526 5636 tim)?

1970 5671 1979 5677 -
2016 5645 2207 5703 XXIX.
2250 5645 2455 5716 Quarta
2484 5656 2539 5704 et
2576 5659 2727 5706 sexta
2760 5649 2892 5708 feria
2941 5654 3034 5725 qui
3059 5654 3360 5726 iul'ringunt
3385 5655 3525 5731 jeju-
