3942 6190
490 281 586 337 ιδι
1485 278 1540 334 S.
1581 278 1940 336 BENEDICTI
1979 280 2268 336 ABBATIS
2301 281 2709 342 ANIANENSIS
3622 288 3731 344 ‘52

490 405 636 443 nium
658 430 671 453 ,
717 387 864 444 Iudae
907 392 1245 445 aestimantur
1285 390 1602 461 participes,
1653 391 1744 460 qui
1779 392 2053 447 Christum
2083 396 2134 456 Α
2159 393 2292 450 ﬁdes
2325 396 2549 465 probata
2596 395 2780 461 fuerit,
2823 399 2913 468 qui
2955 397 3021 452 ad
3049 396 3333 451 utilitatem
3356 404 3412 452 et
3438 399 3733 454 necessita-

489 479 726 533 tradidit.
2162 493 2269 539 tem
2292 488 2604 542 monasterii
2639 488 2800 542 faciat
2819 488 2963 558 quod
2989 487 3187 558 poterit
3211 485 3410 542 facere.

557 569 727 623 XXX.
767 569 900 624 Illud
921 571 1083 624 etiam
1110 571 1493 627 attendendum
1520 571 1652 638 fuit,
1680 581 1740 628 ut
1769 573 1908 627 intra
1944 588 2057 627 mo-

485 658 784 714 uasterium
814 657 1102 714 artiﬁcium
1132 676 1238 716 non
1268 659 1431 716 faciat
1455 661 1621 728 ullus,
1649 663 1752 717 nisi
1779 662 1867 717 ille
1901 662 2054 731 cujus

2474 621 2702 692 Emplict
2734 621 2931 693 Regula
2966 621 3134 676 sancti
3168 619 3408 676 Macarii.

1590 829 1978 890 EPISTOLA
2021 830 2260 889 BEATI
2304 829 2642 890 MACARII

1767 927 1930 986 Data
1972 925 2054 986 ad
2093 927 2446 988 monachos.

551 1100 842 1170 Lignorum
865 1100 1018 1170 copia
1040 1099 1314 1170 ingentem
1348 1097 1553 1154 excitat
1575 1095 1846 1150 ﬂammam
1874 1115 1886 1149 :
1920 1096 2060 1148 mul-
2159 1095 2310 1164 gligit
2337 1110 2351 1148 :
2385 1095 2515 1150 nihil
2543 1097 2825 1166 possidens
2850 1100 3143 1155 monachus
3167 1109 3287 1170 post
3322 1116 3456 1172 opus
3485 1105 3731 1159 modera-

481 1191 656 1244 titudo
683 1199 860 1244 autem
890 1205 1138 1246 escarum
1160 1191 1360 1244 emittit
1391 1185 1906 1258 concupiscentiam.
1935 1187 2061 1242 Pes-
2160 1195 2271 1239 tum
2301 1188 2638 1244 orationibus
2667 1201 2721 1244 et
2752 1190 3073 1246 lectionibus
3103 1202 3275 1246 vacat.
3311 1193 3520 1249 Avarus
3547 1211 3732 1250 mona-

483 1279 620 1334 sima
653 1281 1090 1350 concupiscentia
1119 1295 1367 1336 escarum
1407 1288 1464 1333 et
1501 1279 1863 1334 inobedientia
1890 1293 2058 1349 gene-
2158 1274 2292 1328 chus
2338 1276 2670 1331 thesaurizat
2714 1280 2815 1333 sibi
2855 1280 2990 1334 iram
3041 1281 3092 1334 in
3142 1282 3228 1336 die
3279 1282 3497 1338 ultionis
3538 1302 3552 1337 :
3597 1286 3732 1338 nihil

480 1380 566 1424 rat
598 1379 848 1425 mortem.
889 1369 1137 1440 [ndigens
1169 1377 1360 1424 venter
1395 1369 1448 1422 in
1474 1369 1810 1422 orationibus
1833 1367 2058 1438 vigilan-
2158 1365 2437 1432 possidens
2481 1367 2775 1421 monachus
2823 1369 3157 1423 thesaurizat
3201 1371 3256 1424 in
3305 1371 3473 1437 cazlo,
3502 1383 3558 1428 et
3587 1375 3732 1429 dabit

479 1460 608 1515 tiam
639 1467 861 1530 praestat
879 1499 893 1523 ,
927 1469 984 1513 et
1005 1475 1264 1514 coronam
1291 1460 1486 1513 anima:
1517 1459 1782 1528 acquirit;
1817 1459 2055 1527 repletus
2083 1499 2130 1558 B
2157 1454 2370 1510 laudem
2397 1473 2518 1512 cum
2546 1460 2752 1527 angelis
2786 1459 2914 1513 Deo.
2939 1460 3199 1516 Gloriatio
3220 1464 3489 1529 monachi,
3517 1465 3731 1533 patien-

479 1558 684 1616 autem,
713 1566 959 1605 somnum
986 1550 1190 1606 inducit
1219 1551 1619 1621 gravissimum.
1657 1550 1856 1605 Oculus
1883 1551 2055 1621 gulosi

481 1641 730 1696 convivia
771 1651 1058 1704 scrutatur,
1104 1643 1293 1697 oculus
1327 1650 1505 1697 autem
1548 1642 1849 1710 sapientum
1887 1643 2057 1697 medi-

2159 1546 2231 1600 tia
2254 1547 2308 1599 in
2337 1547 2771 1603 tribulationibus
2791 1550 2924 1619 ejus.
2951 1549 3212 1605 Gloriatio
3243 1554 3514 1619 monachi,
3540 1554 3730 1624 longa~

2155 1639 2378 1693 nimitas
2406 1655 2531 1693 cum
2550 1640 2836 1694 charitate.
2874 1641 3136 1696 Gloriatio
3155 1643 3404 1698 monachi
3427 1644 3624 1708 nullas,
3645 1660 3732 1699 res

477 1740 624 1787 tatur
667 1732 1080 1786 continentiam.
1133 1733 1538 1787 Formidolosus
1582 1732 1738 1786 miles
1787 1731 2055 1786 horrescit
2152 1731 2435 1798 praesentis
2463 1730 2586 1786 vita:
2606 1732 2902 1801 possidere.
2943 1733 3208 1788 Gloriatio
3233 1735 3504 1799 monachi,
3533 1736 3734 1806 vigiliae

474 1824 542 1877 ad
574 1823 778 1887 tubam,
810 1837 929 1891 quae
965 1823 1160 1876 bellum
1201 1823 1502 1892 significat,
1530 1831 1584 1876 et
1605 1823 1827 1892 gulosus
1850 1823 1894 1877 si
1927 1823 2052 1876 abs-

475 1915 761 1968 tinentiam
808 1915 1190 1985 prazdicantem
1244 1915 1498 1979 audierit,
1540 1929 1646 1968 non
1687 1914 1918 1969 libenter
1952 1929 2050 1966 au-

477 2005 692 2060 scultat.
735 2005 976 2060 Flamma
1001 2022 1120 2061 cum
1150 2007 1458 2068 marcescit,
1494 2004 1750 2060 elucescit
1776 2007 1970 2059 iterum
2006 2007 2051 2060 si

402 2093 407 2098 ’
475 2094 749 2162 acceperit
770 2095 974 2165 lignum
999 2111 1012 2160 ;
1049 2103 1102 2148 et
1137 2095 1301 2148 libido
1330 2096 1503 2163 sopita
1528 2109 1742 2150 rursum
1772 2095 1968 2149 crescit
1995 2095 2051 2148 in

472 2187 776 2242 saturitate.
817 2186 930 2241 Non
975 2187 1284 2242 miserearis
1330 2187 1582 2256 corpori,
1640 2187 1686 2241 si
1733 2187 2050 2242 lassitudine

474 2276 775 2331 defecerit:
809 2292 980 2346 equus
1019 2278 1363 2332 consentiens
1417 2278 1663 2347 indigens
1704 2292 1902 2347 corpus
1949 2293 2050 2332 nec

472 2381 816 2421 ascensorem
865 2367 1049 2436 dejicit
1093 2383 1348 2436 unquam.
1431 2367 1877 2436 Concupiscentia
1912 2368 2049 2438 gulm

470 2467 646 2513 mater
673 2467 758 2514 est
786 2459 1041 2513 libidinis.
1083 2459 1268 2514 Oleum
1312 2460 1480 2512 nutrit
1513 2459 1758 2528 lampada
1792 2459 2044 2524 lucernze,

466 2565 523 2608 et
548 2554 726 2624 ignem
775 2555 1081 2609 reaccendit
1127 2553 1492 2608 confabulatio
1537 2553 1799 2607 mulieris.
1854 2551 2046 2607 Facies

469 2643 716 2696 mulieris
761 2644 956 2714 sagitta
1005 2652 1091 2697 est
1146 2643 1482 2708 truculenta;
1537 2643 1708 2712 inﬁgit
1754 2642 1945 2696 vulnus
1992 2642 2045 2696 in

467 2735 724 2788 animam.
767 2735 836 2790 Ut
865 2751 1132 2790 venenum
1171 2735 1294 2805 fuge
1328 2735 1817 2790 confabulationem
1850 2733 2044 2788 mulie-

2153 1827 2207 1873 et
2229 1819 2386 1874 ﬂetus
2409 1820 2462 1873 in
2493 1821 2850 1876 orationibus.
2889 1821 3154 1876 Gloriatio
3177 1823 3447 1888 monachi,
3476 1839 3731 1879 mansue-

2155 1913 2281 1966 tudo
2311 1922 2366 1967 et
2400 1913 2577 1968 cordis
2602 1913 2894 1968 silentium.
2933 1915 3196 1970 Gloriatio
3216 1916 3488 1980 monachi,
3513 1917 3728 1985 quando

2152 2003 2438 2058 Dominum
2467 2019 2531 2058 ex
2557 2013 2668 2058 toto
2691 2005 2853 2058 corde
2878 2005 3144 2069 dilexerit,
3175 2015 3228 2059 et
3242 2007 3548 2076 proximum
3572 2022 3729 2060 suum

2151 2105 2408 2165 tanquam
2457 2097 2716 2164 seipsum.
2778 2096 3041 2151 Gloriatio
3085 2097 3355 2162 monachi,
3395 2097 3728 2151 abstinentia

2149 2202 2397 2242 escarum
2421 2196 2476 2241 et
2496 2203 2526 2240 a
2555 2188 2891 2258 multiloquio
2916 2187 3130 2258 linguae.
3158 2186 3418 2242 Gloriatio
3449 2188 3726 2254 monachi,

2150 2275 2364 2346 quando
2378 2277 2683 2345 proximum
2705 2293 2860 2332 suum
2884 2278 3023 2332 sicut
3037 2279 3269 2348 seipsum
3286 2279 3502 2347 patitur.
3520 2278 3728 2334 Gloria-

2149 2368 2224 2422 tio
2247 2369 2516 2434 monachi,
2547 2370 2764 2438 quando
2790 2371 2953 2424 verba
2975 2369 3092 2438 ejus
3118 2371 3373 2441 operibus
3400 2380 3722 2426 consonant.

2147 2457 2411 2515 Gloriatio
2440 2461 2710 2527 monachi,
2737 2462 2951 2530 quando
2980 2462 3030 2515 in
3062 2461 3180 2516 loco
3202 2477 3300 2517 suo
3329 2472 3641 2532 permanet,
3671 2472 3729 2518 et

2148 2553 2254 2606 huc
2288 2553 2521 2622 illucque
2555 2568 2662 2607 non
2687 2563 2932 2624 vagatur.
2973 2551 3234 2610 Gloriatio
3274 2555 3559 2620 monachi,
3605 2555 3727 2609 lon-

2147 2642 2454 2710 ganimitas.
2494 2641 2647 2698 Sicut
2672 2643 2880 2713 lampas
2906 2643 2959 2697 in
2987 2643 3106 2698 loco
3138 2645 3444 2709 tenebroso,
3473 2645 3614 2698 sicut
3643 2644 3726 2698 sol

2147 2733 2386 2797 radians,
2418 2733 2496 2788 sic
2523 2734 2817 2789 monachus
2844 2746 3024 2789 mente
3065 2733 3244 2788 sobria
3279 2743 3334 2789 et
3354 2735 3517 2790 corde
3546 2735 3728 2806 pervi—

469 2827 569 2890 ris,
620 2826 664 2879 si
709 2836 890 2881 castus
918 2841 1039 2880 esse
1067 2827 1296 2881 volueris
1324 2846 1335 2879 :
1381 2828 1703 2881 absconsum
1730 2841 1961 2894 namque
1990 2826 2042 2878 in
2071 2840 2114 2902 ρ
2147 2825 2237 2895 gili
2262 2825 2316 2878 in
2349 2834 2588 2895 tempore
2618 2825 2806 2881 salutis
2850 2841 2980 2881 suae.
3045 2825 3197 2881 Sicut
3236 2827 3442 2897 pondus
3474 2827 3604 2882 salis
3631 2829 3726 2882 de-

468 2916 549 2970 cis
574 2925 657 2970 est
679 2931 945 2971 venenum
976 2919 1270 2973 bestiarum
1297 2921 1708 2988 nequissimum.
1751 2919 1918 2987 Magis
1950 2933 2042 2988 ap-

467 3008 765 3076 propinqua
816 3009 922 3078 igni
957 3011 1165 3064 ardenti
1195 3026 1354 3080 quam
1389 3012 1598 3066 mulieri
1625 3011 1866 3066 novellas.
1909 3011 2043 3066 Cum

467 3096 545 3150 sis
575 3097 819 3165 juvenis,
857 3098 981 3169 fuge
1023 3101 1283 3169 impetum
1314 3101 1549 3156 libidinis
1577 3110 1632 3156 et
1657 3101 2045 3157 confabulatio-

467 3200 591 3239 nem
621 3186 882 3242 mulieris.
944 3190 1046 3256 Qui
1078 3191 1422 3260 repleverunt
1454 3201 1694 3247 ventrem
1716 3234 1730 3257 ,
1763 3201 1818 3247 et
1845 3193 2044 3263 promi-

467 3283 654 3328 serunt
681 3276 988 3332 castitatem
1009 3320 1023 3344 ,
1063 3281 1164 3334 sibi
1192 3283 1543 3336 mentiuntur.
1585 3283 1781 3337 Forma
1805 3284 2042 3353 pulchri-

468 3365 677 3420 tuninis
725 3367 881 3437 pejus
947 3385 1109 3438 quam
1157 3373 1390 3440 procella
1437 3374 1751 3444 submergit.
1822 3375 2040 3444 Species

467 3457 710 3512 mulieris
754 3460 798 3514 si
843 3463 1010 3516 semel
1055 3473 1288 3519 mentem
1308 3467 1645 3534 contriverit,
1677 3467 1839 3521 etiam
1869 3469 2040 3537 ipsam

357 3625 360 3630 ‘
462 3555 697 3604 mentem
745 3559 1092 3609 contemnere
1138 3556 1445 3624 persuadet.
1508 3557 1576 3612 Ut
1613 3558 1756 3612 enim
1795 3559 1838 3612 si
1870 3559 2040 3627 paleis

463 3646 774 3695 remoretur
796 3643 958 3712 ignis,
987 3645 1190 3699 excitat
1213 3644 1505 3712 ﬂammam,
1533 3648 1612 3702 sic
1639 3647 1898 3702 memoria
1924 3663 2040 3702 mu-

459 3728 611 3784 lieris
681 3747 1001 3803 permanens
1065 3738 1342 3792 succendit
1393 3739 1902 3809 concupiscentiam.
1967 3739 2038 3795 Ut

459 3820 607 3872 enim
655 3823 929 3879 cumulata
975 3826 1130 3881 navis
1164 3827 1428 3882 undarum
1474 3829 1581 3883 ictu
1627 3829 1904 3894 obruitur,
1960 3830 2038 3885 sic

460 3913 629 3965 multa
689 3917 972 3983 possidens
1023 3921 1321 3976 monachus
1369 3937 1476 3976 non
1529 3922 1840 3977 salvabitur.
1893 3923 2036 3976 Nihil

457 4003 741 4070 possidens
767 4007 1062 4061 monachus
1089 4010 1286 4063 athleta
1314 4011 1726 4080 insuperabilis:
1756 4012 1886 4064 nihil
1906 4025 2033 4079 pos-

461 4095 647 4148 sidens
670 4097 964 4151 monachus
998 4114 1189 4156 cursor
1220 4101 1372 4165 levis,
1404 4103 1664 4156 velociter
1691 4102 1760 4156 ad
1787 4103 2033 4158 bravium

459 4181 759 4238 vocationis
802 4187 1064 4254 pervenit.
1125 4187 1337 4245 Avarus
1368 4191 1664 4246 monachus
1689 4192 1904 4261 operari
1943 4207 2036 4246 ne-
2061 4173 2114 4232 Ῑ)

551 4266 2061 4294 ._____,_________________

2139 2916 2326 2984 primit
2381 2917 2559 2970 virum
2607 2916 2911 2981 infirmum,
2962 2916 3040 2971 sic
3094 2931 3314 2971 somnus
3367 2918 3718 2973 monachum.

2144 3004 2296 3058 Sicut
2325 3005 2496 3075 spina:
2525 3015 2582 3060 et
2613 3006 2795 3061 tribuli
2831 3023 2963 3078 agro
2991 3008 3204 3076 opimo,
3241 3007 3320 3062 sic
3350 3017 3404 3062 et
3433 3009 3722 3079 cogitatio-

2143 3111 2238 3151 nes
2264 3104 2447 3166 turpes
2492 3099 2740 3166 pessimae
2785 3099 2839 3152 in
2867 3099 3030 3153 corde
3061 3098 3330 3153 monachi.
3396 3097 3551 3152 Sicut
3572 3099 3721 3154 tinea

2140 3186 2466 3241 exterminat
2490 3189 2868 3242 vestimentum
2893 3228 2908 3253 ,
2957 3187 3039 3242 sic
3072 3187 3452 3243 distractiones
3479 3187 3721 3241 animam

2140 3279 2413 3332 monachi.
2456 3277 2575 3332 Noli
2620 3289 2674 3334 te
2715 3280 2844 3334 dare
2865 3279 2931 3332 ad
2962 3277 3286 3348 colloquium
3311 3277 3616 3342 mulierum,
3650 3291 3724 3332 ue

2141 3369 2240 3423 ﬁas
2264 3379 2547 3439 separatus
2577 3385 2606 3423 a
2640 3384 2803 3438 regno
2833 3369 2959 3433 Dei,
3004 3377 3060 3423 et
3093 3383 3161 3422 ne
3189 3367 3323 3422 velis
3354 3367 3572 3422 dicere:
3611 3365 3725 3420 Lo-

2139 3474 2275 3528 quar
2323 3475 2445 3513 cum
2490 3459 2743 3523 muliere,
2780 3468 2836 3514 et
2863 3458 3092 3513 mundus
3127 3473 3267 3512 sum.
3308 3457 3599 3512 Monachus
3631 3471 3722 3512 sa-

2137 3551 2292 3620 piens
2316 3551 2428 3604 suis
2467 3551 2715 3604 manibus
2758 3559 3034 3618 operatur,
3071 3557 3127 3602 et
3158 3549 3359 3603 victum
3399 3547 3500 3601 sibi
3537 3548 3724 3617 quoti-

2139 3641 2359 3695 dianum
2394 3641 2648 3710 acquirit,
2676 3649 2731 3696 et
2755 3641 2998 3696 lucratus
3023 3647 3104 3695 est
3132 3640 3407 3694 orationes
3435 3648 3488 3693 et
3505 3638 3720 3710 jejuuia

2138 3749 2266 3800 sua;
2315 3735 2361 3788 si
2405 3742 2585 3788 autem
2613 3734 2679 3788 ab
2709 3733 2814 3788 alio
2838 3732 3109 3802 acceperit
3136 3732 3334 3786 victum
3358 3772 3372 3796 ,
3421 3731 3552 3800 quid
3585 3746 3722 3800 pro-

2137 3826 2258 3882 dest
2284 3826 2427 3896 quod
2467 3834 2587 3880 orat
2608 3834 2662 3879 et
2687 3825 2909 3896 vigilat?
2939 3825 3090 3879 Sicut
3114 3823 3486 3878 mercenarius
3513 3821 3715 3884 malus,

2137 3918 2312 3972 nudus
2357 3918 2568 3980 evadit;
2599 3916 2722 3984 quia
2759 3917 3020 3986 scriptum
3061 3923 3189 3969 est:
3233 3914 3416 3967 melius
3461 3922 3536 3967 est
3583 3912 3720 3965 dare

2136 4026 2293 4080 quam
2330 4009 2560 4078 accipere
2593 4008 2728 4079 (Act.
2765 4008 2877 4079 xx).
2916 4007 3017 4075 Qui
3045 4007 3205 4077 legis,
3245 4005 3482 4074 intellige
3518 4004 3569 4058 iu
3601 4005 3714 4058 Do-

2136 4101 2285 4154 mino
2313 4114 2547 4169 semper.

2466 4189 2696 4260 Explicit
2725 4190 2942 4260 epistola
2967 4190 3102 4243 beati
3129 4187 3369 4242 Macarii.

1231 4345 1907 4462 SANGTI
1980 4349 2897 4464 PACEOMII

1683 4494 1972 4549 ABBATIS
2007 4494 2479 4549 TABENNENSIS

771 4590 1166 4721 BEGULA
1245 4596 1380 4722 All
1464 4597 2043 4742 ΜοΝΑθΗθε.

2134 4600 2722 4742 PRIECEPTA,
2818 4599 3374 4726 EPISTOL1E.

1200 4754 1374 4837 (Vide
1401 4757 1657 4839 hujusce
1688 4759 2071 4837 Patrologt'ce
2119 4767 2351 4821 tomum
2383 4762 2608 4822 XXIII
2618 4807 2633 4835 ,
2679 4761 2798 4823 col.
2835 4762 2960 4844 65.)

547 4845 3641 4886 h——_——————_—_—_.—.—_____—_____.

1325 4935 1995 5052 SANCTI
2071 4938 2838 5054 OBSIESII

1674 5083 1962 5139 ABBATIS
1998 5083 2474 5143 TABENNENSIS

747 5184 1361 5269 DOCTRINA
1421 5186 1577 5266 DE
1631 5187 2470 5311 INSTITPIIONE
2517 5187 3414 5314 MQNACHORUM.

549 5359 637 5415 DE
673 5357 732 5416 S.
769 5357 1084 5416 ORSIESIO
1118 5356 1428 5426 EJUSQUE
1468 5353 1747 5410 REGULA
1788 5354 1940 5409 SIVE
1978 5353 2322 5410 DOCTRINA
2363 5356 2751 5415 MONASTICA
2790 5363 3124 5423 VETERUM
3163 5365 3604 5426 TESTIMONIA.

1549 5489 1747 5544 Auctor
1783 5488 1912 5546 Vite
1945 5491 2005 5548 S.
2039 5493 2334 5560 Pachomii,
2365 5511 2481 5566 cap.
2511 5498 2599 5554 53.

519 5577 1015 5665 Fet‘roni‘uspau‘cis
1040 5580 1228 5665 diebus
1260 5588 1426 5665 totam
1427 5579 1864 5665 (fraternitatem
1879 5582 2188 5663 gubernans
2218 5593 2271 5638 et
2307 5585 2393 5639 hic
2422 5586 2475 5640 in
2503 5601 2636 5656 pace
2667 5587 2954 5645 defunctus
2982 5600 3086 5656 est,
3120 5592 3439 5663 relinquens
3470 5604 3598 5665 post
3634 5610 3702 5651 se

453 5646 628 5697 virum
664 5645 861 5708 iustum
891 5658 944 5699 et
974 5657 1255 5716 acceptum
1286 5648 1394 5702 Deo
1425 5648 1724 5705 Orsiesium
1758 5645 1997 5707 nomine.
