3942 6190
312 311 412 366 155
982 314 1207 372 CODEX
1244 316 1696 377 REGULARUM.
1737 353 1808 364 -
1841 323 2020 381 PARS
2051 325 2091 381 Ι.
2134 325 2435 382 REGULAS
2476 328 2582 384 PP.
2623 327 2896 387 ORIENT.

1288 428 1590 486 Gennadius
1625 433 1856 501 Massil.,
1899 433 2078 489 Illust.
2122 434 2314 501 Script.
2353 455 2468 508 cap.
2508 439 2560 493 9.

377 513 1324 618 Lammina]
1344 564 1359 588 ,
1477 525 1862 618 gstPacliornii
1890 536 1954 618 et
1971 529 2503 618 Theodoricollega,
2541 535 2626 589 vir
2666 536 2717 618 in
2758 541 2963 618 sanctis
2997 541 3292 618 §cripturis
3325 547 3391 600 ad
3430 561 3552 618 per-

311 582 898 679 ⁸
917 582 1448 679 epippospitli‘brum
1478 594 1659 679 divino
1685 597 1959 678 conditum
1989 599 2136 679 sale,
2167 582 3545 679 totahijﬁ‘é‘ﬁudﬂasinamigéipiiiié'i‘ééiiuﬁeﬁiis

309 662 685 750 constructam
717 663 815 738 aet
838 665 901 750 ut
922 658 1240 750 simpliciter
1265 663 1464 750 dicJam‘,
1499 671 1665 750 totum
1696 680 1837 750 pene
1860 667 1914 750 in
1943 681 2008 720 eo
2037 658 2211 750 .Ve'tus
2249 679 2305 723 et
2334 658 2540 750 Novum
2570 658 3542 750 Te‘staixiieﬁihih’Eﬁpéiiditiéiﬁii;

310 724 1300 815 fiatignibus,instauranachorum
1324 724 1584 815 duntaxat
1610 724 2008 801 necessitatem,
2037 737 2307 792 invenitur
2327 724 3544 815 ex‘pois'iiuinfl'ﬁ'iééi'ié'méﬁ'Gic‘éTéthIné'ﬁii

308 807 472 862 prope
495 793 638 847 diem
661 793 841 850 obitus
869 797 982 853 suis
1010 793 1270 856 fratribus
1295 801 1508 856 obtulit.

382 861 617 918 Sanctus
641 863 963 920 Benedictus
983 866 1208 923 Aniana:
1236 871 1402 926 abbas
1431 871 1624 941 szepius
1654 873 1792 928 banc
1818 873 2042 929 Orsiesii
2075 875 2373 931 doctrinam
2401 879 2586 936 laudat
2613 883 2668 936 in
2695 882 2996 941 Concordia
3021 887 3370 960 Regularum.

1064 1073 1492 1132 OBSERVATIO
1521 1075 1800 1162 _CRI'I‘ICA
1834 1077 1900 1132 IN
1936 1077 2270 1135 REGULAM
2311 1042 2730 1150 SEQUENTEM

3444 347 3548 401 ιει

373 1253 648 1331 Habemus
673 1253 762 1331 ilic
786 1253 962 1331 sancti
990 1253 1210 1331 Qrsiesii
1239 1255 1558 1324 doctrinam,
1587 1259 1782 1331 merito
1807 1258 2142 1331 a_Gennadio
2170 1259 2472 1331 laudatam;
2501 1262 2629 1331 quia
2655 1263 2745 1317 illa
2777 1264 2958 1320 divino
2989 1267 3204 1322 condita
3239 1271 3350 1326 sale
3379 1275 3548 1331 totius

301 1325 619 1408 monasticae
670 1323 966 1408 disciplinae
1013 1325 1391 1408 instrumenta,
1441 1336 1553 1382 tam
1583 1329 1950 1408 superioribus
1990 1345 2159 1408 quam
2168 1323 2534 1408 inferioribus
2555 1333 2721 1408 scitu_
2732 1337 3064 1408 necessaria,
3109 1323 3539 1408 comprehendi}:

302 1395 433 1462 Qua:
463 1394 622 1474 proin
653 1401 708 1473 et
735 1392 934 1474 Regula
965 1395 1262 1474 monastica
1291 1396 1394 1474 diei
1427 1406 1624 1474 potest,
1648 1392 1874 1474 'ut_'pote
1893 1392 2295 1474 compendiosis
2325 1400 2420 1454 sed
2453 1403 2774 1456 necessariis
2800 1392 3081 1474 pneceptis
3109 1392 3175 1461 ex
3207 1392 3546 1467 sae-{scin

341 1462 1226 1538 utra’col‘lectiset_monachorum
1257 1466 1378 1538 usui
1403 1462 1646 1535 apprime
1669 1462 1936 1537 adaptatis
1965 1462 2183 1523 referta.
2213 1469 2343 1522 Erat
2375 1481 2555 1525 autem
2580 1462 3095 1530 sanctus'Orsie'sius
3121 1462 3542 1538 dilectusisan-cti

341 1481 461 1518 tura
487 1481 728 1517 conecus
758 1481 812 1515 et
837 1481 1226 1518 monacnorum
1257 1481 1378 1518 usui
1403 1481 1646 1535 apprime
1669 1481 1936 1537 adaptatis
1965 1481 2183 1523 reterta.
2213 1481 2343 1522 iurat
2375 1481 2555 1525 autem
2580 1481 2800 1526 sanctus
2827 1481 3095 1530 Ursiesius
3121 1481 3346 1534 dilectus
3367 1484 3540 1538 sancti

299 1481 597 1618 Pachomii
615 1531 928 1618 discipulus,
1029 1548 1134 1614 quo
1164 1535 1427 1590 moriente.
1452 1539 1779 1618 constitutus
1805 1545 1887 1592 est
1914 1538 2511 1618 Tabennarumnabbas,
2542 1548 2704 1618 atque
2721 1541 3126 1618 _totius_ordii_1i_§
3152 1563 3355 1618 prmses
3377 1566 3540 1618 gene-

299 1603 465 1668 ralis,
498 1601 645 1690 quod
670 1599 900 1690 ofﬁcium
932 1599 1173 1690 piissime
1213 1619 1308 1672 per
1337 1607 1772 1690 quenquenuium
1800 1608 2038 1690 peregit;
2089 1609 2183 1661 sed
2219 1599 2594 1690 dpligientibus
2618 1599 2840 1690 Viribus
2873 1599 3549 1690 sibi_diﬂidens‘ta’titam

301 1672 690 1749 monachorum
724 1671 1119 1749 multitudinem
1147 1671 1306 1742 passe
1330 1671 1434 1749 rite
1458 1671 1780 1745 gubernare,
1801 1671 2092 1749 inmanus
2120 1681 2290 1749 sancti
2325 1679 2623 1740 Theodori,
2659 1679 2908 1749 discipuli
2938 1684 3102 1738 etiam
3134 1671 3307 1740 sancti
3337 1671 3549 1742 Paclio:

299 1743 416 1822 inii,
449 1755 647 1822 munus
673 1740 776 1820 hoc
805 1741 1099 1822 res‘ig-navit
1124 1740 1269 1812 {quo
1293 1740 1506 1822 tandem
1533 1740 1831 1822 mortuoget
1856 1746 1984 1800 illud
2012 1763 2153 1822 anno
2180 1747 2284 1822 56:3
2312 1762 2650 1822 reassumere
2675 1740 2896 1822 coactus
2925 1761 3025 1806 est.
3059 1755 3298 1822 Denique
3324 1740 3548 1812 sanctus

299 1811 571 1896 Orsiesius
620 1810 771 1863 senio
801 1817 859 1890 et
886 1810 1478 1896 laboribus—confectus
1520 1817 1929 1896 sanctissimam.
1953 1816 2191 1869 animam
2225 1818 2350 1896 ‘Deo
2395 1818 2626 1896 reddidit
2667 1819 2812 1896 circa
2852 1836 3049 1875 annum
3079 1823 3181 1896 568
3202 1810 3227 1888 ,³
3249 1810 3415 1896 atque
3437 1810 3543 1896 per

297 1881 517 1965 modum
552 1878 860 1933 testamenti
892 1881 1172 1964 monachis
1201 1882 1572 1965 sui§nreliquit
1599 1886 1740 1965 hanc
1762 1885 2061 1965 doctrinam
2091 1886 2402 1946 asceticam.
2435 1887 2545 1965 εἰ]οέ
2577 1887 2836 1965 Regulam
2866 1878 3215 1965 monasticam
3245 1878 3539 1965 561capiti;

298 1949 397 2004 bus
425 1957 764 2072 consiliantem
784 1988 797 2012 ,
831 1956 886 2002 et
909 1950 1124 2005 eximiis
1156 1952 1400 2009 consiliis
1443 1949 1816 2025 spiritualibus
1851 1954 2142 2020 refertam,
2173 1971 2335 2024 quam
2364 1971 2432 2010 ex
2461 1949 2731 2012 Graecoin
2766 1957 3015 2014 Latinum
3047 1977 3351 2018 sermonem
3383 1949 3549 2020 vertit

298 2029 524 2072 sancnis
601 2033 926 2072 ieronvmus.

295 2029 524 2074 saucnis
553 2029 926 2088 Hieronymus.

439 2231 833 2311 INCIPIT
910 2231 1424 2313 DOCTBINA
1505 2238 2516 2419 ATQUURESI'IIJ‘SIAICTATUS
2591 2242 2954 2322 PATRIS
3030 2249 3404 2333 NOSTRI

1845 2495 1972 2508 ..-

358 2570 400 2624 l.
437 2568 602 2633 Audi,
632 2567 820 2635 Israel,
850 2571 1100 2625 mandata
1118 2571 1272 2635 vine;
1295 2570 1515 2625 auribus
1542 2569 1781 2641 percipe,
1808 2577 1862 2624 et
1889 2572 1939 2631 Α
1967 2571 2262 2627 tradamur.
2307 2574 2532 2642 Quando
2577 2596 2894 2654 peccamus,
2940 2606 3044 2647 non
3082 2603 3334 2662 putemus
3366 2601 3535 2657 Deum

285 2659 529 2729 inteli‘ige
554 2659 920 2727 prudentiam.
953 2659 1094 2724 Quid
1117 2669 1213 2724 est,
1240 2657 1430 2723 Israel,
1457 2659 1596 2729 quod
1632 2659 1686 2713 in
1721 2669 1863 2714 terra

283 2749 624 2802 inimicorum
652 2749 745 2801 es?
783 2747 1092 2803 Inveterasti
1132 2750 1189 2804 in
1218 2759 1359 2803 terra
1386 2748 1594 2815 aliena;
1627 2766 1860 2803 comma-

284 2839 492 2892 culatus
520 2855 574 2892 es
600 2855 719 2892 cum
751 2841 1006 2905 mortuis;
1042 2850 1375 2911 comparatus
1413 2859 1467 2896 es
1505 2858 1626 2896 cum
1665 2841 1746 2896 his
1772 2843 1862 2912 qui

281 2931 340 2983 in
361 2930 575 2998 inferno
604 2941 748 2995 sunt,
776 2940 824 2984 et
848 2931 1170 3002 derctiquisti
1195 2933 1390 3003 fontem
1432 2935 1721 3004 sapientiai.
1755 2931 1862 2989 Per

281 3021 419 3074 viain
455 3019 552 3073 Dei
577 3019 624 3073 si
661 3019 1002 3086 ambulasses,
1036 3021 1259 3090 forsitan
1285 3021 1598 3077 habitaueris
1631 3023 1683 3076 in
1711 3040 1856 3093 pace.

279 3103 436 3161 Disce
476 3122 620 3177 ergo.
653 3107 764 3172 ait,
796 3108 884 3161 ubi
913 3118 986 3162 est
1025 3109 1300 3180 prudentia
1332 3120 1444 3176 tua,
1481 3111 1570 3165 ubi
1597 3121 1672 3166 est
1711 3112 1862 3182 forti-

282 3196 409 3250 tudo
437 3195 625 3265 glorite
667 3207 820 3267 atque
855 3198 1084 3264 virtutis,
1121 3200 1210 3254 ubi
1253 3209 1328 3254 est
1358 3200 1724 3271 intelligentia,
1770 3202 1860 3258 ubi

277 3286 364 3340 tea:
391 3285 688 3352 oculorum,
723 3296 771 3341 et
796 3305 920 3358 pax.
948 3289 1050 3354 Qui
1074 3290 1267 3344 invenit
1299 3290 1469 3345 locum
1495 3292 1630 3361 ejus,
1667 3303 1714 3346 et
1741 3295 1857 3363 quis

278 3377 550 3446 ingressus
591 3386 665 3430 est
705 3377 772 3430 ad
800 3378 1068 3433 thesauros
1097 3379 1241 3434 illius
1272 3379 1418 3451 (Bar.
1462 3381 1582 3450 in)?
1621 3383 1746 3438 Haec
1773 3383 1853 3437 lo-

278 3467 555 3536 quebatur
601 3468 808 3524 Baruch
845 3479 1066 3540 propter
1093 3487 1186 3526 eos
1224 3474 1322 3541 qui
1351 3473 1404 3527 in
1443 3482 1647 3528 terram
1679 3474 1856 3544 Baby-

279 3558 419 3614 lonis
448 3568 508 3615 et
545 3559 886 3616 inimicorum
912 3578 1132 3618 suorum
1155 3564 1301 3619 ducti
1330 3575 1454 3620 sunt
1490 3566 1544 3619 in
1576 3566 1857 3635 captivita-

279 3663 421 3718 tem,
454 3655 586 3724 quia
623 3653 912 3710 noluerunt
954 3658 1336 3726 prophetarum
1383 3658 1659 3728 suscipere
1704 3672 1858 3711 man-

278 3745 425 3810 data,
486 3754 544 3800 et
587 3745 740 3801 obliti
779 3755 907 3801 sunt
948 3747 1082 3817 legis
1126 3748 1243 3812 Dei,
1295 3764 1413 3817 quae
1455 3748 1580 3802 data
1635 3755 1717 3801 est
1758 3763 1858 3816 per

282 3836 524 3908 Moysen.
556 3837 765 3893 Idcirco
793 3839 1001 3894 induxit
1023 3839 1165 3896 Deus
1191 3857 1352 3911 super
1371 3857 1464 3896 eos
1486 3853 1672 3909 pinnas
1695 3848 1856 3908 atque

280 3928 562 3997 supplicia,
611 3935 666 3982 et
706 3929 1036 3999 captivitatis
1087 3932 1325 3986 subdidit
1360 3931 1489 4002 jugo
1538 3949 1551 3984 :

279 4035 406 4092 ergo
435 4035 533 4076 eos
575 4029 636 4074 ut
675 4035 832 4084 suos,
881 4029 938 4075 et
976 4022 1131 4092 quasi
1171 4029 1324 4090 pater
1368 4020 1507 4077 ﬁlios
1536 4022 1854 4087 emendans,

279 4111 575 4181 noiensque
603 4111 782 4181 perire
810 4121 1082 4168 correctos
1099 4153 1114 4177 ,
1143 4113 1239 4169 sed
1267 4113 1478 4169 salvare
1507 4114 1730 4183 cupiens
1758 4129 1858 4184 per

280 4199 669 4266 panitentiam.

347 4309 410 4365 Il.
452 4311 608 4368 Unde
659 4320 715 4368 et
757 4329 855 4370 nos
897 4313 1315 4383 apostolicorum
1362 4315 1618 4372 debemus
1665 4318 1855 4371 memi-

277 4405 421 4460 nisse
458 4405 786 4471 verborum,
819 4407 910 4476 qui
939 4408 1015 4461 ait
1055 4421 1070 4460 :
1112 4405 1170 4462 Si
1199 4406 1526 4463 naturalibus
1557 4409 1718 4463 ramis
1750 4425 1854 4462 non

272 4497 517 4564 pepercit,
537 4512 630 4549 nec
660 4496 806 4550 nobis
831 4506 1004 4567 parcet
1029 4496 1206 4567 (Rom.
1239 4499 1339 4568 xi),
1365 4507 1418 4552 et
1455 4497 1548 4551 Dei
1585 4509 1851 4568 prmeepta

275 4587 544 4656 complere
568 4587 926 4658 negligimus?
954 4586 1082 4642 Haec
1111 4589 1288 4641 omnia
1309 4589 1363 4640 in
1379 4588 1563 4658 ﬁguris
1589 4590 1853 4658 continge-

276 4676 392 4729 bant
414 4674 522 4729 illis
568 4691 588 4729 :
635 4678 828 4745 scripta
868 4685 989 4730 sunt
1028 4686 1202 4730 autem
1234 4677 1303 4729 ad
1341 4677 1716 4745 correptionem
1756 4694 1852 4730 no-

273 4775 456 4830 stram,
487 4766 544 4819 in
568 4782 700 4836 quos
721 4765 852 4834 ﬁnes
876 4765 1190 4820 macularum
1211 4765 1526 4818 devenerunt
1551 4763 1603 4835 (1
1619 4764 1738 4818 Cor.
1766 4771 1843 4837 Χ).

274 4855 332 4909 Et
357 4855 433 4909 illi
457 4855 680 4925 quidem
722 4855 788 4909 de
815 4857 949 4911 urbe
977 4854 1126 4909 indas
1150 4853 1394 4908 translati
1421 4863 1549 4908 sunt
1572 4855 1621 4906 in
1659 4855 1847 4908 urbem

271 4940 670 5009 Chaldaeorum,
702 4944 756 4997 in
790 4944 949 5010 terris
973 4952 1243 4998 mutantes
1268 4944 1385 4997 loca
1418 4962 1430 4997 :
1465 4957 1562 4996 nos
1591 4951 1768 4996 autem
1800 4944 1845 4996 si

273 5031 409 5088 Deus
443 5033 643 5088 viderit
679 5033 1042 5105 negligentes,
1085 5034 1140 5087 in
1181 5033 1362 5087 futuro
1400 5031 1594 5087 saeculo
1630 5033 1846 5086 amitte-

273 5137 388 5177 mus
404 5123 687 5179 civitatem
712 5133 987 5190 nostram;
1017 5131 1073 5180 et
1098 5124 1342 5178 laetitiam
1365 5123 1700 5187 deserentes,
1734 5132 1848 5177 tra-

271 5211 456 5267 demus
477 5225 766 5281 pennarum
792 5214 1127 5283 captivitati,
1157 5215 1552 5284 perdemusque
1585 5213 1840 5286 gaudium

1963 2662 2267 2718 consentire
2294 2667 2494 2722 nostris
2541 2675 2810 2742 peccatis,
2847 2680 2972 2747 quia
3003 2699 3107 2737 non
3148 2689 3330 2742 statim
3362 2693 3537 2747 vindi-

1961 2756 2079 2839 cat;
2112 2751 2206 2805 sed
2237 2751 2366 2807 illud
2393 2757 2708 2827 cogitemus,
2741 2769 2885 2834 quod
2912 2770 3022 2824 cito
3054 2785 3314 2832 exeuntes
3337 2779 3404 2835 de
3430 2797 3534 2839 sa:-

1959 2837 2084 2892 culo
2127 2843 2500 2908 separabimur
2545 2849 2597 2903 in
2629 2849 2811 2912 futuro
2844 2873 2874 2912 a
2913 2859 3165 2919 Patribus
3193 2875 3245 2921 et
3276 2837 3535 2927 fratribus

1959 2928 2182 2994 nostris,
2210 2932 2302 3000 qui
2335 2931 2512 2990 locum
2543 2939 2784 2998 victoriae
2811 2949 3107 3015 possident.
3149 2953 3318 3020 Quem
3351 2969 3404 3012 et
3433 2976 3534 3016 nos

1962 3017 2277 3120 habebimus
2304 3062 2319 3088 ,
2352 3025 2398 3078 si
2429 3025 2642 3084 illorum
2671 3034 3000 3094 voluerimus
3029 3017 3242 3100 calcare
3282 3049 3530 3120 vestigia,

1959 3117 2014 3162 et
2044 3109 2172 3166 illud
2199 3117 2497 3185 attendere,
2519 3124 2661 3190 quod
2689 3129 2964 3196 apostolus
2981 3132 3181 3190 Paulus
3209 3138 3296 3193 hic
3319 3109 3533 3210 quoque

1959 3209 2175 3300 sanctos
2201 3219 2231 3258 a
2263 3210 2643 3300 peccatoribus
2669 3227 2902 3285 separat,
2948 3228 3003 3276 et
3031 3223 3192 3279 tradit
3225 3209 3536 3300 delinquen-

1960 3298 2039 3390 tes
2052 3290 2105 3344 in
2120 3293 2385 3350 interitum
2407 3302 2600 3367 carnis,
2617 3313 2672 3356 ut
2687 3306 2900 3375 spiritus
2922 3310 3098 3366 salvus
3118 3313 3211 3382 ﬁat
3237 3316 3289 3388 (I
3312 3290 3435 3373 Cor.
3456 3319 3530 3390 v).

1959 3380 2154 3438 Beatus
2181 3385 2342 3442 bomo
2381 3391 2471 3458 qui
2517 3393 2669 3449 timet
2697 3398 3006 3468 Dominum,
3042 3413 3098 3458 et
3120 3380 3280 3475 quem
3311 3380 3537 3482 corripit

1957 3481 2017 3527 ut
2041 3478 2374 3546 emendetur,
2402 3490 2457 3536 et
2483 3483 2654 3554 legem
2684 3503 2838 3544 suam
2866 3492 3024 3549 docet
3043 3510 3189 3560 eum,
3214 3508 3272 3552 ut
3292 3478 3534 3558 ambulet

1957 3565 2011 3620 in
2042 3570 2310 3626 mandatis
2338 3572 2452 3641 ejus
2478 3579 2732 3634 omnibus
2757 3581 2946 3638 diebus
2965 3585 3090 3639 vitae
3115 3601 3258 3653 sine;
3294 3593 3387 3660 qui
3421 3609 3530 3649 non

1956 3669 2263 3715 murmurat
2290 3677 2390 3730 pro
2415 3676 2639 3732 peccato
2664 3683 2782 3724 suo.

2025 3766 2113 3822 IV.
2154 3769 2340 3839 Itaque
2363 3781 2417 3826 et
2435 3791 2534 3830 nos
2555 3786 2860 3834 scrutemur
2879 3783 2994 3837 vias
3021 3793 3261 3853 nostras,
3291 3798 3347 3845 et
3388 3807 3535 3861 gres-

1957 3871 2050 3911 sus
2078 3861 2324 3929 proprios
2353 3864 2737 3934 dijudicemus;
2784 3881 3227 3946 revertamurque
3252 3881 3319 3935 ad
3349 3881 3531 3937 Domi-

1602 3931 1856 4025 θΐιιίξίθηδ
1882 3937 1930 3996 Β
1957 3961 2108 4012 num,
2139 3956 2192 4002 et
2228 3948 2468 4008 levemus
2495 3969 2617 4009 cum
2645 3958 2893 4014 manibus
2920 3964 3120 4019 nostris
3139 3931 3308 4022 corda
3342 3977 3530 4025 nostra

1959 4035 2014 4089 in
2045 4037 2315 4092 excelsum
2343 4049 2397 4093 et
2423 4041 2477 4095 in
2514 4043 2714 4099 ctelum
2757 4059 2771 4100 :
2807 4056 2866 4102 ut
2901 4049 2955 4103 in
2986 4051 3074 4105 die
3097 4051 3286 4120 iudicii
3316 4057 3534 4126 adjutor

1958 4133 2143 4180 noster
2168 4128 2260 4192 sit,
2288 4137 2343 4183 et
2366 4145 2470 4185 non
2493 4133 2888 4191 confundamur
2910 4155 3035 4194 cum
3058 4141 3330 4212 loquimur
3350 4147 3532 4202 inimi-

1956 4216 2036 4270 cis
2064 4219 2264 4273 nostris
2292 4219 2345 4273 in
2374 4231 2550 4289 porta,
2573 4224 2666 4278 sed
2694 4228 2865 4296 magis
2899 4229 3045 4299 digni
3074 4233 3244 4288 simus
3280 4235 3406 4290 illud
3433 4251 3533 4292 au-

1955 4306 2074 4360 dire
2102 4324 2114 4359 :
2147 4306 2354 4379 Aperite
2378 4320 2573 4381 portas,
2602 4324 2658 4366 ut
2687 4316 3015 4385 ingrediatur
3050 4321 3272 4390 populus
3311 4326 3400 4394 qui
3437 4341 3534 4380 cu-

1955 4397 2112 4449 stodit
2134 4397 2402 4466 justitiam
2433 4411 2482 4454 et
2521 4403 2784 4457 ueritatem
2821 4403 3013 4476 (ludit.
3053 4408 3162 4480 xv).
3201 4409 3298 4464 Cui
3330 4415 3527 4473 veritas

1954 4486 2102 4539 cordi
2154 4495 2268 4552 est,
2317 4497 2372 4542 et
2412 4491 2502 4558 qui
2541 4493 2780 4561 possidet
2823 4511 3042 4565 pacem,
3092 4499 3268 4554 dicere
3304 4511 3524 4570 potest:

1955 4573 2089 4640 Quia
2118 4574 2172 4628 in
2199 4584 2248 4630 te
2271 4578 2623 4646 speravimus,
2659 4580 2903 4650 Domine,
2933 4586 2985 4639 in
3014 4594 3292 4641 aeternum.
3327 4588 3526 4644 Recor-

1952 4663 2144 4718 demur
2180 4665 2394 4720 Domini
2420 4707 2435 4726 .
2473 4678 2530 4722 et
2566 4669 2900 4728 Hierusalem
2941 4677 3203 4731 ascendat
3231 4694 3392 4748 super
3432 4695 3527 4734 cor

1950 4765 2212 4809 nostrum.
2266 4755 2344 4812 Ne
2391 4759 2771 4816 obliviscamur
2813 4764 2954 4820 illius
2993 4766 3246 4830 hominis,
3300 4772 3364 4822 de
3409 4785 3516 4838 quo

1950 4847 2208 4914 scriptum
2244 4857 2328 4902 est
2367 4867 2379 4901 :
2422 4849 2734 4907 Benedictus
2761 4855 2915 4909 homo
2954 4857 3046 4926 qui
3079 4859 3294 4925 conﬁdit
3329 4860 3380 4913 in
3420 4859 3527 4914 Do-

1949 4937 2108 5000 mino,
2142 4939 2293 5007 cujus
2321 4950 2394 4993 est
2421 4957 2536 5010 spes
2564 4944 2618 4996 in
2640 4961 2718 4997 eo.
2746 4945 2862 5001 Erit
2889 4948 3042 5017 quasi
3060 4947 3259 5017 lignum
3286 4949 3525 5020 fructife-

1949 5044 2062 5080 rum
2085 5029 2245 5096 juxta
2275 5047 2457 5098 aquas,
2485 5039 2533 5084 et
2555 5033 2625 5085 ad
2649 5034 2916 5088 humorem
2948 5037 3103 5090 mittit
3127 5038 3326 5093 radices
3350 5057 3476 5095 suas
3500 5060 3519 5095 .-

1947 5131 2049 5168 non
2069 5115 2288 5184 timebit,
2319 5135 2433 5172 cum
2458 5130 2614 5174 (estus
2643 5120 2927 5187 advenerit,
2949 5123 3254 5194 habebitque
3273 5126 3521 5195 frondeu-

1944 5211 2019 5256 tes
2041 5220 2234 5270 ramos,
2248 5217 2294 5260 et
2306 5207 2365 5260 in
2385 5216 2610 5277 tempore
2621 5209 2872 5264 siccitatis
2900 5212 3103 5277 virebit,
3118 5231 3274 5276 poma
3286 5216 3514 5272 sollicita

269 5304 678 5373 mmmam,
701 5282 1056 5374 quod’paues
1081 5282 1324 5359 ηοέιτίει
1345 5282 1746 5360 frmi-3515130“:
1769 5305 1846 5360 in-
1872 5282 1917 5343 C
1948 5294 2274 5361 germinans.
2295 5291 2463 5349 Grave
2485 5313 2576 5350 cor
2594 5298 2648 5350 in
2673 5299 2934 5363 omnibus,
2959 5311 3007 5354 et
3029 5302 3185 5358 homo
3210 5313 3308 5370 est,
3327 5315 3374 5358 et
3399 5307 3516 5376 quis

269 5395 447 5451 stabili
473 5406 813 5466 repererunt.

1945 5382 2207 5448 cognoscit
2232 5397 2348 5434 eum
2364 5383 2390 5434 ?
2402 5382 2544 5452 Ergo
2569 5384 2820 5441 Dominus
2847 5397 3087 5445 scmtans
3111 5394 3270 5448 corda
3283 5403 3330 5448 et
3348 5411 3517 5461 renes,

334 5481 420 5538 III.
457 5483 628 5556 Igitur
670 5502 777 5542 non
811 5502 911 5542 nos
937 5488 1122 5543 vincat
1145 5487 1372 5551 oblivio,
1402 5502 1503 5541 nec
1527 5486 1843 5558 patientiam

1959 5479 1998 5523 tt
2021 5470 2236 5524 reddam
2267 5472 2544 5543 unicuique
2565 5476 2852 5530 secundum
2878 5479 2989 5533 vias
3017 5497 3142 5535 suas
3175 5480 3310 5555 (Jer.
3349 5490 3508 5555 xvii).

272 5571 362 5627 Dei
390 5575 766 5632 existimemus
816 5578 1205 5650 ignorantiam,
1237 5579 1330 5650 qui
1364 5576 1566 5635 idcirco
1598 5585 1865 5638 sustentat

271 5669 324 5717 et
349 5662 547 5729 ὤσει-ι,
591 5676 650 5719 ut
701 5667 768 5722 ad
812 5669 1032 5724 meliora
1074 5671 1316 5726 conversi
1363 5669 1692 5724 cruciatibus
1734 5685 1840 5726 non

2012 5577 2076 5632 V.
2120 5579 2522 5637 Meminerimus
2581 5584 2798 5650 nostri,
2837 5601 2939 5642 nec
2969 5599 3376 5646 contemnamus
3425 5593 3518 5649 de-

1943 5672 2066 5726 licta
2097 5687 2217 5742 qua:
2245 5672 2501 5740 fecimus;
2532 5684 2588 5731 et
2611 5676 2822 5747 singula
2859 5679 3112 5736 mandata
3140 5681 3319 5739 Patris
3340 5690 3466 5740 nost
3503 5682 3519 5741 ἴ
