3942 6190
416 350 518 407 435

1428 342 1483 397 S.
1527 341 1888 400 BENEDICTI
1928 342 2220 400 ABBATIS
2260 341 2665 398 ANIANENSIS

3569 340 3671 397 456

414 476 471 520 et
507 476 694 518 eorum
740 460 831 530 qui
873 473 971 513 nos
1000 461 1318 523 docuerunt,
1349 459 1512 514 corde
1542 459 1771 514 sollicito
1795 467 1998 528 pertra-
2023 460 2077 521 Α
2102 457 2296 521 rimini,
2321 470 2457 527 quoa
2488 457 2677 527 pingue
2700 463 2772 509 est
2800 469 2900 506 non
2930 452 3261 517 immotastis,
3288 463 3336 508 et
3359 456 3500 525 quod
3527 459 3672 527 inhr-

414 562 621 609 ctemus
650 568 661 603 :
696 564 801 605 non
829 547 1003 604 solum
1030 548 1312 603 credentes
1339 546 1396 600 in
1419 547 1661 614 Christo,
1692 547 1789 602 sed
1814 555 1869 602 et
1897 562 1995 618 pro

415 642 534 713 ipso
555 642 845 712 patientes,
874 648 931 695 et
956 640 1191 696 scientes
1221 638 1352 693 illud
1386 639 1452 694 de
1473 654 1581 708 quo
1611 639 1808 694 dicitur
1832 655 1846 694 :
1873 637 1994 710 Spi-

414 736 547 788 ritus
590 730 764 787 vultus
794 731 959 785 nostri
987 730 1225 785 Christus
1258 729 1518 783 Dominus
1551 728 1769 800 (Thren.
1802 728 1900 801 1v).
1930 729 1999 784 Et

414 826 540 881 alibi
569 845 581 879 :
612 824 847 879 Lucerna
875 822 1089 893 pedibus
1116 822 1243 876 meis
1265 820 1349 875 lea:
1370 829 1488 887 tua,
1517 831 1567 874 et
1592 819 1767 875 lumen
1797 822 1996 876 semitis

414 917 561 970 meis.
593 916 658 971 Et
679 916 909 968 iterum:
945 913 1229 983 Eloquium
1256 911 1468 964 Domini
1494 910 1767 979 viviﬁcavit
1799 928 1897 976 me,
1920 920 1993 975 et,

415 1007 525 1061 Leo:
554 1006 763 1059 Domini
804 1003 1142 1058 immaculata
1166 1043 1181 1068 ,
1218 1012 1517 1057 convertens
1558 1001 1783 1079 animas.
1840 1001 1998 1055 Man-

415 1100 597 1152 datum
637 1097 847 1152 Domini
887 1096 1154 1160 lueidum,
1191 1093 1498 1148 illuminans
1540 1092 1716 1146 oculos
1766 1091 1993 1163 (Psalm.

414 1189 623 1261 cxvm).
657 1189 724 1242 Et
757 1187 1067 1258 Apostolus,
1091 1185 1220 1250 Lex,
1246 1185 1438 1254 inquit,
1466 1193 1671 1248 sancta,
1697 1192 1746 1237 et
1777 1182 1999 1236 manda-

413 1290 524 1334 tum
567 1288 827 1343 sanctum,
858 1287 905 1331 et
937 1278 1165 1347 justum,
1199 1285 1246 1330 et
1279 1275 1469 1328 bonum
1506 1273 1684 1344 (Rom.
1719 1272 1834 1343 v11).
1868 1271 1999 1338 Qua:

414 1371 596 1423 omnia
622 1368 1006 1438 intelligentes,
1036 1367 1181 1435 digni
1211 1365 1418 1420 erimus
1442 1364 1632 1419 audire
1662 1381 1676 1417 :
1705 1360 1839 1417 Cum
1867 1363 1999 1416 ceci-

414 1461 546 1513 derit
591 1461 771 1530 justus
810 1475 912 1511 non
960 1456 1227 1521 allidetur,
1272 1456 1397 1525 quia
1439 1453 1697 1507 Dominus
1744 1461 2000 1508 sustentat

414 1568 628 1604 "unum
677 1548 819 1603 illius
871 1546 1098 1619 (Psalm.
1145 1546 1353 1618 xxxvi).
1396 1547 1464 1601 Et
1510 1547 1751 1601 iterum:
1796 1545 1998 1616 Septies

414 1641 562 1695 cadet
586 1640 783 1709 justus,
813 1648 861 1693 et
889 1647 1118 1709 resurget
1146 1638 1195 1710 (I
1224 1638 1368 1692 Petr.
1394 1638 1499 1710 ιιι).

489 1731 577 1785 Vl.
615 1730 767 1785 Nunc
802 1745 950 1801 ergo,
984 1728 1203 1794 fratres,
1250 1729 1358 1783 Deo
1388 1741 1581 1797 agente
1624 1729 1909 1798 patienter,
1945 1737 2001 1783 et

2099 564 2239 602 mum
2266 556 2341 601 est
2363 563 2465 600 non
2494 545 2826 614 confortastis
2842 561 2860 609 ;
2891 543 3029 614 quod
3065 542 3291 612 fractum
3314 556 3389 599 est
3417 563 3521 599 non
3546 548 3674 619 liga-

2096 640 2225 702 stis;
2265 636 2405 708 quod
2431 635 2638 690 errabat
2666 651 2771 688 non
2800 633 3116 696 reduxistis;
3152 634 3292 703 quod
3319 637 3544 703 perierat
3574 655 3676 692 non

2097 727 2390 798 quaesistis;
2439 725 2579 797 quod
2610 724 2745 794 forte
2781 733 2894 778 erat
2917 722 3112 793 fecistis
3148 722 3329 777 labore
3356 723 3594 792 deﬁcere,
3632 738 3677 781 et

2096 817 2413 888 dispersistis
2438 832 2554 871 oves
2582 831 2745 879 meas,
2777 830 2835 867 eo
2863 813 3004 884 quod
3031 829 3135 867 non
3165 812 3414 866 haberent
3445 824 3680 883 pastores

2099 909 2317 982 (Ezech.
2348 909 2555 982 XXXIV).
2589 910 2883 980 Propterea
2915 910 3028 978 ipse
3056 908 3318 963 Dominus
3352 908 3531 963 veniet
3557 925 3680 965 cum

2097 1002 2401 1057 senioribus
2441 1010 2496 1057 et
2526 1001 2860 1071 principibus
2894 1000 3027 1064 suis,
3064 1009 3118 1053 et
3159 999 3517 1070 complebitur
3550 1002 3680 1058 illud

2098 1094 2153 1148 in
2195 1095 2352 1150 nobis
2396 1113 2408 1148 :
2453 1093 2741 1148 Exactores
2778 1092 2933 1146 vestri
2978 1090 3352 1162 deprenduntur
3383 1109 3494 1159 vos,
3517 1103 3566 1147 et
3592 1096 3681 1165 qui

2099 1197 2357 1256 repetunt,
2387 1203 2563 1241 errare
2590 1202 2675 1240 vos
2698 1186 2898 1255 faciunt
2922 1183 3077 1256 (Isai.
3106 1183 3210 1259 ιιι).
3236 1184 3374 1250 Quin
3397 1187 3574 1258 magis
3596 1203 3684 1242 au-

2099 1279 2214 1333 dire
2244 1279 2501 1333 debemus
2534 1298 2546 1332 :
2579 1278 2742 1332 Beata
2767 1287 2931 1342 terra,
2958 1276 3110 1348 cujus
3136 1294 3229 1332 rex
3249 1277 3391 1348 ﬁlius
3420 1293 3439 1330 :
3470 1280 3681 1351 ingenui

2097 1380 2145 1423 et
2185 1370 2441 1441 principes
2473 1371 2551 1424 tui
2580 1371 2635 1424 in
2665 1379 2894 1439 tempore
2931 1370 3209 1425 comedunt
3252 1372 3310 1425 in
3344 1371 3680 1442 fortitudine,

2100 1473 2148 1514 et
2174 1477 2279 1514 non
2305 1462 2692 1530 confundentur
2715 1457 2888 1530 (Eccl.
2918 1459 2997 1530 ς).

2170 1550 2263 1605 IX.
2303 1549 2451 1616 ideo,
2489 1567 2521 1605 ο
2554 1550 2739 1615 homo,
2784 1564 2953 1619 usque
2985 1549 3054 1605 ad
3089 1566 3249 1605 unam
3279 1551 3539 1616 animam,
3571 1568 3687 1622 qua

2100 1639 2200 1695 tibi
2216 1638 2422 1694 credita
2444 1647 2547 1705 est,
2561 1654 2782 1696 monere
2802 1655 2911 1695 non
2931 1653 3115 1694 cesses
3138 1648 3192 1695 et
3210 1640 3405 1695 docere
3419 1656 3543 1710 quae
3567 1657 3689 1696 san-

2101 1736 2189 1783 cta
2211 1737 2358 1794 sunt,
2381 1739 2437 1783 et
2464 1729 2693 1799 teipsum
2713 1731 2979 1786 bonorum
3000 1745 3225 1799 operum
3249 1731 3490 1790 auehere
3512 1746 3690 1787 exem-

416 1839 516 1878 nos
554 1823 619 1876 ad
666 1822 1040 1892 paenitentiam
1085 1829 1411 1890 provocante
1438 1862 1452 1887 ,
1502 1820 1566 1875 de
1608 1820 1759 1889 gravi
1807 1833 1998 1875 somno
2026 1805 2074 1864 Β
2099 1821 2279 1891 plum,
2304 1829 2360 1875 et
2390 1835 2584 1876 cavere
2612 1837 2772 1891 quam
2799 1821 3069 1887 maxime,
3103 1837 3171 1877 ne
3203 1822 3430 1877 alterum
3461 1838 3618 1877 ames
3639 1834 3691 1878 et

412 1913 748 1983 evigilemus,
779 1912 904 1981 quia
934 1910 1280 1966 adversarius
1301 1923 1484 1966 noster
1504 1911 1655 1982 quasi
1676 1910 1754 1965 leo
1787 1910 1997 1981 rugiens

414 2003 597 2056 circuit
622 2018 858 2073 qua’rens
886 2016 1036 2072 quem
1075 2002 1283 2054 devoret
1315 2000 1365 2071 (Ι
1391 1999 1535 2054 Petr.
1561 1998 1635 2071 v),
1676 2000 1764 2054 cui
1797 2000 1997 2054 acriter

414 2095 780 2149 resistendum
827 2102 936 2159 est,
971 2102 1029 2147 et
1072 2092 1354 2147 sciendum
1376 2078 1569 2148 eadem
1612 2093 1777 2147 etiam
1820 2100 1996 2147 certa-

408 2186 564 2243 rmina
595 2184 797 2239 nostris
821 2184 1064 2240 evenisse
1092 2181 1405 2251 majoribus.
1437 2182 1554 2237 Non
1577 2182 1894 2239 deficiamus
1919 2183 1997 2239 la-

415 2279 672 2333 borantes
688 2275 1060 2347 jacientesque
1088 2276 1348 2329 virtutum
1384 2274 1612 2337 semina,
1642 2283 1701 2329 ut
1729 2275 1782 2329 in
1811 2275 1995 2331 loturo

413 2370 609 2441 gaudia
638 2377 844 2425 metere
886 2368 1177 2439 possimus,
1219 2367 1606 2435 audiamusque
1635 2366 1859 2419 Paulum
1892 2368 1992 2420 don

413 2470 624 2517 centem
654 2479 668 2515 :
703 2461 783 2515 Tu
811 2469 991 2514 autem
1014 2458 1107 2528 qui
1129 2458 1360 2513 servasti
1384 2457 1708 2521 doctrinam,
1733 2457 1996 2511 eruditio-

406 2570 565 2620 .nem,
606 2555 861 2619 studium,
904 2552 1242 2622 patientiam,
1286 2548 1740 2620 persecutionem,
1788 2556 1845 2603 et
1871 2563 1996 2603 san-

403 2655 625 2705 .ctorum
650 2645 897 2715 exempla
923 2652 1198 2699 sectantes
1225 2657 1642 2714 permaneamus
1670 2641 1726 2695 in
1752 2656 1818 2696 eo
1851 2641 1995 2710 quod

404 2738 696 2807 coepimus,
719 2737 979 2792 habentes
1009 2735 1307 2804 principem
1332 2742 1389 2789 et
1408 2732 1764 2803 perfectorem
1787 2731 1989 2786 Jesum.

408 2825 783 2899 intelligamus
808 2841 1019 2882 comam
1051 2826 1246 2897 capitis
1274 2825 1444 2881 nostri
1476 2826 1531 2879 in
1565 2825 1675 2890 via,
1712 2832 1771 2878 ut
1798 2825 1872 2878 sit
1896 2839 1998 2877 un-

409 2925 670 2990 guentum
696 2918 755 2972 in
779 2917 946 2972 barba
973 2927 1159 2973 nostra
1179 2956 1195 2980 ,
1226 2925 1286 2971 ut
1311 2917 1378 2970 ad
1403 2931 1555 2970 oram
1582 2914 1863 2985 perveniat
1903 2930 1995 2968 γει

408 3008 674 3072 stimenti,
701 3017 761 3062 ut
796 3007 1066 3077 possimus
1088 3006 1315 3076 implere
1342 3006 1612 3069 universa,
1641 3021 1763 3075 quae
1791 3005 1993 3074 scripta

412 3109 539 3156 sunt
563 3098 793 3171 (Psalm.
822 3101 1051 3171 cxxxn).

485 3192 595 3246 V11.
635 3191 993 3261 Quapropter,
1012 3207 1047 3246 ο
1065 3191 1232 3246 duces
1259 3199 1313 3244 et
1340 3189 1613 3259 praepositi
1642 3189 1995 3243 monasterio-

413 3297 536 3337 rum
578 3296 645 3336 ac
683 3282 986 3347 domorum,
1016 3282 1213 3351 quibus
1254 3282 1443 3336 crediti
1474 3289 1600 3335 sunt
1634 3281 1900 3345 homines,
1940 3289 1996 3336 ct

412 3374 555 3442 apud
582 3387 722 3443 quos
750 3372 1099 3428 inveniuntur
1122 3371 1186 3437 T,
1218 3372 1330 3427 sive
1351 3372 1411 3435 E,
1443 3372 1555 3426 sive
1583 3372 1648 3436 Α,
1680 3381 1740 3425 ιιι
1765 3372 1818 3426 in
1844 3386 1994 3427 com-

411 3480 576 3520 mune
620 3465 815 3527 dicam,
849 3464 1047 3534 quibus
1090 3465 1282 3520 crediti
1319 3472 1447 3518 sunt
1484 3463 1748 3529 homines,
1791 3463 1989 3531 singuli

409 3572 534 3612 cum
562 3557 760 3611 turmis
784 3556 898 3611 suis
927 3564 1245 3626 exspectent
1275 3553 1571 3610 Salvatoris
1592 3554 1906 3616 adventum,
1935 3562 1996 3606 ut

414 3650 727 3721 conSpeetui
769 3649 913 3704 illius
948 3659 1199 3704 ornatum
1246 3648 1415 3703 armis
1448 3646 1747 3701 exercitum
1784 3658 1994 3713 praepa-

412 3752 555 3799 rent.
589 3741 666 3798 Ne
696 3741 1026 3813 refrigeretis
1051 3755 1146 3796 eos
1187 3740 1242 3795 in
1272 3738 1613 3803 carnalibus,
1644 3744 1699 3792 et
1731 3734 1994 3806 spiritalia

413 3851 520 3893 non
544 3835 791 3889 tribuatis
805 3833 1079 3888 alimenta.
1094 3831 1204 3886 Aut
1224 3843 1441 3884 rursum
1454 3827 1694 3883 doceatis
1706 3824 1991 3897 spiritalia,

413 3936 470 3979 et
514 3926 569 3985 in
615 3924 923 3979 carnalibus
959 3920 1230 3991 adligatis,
1267 3920 1325 3974 in
1367 3920 1510 3975 escis
1540 3916 1790 3972 videlicet
1833 3923 1998 3984 atque

413 4017 633 4071 vestitu.
679 4015 789 4070 Sed
824 4022 881 4068 et
920 4013 1194 4082 spiritales
1219 4020 1276 4067 et
1316 4010 1566 4066 carnales
1597 4009 1750 4064 cibos
1793 4008 1997 4077 pariter

416 4105 653 4168 tribuite,
677 4110 734 4156 et
760 4102 959 4155 nullam
985 4101 1125 4155 detis
1147 4102 1230 4155 eis
1255 4101 1597 4154 occasionem
1632 4097 1992 4167 negligentiae.

414 4198 525 4250 Aut
559 4209 679 4262 qua:
712 4202 798 4248 est
828 4192 932 4246 ista
961 4190 1192 4258 justitia,
1240 4199 1299 4243 ut
1340 4188 1538 4244 fratres
1584 4187 1769 4241 labore
1796 4186 1998 4257 adliga-

414 4298 559 4347 mus,
589 4290 645 4337 et
679 4282 780 4354 ipsi
810 4281 923 4337 otio
952 4280 1241 4335 vacemus?
1280 4286 1376 4332 aut
1414 4278 1494 4333 eis
1524 4275 1713 4345 jugum
1743 4276 1998 4347 impona-

416 4388 538 4430 mus
562 4412 578 4438 ,
627 4373 771 4442 quod
820 4372 922 4443 ipsi
970 4372 1114 4427 ferre
1154 4383 1263 4424 non
1301 4382 1607 4438 possumus.
1644 4365 1897 4435 Legimus
1943 4366 2000 4421 in

2098 1913 2331 1968 alterum
2352 1914 2554 1980 oderis,
2574 1916 2669 1973 sed
2690 1923 2747 1969 et
2767 1915 2976 1970 cunctis
2995 1913 3251 1970 exhibeas
3270 1915 3641 1986 aaqualitatem
3671 1933 3683 1968 :

2097 2019 2166 2058 ne
2186 2002 2325 2058 forte
2354 2020 2515 2073 quem
2538 2012 2597 2057 tu
2624 2004 2802 2074 diligis
2824 2004 2969 2059 Deus
2991 2005 3186 2069 oderit,
3213 2012 3270 2059 et
3295 2016 3458 2074 quem
3483 2013 3549 2060 tu
3570 2005 3692 2061 ode-

2098 2098 2175 2152 ris
2200 2098 2343 2153 Deus
2363 2098 2565 2169 diligat.
2591 2097 2732 2151 Nulli
2756 2098 2963 2152 erranti
2986 2112 3084 2167 pro
3099 2098 3333 2152 amicitia
3353 2099 3691 2165 consentias,

2096 2196 2153 2243 et
2167 2188 2395 2244 alterum
2414 2204 2651 2258 premas,
2665 2198 2719 2244 et
2745 2189 2971 2244 alterum
2985 2189 3254 2256 subleves,
3271 2198 3530 2260 etpereat
3542 2190 3694 2246 labor

2096 2288 2243 2336 tuus.
2278 2280 2538 2335 Sedentes
2559 2282 2610 2334 in
2627 2281 2758 2335 locis
2786 2280 3187 2347 humilioribus,
3213 2282 3267 2334 in
3293 2282 3495 2350 quibus
3526 2281 3692 2336 Pater

2096 2379 2285 2425 noster
2333 2371 2580 2441 praecipit
2628 2373 2844 2442 penitus
2900 2388 3008 2427 non
3059 2373 3397 2438 sedendum,
3457 2382 3695 2428 caveant

2096 2461 2375 2530 prmpositi
2429 2462 2749 2525 domorum,
2796 2477 2865 2517 ne
2908 2461 3138 2518 forsitan
3172 2463 3402 2532 quilibet
3441 2479 3593 2519 unus
3631 2479 3694 2518 ex

2097 2550 2361 2607 fratribus
2408 2554 2696 2622 praeposito
2739 2552 2992 2621 injuriam
3042 2553 3261 2619 fecerit,
3303 2560 3357 2609 et
3397 2556 3583 2610 iratas
3608 2555 3695 2611 ille

2098 2640 2376 2695 discernat
2401 2656 2467 2696 ac
2484 2642 2641 2719 dicat
2666 2660 2679 2696 :
2714 2642 2853 2710 Quid
2881 2658 3060 2699 causa:
3113 2645 3286 2699 habeo
3312 2645 3381 2698 ad
3409 2644 3694 2719 hominem

2097 2716 2566 2803 contemptorem?
2598 2733 2785 2789 Faciat
2811 2736 2953 2805 quod
2980 2735 3126 2800 vult,
3158 2736 3226 2789 ad
3254 2749 3343 2789 me
3372 2716 3483 2788 non
3516 2738 3693 2804 perti-

2094 2831 2221 2888 net;
2277 2838 2378 2879 nec
2410 2840 2535 2879 eum
2573 2838 2800 2890 moneo,
2836 2841 2938 2880 nec
2970 2833 3251 2880 errantem
3281 2824 3537 2894 corrigo,
3572 2827 3691 2880 sive

2096 2911 2357 2979 salvetur,
2387 2902 2499 2968 sive
2528 2922 2740 2984 pereat,
2774 2915 2843 2969 ad
2879 2930 2967 2970 me
3002 2930 3109 2970 non
3148 2916 3403 2984 pertinet.
3430 2916 3479 2970 0
3502 2916 3694 2982 homo,

2098 3005 2231 3076 quid
2257 3006 2376 3063 hzec
2400 3006 2672 3077 loqueris?
2700 3007 2944 3078 lntellige
2961 3023 3071 3077 quo
3098 3006 3282 3063 furore
3310 3009 3598 3077 supereris
3641 3019 3695 3063 et

2099 3098 2286 3153 odium
2313 3099 2598 3169 occupavit
2626 3114 2724 3154 cor
2752 3107 2925 3163 tuum,
2953 3107 3014 3152 ut
3037 3098 3212 3169 magis
3238 3108 3332 3153 tuo
3357 3099 3496 3154 vitio
3524 3114 3694 3169 quam

2099 3204 2199 3243 suo
2223 3197 2447 3258 peccato
2492 3188 2663 3244 frater
2698 3199 2915 3259 pereat;
2955 3190 3043 3245 cui
3087 3190 3252 3246 debes
3280 3190 3609 3261 ignoscere,
3642 3201 3697 3246 et

2094 3295 2219 3335 eum
2249 3281 2525 3350 suscipere
2550 3282 2933 3350 poenitentem,
2962 3289 3024 3335 ut
3052 3282 3233 3351 possis
3255 3282 3386 3336 illud
3410 3282 3696 3354 evangeli-

2092 3386 2215 3425 cum
2243 3372 2460 3425 dicere:
2491 3372 2709 3425 Dimitte
2732 3371 2879 3424 nobis
2909 3372 3084 3426 debita
3110 3383 3312 3437 nostra,
3347 3373 3495 3427 sicut
3520 3385 3575 3428 et
3603 3389 3696 3428 nos

2093 3462 2404 3515 dimittimus
2431 3462 2750 3516 debitoribus
2784 3464 2975 3516 nostris
2998 3462 3210 3534 (Matth.
3239 3463 3341 3534 vl).
3368 3462 3426 3518 Si
3450 3479 3595 3537 ergo
3616 3465 3698 3521 vis

2092 3559 2153 3604 ut
2190 3549 2334 3604 Deus
2365 3560 2583 3621 peccata
2612 3561 2704 3605 tua
2736 3552 2839 3606 tibi
2866 3552 3136 3617 dimittat,
3162 3562 3218 3607 et
3248 3561 3303 3609 tu
3332 3553 3563 3610 dimitte
3584 3555 3692 3609 fra-

2088 3641 2165 3696 tri
2194 3649 2286 3695 tuo
2305 3642 2566 3712 quidquid
2588 3643 2721 3699 illud
2743 3653 2831 3699 est
2850 3645 2996 3713 quod
3024 3646 3076 3699 in
3108 3653 3161 3699 te
3180 3647 3448 3713 peccavit,
3481 3660 3700 3702 memor

2095 3735 2239 3790 illius
2286 3738 2543 3806 praecepti
2575 3752 2590 3790 :
2625 3738 2709 3791 Ne
2752 3739 2929 3793 oderis
2971 3740 3193 3810 fratrem
3239 3750 3386 3792 tuum
3430 3742 3492 3794 in
3539 3741 3701 3795 corde

2095 3832 2185 3876 tuo
2206 3821 2360 3895 (Luc.
2388 3824 2489 3895 ιι).
2520 3824 2589 3879 Et
2614 3824 2921 3882 Salomonis
2948 3829 3220 3884 monentis
3253 3826 3504 3882 :Suscita
3527 3830 3697 3884 civem

2094 3922 2245 3968 tuum
2278 3929 2377 3981 pro
2403 3930 2506 3985 quo
2542 3916 2869 3987 spopondisti
2889 3918 3072 3988 (Prov.
3095 3918 3194 3991 vt).
3227 3918 3294 3972 Et
3321 3918 3528 3973 iterum
3561 3937 3576 3972 :
3614 3918 3698 3972 Ne

2096 4018 2261 4057 cesses
2283 4004 2798 4075 crudircparvulum,
2813 4007 2859 4060 si
2877 4008 3017 4060 enim
3038 4009 3184 4076 virga
3204 4006 3530 4077 percusseris
3553 4024 3697 4072 eum,

2097 4109 2203 4147 non
2227 4094 2483 4149 morietur
2507 4094 2691 4168 (Prov.
2720 4096 2899 4168 sum).
2932 4096 3150 4168 Moysen
3189 4111 3407 4166 quoque
3438 4097 3697 4153 ausculta

2099 4188 2366 4245 dicentem
2399 4208 2412 4243 :
2450 4188 2789 4261 Correptione
2823 4194 3070 4265 corripies
3098 4195 3398 4264 proximum
3428 4205 3605 4257 suum,
3637 4212 3701 4250 nc

2098 4277 2293 4333 habeas
2307 4289 2573 4349 peccatum
2588 4298 2683 4351 pro
2695 4299 2757 4336 eo
2777 4281 2962 4354 (Levit.
2986 4282 3125 4353 xxx).
3147 4282 3226 4339 Ne
3236 4285 3453 4340 eveniat
3475 4301 3700 4341 mum

2100 4368 2230 4425 illud
2268 4369 2574 4429 Salomonis
2600 4388 2616 4427 :
2651 4372 2756 4441 Qui
2784 4391 2887 4429 non
2918 4376 3155 4446 praedicit
3180 4375 3326 4445 ﬁlio,
3352 4386 3409 4430 ut
3431 4393 3491 4431 se
3516 4386 3695 4433 custo-

414 4462 708 4533 Evangelio
744 4478 762 4549 ξ
806 4461 928 4527 Qua
970 4475 1216 4516 mensura
1246 4458 1411 4512 mensi
1453 4456 1662 4549 fueritis
1702 4456 2000 4549 remetietur
2025 4490 2078 4549 Β
2102 4460 2215 4514 diat
2237 4478 2269 4514 a
2287 4462 2682 4531 perditionibus,
2707 4463 3267 4523 velociterdissolvetur
3295 4463 3486 4537 (Prov.
3512 4468 3653 4541 nx).

414 4556 556 4614 vobis
578 4540 791 4628 (Matth.
817 4553 937 4623 vn).
964 4552 1115 4608 Unde
1143 4560 1198 4607 et
1223 4551 1462 4606 laborem
1489 4557 1544 4604 et
1573 4546 1854 4617 refrigeria
1872 4563 1997 4603 eum

415 4649 550 4721 ipsis
576 4648 872 4702 habeamus
893 4643 1222 4708 communia,
1245 4658 1347 4698 nec
1367 4640 1660 4711 discipulos
1686 4655 1875 4696 servos
1899 4655 2002 4709 pu-

416 4750 617 4804 temus,
651 4745 707 4793 et
754 4737 970 4792 illorum
999 4735 1276 4790 tribulatio
1320 4735 1389 4790 sit
1432 4743 1618 4788 nostra
1660 4732 1886 4797 laetitia;
1932 4748 2004 4786 ne

418 4830 758 4902 evangelicus
796 4842 895 4884 nos
930 4843 1055 4882 cum
1083 4826 1373 4882 Pharisaeis
1397 4824 1696 4894 corripiat:
1740 4821 1830 4877 νω
1853 4823 1999 4878 vobis

416 4924 750 4996 legisperitis,
773 4923 863 4993 qui
883 4920 1060 4992 ligatis
1084 4935 1244 4973 onera
1261 4917 1636 4988 importabilia,
1659 4926 1707 4970 et
1736 4917 2000 4986 imponitis

408 4997 483 5087 ica
505 5032 661 5087 super
691 5017 935 5069 humeros
962 5012 1254 5076 hominum,
1289 5021 1340 5065 et
1379 5010 1479 5081 ipsi
1511 5025 1573 5063 ne
1595 5009 1761 5078 digito
1792 5008 2002 5078 quidem

409 5085 624 5175 :audetis
648 5107 900 5175 attingere
930 5101 1146 5175 (Matth.
1178 5099 1358 5172 xxtu).

414 5178 417 5183 I
494 5196 622 5253 Vill.
672 5198 811 5272 Sunt
844 5196 1010 5266 aliqui
1047 5195 1389 5249 attendentes
1433 5192 1778 5260 semetipsos,
1827 5198 1886 5243 ut
1924 5190 2007 5243 vi-

416 5294 607 5343 ventes
644 5284 799 5353 juxta
828 5285 1143 5349 mandatum
1182 5282 1278 5337 Dei
1324 5280 1427 5337 sibi
1462 5280 1776 5349 loquuntur,
1827 5286 1883 5332 et
1924 5278 2000 5333 di-

418 5388 549 5453 cunt
580 5396 593 5432 :
625 5376 764 5443 Quid
789 5377 920 5430 mihi
946 5383 1031 5429 est
1054 5391 1176 5429 eum
1204 5374 1360 5429 aliis?
1397 5373 1511 5443 Ego
1530 5386 1663 5426 vero
1687 5380 1746 5424 ut
1769 5369 2003 5424 serviam

419 5467 553 5533 Deo,
577 5476 633 5523 et
663 5467 914 5522 mandata
939 5464 1058 5533 ejus
1088 5465 1365 5535 impleam,
1409 5478 1520 5518 non
1546 5462 1612 5517 ad
1649 5476 1736 5515 me
1771 5459 2006 5529 pertinet

420 5559 551 5628 quid
572 5559 665 5613 alii
685 5559 903 5614 faciant.
932 5558 1042 5613 Hoc
1066 5557 1316 5613 Ezechiel
1345 5557 1567 5626 corripit
1585 5556 1771 5612 dicens
1800 5573 1813 5606 :
1844 5550 1889 5607 0
1910 5570 2006 5623 pa-

421 5657 587 5705 stores
623 5647 819 5712 Israel,
853 5648 1089 5718 nunquid
1139 5646 1438 5715 semetipsos
1470 5656 1693 5715 pascunt
1729 5645 2007 5714 pastores?

425 5753 595 5814 nonne
622 5754 736 5791 oves
762 5748 979 5811 pascunt
1004 5738 1028 5790 ?
1050 5735 1181 5789 Ecce
1203 5734 1283 5787 lac
1314 5734 1632 5799 comedistis,
1658 5744 1704 5788 et
1727 5735 1864 5789 lanis
1886 5749 2005 5806 ope-

2180 4549 2248 4605 Χ.
2290 4551 2491 4607 Omnes
2518 4553 2716 4622 quibus
2742 4553 2975 4610 fratrum
2998 4571 3131 4613 cura
3156 4557 3447 4617 commissa
3474 4566 3584 4625 est,
3609 4574 3699 4629 pa-

2108 4653 2231 4701 rent
2252 4660 2312 4701 se
2340 4646 2591 4702 adventui
2618 4646 2914 4704 Salvatoris
2954 4657 3011 4704 et
3053 4648 3405 4707 formidolosa
3428 4649 3699 4709 tribunali

2106 4734 2241 4803 ejus.
2284 4735 2342 4792 Si
2372 4739 2516 4793 enim
2545 4753 2645 4807 pro
2672 4754 2735 4795 se
2759 4738 2876 4809 ipso
2910 4740 3140 4795 reddere
3178 4740 3444 4797 rationem
3468 4740 3698 4810 plenum

2105 4836 2192 4881 est
2221 4827 2556 4882 discriminis
2580 4842 2646 4882 ac
2671 4828 2903 4893 timoris,
2930 4835 2986 4883 et
3006 4838 3214 4898 quanto
3236 4830 3412 4899 magis
3429 4843 3533 4897 pro
3559 4828 3698 4883 aite-

2106 4916 2219 4970 rius
2243 4916 2401 4985 culpa
2428 4918 2614 4973 subire
2639 4917 2976 4985 cruciatum,
3015 4926 3073 4973 et
3115 4920 3356 4975 incidere
3389 4920 3449 4974 in
3494 4934 3695 4977 manus

2106 5006 2203 5060 Dei
2229 5006 2495 5061 viventis?
2524 5005 2635 5063 Nec
2660 5022 2951 5078 possumus
2973 5008 3272 5067 obtendere
3304 5009 3692 5080 ignorantiam,

2104 5114 2230 5153 cum
2258 5099 2519 5169 scriptum
2547 5100 2621 5157 sit
2648 5117 2662 5154 :
2697 5100 2863 5156 Omne
2892 5101 3091 5170 factum
3116 5102 3266 5156 Deus
3290 5101 3514 5157 adducet
3535 5100 3697 5170 inju-

2105 5191 2263 5255 dicio,
2292 5191 2347 5244 in
2372 5191 2610 5246 omnibus
2633 5209 2750 5262 qua
2782 5191 3011 5263 neglecta
3035 5200 3181 5258 sunt,
3205 5194 3313 5249 sive
3346 5192 3563 5256 bonum.
3584 5191 3697 5247 sive

2107 5283 2304 5338 malum
2336 5283 2505 5355 (Eccl.
2542 5285 2665 5355 ιιι).
2709 5286 2779 5340 Et
2818 5286 2875 5339 in
2910 5284 3172 5353 Apostolo
3198 5285 3462 5355 legimus:
3497 5281 3697 5337 0mm

2107 5389 2199 5425 nos
2223 5382 2417 5443 oportet
2439 5373 2768 5441 manifestari
2796 5384 2914 5427 ant:
2940 5374 3172 5429 tribunal
3194 5371 3415 5438 Christi,
3444 5381 3502 5427 ut
3524 5387 3699 5425 ursus-

2103 5464 2321 5534 quisque
2349 5464 2563 5533 recipiat
2583 5479 2679 5532 pro
2697 5480 2757 5517 eo
2775 5463 2916 5534 quod
2942 5472 3187 5534 operatus
3212 5472 3288 5519 est
3304 5504 3320 5529 ,
3346 5463 3454 5517 sive
3473 5460 3696 5525 bonum,

2106 5554 2214 5608 sive
2242 5552 2439 5608 malum
2465 5553 2553 5625 (11
2573 5554 2696 5609 Cor.
2729 5555 2807 5625 v).
2830 5555 2997 5610 Isaias
3024 5570 3240 5626 quoque
3258 5555 3403 5611 diem
3429 5551 3703 5610 constitu-

2109 5651 2219 5697 tam
2264 5642 2568 5713 signiﬁcat,
2603 5643 2658 5696 in
2704 5658 2813 5712 qua
2837 5644 3173 5714 judicaturus
3214 5645 3286 5699 sit
3324 5646 3466 5698 Deus
3502 5640 3704 5696 orbem

2107 5744 2268 5790 terra:
2308 5734 2361 5789 in
2386 5733 2620 5805 justitia,
2652 5733 2834 5791 dicens
2878 5755 2889 5789 :
2927 5735 3061 5791 Ecce
3088 5738 3197 5793 dies
3224 5737 3435 5791 Domini
3474 5736 3703 5789 insana-
