3942 6190
228 251 324 305 ιὸἴ

890 239 1121 298 CODEX
1160 233 1626 294 REGULARUM.
1671 264 1739 273 --
1776 229 1956 284 PARS
1992 230 2033 284 ι.
2076 228 2381 289 REGULIE
2411 233 2512 287 PP.
2554 232 2828 289 ORIENT.

3376 238 3481 296 558

227 362 341 417 bilis
355 358 489 416 vertit
503 356 701 427 furoris
717 364 763 409 et
780 355 965 416 irar,ut
980 363 1137 423 ponat
1158 353 1330 408 orbem
1347 363 1499 406 terra:
1514 350 1565 402 in
1580 347 1804 408 deserto,
1835 346 1883 402 A
1913 342 2023 399 rint
2050 345 2104 399 in
2127 347 2344 402 homine
2371 347 2502 413 Dei,
2531 350 2622 418 qui
2657 364 2762 403 non
2792 348 2963 404 solum
2993 348 3253 407 sollicitus
3278 362 3359 407 est
3387 369 3485 422 pro

226 464 271 508 ct
294 450 475 523 perdat
495 457 793 520 peccatores
808 445 871 499 de
882 462 941 499 eo
959 443 1009 517 (1
1013 444 1112 499 sai.
1130 444 1234 514 ιιι).
1251 442 1467 498 Scimus
1479 440 1605 509 quia
1627 437 1809 493 omnia

227 559 345 613 qua:
368 541 424 594 in
453 539 574 610 lege
602 537 808 607 scripta
834 543 980 601 sunt,
1005 542 1058 589 et
1079 534 1467 605 prophetarum
1491 530 1648 585 nobis
1667 529 1808 582 vati-

230 634 365 690 cinia
390 629 779 701 przedixerunt,
811 634 1032 682 sanctus
1058 638 1269 695 quoque
1292 623 1455 677 Pater
1481 628 1664 675 noster
1688 632 1811 672 eru—

233 724 374 785 divit,
409 736 512 776 nos
538 734 662 775 esse
686 717 998 773 retinendos
1030 724 1085 771 et
1117 714 1424 770 reddituros
1446 711 1714 765 rationem
1746 708 1813 764 de

234 811 471 881 singulis,
500 824 671 878 quare
692 823 800 864 non
827 806 1116 863 fecerimus
1135 819 1217 868 ea,
1250 811 1344 858 aut
1365 799 1717 872 negligentius
1737 797 1815 854 fe—

231 905 482 960 cerimus.
505 899 925 971 Loquiturenim
942 899 1025 953 cui
1049 896 1307 952 traditum
1327 901 1450 949 esta
1474 892 1635 947 Patre
1655 904 1814 944 omne

235 992 510 1056 indicium,
523 998 578 1045 et
593 988 794 1044 veritas
814 986 992 1043 erudit
1009 984 1322 1038 veritatem:
1344 980 1465 1034 Non
1480 980 1669 1051 putetis
1689 978 1815 1049 quia

232 1100 320 1154 ego
339 1098 529 1136 accuso
551 1096 642 1134 vos
663 1078 732 1132 ad
759 1077 1007 1140 Patrem;
1034 1083 1108 1129 est
1131 1072 1220 1144 qui
1239 1088 1326 1125 vos
1352 1077 1555 1124 accuset
1585 1066 1811 1136 Moyses,

234 1174 284 1227 in
326 1189 425 1244 quo
446 1188 535 1226 vos
553 1170 794 1240 speratis.
819 1165 877 1221 Si
897 1167 1035 1220 enim
1054 1162 1328 1217 crederetis
1352 1159 1557 1229 Moysi,
1585 1158 1817 1213 credere-

234 1264 298 1316 tis
322 1274 365 1316 et
398 1260 528 1313 mihi
550 1276 568 1312 :
597 1258 661 1311 de
683 1273 763 1310 me
781 1256 919 1310 enim
939 1253 1029 1307 ille
1047 1251 1257 1322 scripsit
1289 1250 1471 1322 (Joan.
1501 1246 1600 1319 tv).

302 1350 392 1405 Xl.
433 1350 512 1403 Ex
548 1348 745 1418 quibus
783 1343 1035 1400 omnibus
1064 1341 1323 1397 discimus
1347 1378 1364 1406 ,
1394 1339 1537 1409 quod
1567 1344 1816 1407 operteat

237 1460 331 1499 nos
357 1452 507 1498 stare
554 1448 681 1495 ante
723 1437 961 1493 tribunal
988 1434 1211 1501 Christi,
1235 1441 1292 1489 et
1329 1434 1397 1488 de
1442 1430 1667 1502 singulis
1705 1445 1811 1485 non

236 1534 403 1589 solum
424 1530 711 1602 operibus,
758 1528 854 1584 sed
894 1535 951 1582 et
984 1524 1404 1597 cogitationibus
1435 1521 1672 1591 judicari
1701 1538 1714 1575 :
1756 1528 1814 1574 et

236 1635 354 1696 post
372 1624 641 1678 rationem
665 1622 788 1675 vita:
821 1626 1035 1682 nostrae,
1068 1618 1232 1673 etiam
1268 1631 1368 1687 pro
1388 1615 1508 1669 aliis
1529 1614 1619 1683 qui
1651 1612 1807 1669 nobis

1910 437 2163 493 omnibus
2200 438 2466 505 ecclesiis,
2494 441 2587 494 sed
2615 440 2834 510 languet
2862 455 2985 494 cum
3009 439 3405 510 languentibus,
3433 454 3489 498 et

1911 528 2151 589 omnium
2196 530 2428 585 sustinet
2467 530 2768 599 passiones.
2810 529 3145 599 Caveamus,
3172 547 3241 588 ne
3267 549 3366 603 per
3394 550 3488 589 no-

1911 612 2081 672 stram
2111 618 2492 689 negligentiam
2515 619 2710 691 aliquis
2731 620 3150 687 scandalizetur,
3171 630 3227 676 et
3247 634 3483 689 corruat,

1912 718 1967 764 et
1984 709 2369 769 obliviscamur
2388 711 2677 766 verborum
2711 713 2925 767 Domini
2957 710 3280 780 Salvatoris,
3303 718 3397 787 qui
3428 718 3486 771 in

1913 798 2200 869 Evangelio
2229 798 2494 868 loquitur:
2517 800 2698 865 Pater,
2714 819 2843 871 quos
2868 803 3056 858 dedisti
3076 806 3226 870 mihi,
3251 823 3353 860 non
3371 824 3488 877 per-

1913 887 2025 942 didi
2057 905 2123 943 eat
2150 889 2225 942 eis
2250 906 2561 960 quemquam
2595 890 2775 961 (Joan.
2807 892 2961 963 xvn).
3012 893 3223 949 Nullam
3253 897 3488 951 animam

1913 989 2345 1047 contemnamus,
2372 997 2443 1037 ne
2466 983 2693 1052 quisque
2717 998 2814 1051 per
2837 992 3079 1040 nostram
3108 987 3356 1043 duritiem
3389 1004 3488 1059 pe—

1915 1079 2052 1125 reat.
2092 1070 2150 1127 Si
2192 1071 2338 1126 enim
2378 1071 2577 1142 aliquis
2612 1081 2837 1144 propter
2873 1088 2974 1129 nos
3009 1075 3175 1131 fuerit
3218 1087 3488 1143 mortuus,

1914 1163 2093 1217 anima
2137 1170 2321 1218 nostra
2363 1177 2465 1232 pro
2504 1163 2648 1220 illius
2690 1164 2869 1219 anima
2908 1166 3179 1221 tenebitur
3216 1167 3269 1222 in
3312 1178 3486 1223 reatu.

1915 1253 2068 1320 Quod
2095 1255 2314 1323 quidem
2348 1261 2405 1310 et
2425 1254 2592 1311 Pater
2626 1263 2814 1312 noster
2835 1257 3205 1313 indesinenter
3232 1259 3385 1315 nobis
3407 1275 3493 1314 so-

1914 1345 2061 1414 lebat
2095 1346 2393 1413 inculcare,
2433 1356 2489 1402 et
2526 1349 2800 1412 monebat,
2828 1365 2897 1405 ne
2925 1349 3056 1404 illud
3087 1351 3360 1420 eloquium
3391 1350 3494 1406 im-

1911 1439 2151 1508 pleretur
2198 1440 2253 1493 in
2292 1440 2458 1495 'nobis
2506 1458 2518 1493 :
2576 1439 2787 1511 Singuli
2845 1442 3143 1512 opprimunt
3192 1444 3493 1513 proximum

1911 1547 2065 1585 suum
2094 1545 2114 1583 :
2158 1540 2216 1587 et
2257 1532 2454 1585 iterum
2481 1550 2495 1585 :
2534 1530 2596 1587 Si
2620 1533 2835 1586 invicem
2867 1533 3113 1587 mordetis
3137 1544 3185 1588 et
3207 1534 3489 1598 devoratis,

1912 1620 2077 1675 videte
2113 1638 2178 1675 ne
2219 1621 2508 1676 adinvicem
2559 1622 2942 1676 consumamini
2988 1620 3130 1693 (Gal.
3156 1621 3234 1694 v).
3278 1623 3355 1677 Ex
3379 1639 3489 1694 quo

237 1682 421 1772 crediti
470 1714 584 1769 sint
629 1711 932 1766 reddituros
969 1722 1091 1764 esse
1134 1706 1387 1763 similiter
1424 1682 1708 1760 rationem.
1741 1702 1809 1756 Et
1834 1682 1884 1741 Β
1912 1720 2136 1780 apparet
2175 1712 2319 1781 quod
2359 1712 2453 1782 qui
2508 1711 2732 1768 alterius
2765 1722 2945 1767 servat
2986 1682 3254 1779 animam,
3302 1682 3487 1769 custos

237 1807 334 1862 hoc
370 1821 479 1860 non
517 1802 693 1860 solum
722 1802 788 1858 de
814 1800 1125 1871 Prmpositis
1161 1799 1445 1854 domorum
1484 1795 1810 1851 audiendum

236 1911 334 1966 est,
367 1899 465 1955 sed
496 1905 554 1953 et
580 1897 648 1952 de
672 1893 1126 1951 monasteriorum
1150 1890 1506 1961 principibus,
1528 1896 1586 1943 et
1613 1886 1680 1943 de
1706 1886 1813 1940 sin—

236 1991 370 2060 gulis
422 1990 686 2045 fratribus
731 1988 821 2058 qui
874 1993 1197 2056 reputantur
1244 1984 1299 2038 in
1344 1982 1556 2053 plebem
1612 1999 1626 2034 :
1685 1980 1811 2051 quia

236 2096 420 2137 omnes
449 2080 683 2136 invicem
714 2077 910 2133 debent
934 2091 1032 2130 sua
1066 2089 1230 2129 onera
1260 2082 1508 2143 portare,
1550 2079 1611 2126 ut
1636 2071 1812 2125 adim-

234 2172 409 2244 pleant
434 2170 609 2242 legem
635 2167 835 2224 Christi
865 2164 1007 2238 (Gal.
1037 2164 1137 2235 vi),
1162 2171 1218 2218 et
1244 2163 1469 2218 audiant
1490 2161 1810 2232 Apostolum

236 2263 562 2317 scribentem
590 2258 656 2314 ad
692 2256 1076 2312 Timotheum:
1113 2250 1158 2305 Ο
1201 2250 1487 2317 Timothee,
1522 2250 1813 2321 depositum

227 2355 457 2420 ’custodi,
482 2352 718 2407 devitans
744 2349 996 2420 profanas
1020 2361 1202 2402 vocum
1231 2343 1503 2406 novitates,
1532 2353 1580 2396 et
1606 2343 1812 2426 profes—

236 2452 425 2503 sionem
459 2447 586 2517 falsi
613 2445 837 2500 nominis
859 2444 1090 2498 scientia:
1112 2440 1164 2513 (Ι
1194 2439 1328 2494 Tim.
1353 2436 1452 2509 γι).
1493 2438 1560 2492 Et
1589 2453 1689 2493 nos
1714 2438 1813 2492 ha-

238 2541 420 2594 bemus
465 2538 769 2607 depositum
817 2550 847 2589 a
898 2535 1008 2589 Deo
1054 2531 1354 2597 traditum,
1404 2528 1815 2586 conversatione

241 2630 487 2694 fratrum,
518 2644 620 2699 pro
643 2628 841 2699 quibus
879 2626 1186 2682 laborantes
1227 2632 1283 2680 et
1319 2631 1699 2693 exspectamus
1726 2621 1812 2675 fu-

240 2730 353 2776 tura
380 2719 610 2791 praemia
635 2737 648 2774 :
681 2733 749 2773 ne
777 2716 1003 2774 forsitan
1032 2716 1247 2772 dicatur
1270 2722 1326 2770 et
1353 2714 1510 2770 nobis
1544 2731 1557 2767 :
1599 2711 1816 2768 Dimitte

236 2811 483 2881 populum
534 2811 711 2875 istum,
751 2821 804 2864 ut
847 2809 998 2863 abeat
1040 2806 1237 2880 (Exod.
1277 2805 1364 2878 v);
1413 2815 1468 2862 et
1496 2804 1816 2861 traditiones

238 2901 412 2956 Patris
436 2900 613 2955 nostri
637 2898 1008 2954 deserentibus
1034 2899 1318 2969 ingeratur
1343 2911 1358 2950 :
1395 2894 1499 2961 Qui
1520 2895 1710 2949 habent
1736 2893 1812 2949 lc-

237 3008 343 3063 gem
385 3009 495 3047 non
535 3000 784 3045 noverunt
823 3005 925 3053 me,
948 2997 1179 3060 pastores
1204 2996 1416 3058 egerunt
1445 2985 1598 3057 impie
1641 2986 1698 3039 in
1735 3002 1815 3041 me

238 3083 365 3151 (Jer.
389 3082 477 3154 ιι).
505 3080 659 3137 Unde
685 3080 817 3136 alios
842 3078 1067 3147 corripit
1095 3077 1281 3133 dicens
1306 3093 1321 3131 :
1355 3074 1470 3147 Ego
1503 3074 1624 3129 dedi
1647 3075 1814 3147 luere-

237 3177 456 3229 ditatem
499 3191 668 3229 meam
721 3175 775 3228 in
812 3190 972 3227 manu
1010 3181 1134 3238 tua,
1180 3179 1237 3224 tu
1278 3178 1452 3226 autem
1491 3187 1595 3225 non
1628 3171 1817 3225 dedisti

236 3265 400 3320 ullam
451 3262 866 3318 misericordiam
899 3275 919 3314 :
962 3278 1108 3316 senes
1148 3261 1445 3331 aggravasti
1474 3260 1606 3331 juga
1655 3260 1812 3333 (Isai.

238 3354 428 3427 nvn).
464 3354 620 3421 Quod
641 3361 696 3408 et
720 3367 819 3408 nos
844 3368 951 3408 non
979 3351 1153 3407 solum
1183 3350 1390 3417 audire,
1430 3366 1619 3407 verum
1651 3353 1817 3407 etiam

240 3448 539 3519 intelligere
571 3461 791 3501 necesse
818 3453 901 3501 est
948 3463 961 3519 ς
1007 3444 1101 3514 qui
1131 3443 1276 3498 enim
1307 3444 1521 3515 ignorat
1545 3445 1819 3515 ignorabis

240 3551 344 3595 tur.
377 3542 444 3595 Et
472 3540 525 3594 in
563 3538 667 3593 alio
689 3538 807 3593 loco
834 3538 1095 3606 scriptum
1124 3544 1209 3590 est
1241 3554 1253 3588 :
1287 3534 1425 3601 Quia
1462 3546 1519 3589 tu
1546 3537 1818 3590 scientiam

242 3649 403 3686 meam
428 3629 686 3702 repulisti,
711 3638 758 3683 et
788 3645 880 3699 ego
919 3625 1162 3698 repellam
1198 3637 1269 3693 te,
1300 3643 1363 3681 ne
1383 3626 1675 3681 sacerdotio
1697 3626 1817 3696 fun-

244 3725 379 3793 garis
425 3723 554 3776 mihi
584 3719 757 3791 (Osete
785 3718 882 3790 tv).

310 3812 423 3866 XII.
461 3811 646 3879 Itaque
668 3849 684 3872 ,
726 3808 923 3863 fratres
953 3807 1256 3863 charissimi
1278 3847 1292 3873 ,
1320 3806 1408 3876 qui
1450 3803 1816 3860 coenobiorum

243 3902 404 3955 vitam
430 3910 486 3955 et
508 3908 778 3970 prmeepta
808 3900 1090 3954 sectamini
1118 3941 1132 3964 ,
1164 3908 1302 3954 state
1330 3900 1383 3951 in
1410 3907 1627 3966 arrepto
1652 3897 1819 3951 semel

166 4052 183 4060 Ι
243 3992 538 4061 proposito,
568 3999 623 4044 et
648 3990 866 4060 implete
890 4006 1025 4060 opus
1050 3991 1166 4055 Dei,
1201 3998 1259 4043 ut
1288 3988 1466 4050 Pater,
1494 3988 1583 4057 qui
1612 3988 1818 4057 primus

244 4081 469 4135 instituit
518 4080 771 4151 coenobia
816 4081 1056 4150 gaudens
1102 4095 1200 4150 pro
1255 4079 1409 4134 nobis
1458 4077 1709 4147 loquatur
1750 4077 1820 4131 ad

242 4174 525 4229 Dominum
560 4189 574 4228 :
614 4173 767 4241 Sicut
796 4173 989 4229 tradidi
1025 4174 1120 4236 eis,
1155 4173 1233 4227 sic
1259 4173 1464 4226 vivunt.
1495 4170 1648 4236 Quod
1676 4170 1817 4224 idem

240 4275 292 4320 ct
334 4265 624 4337 Apostolus
654 4266 830 4319 adhuc
860 4265 913 4318 in
942 4279 1168 4332 corpore
1208 4265 1533 4317 constitutus
1562 4261 1821 4330 loqueba-

242 4365 327 4410 tur
355 4375 369 4411 :
400 4356 589 4410 Laudo
619 4363 794 4409 autent
834 4372 952 4421 vos,
988 4354 1127 4424 quod
1155 4354 1206 4406 in
1235 4354 1472 4409 omnibus
1512 4352 1821 4407 meministis

239 4451 359 4513 mei,
392 4458 441 4502 et
480 4451 617 4513 sicut
660 4449 859 4501 tradidi
904 4448 1045 4502 vobis
1075 4445 1381 4500 traditiones
1410 4462 1549 4500 meas
1590 4446 1822 4501 custodi-

240 4542 330 4592 stis
358 4538 409 4607 (I
438 4537 564 4592 Cor.
593 4538 693 4607 ιι).

306 4633 441 4687 Xlll.
486 4633 556 4686 Et
587 4648 682 4687 vos
726 4648 855 4702 ergo
899 4632 1347 4686 monasteriorum
1387 4629 1680 4699 principes,
1731 4644 1817 4684 es-

241 4732 377 4779 stote
411 4722 667 4786 solliciti,
720 4729 776 4776 et
804 4721 1054 4776 adhibete
1095 4734 1309 4773 omnem
1356 4733 1541 4772 curam
1572 4731 1669 4786 pro
1714 4716 1821 4770 fra-

243 4814 410 4868 tribus
452 4829 581 4868 cum
625 4812 819 4865 timore
860 4819 913 4866 et
952 4809 1164 4880 justitia
1209 4810 1303 4863 Dei
1335 4828 1347 4861 :
1383 4824 1482 4863 nec
1523 4806 1820 4861 abutamini

241 4911 508 4970 potestate
558 4902 612 4956 in
647 4901 928 4971 supplicia,
975 4900 1069 4957 sed
1106 4898 1411 4967 exemplum
1450 4896 1688 4966 praebete
1728 4910 1822 4950 vos

243 4995 450 5049 cunctis
476 5003 532 5048 et
557 4993 777 5049 subdito
803 4994 980 5063 gregi;
1014 4993 1154 5046 sicut
1182 5000 1231 5047 et
1267 4991 1526 5045 Dominus
1560 4999 1746 5045 noster
1767 4990 1821 5043 in

243 5085 490 5139 omnibus
510 5083 818 5153 exemplum
842 5099 899 5137 se
921 5082 1168 5153 praebuit,
1192 5083 1283 5151 qui
1305 5081 1483 5150 posuit
1510 5081 1664 5150 quasi
1693 5095 1823 5135 oves

247 5173 511 5231 familias:
536 5184 597 5230 ut
623 5174 986 5231 misereamini
1012 5175 1160 5246 gregi
1189 5174 1340 5229 vobis
1369 5174 1594 5239 credito,
1623 5179 1678 5227 et
1704 5188 1819 5227 me-

248 5267 508 5323 mineritis
557 5266 868 5337 apostolica:
909 5265 1209 5330 sententite,
1253 5266 1306 5318 in
1350 5280 1456 5334 qua
1497 5265 1572 5319 ait
1613 5282 1625 5316 :
1679 5262 1829 5317 Nihil

249 5359 478 5413 subtraxi
498 5399 513 5423 ,
540 5367 595 5411 ut
642 5373 747 5411 non
789 5357 1160 5409 aununtiarem
1186 5356 1327 5408 vobis
1358 5370 1561 5407 munem
1590 5353 1828 5406 volunta-

248 5456 345 5501 tem
373 5449 491 5502 Dei.
526 5450 593 5502 Et
620 5448 819 5503 iterum
850 5467 862 5500 :
900 5446 1024 5501 Non
1048 5447 1245 5501 cessavi
1273 5445 1601 5515 deprecando
1634 5460 1829 5497 unum-

230 5552 497 5609 quemque
525 5547 773 5601 vestrum,
810 5546 858 5590 et
898 5537 1130 5591 docendo
1172 5553 1260 5591 vos
1304 5534 1508 5605 publice
1547 5534 1682 5601 (Act.
1712 5532 1827 5604 xx).

254 5624 437 5687 Videte
465 5638 672 5701 quanta
704 5629 911 5682 viscera
964 5635 1018 5683 et
1070 5636 1271 5698 quanta
1314 5616 1686 5681 misericordia
1713 5624 1829 5679 fue-

650 5721 927 5779 Pnnoc.
974 5719 1133 5779 Clll.

1911 1800 2108 1855 anima:
2132 1815 2244 1856 sua:
2272 1801 2397 1857 sit.-

1981 1909 2122 1968 XIV.
2165 1910 2273 1967 Sed
2323 1921 2381 1967 et
2431 1927 2526 1968 vos
2575 1913 2666 1982 qui
2712 1914 2934 1969 secundi
2976 1914 3108 1970 estis
3152 1917 3490 1980 monasterii,

1910 2001 2118 2072 primos
2140 2017 2238 2058 vos
2261 2002 2513 2058 exhibete
2540 2003 2861 2068 virtutibus,
2891 2018 2963 2059 ne
2995 2005 3118 2075 quis
3143 2004 3276 2061 vitio
3309 2014 3492 2060 vestro

1912 2103 2118 2164 pereat.
2166 2094 2244 2150 Ne
2283 2094 2575 2149 incurratis
2614 2094 2670 2148 in
2714 2092 2841 2148 illud
2879 2094 3226 2164 opprobrium
3260 2095 3314 2149 in
3349 2097 3492 2165 quod

1914 2186 2144 2242 incurrit
2172 2185 2261 2242 ille
2287 2187 2378 2256 qui
2399 2185 2633 2241 comedit
2667 2193 2722 2240 et
2759 2184 2894 2241 bibit
2919 2201 3041 2240 cum
3071 2186 3259 2252 ebriis,
3290 2195 3347 2240 et
3383 2202 3491 2242 non

1913 2272 2063 2332 dedit
2092 2278 2147 2332 in
2194 2285 2434 2347 tempore
2470 2292 2570 2332 suo
2609 2278 2891 2332 conservis
2930 2277 3183 2332 cibaria:
3228 2277 3299 2330 Et
3328 2278 3494 2332 veniet

1914 2367 2171 2421 Dominus
2191 2368 2247 2421 in
2271 2367 2357 2421 die
2374 2354 2478 2438 qua
2505 2382 2611 2420 non
2632 2375 2828 2437 sperat,
2852 2376 2900 2420 et
2928 2367 2982 2420 in
3012 2356 3143 2420 liora
3167 2383 3271 2437 qua
3310 2369 3491 2429 nescit,

1914 2466 1972 2511 ut
1996 2456 2194 2512 dividat
2221 2474 2362 2524 eum,
2390 2467 2439 2512 et
2465 2467 2627 2529 ponat
2667 2466 2866 2528 partem
2892 2458 3006 2527 ejus
3034 2474 3154 2511 cum
3188 2459 3492 2529 hgpocritis,

1914 2551 2006 2605 ubi
2041 2552 2197 2620 ﬂetus
2237 2558 2286 2603 et
2324 2550 2524 2602 stridor
2555 2556 2633 2603 est
2669 2548 2901 2602 dentium
2950 2547 3166 2620 (Matth.
3197 2549 3370 2618 xxxv).
3417 2548 3496 2601 Ne

1915 2657 2050 2713 quos
2090 2639 2460 2711 apprehendat
2494 2654 2529 2695 θ
2559 2638 2712 2694 vobis
2740 2637 2933 2691 similis
2960 2638 3359 2702 condemnatio,
3399 2639 3495 2692 sed

1916 2750 2041 2792 cum
2067 2742 2307 2803 tempora
2356 2732 2603 2787 venerint
2641 2730 2905 2801 refrigerii
2934 2744 3242 2785 mereamur
3267 2731 3490 2785 audire:

1916 2826 2086 2898 Euge,
2103 2843 2247 2882 serve
2269 2825 2400 2879 bone
2421 2833 2469 2878 et
2496 2823 2666 2893 fidelis
2694 2838 2713 2875 :
2740 2823 2865 2893 quia
2886 2839 3042 2893 super
3059 2823 3322 2877 modicum
3345 2822 3495 2893 fuisti

1915 2915 2110 2984 fidelis,
2135 2931 2295 2985 supra
2327 2911 2492 2968 multa
2523 2920 2573 2967 te
2601 2912 2949 2978 constituam,
2976 2912 3119 2966 intra
3156 2911 3213 2966 in
3241 2911 3495 2983 gaudium

1917 3006 2131 3062 Domini
2150 3006 2228 3060 tui
2252 3004 2404 3078 (Luc.
2430 3002 2567 3077 nx).

1988 3115 2100 3170 XV.
2139 3117 2248 3173 Vos
2277 3130 2491 3186 quoque
2515 3115 2801 3188 Prmpositi
2824 3118 3105 3173 domorum
3136 3115 3494 3187 singularum,

1915 3207 2087 3277 parati
2111 3215 2283 3262 estote
2315 3206 2383 3262 ad
2410 3207 2842 3278 respondendum
2871 3206 3123 3263 omnibus
3146 3206 3241 3277 qui
3272 3221 3303 3261 a
3345 3206 3498 3263 vobis

1915 3299 2137 3369 exigunt
2150 3298 2591 3368 rationem’super
2603 3313 2664 3353 ea
2682 3297 2783 3353 ﬁde
2798 3311 2917 3368 qua:
2931 3296 2983 3351 in
2996 3296 3151 3351 vobis
3166 3302 3268 3350 est.
3284 3294 3500 3351 Monete

1915 3406 2009 3445 eos
2020 3390 2111 3460 qni
2126 3390 2418 3445 inordinati
2431 3397 2581 3457 sunt;
2599 3390 2953 3446 consolamini
2966 3389 3334 3459 pusillanimes
3350 3405 3364 3453 ;
3382 3403 3499 3442 sus—

1915 3483 2083 3535 tinete
2119 3482 2397 3566 infirmus;
2425 3482 2701 3551 patienter
2729 3480 2872 3552 agite
2896 3480 2965 3534 ad
2991 3493 3202 3543 omnes,
3233 3486 3289 3533 et
3316 3479 3499 3533 audite

1914 3574 2229 3644 Apostolum
2262 3584 2570 3629 monentem
2596 3593 2608 3627 :
2643 3573 2728 3637 Et,
2753 3589 2840 3626 vos
2861 3581 3052 3642 patres,
3082 3569 3241 3623 nolite
3264 3569 3334 3622 ad
3362 3569 3496 3623 iram

1914 3679 2197 3733 provocare
2220 3662 2360 3731 ﬁlios
2403 3671 2616 3725 vestros,
2640 3661 2730 3715 sed
2752 3659 2973 3713 enutrite
2992 3658 3113 3712 illos
3136 3659 3190 3711 in
3219 3656 3497 3728 disciplina

1916 3764 1963 3808 et
1984 3754 2342 3807 admonitione
2359 3751 2571 3806 Domini
2599 3750 2815 3824 (Ephes.
2840 3748 2940 3819 v1),
2974 3757 3029 3803 et
3052 3749 3246 3803 scitote
3267 3747 3389 3817 quia
3412 3749 3499 3800 cui

1915 3841 2034 3912 plus
2056 3841 2240 3894 datum
2263 3850 2361 3904 est,
2382 3840 2501 3910 plus
2522 3847 2789 3910 qureretur
2808 3836 2872 3889 ab
2893 3852 2986 3901 eo;
3011 3845 3059 3890 et
3080 3836 3166 3889 cui
3189 3835 3307 3905 plus
3329 3835 3499 3889 credi-

1919 3939 2027 3984 tum
2054 3939 2148 3995 est,
2178 3928 2404 3999 amplius
2438 3929 2675 3997 exigetur
2720 3924 2871 3995 (Luc.
2902 3925 3022 3998 xu).
3056 3924 3167 3979 Nec
3198 3932 3405 3978 tantum
3434 3939 3497 3977 ea

1920 4022 2290 4085 consideretis,
2306 4036 2427 4091 qua:
2444 4020 2595 4074 vobis
2616 4019 2845 4089 prosint,
2863 4018 2957 4073 sed
2974 4017 3063 4070 illa
3078 4030 3196 4086 quae
3210 4015 3498 4086 proximis,

1920 4125 1975 4171 et
2012 4114 2299 4185 impleatur
2324 4115 2376 4166 in
2400 4113 2552 4167 vobis
2579 4110 2860 4181 Scriptura
2889 4110 3072 4165 dicens
3100 4127 3113 4163 :
3151 4107 3289 4174 Quia
3311 4125 3396 4163 vos
3421 4125 3501 4162 se-

1920 4208 2141 4279 quimini
2183 4206 2534 4276 unusquisque
2574 4202 2850 4256 utilitatem
2889 4201 3074 4255 domus
3119 4216 3258 4266 suae,
3302 4199 3500 4254 idcirco

1924 4298 2199 4353 continebit
2216 4295 2398 4350 calum
2414 4311 2580 4349 rorem
2602 4302 2837 4357 suum,et
2857 4303 2996 4344 terra
3018 4307 3121 4344 non
3143 4290 3285 4343 dabit
3298 4291 3501 4359 fructus

1848 4379 1901 4439 D
1925 4407 2065 4453 suos,
2088 4391 2337 4461 quoniam
2363 4386 2677 4457 ingravastis
2702 4394 2883 4438 contra
2921 4398 3000 4435 me
3024 4397 3285 4435 sermones
3308 4390 3502 4434 vestros

1928 4481 2075 4554 (Reg.
2108 4481 2166 4552 ι).
2200 4480 2405 4533 Dicitur
2426 4486 2481 4530 et
2502 4476 2629 4530 alibi
2654 4493 2666 4528 :
2703 4474 2839 4540 Quia
2862 4490 2965 4527 non
2991 4471 3183 4541 fecistis
3206 4471 3297 4524 uni
3320 4486 3384 4523 ea:
3405 4469 3503 4521 mi—

1930 4573 2081 4626 nimis
2107 4572 2255 4635 meis,
2285 4586 2374 4623 nec
2401 4567 2529 4621 mihi
2562 4566 2756 4637 fecistis
2779 4563 2992 4637 (Matth.
3016 4561 3166 4633 xxv).

2000 4703 2133 4758 XVI.
2177 4703 2385 4772 Stepius
2413 4700 2613 4764 dicam,
2654 4706 2709 4752 et
2736 4700 2924 4753 eadem
2961 4704 3200 4766 repetam
3244 4710 3259 4747 :
3302 4691 3502 4748 Cavete

1928 4814 1997 4854 ne
2022 4797 2156 4851 alios
2183 4795 2436 4864 diligatis,
2472 4801 2527 4846 et
2552 4792 2686 4845 alios
2709 4790 2967 4855 oderitis;
3003 4803 3070 4842 ne
3110 4787 3254 4841 hunc
3286 4791 3501 4839 susten-

1929 4890 2074 4953 tctis,
2107 4895 2161 4942 et
2204 4886 2352 4940 illum
2386 4882 2703 4955 negligatis;
2736 4889 2793 4934 et
2816 4894 3003 4934 cassus
3025 4876 3327 4931 inveniatur
3346 4873 3501 4928 labor

1926 4992 2136 5048 vester,
2176 4988 2231 5034 et
2263 4978 2441 5034 omnis
2469 4975 2635 5032 sudor
2658 4981 2882 5043 pereat;
2926 4978 2983 5024 et
3015 4966 3231 5037 quando
3258 4964 3501 5020 exieritis

1930 5076 1995 5130 de
2017 5087 2242 5142 corpore
2280 5078 2335 5125 et
2363 5068 2431 5123 de
2458 5066 2642 5122 mundi
2672 5062 2830 5131 hujus
2863 5058 3077 5114 turbine
3099 5054 3344 5121 liberati,
3369 5070 3497 5124 por-

1930 5176 2043 5220 tum
2077 5178 2171 5219 vos
2209 5159 2527 5231 putaveritis
2563 5154 2759 5226 quietis
2789 5153 3024 5216 intrare;
3053 5154 3184 5200 tunc
3212 5144 3502 5199 inveniatis

1934 5256 2210 5328 iniustitiae
2243 5250 2542 5320 naufragia,
2573 5256 2629 5302 et
2652 5247 2715 5313 in
2733 5259 2843 5312 qua
2866 5253 3119 5296 mensura
3145 5237 3316 5292 mensi
3344 5236 3500 5301 estis,

1934 5348 2250 5404 remetiatur
2281 5344 2431 5398 vobis
2457 5343 2525 5396 ab
2568 5356 2641 5395 eo
2674 5338 2771 5407 qui
2794 5348 3053 5404 personas
3081 5332 3136 5385 in
3161 5329 3366 5397 judicio
3395 5343 3503 5382 non
3538 5368 3543 5373 .

1933 5442 2147 5510 accipit.
2181 5438 2239 5492 Si
2268 5436 2396 5505 quid
2440 5432 2810 5496 mortale,-ant
2835 5426 3036 5495 aliquid
3065 5420 3413 5493 turpitudinis
3434 5420 3508 5474 ob

1933 5528 2314 5599 negligentiam
2343 5521 2757 5591 Przepositorum
2788 5520 2843 5573 in
2877 5516 3125 5572 domibus
3157 5512 3505 5568 commissum

1935 5618 2119 5683 fuerit,
2172 5624 2293 5687 post
2326 5615 2533 5671 illorum
2587 5612 2802 5681 propria
2856 5605 3143 5678 supplicia,
3181 5602 3507 5672 Prsepositus

3037 5698 3108 5756 15
