  <div class='ocr_page' id='page_1' title='image "/cluster/home/n/w/nwhite01/storage/ocr_20150623/103/hvd.32044054759691/235.png"; bbox 0 0 3942 6190; ppageno 0'>
   <div class='ocr_carea' id='block_1_1' title="bbox 365 295 468 352">
    <p class='ocr_par' dir='ltr' id='par_1_1' title="bbox 365 295 468 352">
     <span class='ocr_line' id='line_1_1' title="bbox 365 295 468 352; baseline -0.01 0"><span class='ocrx_word' id='word_1_1' title='bbox 365 295 468 352; x_wconf 69' lang='grc'><strong>459</strong></span> 
     </span>
    </p>
   </div>
   <div class='ocr_carea' id='block_1_2' title="bbox 1379 256 2608 353">
    <p class='ocr_par' dir='ltr' id='par_1_2' title="bbox 1379 256 2608 353">
     <span class='ocr_line' id='line_1_2' title="bbox 1379 256 2608 353; baseline -0.013 -25"><span class='ocrx_word' id='word_1_2' title='bbox 1379 270 1435 328; x_wconf 90' lang='lat' dir='ltr'><strong>S.</strong></span> <span class='ocrx_word' id='word_1_3' title='bbox 1476 266 1834 326; x_wconf 74' lang='lat' dir='ltr'><strong>BENEDICTI</strong></span> <span class='ocrx_word' id='word_1_4' title='bbox 1874 259 2164 353; x_wconf 74' lang='lat' dir='ltr'><strong>ABDATIS</strong></span> <span class='ocrx_word' id='word_1_5' title='bbox 2201 256 2608 315; x_wconf 76' lang='lat' dir='ltr'><strong>ANIANENSIS</strong></span> 
     </span>
    </p>
   </div>
   <div class='ocr_carea' id='block_1_3' title="bbox 3502 246 3610 302">
    <p class='ocr_par' dir='ltr' id='par_1_3' title="bbox 3502 246 3610 302">
     <span class='ocr_line' id='line_1_3' title="bbox 3502 246 3610 302; baseline 0.037 -4"><span class='ocrx_word' id='word_1_6' title='bbox 3502 246 3610 302; x_wconf 59' lang='lat'><strong>1:60</strong></span> 
     </span>
    </p>
   </div>
   <div class='ocr_carea' id='block_1_4' title="bbox 367 367 3615 484">
    <p class='ocr_par' dir='ltr' id='par_1_4' title="bbox 367 367 3615 484">
     <span class='ocr_line' id='line_1_4' title="bbox 367 367 3615 484; baseline -0.012 -23"><span class='ocrx_word' id='word_1_7' title='bbox 367 420 578 484; x_wconf 73' lang='lat' dir='ltr'><strong>quoque</strong></span> <span class='ocrx_word' id='word_1_8' title='bbox 605 416 727 455; x_wconf 66' lang='lat' dir='ltr'><strong>rcus</strong></span> <span class='ocrx_word' id='word_1_9' title='bbox 757 395 1026 453; x_wconf 84' lang='lat' dir='ltr'><strong>tenebitur</strong></span> <span class='ocrx_word' id='word_1_10' title='bbox 1054 390 1295 447; x_wconf 80' lang='lat' dir='ltr'><strong>criminis</strong></span> <span class='ocrx_word' id='word_1_11' title='bbox 1330 407 1341 441; x_wconf 92' lang='lat'><strong>:</strong></span> <span class='ocrx_word' id='word_1_12' title='bbox 1375 386 1519 458; x_wconf 86' lang='lat' dir='ltr'><strong>quod</strong></span> <span class='ocrx_word' id='word_1_13' title='bbox 1542 386 1697 442; x_wconf 89' lang='lat' dir='ltr'><strong>nobis</strong></span> <span class='ocrx_word' id='word_1_14' title='bbox 1726 398 1937 452; x_wconf 80' lang='lat' dir='ltr'><strong>semper</strong></span> <span class='ocrx_word' id='word_1_15' title='bbox 1963 385 2015 442; x_wconf 83' lang='lat' dir='ltr'><strong>A</strong></span> <span class='ocrx_word' id='word_1_16' title='bbox 2110 382 2250 436; x_wconf 84' lang='lat' dir='ltr'><strong>XIX.</strong></span> <span class='ocrx_word' id='word_1_17' title='bbox 2293 381 2399 436; x_wconf 88' lang='lat' dir='ltr'><strong>Sed</strong></span> <span class='ocrx_word' id='word_1_18' title='bbox 2427 389 2481 435; x_wconf 89' lang='lat' dir='ltr'><strong>et</strong></span> <span class='ocrx_word' id='word_1_19' title='bbox 2510 394 2605 433; x_wconf 90' lang='lat' dir='ltr'><strong>vos</strong></span> <span class='ocrx_word' id='word_1_20' title='bbox 2634 389 2821 432; x_wconf 83' lang='lat' dir='ltr'><strong>omnes</strong></span> <span class='ocrx_word' id='word_1_21' title='bbox 2850 374 3071 435; x_wconf 79' lang='lat' dir='ltr'><strong>fratres,</strong></span> <span class='ocrx_word' id='word_1_22' title='bbox 3103 372 3191 440; x_wconf 85' lang='lat' dir='ltr'><strong>qui</strong></span> <span class='ocrx_word' id='word_1_23' title='bbox 3224 367 3452 436; x_wconf 80' lang='lat' dir='ltr'><strong>subjecti</strong></span> <span class='ocrx_word' id='word_1_24' title='bbox 3478 372 3615 423; x_wconf 88' lang='lat' dir='ltr'><strong>estis</strong></span> 
     </span>
     <span class='ocr_line' id='line_1_5' title="bbox 1355 459 3615 484; baseline 0 0"><span class='ocrx_word' id='word_1_25' title='bbox 1355 478 1368 484; x_wconf 91' lang='lat'><strong>-</strong></span> <span class='ocrx_word' id='word_1_26' title='bbox 1407 480 1420 484; x_wconf 92' lang='lat'>_</span> <span class='ocrx_word' id='word_1_27' title='bbox 1533 477 1545 484; x_wconf 87' lang='lat'><strong>.</strong></span> <span class='ocrx_word' id='word_1_28' title='bbox 2261 474 2296 484; x_wconf 72' lang='grc' dir='ltr'>ι.</span> <span class='ocrx_word' id='word_1_29' title='bbox 2472 471 2526 484; x_wconf 75' lang='grc' dir='ltr'>ιη</span> <span class='ocrx_word' id='word_1_30' title='bbox 2562 483 2566 484; x_wconf 64' lang='lat'><strong><em>,</em></strong></span> <span class='ocrx_word' id='word_1_31' title='bbox 2738 482 2747 484; x_wconf 68' lang='lat'><strong><em>_</em></strong></span> <span class='ocrx_word' id='word_1_32' title='bbox 2792 465 2969 484; x_wconf 56' lang='lat'><strong>,-.,,.!_</strong></span> <span class='ocrx_word' id='word_1_33' title='bbox 3073 462 3306 484; x_wconf 67' lang='lat' dir='ltr'><strong>L_l...s_4-</strong></span> <span class='ocrx_word' id='word_1_34' title='bbox 3359 459 3615 484; x_wconf 64' lang='lat'><strong>_-.:..-.--</strong></span> 
     </span>
    </p>
   </div>
   <div class='ocr_carea' id='block_1_5' title="bbox 368 477 1797 557">
    <p class='ocr_par' dir='ltr' id='par_1_5' title="bbox 368 477 1797 557">
     <span class='ocr_line' id='line_1_6' title="bbox 368 477 1797 557; baseline -0.021 0"><span class='ocrx_word' id='word_1_35' title='bbox 368 477 568 557; x_wconf 74' lang='lat' dir='ltr'><strong>sancta:</strong></span> <span class='ocrx_word' id='word_1_36' title='bbox 596 488 870 547; x_wconf 71' lang='lat' dir='ltr'><strong>memoria:</strong></span> <span class='ocrx_word' id='word_1_37' title='bbox 894 486 1058 540; x_wconf 86' lang='lat' dir='ltr'><strong>Pater</strong></span> <span class='ocrx_word' id='word_1_38' title='bbox 1083 488 1268 538; x_wconf 86' lang='lat' dir='ltr'><strong>noster</strong></span> <span class='ocrx_word' id='word_1_39' title='bbox 1290 478 1499 557; x_wconf 87' lang='lat' dir='ltr'><strong>solebat</strong></span> <span class='ocrx_word' id='word_1_40' title='bbox 1531 477 1797 547; x_wconf 80' lang='lat' dir='ltr'><strong>ingerere.</strong></span> 
     </span>
    </p>
   </div>
   <div class='ocr_carea' id='block_1_6' title="bbox 438 556 1941 651">
    <p class='ocr_par' dir='ltr' id='par_1_6' title="bbox 438 556 1941 651">
     <span class='ocr_line' id='line_1_7' title="bbox 438 556 1941 651; baseline -0.017 -7"><span class='ocrx_word' id='word_1_41' title='bbox 438 585 598 645; x_wconf 72' lang='lat' dir='ltr'><strong>XVII.</strong></span> <span class='ocrx_word' id='word_1_42' title='bbox 640 580 1000 651; x_wconf 77' lang='lat' dir='ltr'><strong>Quamobrem</strong></span> <span class='ocrx_word' id='word_1_43' title='bbox 1028 589 1150 631; x_wconf 89' lang='lat' dir='ltr'><strong>cum</strong></span> <span class='ocrx_word' id='word_1_44' title='bbox 1181 556 1327 628; x_wconf 80' lang='lat' dir='ltr'><strong>omni</strong></span> <span class='ocrx_word' id='word_1_45' title='bbox 1356 570 1607 626; x_wconf 79' lang='lat' dir='ltr'><strong>cautione</strong></span> <span class='ocrx_word' id='word_1_46' title='bbox 1649 575 1703 622; x_wconf 88' lang='lat' dir='ltr'><strong>et</strong></span> <span class='ocrx_word' id='word_1_47' title='bbox 1742 565 1941 621; x_wconf 83' lang='lat' dir='ltr'><strong>sollici-</strong></span> 
     </span>
    </p>
   </div>
   <div class='ocr_carea' id='block_1_7' title="bbox 369 656 1941 747">
    <p class='ocr_par' dir='ltr' id='par_1_7' title="bbox 369 656 1941 747">
     <span class='ocr_line' id='line_1_8' title="bbox 369 656 1941 747; baseline -0.019 -9"><span class='ocrx_word' id='word_1_48' title='bbox 369 682 556 739; x_wconf 78' lang='lat' dir='ltr'><strong>tudine</strong></span> <span class='ocrx_word' id='word_1_49' title='bbox 579 673 775 747; x_wconf 77' lang='lat' dir='ltr'><strong>singuli</strong></span> <span class='ocrx_word' id='word_1_50' title='bbox 802 667 1151 727; x_wconf 86' lang='lat' dir='ltr'><strong>commissum</strong></span> <span class='ocrx_word' id='word_1_51' title='bbox 1174 663 1275 719; x_wconf 83' lang='lat' dir='ltr'><strong>sibi</strong></span> <span class='ocrx_word' id='word_1_52' title='bbox 1300 668 1516 733; x_wconf 79' lang='lat' dir='ltr'><strong>gregem</strong></span> <span class='ocrx_word' id='word_1_53' title='bbox 1535 656 1859 719; x_wconf 79' lang='lat' dir='ltr'><strong>custodiant,</strong></span> <span class='ocrx_word' id='word_1_54' title='bbox 1887 662 1941 709; x_wconf 92' lang='lat' dir='ltr'><strong>et</strong></span> 
     </span>
    </p>
   </div>
   <div class='ocr_carea' id='block_1_8' title="bbox 371 746 1943 839">
    <p class='ocr_par' dir='ltr' id='par_1_8' title="bbox 371 746 1943 839">
     <span class='ocr_line' id='line_1_9' title="bbox 371 746 1943 839; baseline -0.022 -8"><span class='ocrx_word' id='word_1_55' title='bbox 371 775 650 831; x_wconf 72' lang='lat' dir='ltr'><strong>imitentur</strong></span> <span class='ocrx_word' id='word_1_56' title='bbox 674 746 923 839; x_wconf 71' lang='lat' dir='ltr'><strong>pastores</strong></span> <span class='ocrx_word' id='word_1_57' title='bbox 963 760 1030 815; x_wconf 90' lang='lat' dir='ltr'><strong>de</strong></span> <span class='ocrx_word' id='word_1_58' title='bbox 1074 754 1383 825; x_wconf 82' lang='lat' dir='ltr'><strong>Evsngelio,</strong></span> <span class='ocrx_word' id='word_1_59' title='bbox 1417 751 1485 804; x_wconf 86' lang='lat' dir='ltr'><strong>ad</strong></span> <span class='ocrx_word' id='word_1_60' title='bbox 1518 763 1653 819; x_wconf 87' lang='lat' dir='ltr'><strong>quos</strong></span> <span class='ocrx_word' id='word_1_61' title='bbox 1680 763 1788 839; x_wconf 83' lang='lat' dir='ltr'><strong>non</strong></span> <span class='ocrx_word' id='word_1_62' title='bbox 1819 746 1943 801; x_wconf 87' lang='lat' dir='ltr'><strong>dor-</strong></span> 
     </span>
    </p>
   </div>
   <div class='ocr_carea' id='block_1_9' title="bbox 370 837 1946 928">
    <p class='ocr_par' dir='ltr' id='par_1_9' title="bbox 370 837 1946 928">
     <span class='ocr_line' id='line_1_10' title="bbox 370 837 1946 928; baseline -0.023 -4"><span class='ocrx_word' id='word_1_63' title='bbox 370 869 619 928; x_wconf 88' lang='lat' dir='ltr'><strong>mientes,</strong></span> <span class='ocrx_word' id='word_1_64' title='bbox 770 852 1054 927; x_wconf 81' lang='lat' dir='ltr'><strong>vigilantes</strong></span> <span class='ocrx_word' id='word_1_65' title='bbox 1079 848 1225 904; x_wconf 83' lang='lat' dir='ltr'><strong>venit</strong></span> <span class='ocrx_word' id='word_1_66' title='bbox 1246 844 1483 913; x_wconf 80' lang='lat' dir='ltr'><strong>Angelus</strong></span> <span class='ocrx_word' id='word_1_67' title='bbox 1512 840 1628 906; x_wconf 89' lang='lat' dir='ltr'><strong>Dei,</strong></span> <span class='ocrx_word' id='word_1_68' title='bbox 1670 846 1726 894; x_wconf 90' lang='lat' dir='ltr'><strong>et</strong></span> <span class='ocrx_word' id='word_1_69' title='bbox 1754 837 1946 892; x_wconf 83' lang='lat' dir='ltr'><strong>Salva-</strong></span> 
     </span>
    </p>
   </div>
   <div class='ocr_carea' id='block_1_10' title="bbox 374 928 1945 1013">
    <p class='ocr_par' dir='ltr' id='par_1_10' title="bbox 374 928 1945 1013">
     <span class='ocr_line' id='line_1_11' title="bbox 374 928 1945 1013; baseline -0.022 1"><span class='ocrx_word' id='word_1_70' title='bbox 374 957 508 1013; x_wconf 90' lang='lat' dir='ltr'><strong>toris</strong></span> <span class='ocrx_word' id='word_1_71' title='bbox 530 954 611 1009; x_wconf 89' lang='lat' dir='ltr'><strong>eis</strong></span> <span class='ocrx_word' id='word_1_72' title='bbox 640 943 978 1005; x_wconf 86' lang='lat' dir='ltr'><strong>annuntiavit</strong></span> <span class='ocrx_word' id='word_1_73' title='bbox 1006 932 1295 995; x_wconf 71' lang='lat' dir='ltr'><strong>adventum</strong></span> <span class='ocrx_word' id='word_1_74' title='bbox 1328 933 1481 1003; x_wconf 88' lang='lat' dir='ltr'><strong>(Luc.</strong></span> <span class='ocrx_word' id='word_1_75' title='bbox 1508 931 1592 1002; x_wconf 92' lang='grc' dir='ltr'>ιι).</span> <span class='ocrx_word' id='word_1_76' title='bbox 1624 928 1726 997; x_wconf 85' lang='lat' dir='ltr'><strong>Qui</strong></span> <span class='ocrx_word' id='word_1_77' title='bbox 1752 935 1808 983; x_wconf 90' lang='lat' dir='ltr'><strong>ct</strong></span> <span class='ocrx_word' id='word_1_78' title='bbox 1828 928 1945 997; x_wconf 88' lang='lat' dir='ltr'><strong>ipse</strong></span> 
     </span>
    </p>
   </div>
   <div class='ocr_carea' id='block_1_11' title="bbox 371 1018 1942 1120">
    <p class='ocr_par' dir='ltr' id='par_1_11' title="bbox 371 1018 1942 1120">
     <span class='ocr_line' id='line_1_12' title="bbox 371 1018 1942 1120; baseline -0.025 -13"><span class='ocrx_word' id='word_1_79' title='bbox 371 1048 610 1120; x_wconf 82' lang='lat' dir='ltr'><strong>loquitur</strong></span> <span class='ocrx_word' id='word_1_80' title='bbox 634 1062 648 1096; x_wconf 89' lang='lat'><strong>:</strong></span> <span class='ocrx_word' id='word_1_81' title='bbox 689 1038 883 1093; x_wconf 88' lang='lat' dir='ltr'><strong>Pastor</strong></span> <span class='ocrx_word' id='word_1_82' title='bbox 915 1032 1078 1087; x_wconf 87' lang='lat' dir='ltr'><strong>bonus</strong></span> <span class='ocrx_word' id='word_1_83' title='bbox 1106 1029 1335 1083; x_wconf 84' lang='lat' dir='ltr'><strong>animum</strong></span> <span class='ocrx_word' id='word_1_84' title='bbox 1370 1037 1519 1079; x_wconf 87' lang='lat' dir='ltr'><strong>suam</strong></span> <span class='ocrx_word' id='word_1_85' title='bbox 1543 1019 1685 1091; x_wconf 88' lang='lat' dir='ltr'><strong>ponit</strong></span> <span class='ocrx_word' id='word_1_86' title='bbox 1712 1034 1806 1089; x_wconf 90' lang='lat' dir='ltr'><strong>pro</strong></span> <span class='ocrx_word' id='word_1_87' title='bbox 1833 1018 1942 1072; x_wconf 79' lang='lat' dir='ltr'><strong>ovi-</strong></span> 
     </span>
    </p>
   </div>
   <div class='ocr_carea' id='block_1_12' title="bbox 377 1115 1939 1202">
    <p class='ocr_par' dir='ltr' id='par_1_12' title="bbox 377 1115 1939 1202">
     <span class='ocr_line' id='line_1_13' title="bbox 377 1115 1939 1202; baseline -0.024 -6"><span class='ocrx_word' id='word_1_88' title='bbox 377 1115 471 1196; x_wconf 74' lang='lat' dir='ltr'><strong>bus</strong></span> <span class='ocrx_word' id='word_1_89' title='bbox 495 1136 604 1193; x_wconf 89' lang='lat' dir='ltr'><strong>suis</strong></span> <span class='ocrx_word' id='word_1_90' title='bbox 626 1150 645 1187; x_wconf 91' lang='lat'><strong>:</strong></span> <span class='ocrx_word' id='word_1_91' title='bbox 673 1130 764 1202; x_wconf 89' lang='lat' dir='ltr'><strong>qui</strong></span> <span class='ocrx_word' id='word_1_92' title='bbox 790 1134 969 1193; x_wconf 85' lang='lat' dir='ltr'><strong>autem</strong></span> <span class='ocrx_word' id='word_1_93' title='bbox 992 1118 1346 1176; x_wconf 72' lang='lat' dir='ltr'><strong>mercenarius</strong></span> <span class='ocrx_word' id='word_1_94' title='bbox 1370 1122 1475 1179; x_wconf 90' lang='lat' dir='ltr'><strong>est,</strong></span> <span class='ocrx_word' id='word_1_95' title='bbox 1506 1126 1613 1166; x_wconf 84' lang='lat' dir='ltr'><strong>non</strong></span> <span class='ocrx_word' id='word_1_96' title='bbox 1639 1116 1714 1163; x_wconf 86' lang='lat' dir='ltr'><strong>est</strong></span> <span class='ocrx_word' id='word_1_97' title='bbox 1739 1115 1939 1179; x_wconf 84' lang='lat' dir='ltr'><strong>pastor,</strong></span> 
     </span>
    </p>
   </div>
   <div class='ocr_carea' id='block_1_13' title="bbox 374 1199 1949 1302">
    <p class='ocr_par' dir='ltr' id='par_1_13' title="bbox 374 1199 1949 1302">
     <span class='ocr_line' id='line_1_14' title="bbox 374 1199 1949 1302; baseline -0.025 -14"><span class='ocrx_word' id='word_1_98' title='bbox 374 1233 527 1302; x_wconf 86' lang='lat' dir='ltr'><strong>cujus</strong></span> <span class='ocrx_word' id='word_1_99' title='bbox 559 1242 662 1281; x_wconf 89' lang='lat' dir='ltr'><strong>non</strong></span> <span class='ocrx_word' id='word_1_100' title='bbox 685 1199 807 1277; x_wconf 79' lang='lat' dir='ltr'><strong>sunt</strong></span> <span class='ocrx_word' id='word_1_101' title='bbox 833 1231 970 1281; x_wconf 86' lang='lat' dir='ltr'><strong>oves,</strong></span> <span class='ocrx_word' id='word_1_102' title='bbox 1003 1213 1137 1268; x_wconf 86' lang='lat' dir='ltr'><strong>videt</strong></span> <span class='ocrx_word' id='word_1_103' title='bbox 1159 1210 1338 1280; x_wconf 80' lang='lat' dir='ltr'><strong>lupum</strong></span> <span class='ocrx_word' id='word_1_104' title='bbox 1369 1205 1673 1266; x_wconf 77' lang='lat' dir='ltr'><strong>venientem,</strong></span> <span class='ocrx_word' id='word_1_105' title='bbox 1697 1209 1748 1255; x_wconf 90' lang='lat' dir='ltr'><strong>et</strong></span> <span class='ocrx_word' id='word_1_106' title='bbox 1774 1199 1949 1253; x_wconf 87' lang='lat' dir='ltr'><strong>dimit-</strong></span> 
     </span>
    </p>
   </div>
   <div class='ocr_carea' id='block_1_14' title="bbox 375 1292 1949 1393">
    <p class='ocr_par' dir='ltr' id='par_1_14' title="bbox 375 1292 1949 1393">
     <span class='ocr_line' id='line_1_15' title="bbox 375 1292 1949 1393; baseline -0.023 -15"><span class='ocrx_word' id='word_1_107' title='bbox 375 1292 687 1393; x_wconf 46' lang='lat' dir='ltr'><strong>tit&#39;gregem,</strong></span> <span class='ocrx_word' id='word_1_108' title='bbox 713 1321 760 1369; x_wconf 88' lang='lat' dir='ltr'><strong>et</strong></span> <span class='ocrx_word' id='word_1_109' title='bbox 788 1309 955 1381; x_wconf 77' lang='lat' dir='ltr'><strong>fugit,</strong></span> <span class='ocrx_word' id='word_1_110' title='bbox 993 1314 1042 1360; x_wconf 90' lang='lat' dir='ltr'><strong>et</strong></span> <span class='ocrx_word' id='word_1_111' title='bbox 1071 1304 1225 1374; x_wconf 87' lang='lat' dir='ltr'><strong>lupus</strong></span> <span class='ocrx_word' id='word_1_112' title='bbox 1270 1300 1406 1370; x_wconf 91' lang='lat' dir='ltr'><strong>rapit</strong></span> <span class='ocrx_word' id='word_1_113' title='bbox 1434 1311 1581 1359; x_wconf 88' lang='lat' dir='ltr'><strong>eum,</strong></span> <span class='ocrx_word' id='word_1_114' title='bbox 1616 1303 1772 1364; x_wconf 87' lang='lat' dir='ltr'><strong>atque</strong></span> <span class='ocrx_word' id='word_1_115' title='bbox 1794 1292 1949 1345; x_wconf 82' lang='lat' dir='ltr'><strong>deva-</strong></span> 
     </span>
    </p>
   </div>
   <div class='ocr_carea' id='block_1_15' title="bbox 375 1381 1950 1484">
    <p class='ocr_par' dir='ltr' id='par_1_15' title="bbox 375 1381 1950 1484">
     <span class='ocr_line' id='line_1_16' title="bbox 375 1381 1950 1484; baseline -0.022 -14"><span class='ocrx_word' id='word_1_116' title='bbox 375 1381 506 1479; x_wconf 63' lang='lat' dir='ltr'><strong>stal,</strong></span> <span class='ocrx_word' id='word_1_117' title='bbox 538 1381 660 1484; x_wconf 73' lang='lat' dir='ltr'><strong>quia</strong></span> <span class='ocrx_word' id='word_1_118' title='bbox 691 1401 1044 1462; x_wconf 87' lang='lat' dir='ltr'><strong>mercenarius</strong></span> <span class='ocrx_word' id='word_1_119' title='bbox 1073 1404 1169 1461; x_wconf 87' lang='lat' dir='ltr'><strong>est,</strong></span> <span class='ocrx_word' id='word_1_120' title='bbox 1194 1402 1242 1449; x_wconf 86' lang='lat' dir='ltr'><strong>et</strong></span> <span class='ocrx_word' id='word_1_121' title='bbox 1268 1407 1372 1446; x_wconf 89' lang='lat' dir='ltr'><strong>non</strong></span> <span class='ocrx_word' id='word_1_122' title='bbox 1396 1388 1465 1442; x_wconf 90' lang='lat' dir='ltr'><strong>ad</strong></span> <span class='ocrx_word' id='word_1_123' title='bbox 1485 1401 1617 1484; x_wconf 48' lang='lat' dir='ltr'><strong>eun:</strong></span> <span class='ocrx_word' id='word_1_124' title='bbox 1634 1382 1854 1484; x_wconf 55' lang='lat' dir='ltr'><strong>pertiti-et</strong></span> <span class='ocrx_word' id='word_1_125' title='bbox 1885 1381 1950 1436; x_wconf 88' lang='lat' dir='ltr'><strong>de</strong></span> 
     </span>
    </p>
   </div>
   <div class='ocr_carea' id='block_1_16' title="bbox 376 1462 1949 1570">
    <p class='ocr_par' dir='ltr' id='par_1_16' title="bbox 376 1462 1949 1570">
     <span class='ocr_line' id='line_1_17' title="bbox 376 1462 1949 1570; baseline -0.024 -9"><span class='ocrx_word' id='word_1_126' title='bbox 376 1462 564 1562; x_wconf 54' lang='lat' dir='ltr'><strong>duilius,</strong></span> <span class='ocrx_word' id='word_1_127' title='bbox 578 1462 761 1570; x_wconf 80' lang='lat' dir='ltr'><strong>(Joan.</strong></span> <span class='ocrx_word' id='word_1_128' title='bbox 797 1493 918 1564; x_wconf 75' lang='lat' dir='ltr'><strong>xu).</strong></span> <span class='ocrx_word' id='word_1_129' title='bbox 957 1490 1036 1544; x_wconf 86' lang='lat' dir='ltr'><strong>De</strong></span> <span class='ocrx_word' id='word_1_130' title='bbox 1058 1486 1216 1541; x_wconf 88' lang='lat' dir='ltr'><strong>bonis</strong></span> <span class='ocrx_word' id='word_1_131' title='bbox 1242 1490 1421 1538; x_wconf 86' lang='lat' dir='ltr'><strong>autem</strong></span> <span class='ocrx_word' id='word_1_132' title='bbox 1450 1462 1758 1570; x_wconf 59' lang='lat' dir='ltr'><strong>pastdribus</strong></span> <span class='ocrx_word' id='word_1_133' title='bbox 1790 1473 1949 1527; x_wconf 66' lang='lat' dir='ltr'><strong>Luca:</strong></span> 
     </span>
    </p>
   </div>
   <div class='ocr_carea' id='block_1_17' title="bbox 376 1565 1947 1653">
    <p class='ocr_par' dir='ltr' id='par_1_17' title="bbox 376 1565 1947 1653">
     <span class='ocr_line' id='line_1_18' title="bbox 376 1565 1947 1653; baseline -0.025 0"><span class='ocrx_word' id='word_1_134' title='bbox 376 1595 565 1653; x_wconf 86' lang='lat' dir='ltr'><strong>scribit</strong></span> <span class='ocrx_word' id='word_1_135' title='bbox 589 1565 821 1647; x_wconf 73' lang='lat' dir='ltr'><strong>historia</strong></span> <span class='ocrx_word' id='word_1_136' title='bbox 859 1602 872 1637; x_wconf 91' lang='lat'><strong>:</strong></span> <span class='ocrx_word' id='word_1_137' title='bbox 917 1582 1087 1636; x_wconf 84' lang='lat' dir='ltr'><strong>Erant</strong></span> <span class='ocrx_word' id='word_1_138' title='bbox 1113 1586 1286 1632; x_wconf 82' lang='lat' dir='ltr'><strong>autem</strong></span> <span class='ocrx_word' id='word_1_139' title='bbox 1320 1579 1554 1644; x_wconf 78' lang='lat' dir='ltr'><strong>pastores</strong></span> <span class='ocrx_word' id='word_1_140' title='bbox 1596 1565 1947 1625; x_wconf 86' lang='lat' dir='ltr'><strong>observantes,</strong></span> 
     </span>
    </p>
   </div>
   <div class='ocr_carea' id='block_1_18' title="bbox 376 1660 1948 1745">
    <p class='ocr_par' dir='ltr' id='par_1_18' title="bbox 376 1660 1948 1745">
     <span class='ocr_line' id='line_1_19' title="bbox 376 1660 1948 1745; baseline -0.027 0"><span class='ocrx_word' id='word_1_141' title='bbox 376 1700 424 1745; x_wconf 85' lang='lat' dir='ltr'><strong>et</strong></span> <span class='ocrx_word' id='word_1_142' title='bbox 451 1684 797 1742; x_wconf 75' lang='lat' dir='ltr'><strong>custodientes</strong></span> <span class='ocrx_word' id='word_1_143' title='bbox 827 1672 1031 1745; x_wconf 76' lang='lat' dir='ltr'><strong>vigilias</strong></span> <span class='ocrx_word' id='word_1_144' title='bbox 1069 1668 1236 1723; x_wconf 81' lang='lat' dir='ltr'><strong>noctis</strong></span> <span class='ocrx_word' id='word_1_145' title='bbox 1270 1677 1427 1735; x_wconf 83' lang='lat' dir='ltr'><strong>super</strong></span> <span class='ocrx_word' id='word_1_146' title='bbox 1459 1672 1665 1731; x_wconf 83' lang='lat' dir='ltr'><strong>gregem</strong></span> <span class='ocrx_word' id='word_1_147' title='bbox 1685 1668 1871 1716; x_wconf 86' lang='lat' dir='ltr'><strong>suum;</strong></span> <span class='ocrx_word' id='word_1_148' title='bbox 1899 1660 1948 1703; x_wconf 88' lang='lat' dir='ltr'><strong>et</strong></span> 
     </span>
    </p>
   </div>
   <div class='ocr_carea' id='block_1_19' title="bbox 2040 459 3619 545">
    <p class='ocr_par' dir='ltr' id='par_1_19' title="bbox 2040 459 3619 545">
     <span class='ocr_line' id='line_1_20' title="bbox 2040 459 3619 545; baseline -0.012 -15"><span class='ocrx_word' id='word_1_149' title='bbox 2040 489 2138 545; x_wconf 88' lang='lat' dir='ltr'><strong>per</strong></span> <span class='ocrx_word' id='word_1_150' title='bbox 2178 474 2422 529; x_wconf 87' lang='lat' dir='ltr'><strong>ordinem</strong></span> <span class='ocrx_word' id='word_1_151' title='bbox 2472 471 2654 525; x_wconf 73' lang='lat' dir='ltr'><strong>libera:</strong></span> <span class='ocrx_word' id='word_1_152' title='bbox 2699 465 3015 530; x_wconf 86' lang='lat' dir='ltr'><strong>servitutis,</strong></span> <span class='ocrx_word' id='word_1_153' title='bbox 3066 462 3306 517; x_wconf 75' lang='lat' dir='ltr'><strong>habetote</strong></span> <span class='ocrx_word' id='word_1_154' title='bbox 3352 459 3619 514; x_wconf 78' lang='lat' dir='ltr'><strong>accinctos</strong></span> 
     </span>
    </p>
   </div>
   <div class='ocr_carea' id='block_1_20' title="bbox 2042 551 3622 627">
    <p class='ocr_par' dir='ltr' id='par_1_20' title="bbox 2042 551 3622 627">
     <span class='ocr_line' id='line_1_21' title="bbox 2042 551 3622 627; baseline -0.01 -8"><span class='ocrx_word' id='word_1_155' title='bbox 2042 565 2243 619; x_wconf 87' lang='lat' dir='ltr'><strong>lumbos</strong></span> <span class='ocrx_word' id='word_1_156' title='bbox 2282 571 2473 617; x_wconf 88' lang='lat' dir='ltr'><strong>vestros</strong></span> <span class='ocrx_word' id='word_1_157' title='bbox 2496 603 2511 627; x_wconf 94' lang='lat'><strong>,</strong></span> <span class='ocrx_word' id='word_1_158' title='bbox 2567 568 2613 614; x_wconf 89' lang='lat' dir='ltr'><strong>et</strong></span> <span class='ocrx_word' id='word_1_159' title='bbox 2666 558 2909 613; x_wconf 79' lang='lat' dir='ltr'><strong>ardentes</strong></span> <span class='ocrx_word' id='word_1_160' title='bbox 2955 555 3197 608; x_wconf 86' lang='lat' dir='ltr'><strong>lucernas</strong></span> <span class='ocrx_word' id='word_1_161' title='bbox 3237 552 3292 606; x_wconf 90' lang='lat' dir='ltr'><strong>in</strong></span> <span class='ocrx_word' id='word_1_162' title='bbox 3330 551 3573 605; x_wconf 88' lang='lat' dir='ltr'><strong>manibus</strong></span> <span class='ocrx_word' id='word_1_163' title='bbox 3600 589 3622 613; x_wconf 86' lang='lat'><strong>,</strong></span> 
     </span>
    </p>
   </div>
   <div class='ocr_carea' id='block_1_21' title="bbox 2041 644 3621 724">
    <p class='ocr_par' dir='ltr' id='par_1_21' title="bbox 2041 644 3621 724">
     <span class='ocr_line' id='line_1_22' title="bbox 2041 644 3621 724; baseline -0.011 -10"><span class='ocrx_word' id='word_1_164' title='bbox 2041 658 2238 715; x_wconf 83' lang='lat' dir='ltr'><strong>similes</strong></span> <span class='ocrx_word' id='word_1_165' title='bbox 2285 671 2550 711; x_wconf 87' lang='lat' dir='ltr'><strong>servorum</strong></span> <span class='ocrx_word' id='word_1_166' title='bbox 2599 654 2688 724; x_wconf 88' lang='lat' dir='ltr'><strong>qui</strong></span> <span class='ocrx_word' id='word_1_167' title='bbox 2740 656 3035 721; x_wconf 74' lang='lat' dir='ltr'><strong>exspectant</strong></span> <span class='ocrx_word' id='word_1_168' title='bbox 3100 644 3371 700; x_wconf 81' lang='lat' dir='ltr'><strong>dominum</strong></span> <span class='ocrx_word' id='word_1_169' title='bbox 3418 659 3572 698; x_wconf 81' lang='lat' dir='ltr'><strong>suum</strong></span> <span class='ocrx_word' id='word_1_170' title='bbox 3601 682 3621 708; x_wconf 87' lang='lat'><strong>,</strong></span> 
     </span>
    </p>
   </div>
   <div class='ocr_carea' id='block_1_22' title="bbox 2041 735 3626 825">
    <p class='ocr_par' dir='ltr' id='par_1_22' title="bbox 2041 735 3626 825">
     <span class='ocr_line' id='line_1_23' title="bbox 2041 735 3626 825; baseline -0.013 -18"><span class='ocrx_word' id='word_1_171' title='bbox 2041 751 2252 825; x_wconf 87' lang='lat' dir='ltr'><strong>quando</strong></span> <span class='ocrx_word' id='word_1_172' title='bbox 2295 756 2585 804; x_wconf 79' lang='lat' dir='ltr'><strong>revertatur</strong></span> <span class='ocrx_word' id='word_1_173' title='bbox 2623 745 2687 800; x_wconf 91' lang='lat' dir='ltr'><strong>de</strong></span> <span class='ocrx_word' id='word_1_174' title='bbox 2731 741 2961 813; x_wconf 87' lang='lat' dir='ltr'><strong>nuptiis,</strong></span> <span class='ocrx_word' id='word_1_175' title='bbox 3016 748 3073 792; x_wconf 92' lang='lat' dir='ltr'><strong>ut</strong></span> <span class='ocrx_word' id='word_1_176' title='bbox 3119 753 3239 791; x_wconf 87' lang='lat' dir='ltr'><strong>cum</strong></span> <span class='ocrx_word' id='word_1_177' title='bbox 3282 735 3516 799; x_wconf 80' lang='lat' dir='ltr'><strong>venerit,</strong></span> <span class='ocrx_word' id='word_1_178' title='bbox 3566 743 3626 789; x_wconf 86' lang='lat' dir='ltr'><strong>et</strong></span> 
     </span>
    </p>
   </div>
   <div class='ocr_carea' id='block_1_23' title="bbox 2042 827 3629 914">
    <p class='ocr_par' dir='ltr' id='par_1_23' title="bbox 2042 827 3629 914">
     <span class='ocr_line' id='line_1_24' title="bbox 2042 827 3629 914; baseline -0.013 -17"><span class='ocrx_word' id='word_1_179' title='bbox 2042 842 2348 914; x_wconf 77' lang='lat' dir='ltr'><strong>pulsaverit,</strong></span> <span class='ocrx_word' id='word_1_180' title='bbox 2379 838 2558 894; x_wconf 85' lang='lat' dir='ltr'><strong>statim</strong></span> <span class='ocrx_word' id='word_1_181' title='bbox 2591 835 2831 908; x_wconf 89' lang='lat' dir='ltr'><strong>aperiant</strong></span> <span class='ocrx_word' id='word_1_182' title='bbox 2868 832 2934 885; x_wconf 90' lang='lat' dir='ltr'><strong>ei.</strong></span> <span class='ocrx_word' id='word_1_183' title='bbox 2977 828 3129 883; x_wconf 85' lang='lat' dir='ltr'><strong>Beati</strong></span> <span class='ocrx_word' id='word_1_184' title='bbox 3161 827 3327 890; x_wconf 83' lang='lat' dir='ltr'><strong>servi,</strong></span> <span class='ocrx_word' id='word_1_185' title='bbox 3370 842 3500 896; x_wconf 89' lang='lat' dir='ltr'><strong>quos</strong></span> <span class='ocrx_word' id='word_1_186' title='bbox 3536 842 3629 879; x_wconf 83' lang='lat' dir='ltr'><strong>ve—</strong></span> 
     </span>
    </p>
   </div>
   <div class='ocr_carea' id='block_1_24' title="bbox 2046 914 3630 992">
    <p class='ocr_par' dir='ltr' id='par_1_24' title="bbox 2046 914 3630 992">
     <span class='ocr_line' id='line_1_25' title="bbox 2046 914 3630 992; baseline -0.011 -4"><span class='ocrx_word' id='word_1_187' title='bbox 2046 934 2191 989; x_wconf 88' lang='lat' dir='ltr'><strong>niens</strong></span> <span class='ocrx_word' id='word_1_188' title='bbox 2227 930 2485 986; x_wconf 85' lang='lat' dir='ltr'><strong>Dominus</strong></span> <span class='ocrx_word' id='word_1_189' title='bbox 2522 924 2771 982; x_wconf 81' lang='lat' dir='ltr'><strong>invenerit</strong></span> <span class='ocrx_word' id='word_1_190' title='bbox 2813 921 3088 992; x_wconf 80' lang='lat' dir='ltr'><strong>vigilantes</strong></span> <span class='ocrx_word' id='word_1_191' title='bbox 3111 917 3261 989; x_wconf 89' lang='lat' dir='ltr'><strong>(Luc.</strong></span> <span class='ocrx_word' id='word_1_192' title='bbox 3292 916 3395 987; x_wconf 75' lang='grc' dir='ltr'>ιι).</span> <span class='ocrx_word' id='word_1_193' title='bbox 3447 914 3542 973; x_wconf 85' lang='lat' dir='ltr'><strong>Sic</strong></span> <span class='ocrx_word' id='word_1_194' title='bbox 3564 925 3630 971; x_wconf 79' lang='lat' dir='ltr'><strong>et</strong></span> 
     </span>
    </p>
   </div>
   <div class='ocr_carea' id='block_1_25' title="bbox 2046 1009 3631 1088">
    <p class='ocr_par' dir='ltr' id='par_1_25' title="bbox 2046 1009 3631 1088">
     <span class='ocr_line' id='line_1_26' title="bbox 2046 1009 3631 1088; baseline -0.011 -12"><span class='ocrx_word' id='word_1_195' title='bbox 2046 1024 2199 1079; x_wconf 91' lang='lat' dir='ltr'><strong>vobis</strong></span> <span class='ocrx_word' id='word_1_196' title='bbox 2224 1022 2336 1086; x_wconf 85' lang='lat' dir='ltr'><strong>ﬁet,</strong></span> <span class='ocrx_word' id='word_1_197' title='bbox 2366 1021 2410 1075; x_wconf 91' lang='lat' dir='ltr'><strong>si</strong></span> <span class='ocrx_word' id='word_1_198' title='bbox 2441 1019 2631 1088; x_wconf 85' lang='lat' dir='ltr'><strong>longus</strong></span> <span class='ocrx_word' id='word_1_199' title='bbox 2657 1016 2810 1070; x_wconf 90' lang='lat' dir='ltr'><strong>labor</strong></span> <span class='ocrx_word' id='word_1_200' title='bbox 2836 1009 3207 1067; x_wconf 86' lang='lat' dir='ltr'><strong>lassitudinem</strong></span> <span class='ocrx_word' id='word_1_201' title='bbox 3234 1022 3341 1062; x_wconf 92' lang='lat' dir='ltr'><strong>non</strong></span> <span class='ocrx_word' id='word_1_202' title='bbox 3367 1015 3631 1076; x_wconf 81' lang='lat' dir='ltr'><strong>operetur</strong></span> 
     </span>
    </p>
   </div>
   <div class='ocr_carea' id='block_1_26' title="bbox 2047 1094 3629 1176">
    <p class='ocr_par' dir='ltr' id='par_1_26' title="bbox 2047 1094 3629 1176">
     <span class='ocr_line' id='line_1_27' title="bbox 2047 1094 3629 1176; baseline -0.013 -8"><span class='ocrx_word' id='word_1_203' title='bbox 2047 1114 2100 1168; x_wconf 91' lang='lat' dir='ltr'><strong>in</strong></span> <span class='ocrx_word' id='word_1_204' title='bbox 2129 1112 2302 1176; x_wconf 81' lang='lat' dir='ltr'><strong>vobis,</strong></span> <span class='ocrx_word' id='word_1_205' title='bbox 2324 1106 2650 1165; x_wconf 89' lang='lat' dir='ltr'><strong>vocabimini</strong></span> <span class='ocrx_word' id='word_1_206' title='bbox 2683 1105 2752 1161; x_wconf 89' lang='lat' dir='ltr'><strong>ad</strong></span> <span class='ocrx_word' id='word_1_207' title='bbox 2781 1102 3004 1159; x_wconf 75' lang='lat' dir='ltr'><strong>cceleste</strong></span> <span class='ocrx_word' id='word_1_208' title='bbox 3032 1098 3341 1155; x_wconf 82' lang='lat' dir='ltr'><strong>convivium</strong></span> <span class='ocrx_word' id='word_1_209' title='bbox 3366 1104 3422 1152; x_wconf 90' lang='lat' dir='ltr'><strong>et</strong></span> <span class='ocrx_word' id='word_1_210' title='bbox 3445 1094 3629 1167; x_wconf 87' lang='lat' dir='ltr'><strong>angeli</strong></span> 
     </span>
    </p>
   </div>
   <div class='ocr_carea' id='block_1_27' title="bbox 2048 1190 3630 1263">
    <p class='ocr_par' dir='ltr' id='par_1_27' title="bbox 2048 1190 3630 1263">
     <span class='ocr_line' id='line_1_28' title="bbox 2048 1190 3630 1263; baseline -0.012 -3"><span class='ocrx_word' id='word_1_211' title='bbox 2048 1204 2432 1260; x_wconf 76' lang='lat' dir='ltr'><strong>ministrabant</strong></span> <span class='ocrx_word' id='word_1_212' title='bbox 2459 1200 2629 1254; x_wconf 85' lang='lat' dir='ltr'><strong>vobis.</strong></span> <span class='ocrx_word' id='word_1_213' title='bbox 2678 1197 2772 1251; x_wconf 77' lang='lat' dir='ltr'><strong>Hm</strong></span> <span class='ocrx_word' id='word_1_214' title='bbox 2801 1202 2928 1250; x_wconf 89' lang='lat' dir='ltr'><strong>sunt</strong></span> <span class='ocrx_word' id='word_1_215' title='bbox 2956 1190 3405 1263; x_wconf 89' lang='lat' dir='ltr'><strong>repromissiones</strong></span> <span class='ocrx_word' id='word_1_216' title='bbox 3435 1196 3630 1244; x_wconf 85' lang='lat' dir='ltr'><strong>custo-</strong></span> 
     </span>
    </p>
   </div>
   <div class='ocr_carea' id='block_1_28' title="bbox 2048 1280 3632 1353">
    <p class='ocr_par' dir='ltr' id='par_1_28' title="bbox 2048 1280 3632 1353">
     <span class='ocr_line' id='line_1_29' title="bbox 2048 1280 3632 1353; baseline -0.011 -3"><span class='ocrx_word' id='word_1_217' title='bbox 2048 1295 2307 1349; x_wconf 89' lang='lat' dir='ltr'><strong>dientium</strong></span> <span class='ocrx_word' id='word_1_218' title='bbox 2345 1290 2599 1346; x_wconf 88' lang='lat' dir='ltr'><strong>mandata</strong></span> <span class='ocrx_word' id='word_1_219' title='bbox 2627 1288 2762 1352; x_wconf 90' lang='lat' dir='ltr'><strong>Dei,</strong></span> <span class='ocrx_word' id='word_1_220' title='bbox 2806 1294 2862 1341; x_wconf 90' lang='lat' dir='ltr'><strong>et</strong></span> <span class='ocrx_word' id='word_1_221' title='bbox 2897 1287 2999 1341; x_wconf 90' lang='lat' dir='ltr'><strong>ista</strong></span> <span class='ocrx_word' id='word_1_222' title='bbox 3027 1282 3251 1353; x_wconf 68' lang='lat' dir='ltr'><strong>prmmia</strong></span> <span class='ocrx_word' id='word_1_223' title='bbox 3279 1280 3585 1335; x_wconf 83' lang='lat' dir='ltr'><strong>futurorum</strong></span> <span class='ocrx_word' id='word_1_224' title='bbox 3615 1319 3632 1344; x_wconf 86' lang='lat'><strong>,</strong></span> 
     </span>
    </p>
   </div>
   <div class='ocr_carea' id='block_1_29' title="bbox 2050 1371 3631 1446">
    <p class='ocr_par' dir='ltr' id='par_1_29' title="bbox 2050 1371 3631 1446">
     <span class='ocr_line' id='line_1_30' title="bbox 2050 1371 3631 1446; baseline -0.011 -5"><span class='ocrx_word' id='word_1_225' title='bbox 2050 1386 2284 1442; x_wconf 82' lang='lat' dir='ltr'><strong>Gaudete</strong></span> <span class='ocrx_word' id='word_1_226' title='bbox 2314 1385 2369 1437; x_wconf 90' lang='lat' dir='ltr'><strong>in</strong></span> <span class='ocrx_word' id='word_1_227' title='bbox 2388 1383 2647 1444; x_wconf 87' lang='lat' dir='ltr'><strong>Domino;</strong></span> <span class='ocrx_word' id='word_1_228' title='bbox 2691 1394 2900 1433; x_wconf 87' lang='lat' dir='ltr'><strong>rursum</strong></span> <span class='ocrx_word' id='word_1_229' title='bbox 2925 1378 3066 1441; x_wconf 85' lang='lat' dir='ltr'><strong>dico,</strong></span> <span class='ocrx_word' id='word_1_230' title='bbox 3091 1375 3311 1446; x_wconf 83' lang='lat' dir='ltr'><strong>gaudete</strong></span> <span class='ocrx_word' id='word_1_231' title='bbox 3335 1371 3501 1444; x_wconf 88' lang='lat' dir='ltr'><strong>(Phil.</strong></span> <span class='ocrx_word' id='word_1_232' title='bbox 3526 1373 3631 1439; x_wconf 82' lang='lat' dir='ltr'><strong>Iv).</strong></span> 
     </span>
    </p>
   </div>
   <div class='ocr_carea' id='block_1_30' title="bbox 2051 1463 3639 1546">
    <p class='ocr_par' dir='ltr' id='par_1_30' title="bbox 2051 1463 3639 1546">
     <span class='ocr_line' id='line_1_31' title="bbox 2051 1463 3639 1546; baseline -0.013 -14"><span class='ocrx_word' id='word_1_233' title='bbox 2051 1475 2287 1546; x_wconf 87' lang='lat' dir='ltr'><strong>Subjecti</strong></span> <span class='ocrx_word' id='word_1_234' title='bbox 2317 1473 2572 1528; x_wconf 78' lang='lat' dir='ltr'><strong>Panibus</strong></span> <span class='ocrx_word' id='word_1_235' title='bbox 2604 1484 2727 1526; x_wconf 90' lang='lat' dir='ltr'><strong>cum</strong></span> <span class='ocrx_word' id='word_1_236' title='bbox 2758 1468 2905 1523; x_wconf 86' lang='lat' dir='ltr'><strong>omni</strong></span> <span class='ocrx_word' id='word_1_237' title='bbox 2937 1464 3274 1528; x_wconf 84' lang='lat' dir='ltr'><strong>obedientia;</strong></span> <span class='ocrx_word' id='word_1_238' title='bbox 3321 1463 3440 1517; x_wconf 89' lang='lat' dir='ltr'><strong>sine</strong></span> <span class='ocrx_word' id='word_1_239' title='bbox 3480 1476 3639 1514; x_wconf 75' lang='lat' dir='ltr'><strong>mur-</strong></span> 
     </span>
    </p>
   </div>
   <div class='ocr_carea' id='block_1_31' title="bbox 2051 1553 3638 1632">
    <p class='ocr_par' dir='ltr' id='par_1_31' title="bbox 2051 1553 3638 1632">
     <span class='ocr_line' id='line_1_32' title="bbox 2051 1553 3638 1632; baseline -0.011 -10"><span class='ocrx_word' id='word_1_240' title='bbox 2051 1564 2466 1631; x_wconf 89' lang='lat' dir='ltr'><strong>murationibns,</strong></span> <span class='ocrx_word' id='word_1_241' title='bbox 2492 1573 2546 1618; x_wconf 92' lang='lat' dir='ltr'><strong>et</strong></span> <span class='ocrx_word' id='word_1_242' title='bbox 2572 1560 2988 1632; x_wconf 82' lang='lat' dir='ltr'><strong>cogitationibus</strong></span> <span class='ocrx_word' id='word_1_243' title='bbox 3011 1556 3197 1623; x_wconf 87' lang='lat' dir='ltr'><strong>variis,</strong></span> <span class='ocrx_word' id='word_1_244' title='bbox 3227 1553 3638 1623; x_wconf 79' lang='lat' dir='ltr'><strong>simplicitatem</strong></span> 
     </span>
    </p>
   </div>
   <div class='ocr_carea' id='block_1_32' title="bbox 2053 1645 3644 1724">
    <p class='ocr_par' dir='ltr' id='par_1_32' title="bbox 2053 1645 3644 1724">
     <span class='ocr_line' id='line_1_33' title="bbox 2053 1645 3644 1724; baseline -0.01 -11"><span class='ocrx_word' id='word_1_245' title='bbox 2053 1658 2245 1713; x_wconf 77' lang='lat' dir='ltr'><strong>animm</strong></span> <span class='ocrx_word' id='word_1_246' title='bbox 2270 1656 2338 1711; x_wconf 88' lang='lat' dir='ltr'><strong>ad</strong></span> <span class='ocrx_word' id='word_1_247' title='bbox 2371 1657 2513 1711; x_wconf 90' lang='lat' dir='ltr'><strong>bona</strong></span> <span class='ocrx_word' id='word_1_248' title='bbox 2539 1668 2701 1724; x_wconf 86' lang='lat' dir='ltr'><strong>opera</strong></span> <span class='ocrx_word' id='word_1_249' title='bbox 2732 1650 3098 1722; x_wconf 79' lang='lat' dir='ltr'><strong>perferentes,</strong></span> <span class='ocrx_word' id='word_1_250' title='bbox 3142 1655 3203 1701; x_wconf 89' lang='lat' dir='ltr'><strong>ut</strong></span> <span class='ocrx_word' id='word_1_251' title='bbox 3241 1647 3386 1717; x_wconf 85' lang='lat' dir='ltr'><strong>pleni</strong></span> <span class='ocrx_word' id='word_1_252' title='bbox 3416 1645 3644 1699; x_wconf 82' lang='lat' dir='ltr'><strong>virtuti-</strong></span> 
     </span>
    </p>
   </div>
   <div class='ocr_carea' id='block_1_33' title="bbox 379 1728 1971 1851">
    <p class='ocr_par' dir='ltr' id='par_1_33' title="bbox 379 1740 1952 1851">
     <span class='ocr_line' id='line_1_34' title="bbox 379 1740 1952 1851; baseline -0.029 -15"><span class='ocrx_word' id='word_1_253' title='bbox 379 1776 593 1851; x_wconf 88' lang='lat' dir='ltr'><strong>angelus</strong></span> <span class='ocrx_word' id='word_1_254' title='bbox 621 1769 829 1827; x_wconf 87' lang='lat' dir='ltr'><strong>Domini</strong></span> <span class='ocrx_word' id='word_1_255' title='bbox 856 1764 992 1820; x_wconf 85' lang='lat' dir='ltr'><strong>venit</strong></span> <span class='ocrx_word' id='word_1_256' title='bbox 1020 1760 1089 1815; x_wconf 87' lang='lat' dir='ltr'><strong>ad</strong></span> <span class='ocrx_word' id='word_1_257' title='bbox 1115 1775 1223 1823; x_wconf 83' lang='lat' dir='ltr'><strong>eos,</strong></span> <span class='ocrx_word' id='word_1_258' title='bbox 1251 1764 1300 1810; x_wconf 88' lang='lat' dir='ltr'><strong>et</strong></span> <span class='ocrx_word' id='word_1_259' title='bbox 1328 1751 1498 1824; x_wconf 86' lang='lat' dir='ltr'><strong>gloria</strong></span> <span class='ocrx_word' id='word_1_260' title='bbox 1521 1748 1620 1802; x_wconf 89' lang='lat' dir='ltr'><strong>Dei</strong></span> <span class='ocrx_word' id='word_1_261' title='bbox 1647 1740 1952 1812; x_wconf 72' lang='lat' dir='ltr'><strong>circumful—</strong></span> 
     </span>
    </p>
   </div>
   <div class='ocr_carea' id='block_1_34' title="bbox 2071 1728 3639 1851">
    <p class='ocr_par' dir='ltr' id='par_1_34' title="bbox 2071 1735 3639 1813">
     <span class='ocr_line' id='line_1_35' title="bbox 2071 1735 3639 1813; baseline -0.011 -10"><span class='ocrx_word' id='word_1_262' title='bbox 2071 1764 2154 1804; x_wconf 84' lang='lat' dir='ltr'><strong>)llS</strong></span> <span class='ocrx_word' id='word_1_263' title='bbox 2189 1755 2245 1802; x_wconf 89' lang='lat' dir='ltr'><strong>et</strong></span> <span class='ocrx_word' id='word_1_264' title='bbox 2273 1747 2468 1802; x_wconf 88' lang='lat' dir='ltr'><strong>timore</strong></span> <span class='ocrx_word' id='word_1_265' title='bbox 2496 1745 2591 1799; x_wconf 89' lang='lat' dir='ltr'><strong>Dei</strong></span> <span class='ocrx_word' id='word_1_266' title='bbox 2608 1784 2628 1809; x_wconf 56' lang='grc' dir='ltr'><strong>η,</strong></span> <span class='ocrx_word' id='word_1_267' title='bbox 2677 1740 2823 1813; x_wconf 82' lang='lat' dir='ltr'><strong>digni</strong></span> <span class='ocrx_word' id='word_1_268' title='bbox 2855 1738 3162 1795; x_wconf 77' lang='lat' dir='ltr'><strong>elﬁciamini</strong></span> <span class='ocrx_word' id='word_1_269' title='bbox 3191 1737 3484 1806; x_wconf 89' lang='lat' dir='ltr'><strong>adoptione</strong></span> <span class='ocrx_word' id='word_1_270' title='bbox 3514 1735 3639 1789; x_wconf 80' lang='lat' dir='ltr'><strong>Dei.</strong></span> 
     </span>
    </p>
   </div>
   <div class='ocr_carea' id='block_1_35' title="bbox 379 1835 1951 1931">
    <p class='ocr_par' dir='ltr' id='par_1_35' title="bbox 379 1835 1951 1931">
     <span class='ocr_line' id='line_1_36' title="bbox 379 1835 1951 1931; baseline -0.029 -4"><span class='ocrx_word' id='word_1_271' title='bbox 379 1835 581 1931; x_wconf 45' lang='lat' dir='ltr'><strong>sitveos,</strong></span> <span class='ocrx_word' id='word_1_272' title='bbox 610 1875 657 1919; x_wconf 90' lang='lat' dir='ltr'><strong>et</strong></span> <span class='ocrx_word' id='word_1_273' title='bbox 681 1863 961 1916; x_wconf 87' lang='lat' dir='ltr'><strong>timuerunt</strong></span> <span class='ocrx_word' id='word_1_274' title='bbox 985 1853 1169 1906; x_wconf 89' lang='lat' dir='ltr'><strong>timore</strong></span> <span class='ocrx_word' id='word_1_275' title='bbox 1196 1859 1417 1915; x_wconf 81' lang='lat' dir='ltr'><strong>magno;</strong></span> <span class='ocrx_word' id='word_1_276' title='bbox 1440 1840 1672 1907; x_wconf 77' lang='lat' dir='ltr'><strong>dixitque</strong></span> <span class='ocrx_word' id='word_1_277' title='bbox 1692 1835 1766 1888; x_wconf 75' lang='lat' dir='ltr'><strong>eis</strong></span> <span class='ocrx_word' id='word_1_278' title='bbox 1792 1846 1951 1901; x_wconf 87' lang='lat' dir='ltr'><strong>ange-</strong></span> 
     </span>
    </p>
   </div>
   <div class='ocr_carea' id='block_1_36' title="bbox 382 1922 1953 2018">
    <p class='ocr_par' dir='ltr' id='par_1_36' title="bbox 382 1922 1953 2018">
     <span class='ocr_line' id='line_1_37' title="bbox 382 1922 1953 2018; baseline -0.027 -2"><span class='ocrx_word' id='word_1_279' title='bbox 382 1964 494 2018; x_wconf 85' lang='lat' dir='ltr'><strong>lus:</strong></span> <span class='ocrx_word' id='word_1_280' title='bbox 520 1955 695 2012; x_wconf 83' lang='lat' dir='ltr'><strong>Nolite</strong></span> <span class='ocrx_word' id='word_1_281' title='bbox 716 1952 927 2005; x_wconf 84' lang='lat' dir='ltr'><strong>timere:</strong></span> <span class='ocrx_word' id='word_1_282' title='bbox 948 1958 1061 1997; x_wconf 89' lang='lat' dir='ltr'><strong>ecce</strong></span> <span class='ocrx_word' id='word_1_283' title='bbox 1085 1940 1221 1994; x_wconf 85' lang='lat' dir='ltr'><strong>enim</strong></span> <span class='ocrx_word' id='word_1_284' title='bbox 1237 1930 1529 2003; x_wconf 78' lang='lat' dir='ltr'><strong>evangelise</strong></span> <span class='ocrx_word' id='word_1_285' title='bbox 1550 1925 1690 1981; x_wconf 85' lang='lat' dir='ltr'><strong>vobis</strong></span> <span class='ocrx_word' id='word_1_286' title='bbox 1703 1922 1953 1995; x_wconf 79' lang='lat' dir='ltr'><strong>gaudium</strong></span> 
     </span>
    </p>
   </div>
   <div class='ocr_carea' id='block_1_37' title="bbox 381 2013 1956 2122">
    <p class='ocr_par' dir='ltr' id='par_1_37' title="bbox 381 2013 1956 2122">
     <span class='ocr_line' id='line_1_38' title="bbox 381 2013 1956 2122; baseline -0.028 -14"><span class='ocrx_word' id='word_1_287' title='bbox 381 2013 650 2122; x_wconf 71' lang='lat' dir='ltr'><strong>magnum,</strong></span> <span class='ocrx_word' id='word_1_288' title='bbox 669 2040 809 2114; x_wconf 88' lang='lat' dir='ltr'><strong>quod</strong></span> <span class='ocrx_word' id='word_1_289' title='bbox 826 2037 923 2093; x_wconf 90' lang='lat' dir='ltr'><strong>erit</strong></span> <span class='ocrx_word' id='word_1_290' title='bbox 954 2032 1097 2090; x_wconf 89' lang='lat' dir='ltr'><strong>omni</strong></span> <span class='ocrx_word' id='word_1_291' title='bbox 1117 2025 1308 2100; x_wconf 89' lang='lat' dir='ltr'><strong>populo</strong></span> <span class='ocrx_word' id='word_1_292' title='bbox 1345 2021 1519 2122; x_wconf 40' lang='lat' dir='ltr'><strong>:“quia</strong></span> <span class='ocrx_word' id='word_1_293' title='bbox 1541 2027 1616 2075; x_wconf 81' lang='lat' dir='ltr'><strong>est</strong></span> <span class='ocrx_word' id='word_1_294' title='bbox 1638 2015 1797 2118; x_wconf 43' lang='lat' dir='ltr'><strong>hodie.</strong></span> <span class='ocrx_word' id='word_1_295' title='bbox 1816 2013 1956 2118; x_wconf 73' lang='lat' dir='ltr'><strong>vobis</strong></span> 
     </span>
    </p>
   </div>
   <div class='ocr_carea' id='block_1_38' title="bbox 384 2107 1958 2198">
    <p class='ocr_par' dir='ltr' id='par_1_38' title="bbox 384 2107 1958 2198">
     <span class='ocr_line' id='line_1_39' title="bbox 384 2107 1958 2198; baseline -0.026 -1"><span class='ocrx_word' id='word_1_296' title='bbox 384 2107 539 2197; x_wconf 63' lang='lat' dir='ltr'><strong>natus</strong></span> <span class='ocrx_word' id='word_1_297' title='bbox 569 2107 834 2195; x_wconf 75' lang='lat' dir='ltr'><strong>Salvator,</strong></span> <span class='ocrx_word' id='word_1_298' title='bbox 871 2126 961 2198; x_wconf 79' lang='lat' dir='ltr'><strong>qui</strong></span> <span class='ocrx_word' id='word_1_299' title='bbox 990 2132 1064 2178; x_wconf 88' lang='lat' dir='ltr'><strong>est</strong></span> <span class='ocrx_word' id='word_1_300' title='bbox 1094 2119 1334 2176; x_wconf 84' lang='lat' dir='ltr'><strong>Christus</strong></span> <span class='ocrx_word' id='word_1_301' title='bbox 1364 2112 1619 2167; x_wconf 86' lang='lat' dir='ltr'><strong>Dominus</strong></span> <span class='ocrx_word' id='word_1_302' title='bbox 1653 2110 1708 2162; x_wconf 86' lang='lat' dir='ltr'><strong>in</strong></span> <span class='ocrx_word' id='word_1_303' title='bbox 1750 2107 1958 2161; x_wconf 87' lang='lat' dir='ltr'><strong>civitate</strong></span> 
     </span>
    </p>
   </div>
   <div class='ocr_carea' id='block_1_39' title="bbox 384 2192 1959 2291">
    <p class='ocr_par' dir='ltr' id='par_1_39' title="bbox 384 2192 1959 2291">
     <span class='ocr_line' id='line_1_40' title="bbox 384 2192 1959 2291; baseline -0.027 -5"><span class='ocrx_word' id='word_1_304' title='bbox 694 2192 850 2291; x_wconf 82' lang='lat' dir='ltr'><strong>hujus</strong></span> <span class='ocrx_word' id='word_1_305' title='bbox 877 2192 952 2271; x_wconf 78' lang='lat' dir='ltr'><strong>rei</strong></span> <span class='ocrx_word' id='word_1_306' title='bbox 972 2214 1177 2284; x_wconf 77' lang='lat' dir='ltr'><strong>signum</strong></span> <span class='ocrx_word' id='word_1_307' title='bbox 1196 2208 1294 2263; x_wconf 90' lang='lat' dir='ltr'><strong>erit</strong></span> <span class='ocrx_word' id='word_1_308' title='bbox 1317 2203 1479 2268; x_wconf 85' lang='lat' dir='ltr'><strong>vobis,</strong></span> <span class='ocrx_word' id='word_1_309' title='bbox 1496 2197 1763 2291; x_wconf 72' lang='lat' dir='ltr'><strong>invenietis</strong></span> <span class='ocrx_word' id='word_1_310' title='bbox 1784 2192 1959 2291; x_wconf 76' lang='lat' dir='ltr'><strong>infan-</strong></span> 
     </span>
    </p>
   </div>
   <div class='ocr_carea' id='block_1_40' title="bbox 385 2281 1956 2387">
    <p class='ocr_par' dir='ltr' id='par_1_40' title="bbox 385 2281 1956 2387">
     <span class='ocr_line' id='line_1_41' title="bbox 385 2281 1956 2387; baseline -0.025 -13"><span class='ocrx_word' id='word_1_311' title='bbox 503 2281 691 2387; x_wconf 80' lang='lat' dir='ltr'><strong>pannis</strong></span> <span class='ocrx_word' id='word_1_312' title='bbox 719 2281 1096 2365; x_wconf 34' lang='lat' dir='ltr'><strong>irivolutumvet</strong></span> <span class='ocrx_word' id='word_1_313' title='bbox 1114 2298 1341 2370; x_wconf 83' lang='lat' dir='ltr'><strong>positum</strong></span> <span class='ocrx_word' id='word_1_314' title='bbox 1363 2295 1418 2347; x_wconf 86' lang='lat' dir='ltr'><strong>in</strong></span> <span class='ocrx_word' id='word_1_315' title='bbox 1438 2288 1687 2363; x_wconf 70' lang='lat' dir='ltr'><strong>praesepio</strong></span> <span class='ocrx_word' id='word_1_316' title='bbox 1707 2285 1857 2387; x_wconf 64' lang='lat' dir='ltr'><strong>(Luc.</strong></span> <span class='ocrx_word' id='word_1_317' title='bbox 1875 2281 1956 2353; x_wconf 90' lang='grc' dir='ltr'>ιι).</span> 
     </span>
    </p>
   </div>
   <div class='ocr_carea' id='block_1_41' title="bbox 386 2373 1962 2463">
    <p class='ocr_par' dir='ltr' id='par_1_41' title="bbox 386 2373 1962 2463">
     <span class='ocr_line' id='line_1_42' title="bbox 386 2373 1962 2463; baseline -0.024 0"><span class='ocrx_word' id='word_1_318' title='bbox 386 2373 525 2463; x_wconf 47' lang='lat' dir='ltr'><strong>lium</strong></span> <span class='ocrx_word' id='word_1_319' title='bbox 552 2403 625 2458; x_wconf 89' lang='lat' dir='ltr'><strong>illi</strong></span> <span class='ocrx_word' id='word_1_320' title='bbox 649 2400 748 2458; x_wconf 88' lang='lat' dir='ltr'><strong>soli</strong></span> <span class='ocrx_word' id='word_1_321' title='bbox 774 2412 840 2453; x_wconf 87' lang='lat' dir='ltr'><strong>eo</strong></span> <span class='ocrx_word' id='word_1_322' title='bbox 862 2402 1103 2463; x_wconf 88' lang='lat' dir='ltr'><strong>tempore</strong></span> <span class='ocrx_word' id='word_1_323' title='bbox 1125 2385 1576 2460; x_wconf 86' lang='lat' dir='ltr'><strong>pascebantoves,</strong></span> <span class='ocrx_word' id='word_1_324' title='bbox 1591 2386 1647 2431; x_wconf 88' lang='lat' dir='ltr'><strong>et</strong></span> <span class='ocrx_word' id='word_1_325' title='bbox 1668 2390 1765 2445; x_wconf 86' lang='lat' dir='ltr'><strong>per</strong></span> <span class='ocrx_word' id='word_1_326' title='bbox 1785 2373 1962 2463; x_wconf 79' lang='lat' dir='ltr'><strong>deser—</strong></span> 
     </span>
    </p>
   </div>
   <div class='ocr_carea' id='block_1_42' title="bbox 387 2460 1964 2564">
    <p class='ocr_par' dir='ltr' id='par_1_42' title="bbox 387 2460 1964 2564">
     <span class='ocr_line' id='line_1_43' title="bbox 387 2460 1964 2564; baseline -0.027 -10"><span class='ocrx_word' id='word_1_327' title='bbox 535 2492 901 2564; x_wconf 86' lang='lat' dir='ltr'><strong>sequebantur</strong></span> <span class='ocrx_word' id='word_1_328' title='bbox 927 2460 1179 2554; x_wconf 75' lang='lat' dir='ltr'><strong>gregem?</strong></span> <span class='ocrx_word' id='word_1_329' title='bbox 1214 2474 1321 2530; x_wconf 87' lang='lat' dir='ltr'><strong>Sed</strong></span> <span class='ocrx_word' id='word_1_330' title='bbox 1356 2471 1492 2564; x_wconf 29' lang='lat' dir='ltr'><strong>quia-</strong></span> <span class='ocrx_word' id='word_1_331' title='bbox 1511 2467 1798 2564; x_wconf 70' lang='lat' dir='ltr'><strong>erant</strong></span> <span class='ocrx_word' id='word_1_332' title='bbox 1818 2460 1964 2564; x_wconf 70' lang='lat' dir='ltr'><strong>solli-</strong></span> 
     </span>
    </p>
   </div>
   <div class='ocr_carea' id='block_1_43' title="bbox 386 2547 1965 2653">
    <p class='ocr_par' dir='ltr' id='par_1_43' title="bbox 386 2547 1965 2653">
     <span class='ocr_line' id='line_1_44' title="bbox 386 2547 1965 2653; baseline -0.027 -9"><span class='ocrx_word' id='word_1_333' title='bbox 386 2588 501 2653; x_wconf 89' lang='lat' dir='ltr'><strong>citi,</strong></span> <span class='ocrx_word' id='word_1_334' title='bbox 531 2593 586 2641; x_wconf 91' lang='lat' dir='ltr'><strong>et</strong></span> <span class='ocrx_word' id='word_1_335' title='bbox 613 2547 913 2636; x_wconf 73' lang='lat' dir='ltr'><strong>naturalem</strong></span> <span class='ocrx_word' id='word_1_336' title='bbox 930 2547 1177 2627; x_wconf 69' lang='lat' dir='ltr'><strong>noctium</strong></span> <span class='ocrx_word' id='word_1_337' title='bbox 1199 2576 1449 2621; x_wconf 83' lang='lat' dir='ltr'><strong>somnum</strong></span> <span class='ocrx_word' id='word_1_338' title='bbox 1480 2553 1850 2612; x_wconf 83' lang='lat' dir='ltr'><strong>insidiantium</strong></span> <span class='ocrx_word' id='word_1_339' title='bbox 1884 2547 1965 2603; x_wconf 88' lang='lat' dir='ltr'><strong>lu-</strong></span> 
     </span>
    </p>
   </div>
   <div class='ocr_carea' id='block_1_44' title="bbox 385 2645 1985 2750">
    <p class='ocr_par' dir='ltr' id='par_1_44' title="bbox 385 2645 1985 2750">
     <span class='ocr_line' id='line_1_45' title="bbox 385 2645 1985 2750; baseline -0.027 -15"><span class='ocrx_word' id='word_1_340' title='bbox 385 2645 577 2750; x_wconf 75' lang='lat' dir='ltr'><strong>porum</strong></span> <span class='ocrx_word' id='word_1_341' title='bbox 599 2672 759 2728; x_wconf 89' lang='lat' dir='ltr'><strong>timor</strong></span> <span class='ocrx_word' id='word_1_342' title='bbox 785 2663 1096 2736; x_wconf 83' lang='lat' dir='ltr'><strong>superabat,</strong></span> <span class='ocrx_word' id='word_1_343' title='bbox 1127 2656 1329 2713; x_wconf 88' lang='lat' dir='ltr'><strong>idcirco</strong></span> <span class='ocrx_word' id='word_1_344' title='bbox 1349 2649 1510 2723; x_wconf 89' lang='lat' dir='ltr'><strong>primi</strong></span> <span class='ocrx_word' id='word_1_345' title='bbox 1540 2645 1727 2703; x_wconf 90' lang='lat' dir='ltr'><strong>audire</strong></span> <span class='ocrx_word' id='word_1_346' title='bbox 1757 2654 1985 2744; x_wconf 9' lang='lat' dir='ltr'><strong>metue-7</strong></span> 
     </span>
    </p>
   </div>
   <div class='ocr_carea' id='block_1_45' title="bbox 390 2733 1968 2836">
    <p class='ocr_par' dir='ltr' id='par_1_45' title="bbox 390 2733 1968 2836">
     <span class='ocr_line' id='line_1_46' title="bbox 390 2733 1968 2836; baseline -0.026 -10"><span class='ocrx_word' id='word_1_347' title='bbox 390 2733 546 2834; x_wconf 66' lang='lat' dir='ltr'><strong>runt,</strong></span> <span class='ocrx_word' id='word_1_348' title='bbox 573 2762 719 2836; x_wconf 89' lang='lat' dir='ltr'><strong>quod</strong></span> <span class='ocrx_word' id='word_1_349' title='bbox 762 2761 817 2816; x_wconf 91' lang='lat' dir='ltr'><strong>in</strong></span> <span class='ocrx_word' id='word_1_350' title='bbox 837 2733 1019 2812; x_wconf 77' lang='lat' dir='ltr'><strong>vicino</strong></span> <span class='ocrx_word' id='word_1_351' title='bbox 1044 2752 1116 2808; x_wconf 88' lang='lat' dir='ltr'><strong>sit</strong></span> <span class='ocrx_word' id='word_1_352' title='bbox 1153 2767 1166 2804; x_wconf 91' lang='lat'><strong>:</strong></span> <span class='ocrx_word' id='word_1_353' title='bbox 1204 2757 1260 2802; x_wconf 92' lang='lat' dir='ltr'><strong>at</strong></span> <span class='ocrx_word' id='word_1_354' title='bbox 1285 2741 1656 2811; x_wconf 80' lang='lat' dir='ltr'><strong>Hierosolyma</strong></span> <span class='ocrx_word' id='word_1_355' title='bbox 1695 2733 1968 2836; x_wconf 69' lang='lat' dir='ltr'><strong>dormiens</strong></span> 
     </span>
    </p>
   </div>
   <div class='ocr_carea' id='block_1_46' title="bbox 390 2823 1965 2930">
    <p class='ocr_par' dir='ltr' id='par_1_46' title="bbox 390 2823 1965 2930">
     <span class='ocr_line' id='line_1_47' title="bbox 390 2823 1965 2930; baseline -0.026 -15"><span class='ocrx_word' id='word_1_356' title='bbox 390 2823 689 2930; x_wconf 72' lang='lat' dir='ltr'><strong>ignorabat.</strong></span> <span class='ocrx_word' id='word_1_357' title='bbox 726 2848 880 2907; x_wconf 85' lang='lat' dir='ltr'><strong>Unde</strong></span> <span class='ocrx_word' id='word_1_358' title='bbox 904 2853 958 2899; x_wconf 87' lang='lat' dir='ltr'><strong>et</strong></span> <span class='ocrx_word' id='word_1_359' title='bbox 996 2839 1165 2897; x_wconf 89' lang='lat' dir='ltr'><strong>David</strong></span> <span class='ocrx_word' id='word_1_360' title='bbox 1190 2836 1324 2892; x_wconf 88' lang='lat' dir='ltr'><strong>dicit</strong></span> <span class='ocrx_word' id='word_1_361' title='bbox 1354 2852 1367 2887; x_wconf 91' lang='lat'><strong>:</strong></span> <span class='ocrx_word' id='word_1_362' title='bbox 1400 2832 1536 2886; x_wconf 84' lang='lat' dir='ltr'><strong>Ecce</strong></span> <span class='ocrx_word' id='word_1_363' title='bbox 1564 2844 1668 2883; x_wconf 90' lang='lat' dir='ltr'><strong>non</strong></span> <span class='ocrx_word' id='word_1_364' title='bbox 1710 2823 1965 2886; x_wconf 88' lang='lat' dir='ltr'><strong>dormiet,</strong></span> 
     </span>
    </p>
   </div>
   <div class='ocr_carea' id='block_1_47' title="bbox 388 2920 1970 3021">
    <p class='ocr_par' dir='ltr' id='par_1_47' title="bbox 388 2920 1970 3021">
     <span class='ocr_line' id='line_1_48' title="bbox 388 2920 1970 3021; baseline -0.026 -16"><span class='ocrx_word' id='word_1_365' title='bbox 388 2920 478 3021; x_wconf 72' lang='lat' dir='ltr'><strong>qui</strong></span> <span class='ocrx_word' id='word_1_366' title='bbox 503 2944 724 3003; x_wconf 85' lang='lat' dir='ltr'><strong>custodit</strong></span> <span class='ocrx_word' id='word_1_367' title='bbox 746 2937 915 2995; x_wconf 89' lang='lat' dir='ltr'><strong>Israel</strong></span> <span class='ocrx_word' id='word_1_368' title='bbox 937 2931 1111 3009; x_wconf 86' lang='lat' dir='ltr'><strong>(Psal.</strong></span> <span class='ocrx_word' id='word_1_369' title='bbox 1135 2928 1283 2999; x_wconf 72' lang='grc' dir='ltr'>ιιι).</span> <span class='ocrx_word' id='word_1_370' title='bbox 1311 2926 1497 2994; x_wconf 87' lang='lat' dir='ltr'><strong>Itaque</strong></span> <span class='ocrx_word' id='word_1_371' title='bbox 1517 2928 1572 2977; x_wconf 91' lang='lat' dir='ltr'><strong>et</strong></span> <span class='ocrx_word' id='word_1_372' title='bbox 1593 2933 1689 2974; x_wconf 87' lang='lat' dir='ltr'><strong>vos</strong></span> <span class='ocrx_word' id='word_1_373' title='bbox 1714 2930 1837 3021; x_wconf 50' lang='lat' dir='ltr'><strong>cu‘m</strong></span> <span class='ocrx_word' id='word_1_374' title='bbox 1861 2920 1970 2966; x_wconf 88' lang='lat' dir='ltr'><strong>tro-</strong></span> 
     </span>
    </p>
   </div>
   <div class='ocr_carea' id='block_1_48' title="bbox 392 3007 1964 3097">
    <p class='ocr_par' dir='ltr' id='par_1_48' title="bbox 392 3007 1964 3097">
     <span class='ocr_line' id='line_1_49' title="bbox 392 3007 1964 3097; baseline -0.024 -2"><span class='ocrx_word' id='word_1_375' title='bbox 392 3007 542 3094; x_wconf 65' lang='lat' dir='ltr'><strong>mOt&#39;e</strong></span> <span class='ocrx_word' id='word_1_376' title='bbox 568 3044 624 3091; x_wconf 91' lang='lat' dir='ltr'><strong>et</strong></span> <span class='ocrx_word' id='word_1_377' title='bbox 647 3035 837 3088; x_wconf 89' lang='lat' dir='ltr'><strong>timore</strong></span> <span class='ocrx_word' id='word_1_378' title='bbox 868 3007 1107 3097; x_wconf 79' lang='lat' dir='ltr'><strong>vigilate,</strong></span> <span class='ocrx_word' id='word_1_379' title='bbox 1132 3025 1418 3091; x_wconf 81' lang='lat' dir='ltr'><strong>operantes</strong></span> <span class='ocrx_word' id='word_1_380' title='bbox 1454 3022 1693 3069; x_wconf 84' lang='lat' dir='ltr'><strong>vestram</strong></span> <span class='ocrx_word' id='word_1_381' title='bbox 1717 3007 1964 3071; x_wconf 88' lang='lat' dir='ltr'><strong>salutem,</strong></span> 
     </span>
    </p>
   </div>
   <div class='ocr_carea' id='block_1_49' title="bbox 393 3110 1969 3196">
    <p class='ocr_par' dir='ltr' id='par_1_49' title="bbox 393 3110 1969 3196">
     <span class='ocr_line' id='line_1_50' title="bbox 393 3110 1969 3196; baseline -0.023 -6"><span class='ocrx_word' id='word_1_382' title='bbox 393 3143 447 3191; x_wconf 90' lang='lat' dir='ltr'><strong>et</strong></span> <span class='ocrx_word' id='word_1_383' title='bbox 493 3132 726 3189; x_wconf 84' lang='lat' dir='ltr'><strong>scientes</strong></span> <span class='ocrx_word' id='word_1_384' title='bbox 753 3125 898 3196; x_wconf 86' lang='lat' dir='ltr'><strong>quod</strong></span> <span class='ocrx_word' id='word_1_385' title='bbox 941 3116 1310 3176; x_wconf 84' lang='lat' dir='ltr'><strong>universitatis</strong></span> <span class='ocrx_word' id='word_1_386' title='bbox 1354 3110 1642 3172; x_wconf 89' lang='lat' dir='ltr'><strong>Dominus,</strong></span> <span class='ocrx_word' id='word_1_387' title='bbox 1677 3120 1776 3176; x_wconf 92' lang='lat' dir='ltr'><strong>per</strong></span> <span class='ocrx_word' id='word_1_388' title='bbox 1810 3114 1969 3171; x_wconf 86' lang='lat' dir='ltr'><strong>quem</strong></span> 
     </span>
    </p>
   </div>
   <div class='ocr_carea' id='block_1_50' title="bbox 394 3201 1974 3286">
    <p class='ocr_par' dir='ltr' id='par_1_50' title="bbox 394 3201 1974 3286">
     <span class='ocr_line' id='line_1_51' title="bbox 394 3201 1974 3286; baseline -0.023 -3"><span class='ocrx_word' id='word_1_389' title='bbox 394 3225 570 3282; x_wconf 89' lang='lat' dir='ltr'><strong>omnis</strong></span> <span class='ocrx_word' id='word_1_390' title='bbox 595 3236 722 3277; x_wconf 89' lang='lat' dir='ltr'><strong>caro</strong></span> <span class='ocrx_word' id='word_1_391' title='bbox 746 3225 1026 3286; x_wconf 88' lang='lat' dir='ltr'><strong>receptura</strong></span> <span class='ocrx_word' id='word_1_392' title='bbox 1059 3218 1144 3266; x_wconf 86' lang='lat' dir='ltr'><strong>est</strong></span> <span class='ocrx_word' id='word_1_393' title='bbox 1178 3204 1435 3278; x_wconf 83' lang='lat' dir='ltr'><strong>quidquid</strong></span> <span class='ocrx_word' id='word_1_394' title='bbox 1469 3209 1690 3271; x_wconf 85' lang='lat' dir='ltr'><strong>operata</strong></span> <span class='ocrx_word' id='word_1_395' title='bbox 1718 3204 1821 3286; x_wconf 89' lang='lat' dir='ltr'><strong>est,</strong></span> <span class='ocrx_word' id='word_1_396' title='bbox 1851 3201 1974 3264; x_wconf 88' lang='lat' dir='ltr'><strong>post</strong></span> 
     </span>
    </p>
   </div>
   <div class='ocr_carea' id='block_1_51' title="bbox 397 3285 1976 3373">
    <p class='ocr_par' dir='ltr' id='par_1_51' title="bbox 397 3285 1976 3373">
     <span class='ocr_line' id='line_1_52' title="bbox 397 3285 1976 3373; baseline -0.025 1"><span class='ocrx_word' id='word_1_397' title='bbox 397 3311 847 3373; x_wconf 85' lang='lat' dir='ltr'><strong>resurrectionem</strong></span> <span class='ocrx_word' id='word_1_398' title='bbox 869 3285 998 3360; x_wconf 84' lang='lat' dir='ltr'><strong>solis</strong></span> <span class='ocrx_word' id='word_1_399' title='bbox 1019 3297 1278 3371; x_wconf 88' lang='lat' dir='ltr'><strong>apostolis</strong></span> <span class='ocrx_word' id='word_1_400' title='bbox 1303 3292 1571 3365; x_wconf 87' lang='lat' dir='ltr'><strong>apparuit,</strong></span> <span class='ocrx_word' id='word_1_401' title='bbox 1600 3297 1657 3343; x_wconf 89' lang='lat' dir='ltr'><strong>et</strong></span> <span class='ocrx_word' id='word_1_402' title='bbox 1681 3285 1820 3341; x_wconf 75' lang='lat' dir='ltr'><strong>dixit</strong></span> <span class='ocrx_word' id='word_1_403' title='bbox 1846 3296 1976 3353; x_wconf 91' lang='lat' dir='ltr'><strong>apo-</strong></span> 
     </span>
    </p>
   </div>
   <div class='ocr_carea' id='block_1_52' title="bbox 396 3378 1975 3473">
    <p class='ocr_par' dir='ltr' id='par_1_52' title="bbox 396 3378 1975 3473">
     <span class='ocr_line' id='line_1_53' title="bbox 396 3378 1975 3473; baseline -0.023 -8"><span class='ocrx_word' id='word_1_404' title='bbox 396 3408 653 3465; x_wconf 85' lang='lat' dir='ltr'><strong>stolorum</strong></span> <span class='ocrx_word' id='word_1_405' title='bbox 681 3398 930 3473; x_wconf 87' lang='lat' dir='ltr'><strong>principi,</strong></span> <span class='ocrx_word' id='word_1_406' title='bbox 956 3395 1116 3450; x_wconf 85' lang='lat' dir='ltr'><strong>Petro</strong></span> <span class='ocrx_word' id='word_1_407' title='bbox 1147 3409 1160 3445; x_wconf 88' lang='lat'><strong>:</strong></span> <span class='ocrx_word' id='word_1_408' title='bbox 1195 3387 1377 3445; x_wconf 84' lang='lat' dir='ltr'><strong>Simon</strong></span> <span class='ocrx_word' id='word_1_409' title='bbox 1411 3382 1653 3447; x_wconf 82' lang='lat' dir='ltr'><strong>Joannis,</strong></span> <span class='ocrx_word' id='word_1_410' title='bbox 1686 3378 1861 3449; x_wconf 89' lang='lat' dir='ltr'><strong>diligis</strong></span> <span class='ocrx_word' id='word_1_411' title='bbox 1895 3392 1975 3430; x_wconf 78' lang='lat' dir='ltr'><strong>nte</strong></span> 
     </span>
    </p>
   </div>
   <div class='ocr_carea' id='block_1_53' title="bbox 397 3465 1977 3570">
    <p class='ocr_par' dir='ltr' id='par_1_53' title="bbox 397 3465 1977 3570">
     <span class='ocr_line' id='line_1_54' title="bbox 397 3465 1977 3570; baseline -0.023 -16"><span class='ocrx_word' id='word_1_412' title='bbox 397 3498 513 3570; x_wconf 86' lang='lat' dir='ltr'><strong>plus</strong></span> <span class='ocrx_word' id='word_1_413' title='bbox 541 3494 659 3550; x_wconf 80' lang='lat' dir='ltr'><strong>his?</strong></span> <span class='ocrx_word' id='word_1_414' title='bbox 682 3465 971 3560; x_wconf 51' lang='lat' dir='ltr'><strong>Despondit</strong></span> <span class='ocrx_word' id='word_1_415' title='bbox 997 3485 1045 3539; x_wconf 89' lang='lat' dir='ltr'><strong>ei</strong></span> <span class='ocrx_word' id='word_1_416' title='bbox 1072 3496 1089 3534; x_wconf 89' lang='lat'><strong>:</strong></span> <span class='ocrx_word' id='word_1_417' title='bbox 1120 3480 1361 3543; x_wconf 89' lang='lat' dir='ltr'><strong>Domine,</strong></span> <span class='ocrx_word' id='word_1_418' title='bbox 1390 3484 1443 3529; x_wconf 89' lang='lat' dir='ltr'><strong>tu</strong></span> <span class='ocrx_word' id='word_1_419' title='bbox 1469 3472 1569 3528; x_wconf 88' lang='lat' dir='ltr'><strong>scis</strong></span> <span class='ocrx_word' id='word_1_420' title='bbox 1615 3470 1738 3542; x_wconf 88' lang='lat' dir='ltr'><strong>quia</strong></span> <span class='ocrx_word' id='word_1_421' title='bbox 1766 3484 1858 3538; x_wconf 77' lang='lat' dir='ltr'><strong>ego</strong></span> <span class='ocrx_word' id='word_1_422' title='bbox 1895 3465 1977 3566; x_wconf 75' lang='lat' dir='ltr'><strong>di-</strong></span> 
     </span>
    </p>
   </div>
   <div class='ocr_carea' id='block_1_54' title="bbox 398 3556 1974 3659">
    <p class='ocr_par' dir='ltr' id='par_1_54' title="bbox 398 3556 1974 3659">
     <span class='ocr_line' id='line_1_55' title="bbox 398 3556 1974 3659; baseline -0.022 -16"><span class='ocrx_word' id='word_1_423' title='bbox 398 3556 501 3659; x_wconf 75' lang='lat' dir='ltr'><strong>ligo</strong></span> <span class='ocrx_word' id='word_1_424' title='bbox 547 3596 614 3640; x_wconf 88' lang='lat' dir='ltr'><strong>te.</strong></span> <span class='ocrx_word' id='word_1_425' title='bbox 662 3556 803 3635; x_wconf 79' lang='lat' dir='ltr'><strong>Dicit</strong></span> <span class='ocrx_word' id='word_1_426' title='bbox 848 3579 894 3633; x_wconf 92' lang='lat' dir='ltr'><strong>ei</strong></span> <span class='ocrx_word' id='word_1_427' title='bbox 945 3574 1102 3630; x_wconf 74' lang='lat' dir='ltr'><strong>Iesus</strong></span> <span class='ocrx_word' id='word_1_428' title='bbox 1140 3584 1159 3624; x_wconf 90' lang='lat'><strong>:</strong></span> <span class='ocrx_word' id='word_1_429' title='bbox 1206 3568 1371 3623; x_wconf 85' lang='lat' dir='ltr'><strong>Pasce</strong></span> <span class='ocrx_word' id='word_1_430' title='bbox 1418 3580 1578 3636; x_wconf 89' lang='lat' dir='ltr'><strong>agnos</strong></span> <span class='ocrx_word' id='word_1_431' title='bbox 1620 3577 1777 3615; x_wconf 87' lang='lat' dir='ltr'><strong>meos.</strong></span> <span class='ocrx_word' id='word_1_432' title='bbox 1837 3556 1974 3610; x_wconf 83' lang='lat' dir='ltr'><strong>Dicit</strong></span> 
     </span>
    </p>
   </div>
   <div class='ocr_carea' id='block_1_55' title="bbox 399 3646 1976 3731">
    <p class='ocr_par' dir='ltr' id='par_1_55' title="bbox 399 3646 1976 3731">
     <span class='ocr_line' id='line_1_56' title="bbox 399 3646 1976 3731; baseline -0.02 0"><span class='ocrx_word' id='word_1_433' title='bbox 399 3646 462 3731; x_wconf 67' lang='lat' dir='ltr'><strong>ei</strong></span> <span class='ocrx_word' id='word_1_434' title='bbox 498 3689 706 3730; x_wconf 81' lang='lat' dir='ltr'><strong>rursum</strong></span> <span class='ocrx_word' id='word_1_435' title='bbox 752 3666 980 3726; x_wconf 85' lang='lat' dir='ltr'><strong>secundo</strong></span> <span class='ocrx_word' id='word_1_436' title='bbox 1018 3679 1035 3716; x_wconf 89' lang='lat'><strong>:</strong></span> <span class='ocrx_word' id='word_1_437' title='bbox 1089 3661 1274 3719; x_wconf 85' lang='lat' dir='ltr'><strong>Simon</strong></span> <span class='ocrx_word' id='word_1_438' title='bbox 1313 3655 1539 3712; x_wconf 81' lang='lat' dir='ltr'><strong>Joannis</strong></span> <span class='ocrx_word' id='word_1_439' title='bbox 1566 3693 1581 3720; x_wconf 87' lang='lat'><strong>,</strong></span> <span class='ocrx_word' id='word_1_440' title='bbox 1630 3650 1807 3721; x_wconf 88' lang='lat' dir='ltr'><strong>diligis</strong></span> <span class='ocrx_word' id='word_1_441' title='bbox 1850 3646 1976 3701; x_wconf 85' lang='lat' dir='ltr'><strong>me?</strong></span> 
     </span>
    </p>
   </div>
   <div class='ocr_carea' id='block_1_56' title="bbox 404 3737 1975 3836">
    <p class='ocr_par' dir='ltr' id='par_1_56' title="bbox 404 3737 1975 3836">
     <span class='ocr_line' id='line_1_57' title="bbox 404 3737 1975 3836; baseline -0.021 -15"><span class='ocrx_word' id='word_1_442' title='bbox 404 3763 689 3836; x_wconf 85' lang='lat' dir='ltr'><strong>Respondit</strong></span> <span class='ocrx_word' id='word_1_443' title='bbox 729 3762 774 3816; x_wconf 91' lang='lat' dir='ltr'><strong>ei</strong></span> <span class='ocrx_word' id='word_1_444' title='bbox 803 3780 820 3817; x_wconf 92' lang='lat'><strong>:</strong></span> <span class='ocrx_word' id='word_1_445' title='bbox 855 3758 1055 3821; x_wconf 85' lang='lat' dir='ltr'><strong>Etiam,</strong></span> <span class='ocrx_word' id='word_1_446' title='bbox 1093 3751 1335 3814; x_wconf 85' lang='lat' dir='ltr'><strong>Domine,</strong></span> <span class='ocrx_word' id='word_1_447' title='bbox 1379 3757 1435 3800; x_wconf 91' lang='lat' dir='ltr'><strong>tu</strong></span> <span class='ocrx_word' id='word_1_448' title='bbox 1461 3745 1564 3800; x_wconf 88' lang='lat' dir='ltr'><strong>scis</strong></span> <span class='ocrx_word' id='word_1_449' title='bbox 1592 3742 1716 3814; x_wconf 85' lang='lat' dir='ltr'><strong>quia</strong></span> <span class='ocrx_word' id='word_1_450' title='bbox 1760 3737 1975 3808; x_wconf 83' lang='lat' dir='ltr'><strong>diligant</strong></span> 
     </span>
    </p>
   </div>
   <div class='ocr_carea' id='block_1_57' title="bbox 403 3829 1978 3914">
    <p class='ocr_par' dir='ltr' id='par_1_57' title="bbox 403 3829 1978 3914">
     <span class='ocr_line' id='line_1_58' title="bbox 403 3829 1978 3914; baseline -0.023 0"><span class='ocrx_word' id='word_1_451' title='bbox 403 3871 469 3914; x_wconf 87' lang='lat' dir='ltr'><strong>te.</strong></span> <span class='ocrx_word' id='word_1_452' title='bbox 498 3829 633 3913; x_wconf 85' lang='lat' dir='ltr'><strong>Dicit</strong></span> <span class='ocrx_word' id='word_1_453' title='bbox 655 3855 701 3909; x_wconf 90' lang='lat' dir='ltr'><strong>ei</strong></span> <span class='ocrx_word' id='word_1_454' title='bbox 726 3866 742 3904; x_wconf 93' lang='lat'><strong>:</strong></span> <span class='ocrx_word' id='word_1_455' title='bbox 768 3849 932 3904; x_wconf 88' lang='lat' dir='ltr'><strong>Pasce</strong></span> <span class='ocrx_word' id='word_1_456' title='bbox 956 3862 1072 3902; x_wconf 86' lang='lat' dir='ltr'><strong>oves</strong></span> <span class='ocrx_word' id='word_1_457' title='bbox 1095 3859 1236 3898; x_wconf 88' lang='lat' dir='ltr'><strong>meas</strong></span> <span class='ocrx_word' id='word_1_458' title='bbox 1262 3838 1444 3912; x_wconf 81' lang='lat' dir='ltr'><strong>(Joan.</strong></span> <span class='ocrx_word' id='word_1_459' title='bbox 1468 3833 1604 3904; x_wconf 72' lang='lat' dir='ltr'><strong>XXI).</strong></span> <span class='ocrx_word' id='word_1_460' title='bbox 1635 3829 1815 3886; x_wconf 90' lang='lat' dir='ltr'><strong>Tertio</strong></span> <span class='ocrx_word' id='word_1_461' title='bbox 1844 3842 1978 3897; x_wconf 81' lang='lat' dir='ltr'><strong>pra:-</strong></span> 
     </span>
    </p>
   </div>
   <div class='ocr_carea' id='block_1_58' title="bbox 404 3919 1979 4019">
    <p class='ocr_par' dir='ltr' id='par_1_58' title="bbox 404 3919 1979 4019">
     <span class='ocr_line' id='line_1_59' title="bbox 404 3919 1979 4019; baseline -0.021 -14"><span class='ocrx_word' id='word_1_462' title='bbox 404 3949 548 4019; x_wconf 87' lang='lat' dir='ltr'><strong>cepit</strong></span> <span class='ocrx_word' id='word_1_463' title='bbox 574 3955 633 4001; x_wconf 90' lang='lat' dir='ltr'><strong>ut</strong></span> <span class='ocrx_word' id='word_1_464' title='bbox 656 3950 901 4015; x_wconf 88' lang='lat' dir='ltr'><strong>pasceret</strong></span> <span class='ocrx_word' id='word_1_465' title='bbox 925 3951 1056 3993; x_wconf 87' lang='lat' dir='ltr'><strong>oves</strong></span> <span class='ocrx_word' id='word_1_466' title='bbox 1083 3953 1095 3989; x_wconf 93' lang='lat'><strong>:</strong></span> <span class='ocrx_word' id='word_1_467' title='bbox 1123 3945 1178 3990; x_wconf 92' lang='lat' dir='ltr'><strong>et</strong></span> <span class='ocrx_word' id='word_1_468' title='bbox 1208 3933 1260 3987; x_wconf 93' lang='lat' dir='ltr'><strong>in</strong></span> <span class='ocrx_word' id='word_1_469' title='bbox 1292 3930 1383 3985; x_wconf 91' lang='lat' dir='ltr'><strong>illo</strong></span> <span class='ocrx_word' id='word_1_470' title='bbox 1408 3926 1657 3983; x_wconf 88' lang='lat' dir='ltr'><strong>omnibus</strong></span> <span class='ocrx_word' id='word_1_471' title='bbox 1694 3922 1846 3978; x_wconf 87' lang='lat' dir='ltr'><strong>nobis</strong></span> <span class='ocrx_word' id='word_1_472' title='bbox 1878 3919 1979 3973; x_wconf 88' lang='lat' dir='ltr'><strong>hoc</strong></span> 
     </span>
    </p>
   </div>
   <div class='ocr_carea' id='block_1_59' title="bbox 406 4012 1979 4110">
    <p class='ocr_par' dir='ltr' id='par_1_59' title="bbox 406 4012 1979 4110">
     <span class='ocr_line' id='line_1_60' title="bbox 406 4012 1979 4110; baseline -0.02 -14"><span class='ocrx_word' id='word_1_473' title='bbox 406 4012 937 4110; x_wconf 47' lang='lat' dir='ltr'><strong>iniunxit—ollicium,</strong></span> <span class='ocrx_word' id='word_1_474' title='bbox 981 4037 1041 4084; x_wconf 90' lang='lat' dir='ltr'><strong>ut</strong></span> <span class='ocrx_word' id='word_1_475' title='bbox 1087 4027 1371 4093; x_wconf 84' lang='lat' dir='ltr'><strong>diligenter</strong></span> <span class='ocrx_word' id='word_1_476' title='bbox 1397 4032 1681 4091; x_wconf 89' lang='lat' dir='ltr'><strong>pascamus</strong></span> <span class='ocrx_word' id='word_1_477' title='bbox 1717 4028 1846 4070; x_wconf 88' lang='lat' dir='ltr'><strong>oves</strong></span> <span class='ocrx_word' id='word_1_478' title='bbox 1878 4012 1979 4065; x_wconf 49' lang='lat' dir='ltr'><strong>Do.</strong></span> 
     </span>
    </p>
   </div>
   <div class='ocr_carea' id='block_1_60' title="bbox 408 4111 1981 4194">
    <p class='ocr_par' dir='ltr' id='par_1_60' title="bbox 408 4111 1981 4194">
     <span class='ocr_line' id='line_1_61' title="bbox 408 4111 1981 4194; baseline -0.021 -6"><span class='ocrx_word' id='word_1_479' title='bbox 408 4132 561 4194; x_wconf 88' lang='lat' dir='ltr'><strong>mini,</strong></span> <span class='ocrx_word' id='word_1_480' title='bbox 598 4137 654 4184; x_wconf 87' lang='lat' dir='ltr'><strong>et</strong></span> <span class='ocrx_word' id='word_1_481' title='bbox 692 4128 745 4181; x_wconf 93' lang='lat' dir='ltr'><strong>in</strong></span> <span class='ocrx_word' id='word_1_482' title='bbox 792 4124 879 4177; x_wconf 91' lang='lat' dir='ltr'><strong>die</strong></span> <span class='ocrx_word' id='word_1_483' title='bbox 921 4117 1245 4175; x_wconf 85' lang='lat' dir='ltr'><strong>visitationis</strong></span> <span class='ocrx_word' id='word_1_484' title='bbox 1278 4114 1395 4184; x_wconf 78' lang='lat' dir='ltr'><strong>ejus</strong></span> <span class='ocrx_word' id='word_1_485' title='bbox 1428 4126 1527 4180; x_wconf 87' lang='lat' dir='ltr'><strong>pro</strong></span> <span class='ocrx_word' id='word_1_486' title='bbox 1570 4111 1754 4164; x_wconf 90' lang='lat' dir='ltr'><strong>labore</strong></span> <span class='ocrx_word' id='word_1_487' title='bbox 1794 4120 1857 4159; x_wconf 89' lang='lat' dir='ltr'><strong>ac</strong></span> <span class='ocrx_word' id='word_1_488' title='bbox 1888 4119 1981 4157; x_wconf 88' lang='lat' dir='ltr'><strong>cn-</strong></span> 
     </span>
    </p>
   </div>
   <div class='ocr_carea' id='block_1_61' title="bbox 409 4194 1981 4285">
    <p class='ocr_par' dir='ltr' id='par_1_61' title="bbox 409 4194 1981 4285">
     <span class='ocr_line' id='line_1_62' title="bbox 409 4194 1981 4285; baseline -0.021 -7"><span class='ocrx_word' id='word_1_489' title='bbox 409 4222 584 4279; x_wconf 88' lang='lat' dir='ltr'><strong>stodia</strong></span> <span class='ocrx_word' id='word_1_490' title='bbox 628 4214 967 4285; x_wconf 87' lang='lat' dir='ltr'><strong>recipiamus,</strong></span> <span class='ocrx_word' id='word_1_491' title='bbox 1002 4223 1123 4280; x_wconf 74' lang='lat' dir='ltr'><strong>qum</strong></span> <span class='ocrx_word' id='word_1_492' title='bbox 1147 4206 1300 4261; x_wconf 91' lang='lat' dir='ltr'><strong>nobis</strong></span> <span class='ocrx_word' id='word_1_493' title='bbox 1330 4204 1381 4257; x_wconf 91' lang='lat' dir='ltr'><strong>in</strong></span> <span class='ocrx_word' id='word_1_494' title='bbox 1422 4200 1711 4270; x_wconf 83' lang='lat' dir='ltr'><strong>Evangelio</strong></span> <span class='ocrx_word' id='word_1_495' title='bbox 1734 4194 1981 4267; x_wconf 86' lang='lat' dir='ltr'><strong>promisit</strong></span> 
     </span>
    </p>
   </div>
   <div class='ocr_carea' id='block_1_62' title="bbox 411 4290 1977 4372">
    <p class='ocr_par' dir='ltr' id='par_1_62' title="bbox 411 4290 1977 4372">
     <span class='ocr_line' id='line_1_63' title="bbox 411 4290 1977 4372; baseline -0.022 -2"><span class='ocrx_word' id='word_1_496' title='bbox 411 4311 631 4370; x_wconf 86' lang='lat' dir='ltr'><strong>dicens?</strong></span> <span class='ocrx_word' id='word_1_497' title='bbox 652 4308 833 4372; x_wconf 89' lang='lat' dir='ltr'><strong>Pater,</strong></span> <span class='ocrx_word' id='word_1_498' title='bbox 860 4302 972 4360; x_wconf 86' lang='lat' dir='ltr'><strong>volo</strong></span> <span class='ocrx_word' id='word_1_499' title='bbox 996 4310 1050 4356; x_wconf 88' lang='lat' dir='ltr'><strong>ut</strong></span> <span class='ocrx_word' id='word_1_500' title='bbox 1079 4300 1149 4355; x_wconf 86' lang='lat' dir='ltr'><strong>ibi</strong></span> <span class='ocrx_word' id='word_1_501' title='bbox 1178 4312 1293 4353; x_wconf 88' lang='lat' dir='ltr'><strong>sum</strong></span> <span class='ocrx_word' id='word_1_502' title='bbox 1323 4311 1438 4363; x_wconf 86' lang='lat' dir='ltr'><strong>ego,</strong></span> <span class='ocrx_word' id='word_1_503' title='bbox 1459 4294 1506 4347; x_wconf 89' lang='lat' dir='ltr'><strong>el</strong></span> <span class='ocrx_word' id='word_1_504' title='bbox 1530 4292 1618 4346; x_wconf 87' lang='lat' dir='ltr'><strong>isti</strong></span> <span class='ocrx_word' id='word_1_505' title='bbox 1638 4290 1739 4347; x_wconf 86' lang='lat' dir='ltr'><strong>sint</strong></span> <span class='ocrx_word' id='word_1_506' title='bbox 1759 4300 1977 4341; x_wconf 86' lang='lat' dir='ltr'><strong>mecum.</strong></span> 
     </span>
    </p>
   </div>
   <div class='ocr_carea' id='block_1_63' title="bbox 412 4374 1980 4463">
    <p class='ocr_par' dir='ltr' id='par_1_63' title="bbox 412 4374 1980 4463">
     <span class='ocr_line' id='line_1_64' title="bbox 412 4374 1980 4463; baseline -0.022 -4"><span class='ocrx_word' id='word_1_507' title='bbox 412 4405 481 4459; x_wconf 87' lang='lat' dir='ltr'><strong>Et</strong></span> <span class='ocrx_word' id='word_1_508' title='bbox 517 4403 708 4457; x_wconf 90' lang='lat' dir='ltr'><strong>iterum</strong></span> <span class='ocrx_word' id='word_1_509' title='bbox 756 4415 769 4452; x_wconf 91' lang='lat'><strong>:</strong></span> <span class='ocrx_word' id='word_1_510' title='bbox 821 4394 918 4450; x_wconf 85' lang='lat' dir='ltr'><strong>Ubi</strong></span> <span class='ocrx_word' id='word_1_511' title='bbox 948 4408 1040 4463; x_wconf 91' lang='lat' dir='ltr'><strong>ego</strong></span> <span class='ocrx_word' id='word_1_512' title='bbox 1064 4405 1204 4454; x_wconf 88' lang='lat' dir='ltr'><strong>sum,</strong></span> <span class='ocrx_word' id='word_1_513' title='bbox 1238 4386 1323 4441; x_wconf 91' lang='lat' dir='ltr'><strong>ubi</strong></span> <span class='ocrx_word' id='word_1_514' title='bbox 1360 4392 1407 4436; x_wconf 86' lang='lat' dir='ltr'><strong>et</strong></span> <span class='ocrx_word' id='word_1_515' title='bbox 1442 4381 1679 4436; x_wconf 84' lang='lat' dir='ltr'><strong>minister</strong></span> <span class='ocrx_word' id='word_1_516' title='bbox 1708 4392 1852 4439; x_wconf 77' lang='lat' dir='ltr'><strong>meus</strong></span> <span class='ocrx_word' id='word_1_517' title='bbox 1884 4374 1980 4427; x_wconf 86' lang='lat' dir='ltr'><strong>erit</strong></span> 
     </span>
    </p>
   </div>
   <div class='ocr_carea' id='block_1_64' title="bbox 415 4462 1981 4569">
    <p class='ocr_par' dir='ltr' id='par_1_64' title="bbox 415 4462 1981 4569">
     <span class='ocr_line' id='line_1_65' title="bbox 415 4462 1981 4569; baseline -0.023 -18"><span class='ocrx_word' id='word_1_518' title='bbox 415 4496 595 4569; x_wconf 81' lang='lat' dir='ltr'><strong>(Joan.</strong></span> <span class='ocrx_word' id='word_1_519' title='bbox 629 4491 747 4561; x_wconf 75' lang='lat' dir='ltr'><strong>xu).</strong></span> <span class='ocrx_word' id='word_1_520' title='bbox 791 4462 1164 4557; x_wconf 76' lang='lat' dir='ltr'><strong>Respiciamus</strong></span> <span class='ocrx_word' id='word_1_521' title='bbox 1185 4479 1251 4535; x_wconf 90' lang='lat' dir='ltr'><strong>ad</strong></span> <span class='ocrx_word' id='word_1_522' title='bbox 1284 4474 1548 4547; x_wconf 86' lang='lat' dir='ltr'><strong>promissa</strong></span> <span class='ocrx_word' id='word_1_523' title='bbox 1582 4477 1635 4525; x_wconf 93' lang='lat' dir='ltr'><strong>et</strong></span> <span class='ocrx_word' id='word_1_524' title='bbox 1660 4462 1728 4521; x_wconf 86' lang='lat' dir='ltr'><strong>ad</strong></span> <span class='ocrx_word' id='word_1_525' title='bbox 1760 4463 1981 4535; x_wconf 82' lang='lat' dir='ltr'><strong>praemia</strong></span> 
     </span>
    </p>
   </div>
   <div class='ocr_carea' id='block_1_65' title="bbox 413 4560 1984 4648">
    <p class='ocr_par' dir='ltr' id='par_1_65' title="bbox 413 4560 1984 4648">
     <span class='ocr_line' id='line_1_66' title="bbox 413 4560 1984 4648; baseline -0.025 -4"><span class='ocrx_word' id='word_1_526' title='bbox 413 4560 639 4648; x_wconf 76' lang='lat' dir='ltr'><strong>creduli,</strong></span> <span class='ocrx_word' id='word_1_527' title='bbox 687 4579 896 4635; x_wconf 79' lang='lat' dir='ltr'><strong>facilius</strong></span> <span class='ocrx_word' id='word_1_528' title='bbox 931 4588 1146 4630; x_wconf 85' lang='lat' dir='ltr'><strong>omnem</strong></span> <span class='ocrx_word' id='word_1_529' title='bbox 1185 4566 1524 4640; x_wconf 81' lang='lat' dir='ltr'><strong>perferamus</strong></span> <span class='ocrx_word' id='word_1_530' title='bbox 1562 4560 1827 4621; x_wconf 85' lang='lat' dir='ltr'><strong>laborem,</strong></span> <span class='ocrx_word' id='word_1_531' title='bbox 1869 4569 1984 4607; x_wconf 88' lang='lat' dir='ltr'><strong>am-</strong></span> 
     </span>
    </p>
   </div>
   <div class='ocr_carea' id='block_1_66' title="bbox 414 4651 1981 4737">
    <p class='ocr_par' dir='ltr' id='par_1_66' title="bbox 414 4651 1981 4737">
     <span class='ocr_line' id='line_1_67' title="bbox 414 4651 1981 4737; baseline -0.022 -2"><span class='ocrx_word' id='word_1_532' title='bbox 414 4679 662 4736; x_wconf 86' lang='lat' dir='ltr'><strong>bulantes</strong></span> <span class='ocrx_word' id='word_1_533' title='bbox 709 4673 849 4729; x_wconf 88' lang='lat' dir='ltr'><strong>sicut</strong></span> <span class='ocrx_word' id='word_1_534' title='bbox 900 4664 1195 4722; x_wconf 82' lang='lat' dir='ltr'><strong>ambulavit</strong></span> <span class='ocrx_word' id='word_1_535' title='bbox 1236 4662 1350 4731; x_wconf 89' lang='lat' dir='ltr'><strong>ipse</strong></span> <span class='ocrx_word' id='word_1_536' title='bbox 1387 4656 1663 4719; x_wconf 87' lang='lat' dir='ltr'><strong>Dominus,</strong></span> <span class='ocrx_word' id='word_1_537' title='bbox 1712 4651 1804 4720; x_wconf 89' lang='lat' dir='ltr'><strong>qui</strong></span> <span class='ocrx_word' id='word_1_538' title='bbox 1853 4662 1981 4737; x_wconf 80' lang='lat' dir='ltr'><strong>pro-</strong></span> 
     </span>
    </p>
   </div>
   <div class='ocr_carea' id='block_1_67' title="bbox 417 4757 1115 4831">
    <p class='ocr_par' dir='ltr' id='par_1_67' title="bbox 417 4757 1115 4831">
     <span class='ocr_line' id='line_1_68' title="bbox 417 4757 1115 4831; baseline -0.023 -7"><span class='ocrx_word' id='word_1_539' title='bbox 417 4770 612 4825; x_wconf 87' lang='lat' dir='ltr'><strong>missor</strong></span> <span class='ocrx_word' id='word_1_540' title='bbox 645 4770 729 4820; x_wconf 84' lang='lat' dir='ltr'><strong>est</strong></span> <span class='ocrx_word' id='word_1_541' title='bbox 752 4757 1115 4831; x_wconf 72' lang='lat' dir='ltr'><strong>prmmiorum.</strong></span> 
     </span>
    </p>
   </div>
   <div class='ocr_carea' id='block_1_68' title="bbox 487 4822 2029 4921">
    <p class='ocr_par' dir='ltr' id='par_1_68' title="bbox 487 4822 2029 4921">
     <span class='ocr_line' id='line_1_69' title="bbox 487 4822 2029 4921; baseline -0.019 -7"><span class='ocrx_word' id='word_1_542' title='bbox 487 4855 673 4914; x_wconf 74' lang='lat' dir='ltr'><strong>XVIII.</strong></span> <span class='ocrx_word' id='word_1_543' title='bbox 714 4822 822 4909; x_wconf 59' lang='lat' dir='ltr'><strong>vos</strong></span> <span class='ocrx_word' id='word_1_544' title='bbox 847 4862 1060 4921; x_wconf 88' lang='lat' dir='ltr'><strong>quoque</strong></span> <span class='ocrx_word' id='word_1_545' title='bbox 1097 4845 1187 4915; x_wconf 87' lang='lat' dir='ltr'><strong>qui</strong></span> <span class='ocrx_word' id='word_1_546' title='bbox 1225 4842 1443 4900; x_wconf 87' lang='lat' dir='ltr'><strong>secundi</strong></span> <span class='ocrx_word' id='word_1_547' title='bbox 1480 4838 1613 4895; x_wconf 82' lang='lat' dir='ltr'><strong>estis</strong></span> <span class='ocrx_word' id='word_1_548' title='bbox 1651 4822 1986 4906; x_wconf 83' lang='lat' dir='ltr'><strong>singularum</strong></span> <span class='ocrx_word' id='word_1_549' title='bbox 2008 4838 2029 4869; x_wconf 73' lang='grc' dir='ltr'><em>ἐ</em></span> 
     </span>
    </p>
   </div>
   <div class='ocr_carea' id='block_1_69' title="bbox 420 4916 2031 5013">
    <p class='ocr_par' dir='ltr' id='par_1_69' title="bbox 420 4916 2031 5013">
     <span class='ocr_line' id='line_1_70' title="bbox 420 4916 2031 5013; baseline -0.017 -8"><span class='ocrx_word' id='word_1_550' title='bbox 420 4952 731 5013; x_wconf 91' lang='lat' dir='ltr'><strong>domorum,</strong></span> <span class='ocrx_word' id='word_1_551' title='bbox 770 4916 1127 4997; x_wconf 75' lang='lat' dir='ltr'><strong>humilitatem</strong></span> <span class='ocrx_word' id='word_1_552' title='bbox 1158 4931 1440 4990; x_wconf 87' lang='lat' dir='ltr'><strong>sectamini</strong></span> <span class='ocrx_word' id='word_1_553' title='bbox 1467 4937 1521 4986; x_wconf 88' lang='lat' dir='ltr'><strong>et</strong></span> <span class='ocrx_word' id='word_1_554' title='bbox 1548 4927 1899 4993; x_wconf 85' lang='lat' dir='ltr'><strong>modestiam,</strong></span> <span class='ocrx_word' id='word_1_555' title='bbox 1932 4916 1988 4980; x_wconf 80' lang='lat' dir='ltr'><strong>et</strong></span> <span class='ocrx_word' id='word_1_556' title='bbox 2028 4954 2031 4959; x_wconf 59' lang='grc' dir='ltr'><strong>η</strong></span> 
     </span>
    </p>
   </div>
   <div class='ocr_carea' id='block_1_70' title="bbox 421 5021 2033 5111">
    <p class='ocr_par' dir='ltr' id='par_1_70' title="bbox 421 5021 2033 5111">
     <span class='ocr_line' id='line_1_71' title="bbox 421 5021 2033 5111; baseline -0.014 -16"><span class='ocrx_word' id='word_1_557' title='bbox 421 5036 625 5111; x_wconf 84' lang='lat' dir='ltr'><strong>singula</strong></span> <span class='ocrx_word' id='word_1_558' title='bbox 662 5040 929 5106; x_wconf 74' lang='lat' dir='ltr'><strong>prmcepta</strong></span> <span class='ocrx_word' id='word_1_559' title='bbox 958 5030 1228 5100; x_wconf 82' lang='lat' dir='ltr'><strong>majorum</strong></span> <span class='ocrx_word' id='word_1_560' title='bbox 1254 5027 1380 5109; x_wconf 74' lang='lat' dir='ltr'><strong>vita:</strong></span> <span class='ocrx_word' id='word_1_561' title='bbox 1406 5021 1707 5079; x_wconf 89' lang='lat' dir='ltr'><strong>communis</strong></span> <span class='ocrx_word' id='word_1_562' title='bbox 1743 5023 2033 5076; x_wconf 77' lang='lat' dir='ltr'><strong>normam&quot;</strong></span> 
     </span>
    </p>
   </div>
   <div class='ocr_carea' id='block_1_71' title="bbox 421 5100 2013 5200">
    <p class='ocr_par' dir='ltr' id='par_1_71' title="bbox 421 5100 2013 5200">
     <span class='ocr_line' id='line_1_72' title="bbox 421 5100 2013 5200; baseline -0.014 -15"><span class='ocrx_word' id='word_1_563' title='bbox 421 5100 624 5200; x_wconf 56' lang='lat' dir='ltr'><strong>putate,</strong></span> <span class='ocrx_word' id='word_1_564' title='bbox 651 5100 711 5181; x_wconf 77' lang='lat' dir='ltr'><strong>ut</strong></span> <span class='ocrx_word' id='word_1_565' title='bbox 740 5125 793 5180; x_wconf 92' lang='lat' dir='ltr'><strong>in</strong></span> <span class='ocrx_word' id='word_1_566' title='bbox 821 5100 927 5180; x_wconf 84' lang='lat' dir='ltr'><strong>illis</strong></span> <span class='ocrx_word' id='word_1_567' title='bbox 951 5104 1340 5200; x_wconf 77' lang='lat' dir='ltr'><strong>conservandis</strong></span> <span class='ocrx_word' id='word_1_568' title='bbox 1367 5121 1577 5169; x_wconf 90' lang='lat' dir='ltr'><strong>vestras</strong></span> <span class='ocrx_word' id='word_1_569' title='bbox 1606 5112 1832 5167; x_wconf 81' lang='lat' dir='ltr'><strong>servetis</strong></span> <span class='ocrx_word' id='word_1_570' title='bbox 1867 5100 2013 5163; x_wconf 46' lang='lat' dir='ltr'><strong>aui?</strong></span> 
     </span>
    </p>
   </div>
   <div class='ocr_carea' id='block_1_72' title="bbox 424 5194 1990 5293">
    <p class='ocr_par' dir='ltr' id='par_1_72' title="bbox 424 5194 1990 5293">
     <span class='ocr_line' id='line_1_73' title="bbox 424 5194 1990 5293; baseline -0.013 -20"><span class='ocrx_word' id='word_1_571' title='bbox 424 5232 562 5283; x_wconf 87' lang='lat' dir='ltr'><strong>mas,</strong></span> <span class='ocrx_word' id='word_1_572' title='bbox 591 5225 646 5273; x_wconf 92' lang='lat' dir='ltr'><strong>et</strong></span> <span class='ocrx_word' id='word_1_573' title='bbox 672 5214 874 5273; x_wconf 83' lang='lat' dir='ltr'><strong>similes</strong></span> <span class='ocrx_word' id='word_1_574' title='bbox 899 5213 1021 5269; x_wconf 90' lang='lat' dir='ltr'><strong>sitis</strong></span> <span class='ocrx_word' id='word_1_575' title='bbox 1049 5209 1099 5266; x_wconf 87' lang='lat' dir='ltr'><strong>ei</strong></span> <span class='ocrx_word' id='word_1_576' title='bbox 1134 5209 1228 5280; x_wconf 86' lang='lat' dir='ltr'><strong>qui</strong></span> <span class='ocrx_word' id='word_1_577' title='bbox 1281 5194 1398 5293; x_wconf 79' lang='lat' dir='ltr'><strong>ait:</strong></span> <span class='ocrx_word' id='word_1_578' title='bbox 1430 5205 1619 5259; x_wconf 79' lang='lat' dir='ltr'><strong>Anima</strong></span> <span class='ocrx_word' id='word_1_579' title='bbox 1648 5219 1761 5257; x_wconf 89' lang='lat' dir='ltr'><strong>mea</strong></span> <span class='ocrx_word' id='word_1_580' title='bbox 1791 5204 1846 5256; x_wconf 86' lang='lat' dir='ltr'><strong>in</strong></span> <span class='ocrx_word' id='word_1_581' title='bbox 1871 5216 1990 5254; x_wconf 79' lang='lat' dir='ltr'><strong>ma-</strong></span> 
     </span>
    </p>
   </div>
   <div class='ocr_carea' id='block_1_73' title="bbox 328 5292 1994 5387">
    <p class='ocr_par' dir='ltr' id='par_1_73' title="bbox 328 5292 1994 5387">
     <span class='ocr_line' id='line_1_74' title="bbox 328 5292 1994 5387; baseline -0.01 -24"><span class='ocrx_word' id='word_1_582' title='bbox 328 5310 339 5316; x_wconf 88' lang='grc'><em>’</em></span> <span class='ocrx_word' id='word_1_583' title='bbox 425 5309 576 5364; x_wconf 85' lang='lat' dir='ltr'><strong>nibus</strong></span> <span class='ocrx_word' id='word_1_584' title='bbox 622 5307 750 5362; x_wconf 85' lang='lat' dir='ltr'><strong>meis</strong></span> <span class='ocrx_word' id='word_1_585' title='bbox 793 5319 999 5387; x_wconf 67' lang='lat' dir='ltr'><strong>semper</strong></span> <span class='ocrx_word' id='word_1_586' title='bbox 1039 5298 1212 5374; x_wconf 81' lang='lat' dir='ltr'><strong>(Psal.</strong></span> <span class='ocrx_word' id='word_1_587' title='bbox 1249 5296 1456 5365; x_wconf 74' lang='lat' dir='ltr'><strong>cxvru).</strong></span> <span class='ocrx_word' id='word_1_588' title='bbox 1514 5295 1682 5350; x_wconf 80' lang='lat' dir='ltr'><strong>Filius</strong></span> <span class='ocrx_word' id='word_1_589' title='bbox 1730 5292 1994 5365; x_wconf 76' lang='lat' dir='ltr'><strong>glorificet</strong></span> 
     </span>
    </p>
   </div>
   <div class='ocr_carea' id='block_1_74' title="bbox 425 5384 2037 5462">
    <p class='ocr_par' dir='ltr' id='par_1_74' title="bbox 425 5384 2037 5462">
     <span class='ocr_line' id='line_1_75' title="bbox 425 5384 2037 5462; baseline -0.009 -12"><span class='ocrx_word' id='word_1_590' title='bbox 425 5397 656 5462; x_wconf 81' lang='lat' dir='ltr'><strong>Patrem,</strong></span> <span class='ocrx_word' id='word_1_591' title='bbox 695 5403 749 5450; x_wconf 85' lang='lat' dir='ltr'><strong>et</strong></span> <span class='ocrx_word' id='word_1_592' title='bbox 776 5384 1038 5449; x_wconf 58' lang='lat' dir='ltr'><strong>laetemini</strong></span> <span class='ocrx_word' id='word_1_593' title='bbox 1068 5389 1335 5446; x_wconf 77' lang='lat' dir='ltr'><strong>fructibus</strong></span> <span class='ocrx_word' id='word_1_594' title='bbox 1360 5386 1560 5443; x_wconf 87' lang='lat' dir='ltr'><strong>vestris</strong></span> <span class='ocrx_word' id='word_1_595' title='bbox 1586 5404 1598 5438; x_wconf 88' lang='lat'><strong>:</strong></span> <span class='ocrx_word' id='word_1_596' title='bbox 1632 5385 1757 5454; x_wconf 85' lang='lat' dir='ltr'><strong>quia</strong></span> <span class='ocrx_word' id='word_1_597' title='bbox 1786 5384 1991 5452; x_wconf 86' lang='lat' dir='ltr'><strong>absque</strong></span> <span class='ocrx_word' id='word_1_598' title='bbox 2028 5388 2037 5394; x_wconf 82' lang='lat'><strong>&#39;</strong></span> 
     </span>
    </p>
   </div>
   <div class='ocr_carea' id='block_1_75' title="bbox 428 5465 1999 5555">
    <p class='ocr_par' dir='ltr' id='par_1_75' title="bbox 428 5465 1999 5555">
     <span class='ocr_line' id='line_1_76' title="bbox 428 5465 1999 5555; baseline -0.01 -14"><span class='ocrx_word' id='word_1_599' title='bbox 428 5486 680 5555; x_wconf 82' lang='lat' dir='ltr'><strong>operibus</strong></span> <span class='ocrx_word' id='word_1_600' title='bbox 719 5474 775 5540; x_wconf 82' lang='lat' dir='ltr'><strong>et</strong></span> <span class='ocrx_word' id='word_1_601' title='bbox 810 5481 1078 5538; x_wconf 80' lang='lat' dir='ltr'><strong>fructibus</strong></span> <span class='ocrx_word' id='word_1_602' title='bbox 1104 5476 1520 5533; x_wconf 68' lang='lat' dir='ltr'><strong>nullus-Domini</strong></span> <span class='ocrx_word' id='word_1_603' title='bbox 1549 5475 1807 5530; x_wconf 86' lang='lat' dir='ltr'><strong>societate</strong></span> <span class='ocrx_word' id='word_1_604' title='bbox 1845 5465 1999 5527; x_wconf 56' lang='lat' dir='ltr'><strong>laeta:</strong></span> 
     </span>
    </p>
   </div>
   <div class='ocr_carea' id='block_1_76' title="bbox 430 5564 1994 5632">
    <p class='ocr_par' dir='ltr' id='par_1_76' title="bbox 430 5564 1994 5632">
     <span class='ocr_line' id='line_1_77' title="bbox 430 5564 1994 5632; baseline -0.006 -3"><span class='ocrx_word' id='word_1_605' title='bbox 430 5576 611 5630; x_wconf 87' lang='lat' dir='ltr'><strong>bitur:</strong></span> <span class='ocrx_word' id='word_1_606' title='bbox 652 5583 715 5630; x_wconf 89' lang='lat' dir='ltr'><strong>ut</strong></span> <span class='ocrx_word' id='word_1_607' title='bbox 751 5589 873 5629; x_wconf 86' lang='lat' dir='ltr'><strong>cum</strong></span> <span class='ocrx_word' id='word_1_608' title='bbox 904 5568 1207 5627; x_wconf 87' lang='lat' dir='ltr'><strong>habueritis</strong></span> <span class='ocrx_word' id='word_1_609' title='bbox 1232 5567 1469 5625; x_wconf 77' lang='lat' dir='ltr'><strong>fructum</strong></span> <span class='ocrx_word' id='word_1_610' title='bbox 1504 5566 1560 5625; x_wconf 92' lang='lat' dir='ltr'><strong>in</strong></span> <span class='ocrx_word' id='word_1_611' title='bbox 1587 5565 1832 5632; x_wconf 78' lang='lat' dir='ltr'><strong>Domino,</strong></span> <span class='ocrx_word' id='word_1_612' title='bbox 1876 5564 1994 5632; x_wconf 89' lang='lat' dir='ltr'><strong>ipso</strong></span> 
     </span>
    </p>
   </div>
   <div class='ocr_carea' id='block_1_77' title="bbox 431 5658 1340 5731">
    <p class='ocr_par' dir='ltr' id='par_1_77' title="bbox 431 5658 1340 5731">
     <span class='ocr_line' id='line_1_78' title="bbox 431 5658 1340 5731; baseline -0.009 -11"><span class='ocrx_word' id='word_1_613' title='bbox 431 5665 641 5722; x_wconf 69' lang='lat' dir='ltr'><strong>bserede</strong></span> <span class='ocrx_word' id='word_1_614' title='bbox 664 5672 720 5720; x_wconf 87' lang='lat' dir='ltr'><strong>et</strong></span> <span class='ocrx_word' id='word_1_615' title='bbox 739 5661 1015 5719; x_wconf 74' lang='lat' dir='ltr'><strong>coluerede</strong></span> <span class='ocrx_word' id='word_1_616' title='bbox 1041 5658 1340 5731; x_wconf 79' lang='lat' dir='ltr'><strong>patiamini.</strong></span> 
     </span>
    </p>
   </div>
   <div class='ocr_carea' id='block_1_78' title="bbox 2055 1827 3645 1909">
    <p class='ocr_par' dir='ltr' id='par_1_78' title="bbox 2055 1827 3645 1909">
     <span class='ocr_line' id='line_1_79' title="bbox 2055 1827 3645 1909; baseline -0.011 -15"><span class='ocrx_word' id='word_1_617' title='bbox 2055 1840 2282 1909; x_wconf 81' lang='lat' dir='ltr'><strong>Arripite</strong></span> <span class='ocrx_word' id='word_1_618' title='bbox 2312 1847 2518 1892; x_wconf 89' lang='lat' dir='ltr'><strong>scutum</strong></span> <span class='ocrx_word' id='word_1_619' title='bbox 2551 1835 2695 1904; x_wconf 80' lang='lat' dir='ltr'><strong>ﬁdei,</strong></span> <span class='ocrx_word' id='word_1_620' title='bbox 2732 1834 2787 1887; x_wconf 89' lang='lat' dir='ltr'><strong>in</strong></span> <span class='ocrx_word' id='word_1_621' title='bbox 2820 1847 2922 1903; x_wconf 91' lang='lat' dir='ltr'><strong>quo</strong></span> <span class='ocrx_word' id='word_1_622' title='bbox 2955 1830 3167 1901; x_wconf 87' lang='lat' dir='ltr'><strong>possitis</strong></span> <span class='ocrx_word' id='word_1_623' title='bbox 3200 1844 3377 1882; x_wconf 90' lang='lat' dir='ltr'><strong>omnes</strong></span> <span class='ocrx_word' id='word_1_624' title='bbox 3412 1827 3645 1895; x_wconf 76' lang='lat' dir='ltr'><strong>sagittas</strong></span> 
     </span>
    </p>
   </div>
   <div class='ocr_carea' id='block_1_79' title="bbox 2055 1918 3648 1994">
    <p class='ocr_par' dir='ltr' id='par_1_79' title="bbox 2055 1918 3648 1994">
     <span class='ocr_line' id='line_1_80' title="bbox 2055 1918 3648 1994; baseline -0.008 -11"><span class='ocrx_word' id='word_1_625' title='bbox 2055 1928 2252 1983; x_wconf 91' lang='lat' dir='ltr'><strong>diaboli</strong></span> <span class='ocrx_word' id='word_1_626' title='bbox 2295 1929 2538 1983; x_wconf 87' lang='lat' dir='ltr'><strong>ardentes</strong></span> <span class='ocrx_word' id='word_1_627' title='bbox 2598 1926 2951 1994; x_wconf 87' lang='lat' dir='ltr'><strong>restinguere,</strong></span> <span class='ocrx_word' id='word_1_628' title='bbox 2998 1931 3047 1975; x_wconf 88' lang='lat' dir='ltr'><strong>et</strong></span> <span class='ocrx_word' id='word_1_629' title='bbox 3094 1920 3329 1992; x_wconf 86' lang='lat' dir='ltr'><strong>gladium</strong></span> <span class='ocrx_word' id='word_1_630' title='bbox 3367 1918 3648 1989; x_wconf 84' lang='lat' dir='ltr'><strong>Spiritus,</strong></span> 
     </span>
    </p>
   </div>
   <div class='ocr_carea' id='block_1_80' title="bbox 2055 2008 3649 2091">
    <p class='ocr_par' dir='ltr' id='par_1_80' title="bbox 2055 2008 3649 2091">
     <span class='ocr_line' id='line_1_81' title="bbox 2055 2008 3649 2091; baseline -0.009 -16"><span class='ocrx_word' id='word_1_631' title='bbox 2055 2019 2193 2091; x_wconf 90' lang='lat' dir='ltr'><strong>quod</strong></span> <span class='ocrx_word' id='word_1_632' title='bbox 2231 2028 2306 2074; x_wconf 87' lang='lat' dir='ltr'><strong>est</strong></span> <span class='ocrx_word' id='word_1_633' title='bbox 2345 2017 2555 2073; x_wconf 87' lang='lat' dir='ltr'><strong>verbum</strong></span> <span class='ocrx_word' id='word_1_634' title='bbox 2596 2014 2691 2069; x_wconf 90' lang='lat' dir='ltr'><strong>Dei</strong></span> <span class='ocrx_word' id='word_1_635' title='bbox 2736 2013 2952 2086; x_wconf 85' lang='lat' dir='ltr'><strong>(Ephes.</strong></span> <span class='ocrx_word' id='word_1_636' title='bbox 2980 2010 3077 2083; x_wconf 82' lang='lat' dir='ltr'><strong>vt).</strong></span> <span class='ocrx_word' id='word_1_637' title='bbox 3136 2008 3315 2065; x_wconf 83' lang='lat' dir='ltr'><strong>Estote</strong></span> <span class='ocrx_word' id='word_1_638' title='bbox 3353 2009 3649 2081; x_wconf 84' lang='lat' dir='ltr'><strong>prudentrs</strong></span> 
     </span>
    </p>
   </div>
   <div class='ocr_carea' id='block_1_81' title="bbox 2057 2102 3646 2183">
    <p class='ocr_par' dir='ltr' id='par_1_81' title="bbox 2057 2102 3646 2183">
     <span class='ocr_line' id='line_1_82' title="bbox 2057 2102 3646 2183; baseline -0.011 -13"><span class='ocrx_word' id='word_1_639' title='bbox 2057 2117 2193 2171; x_wconf 87' lang='lat' dir='ltr'><strong>sicut</strong></span> <span class='ocrx_word' id='word_1_640' title='bbox 2230 2121 2506 2183; x_wconf 87' lang='lat' dir='ltr'><strong>serpentes,</strong></span> <span class='ocrx_word' id='word_1_641' title='bbox 2553 2119 2600 2165; x_wconf 89' lang='lat' dir='ltr'><strong>et</strong></span> <span class='ocrx_word' id='word_1_642' title='bbox 2643 2107 2905 2179; x_wconf 84' lang='lat' dir='ltr'><strong>simplices</strong></span> <span class='ocrx_word' id='word_1_643' title='bbox 2949 2107 3091 2173; x_wconf 85' lang='lat' dir='ltr'><strong>sicut</strong></span> <span class='ocrx_word' id='word_1_644' title='bbox 3121 2104 3374 2159; x_wconf 76' lang='lat' dir='ltr'><strong>columba:</strong></span> <span class='ocrx_word' id='word_1_645' title='bbox 3414 2102 3646 2174; x_wconf 75' lang='lat' dir='ltr'><strong>(Matth.</strong></span> 
     </span>
    </p>
   </div>
   <div class='ocr_carea' id='block_1_82' title="bbox 2059 2193 3650 2278">
    <p class='ocr_par' dir='ltr' id='par_1_82' title="bbox 2059 2193 3650 2278">
     <span class='ocr_line' id='line_1_83' title="bbox 2059 2193 3650 2278; baseline -0.008 -19"><span class='ocrx_word' id='word_1_646' title='bbox 2059 2203 2135 2278; x_wconf 78' lang='grc' dir='ltr'>ιι).</span> <span class='ocrx_word' id='word_1_647' title='bbox 2181 2202 2376 2257; x_wconf 81' lang='lat' dir='ltr'><strong>Audite</strong></span> <span class='ocrx_word' id='word_1_648' title='bbox 2405 2199 2627 2255; x_wconf 85' lang='lat' dir='ltr'><strong>Paulum</strong></span> <span class='ocrx_word' id='word_1_649' title='bbox 2657 2198 2964 2269; x_wconf 87' lang='lat' dir='ltr'><strong>loquentem</strong></span> <span class='ocrx_word' id='word_1_650' title='bbox 2990 2214 3001 2250; x_wconf 90' lang='lat'><strong>:</strong></span> <span class='ocrx_word' id='word_1_651' title='bbox 3042 2194 3191 2262; x_wconf 81' lang='lat' dir='ltr'><strong>Filii,</strong></span> <span class='ocrx_word' id='word_1_652' title='bbox 3220 2193 3423 2249; x_wconf 86' lang='lat' dir='ltr'><strong>obedite</strong></span> <span class='ocrx_word' id='word_1_653' title='bbox 3444 2208 3650 2263; x_wconf 83' lang='lat' dir='ltr'><strong>paren-</strong></span> 
     </span>
    </p>
   </div>
   <div class='ocr_carea' id='block_1_83' title="bbox 2060 2283 3652 2365">
    <p class='ocr_par' dir='ltr' id='par_1_83' title="bbox 2060 2283 3652 2365">
     <span class='ocr_line' id='line_1_84' title="bbox 2060 2283 3652 2365; baseline -0.007 -17"><span class='ocrx_word' id='word_1_654' title='bbox 2060 2295 2196 2348; x_wconf 87' lang='lat' dir='ltr'><strong>tibus</strong></span> <span class='ocrx_word' id='word_1_655' title='bbox 2225 2288 2362 2365; x_wconf 87' lang='lat' dir='ltr'><strong>(Col.</strong></span> <span class='ocrx_word' id='word_1_656' title='bbox 2393 2290 2500 2364; x_wconf 87' lang='grc' dir='ltr'>ιιι),</span> <span class='ocrx_word' id='word_1_657' title='bbox 2541 2297 2596 2344; x_wconf 91' lang='lat' dir='ltr'><strong>et</strong></span> <span class='ocrx_word' id='word_1_658' title='bbox 2631 2289 2902 2358; x_wconf 85' lang='lat' dir='ltr'><strong>possidete</strong></span> <span class='ocrx_word' id='word_1_659' title='bbox 2940 2286 3169 2342; x_wconf 87' lang='lat' dir='ltr'><strong>salutem</strong></span> <span class='ocrx_word' id='word_1_660' title='bbox 3208 2283 3513 2339; x_wconf 89' lang='lat' dir='ltr'><strong>animarum</strong></span> <span class='ocrx_word' id='word_1_661' title='bbox 3540 2298 3652 2338; x_wconf 80' lang='lat' dir='ltr'><strong>ve-</strong></span> 
     </span>
    </p>
   </div>
   <div class='ocr_carea' id='block_1_84' title="bbox 2063 2373 3655 2451">
    <p class='ocr_par' dir='ltr' id='par_1_84' title="bbox 2063 2373 3655 2451">
     <span class='ocr_line' id='line_1_85' title="bbox 2063 2373 3655 2451; baseline -0.008 -12"><span class='ocrx_word' id='word_1_662' title='bbox 2063 2392 2319 2447; x_wconf 88' lang='lat' dir='ltr'><strong>strarum,</strong></span> <span class='ocrx_word' id='word_1_663' title='bbox 2344 2396 2442 2451; x_wconf 87' lang='lat' dir='ltr'><strong>per</strong></span> <span class='ocrx_word' id='word_1_664' title='bbox 2463 2395 2557 2435; x_wconf 93' lang='lat' dir='ltr'><strong>eos</strong></span> <span class='ocrx_word' id='word_1_665' title='bbox 2582 2378 2673 2449; x_wconf 92' lang='lat' dir='ltr'><strong>qui</strong></span> <span class='ocrx_word' id='word_1_666' title='bbox 2701 2377 2853 2433; x_wconf 88' lang='lat' dir='ltr'><strong>vobis</strong></span> <span class='ocrx_word' id='word_1_667' title='bbox 2877 2375 3149 2449; x_wconf 78' lang='lat' dir='ltr'><strong>praepositi</strong></span> <span class='ocrx_word' id='word_1_668' title='bbox 3177 2383 3321 2430; x_wconf 89' lang='lat' dir='ltr'><strong>sunt.</strong></span> <span class='ocrx_word' id='word_1_669' title='bbox 3360 2373 3427 2428; x_wconf 86' lang='lat' dir='ltr'><strong>Et</strong></span> <span class='ocrx_word' id='word_1_670' title='bbox 3453 2374 3507 2428; x_wconf 91' lang='lat' dir='ltr'><strong>in</strong></span> <span class='ocrx_word' id='word_1_671' title='bbox 3534 2373 3655 2427; x_wconf 85' lang='lat' dir='ltr'><strong>alio</strong></span> 
     </span>
    </p>
   </div>
   <div class='ocr_carea' id='block_1_85' title="bbox 2065 2464 3656 2544">
    <p class='ocr_par' dir='ltr' id='par_1_85' title="bbox 2065 2464 3656 2544">
     <span class='ocr_line' id='line_1_86' title="bbox 2065 2464 3656 2544; baseline -0.007 -16"><span class='ocrx_word' id='word_1_672' title='bbox 2065 2486 2276 2544; x_wconf 90' lang='lat' dir='ltr'><strong>quoque</strong></span> <span class='ocrx_word' id='word_1_673' title='bbox 2311 2471 2429 2527; x_wconf 71' lang='lat' dir='ltr'><strong>loco</strong></span> <span class='ocrx_word' id='word_1_674' title='bbox 2471 2470 2732 2539; x_wconf 89' lang='lat' dir='ltr'><strong>scriptum</strong></span> <span class='ocrx_word' id='word_1_675' title='bbox 2775 2475 2900 2525; x_wconf 89' lang='lat' dir='ltr'><strong>est:</strong></span> <span class='ocrx_word' id='word_1_676' title='bbox 2946 2468 3272 2538; x_wconf 84' lang='lat' dir='ltr'><strong>Acquiescite</strong></span> <span class='ocrx_word' id='word_1_677' title='bbox 3315 2464 3656 2536; x_wconf 84' lang='lat' dir='ltr'><strong>principibus</strong></span> 
     </span>
    </p>
   </div>
   <div class='ocr_carea' id='block_1_86' title="bbox 2065 2555 3657 2632">
    <p class='ocr_par' dir='ltr' id='par_1_86' title="bbox 2065 2555 3657 2632">
     <span class='ocr_line' id='line_1_87' title="bbox 2065 2555 3657 2632; baseline -0.007 -13"><span class='ocrx_word' id='word_1_678' title='bbox 2065 2564 2246 2619; x_wconf 84' lang='lat' dir='ltr'><strong>vestris</strong></span> <span class='ocrx_word' id='word_1_679' title='bbox 2277 2571 2325 2617; x_wconf 86' lang='lat' dir='ltr'><strong>et</strong></span> <span class='ocrx_word' id='word_1_680' title='bbox 2357 2560 2696 2632; x_wconf 85' lang='lat' dir='ltr'><strong>subjicimini,</strong></span> <span class='ocrx_word' id='word_1_681' title='bbox 2720 2559 2843 2631; x_wconf 87' lang='lat' dir='ltr'><strong>quia</strong></span> <span class='ocrx_word' id='word_1_682' title='bbox 2876 2559 2976 2629; x_wconf 88' lang='lat' dir='ltr'><strong>ipsi</strong></span> <span class='ocrx_word' id='word_1_683' title='bbox 2999 2556 3216 2628; x_wconf 84' lang='lat' dir='ltr'><strong>vigilant</strong></span> <span class='ocrx_word' id='word_1_684' title='bbox 3242 2572 3336 2627; x_wconf 90' lang='lat' dir='ltr'><strong>pro</strong></span> <span class='ocrx_word' id='word_1_685' title='bbox 3363 2555 3657 2608; x_wconf 79' lang='lat' dir='ltr'><strong>animabus</strong></span> 
     </span>
    </p>
   </div>
   <div class='ocr_carea' id='block_1_87' title="bbox 2067 2644 3653 2723">
    <p class='ocr_par' dir='ltr' id='par_1_87' title="bbox 2067 2644 3653 2723">
     <span class='ocr_line' id='line_1_88' title="bbox 2067 2644 3653 2723; baseline -0.011 -9"><span class='ocrx_word' id='word_1_686' title='bbox 2067 2658 2283 2723; x_wconf 86' lang='lat' dir='ltr'><strong>vestris,</strong></span> <span class='ocrx_word' id='word_1_687' title='bbox 2338 2656 2592 2709; x_wconf 85' lang='lat' dir='ltr'><strong>rationem</strong></span> <span class='ocrx_word' id='word_1_688' title='bbox 2635 2651 2903 2707; x_wconf 84' lang='lat' dir='ltr'><strong>reddentes</strong></span> <span class='ocrx_word' id='word_1_689' title='bbox 2945 2666 3039 2722; x_wconf 88' lang='lat' dir='ltr'><strong>pro</strong></span> <span class='ocrx_word' id='word_1_690' title='bbox 3082 2649 3222 2703; x_wconf 86' lang='lat' dir='ltr'><strong>vobis</strong></span> <span class='ocrx_word' id='word_1_691' title='bbox 3269 2645 3323 2720; x_wconf 83' lang='grc' dir='ltr'><strong>(Ι</strong></span> <span class='ocrx_word' id='word_1_692' title='bbox 3363 2644 3487 2701; x_wconf 84' lang='lat' dir='ltr'><strong>Cor.</strong></span> <span class='ocrx_word' id='word_1_693' title='bbox 3533 2646 3653 2715; x_wconf 88' lang='grc' dir='ltr'>ιιι).</span> 
     </span>
    </p>
   </div>
   <div class='ocr_carea' id='block_1_88' title="bbox 2067 2736 3657 2817">
    <p class='ocr_par' dir='ltr' id='par_1_88' title="bbox 2067 2736 3657 2817">
     <span class='ocr_line' id='line_1_89' title="bbox 2067 2736 3657 2817; baseline -0.009 -13"><span class='ocrx_word' id='word_1_694' title='bbox 2067 2749 2136 2804; x_wconf 87' lang='lat' dir='ltr'><strong>Et</strong></span> <span class='ocrx_word' id='word_1_695' title='bbox 2162 2761 2375 2817; x_wconf 88' lang='lat' dir='ltr'><strong>semper</strong></span> <span class='ocrx_word' id='word_1_696' title='bbox 2400 2744 2528 2799; x_wconf 91' lang='lat' dir='ltr'><strong>illud</strong></span> <span class='ocrx_word' id='word_1_697' title='bbox 2562 2743 2776 2808; x_wconf 89' lang='lat' dir='ltr'><strong>timete,</strong></span> <span class='ocrx_word' id='word_1_698' title='bbox 2817 2742 2958 2813; x_wconf 88' lang='lat' dir='ltr'><strong>quod</strong></span> <span class='ocrx_word' id='word_1_699' title='bbox 2986 2741 3128 2796; x_wconf 87' lang='lat' dir='ltr'><strong>idem</strong></span> <span class='ocrx_word' id='word_1_700' title='bbox 3153 2738 3441 2808; x_wconf 86' lang='lat' dir='ltr'><strong>Apostolus</strong></span> <span class='ocrx_word' id='word_1_701' title='bbox 3468 2736 3657 2806; x_wconf 61' lang='lat' dir='ltr'><strong>loqui-</strong></span> 
     </span>
    </p>
   </div>
   <div class='ocr_carea' id='block_1_89' title="bbox 2070 2828 3659 2905">
    <p class='ocr_par' dir='ltr' id='par_1_89' title="bbox 2070 2828 3659 2905">
     <span class='ocr_line' id='line_1_90' title="bbox 2070 2828 3659 2905; baseline -0.008 -13"><span class='ocrx_word' id='word_1_702' title='bbox 2070 2847 2195 2893; x_wconf 89' lang='lat' dir='ltr'><strong>tur:</strong></span> <span class='ocrx_word' id='word_1_703' title='bbox 2230 2834 2498 2905; x_wconf 87' lang='lat' dir='ltr'><strong>Templum</strong></span> <span class='ocrx_word' id='word_1_704' title='bbox 2536 2833 2633 2887; x_wconf 86' lang='lat' dir='ltr'><strong>Dei</strong></span> <span class='ocrx_word' id='word_1_705' title='bbox 2672 2834 2818 2897; x_wconf 89' lang='lat' dir='ltr'><strong>estis,</strong></span> <span class='ocrx_word' id='word_1_706' title='bbox 2860 2841 2907 2885; x_wconf 90' lang='lat' dir='ltr'><strong>et</strong></span> <span class='ocrx_word' id='word_1_707' title='bbox 2941 2830 3170 2901; x_wconf 86' lang='lat' dir='ltr'><strong>Spiritus</strong></span> <span class='ocrx_word' id='word_1_708' title='bbox 3194 2829 3407 2883; x_wconf 73' lang='lat' dir='ltr'><strong>Domini</strong></span> <span class='ocrx_word' id='word_1_709' title='bbox 3439 2828 3659 2882; x_wconf 81' lang='lat' dir='ltr'><strong>habitat</strong></span> 
     </span>
    </p>
   </div>
   <div class='ocr_carea' id='block_1_90' title="bbox 2070 2918 3662 2998">
    <p class='ocr_par' dir='ltr' id='par_1_90' title="bbox 2070 2918 3662 2998">
     <span class='ocr_line' id='line_1_91' title="bbox 2070 2918 3662 2998; baseline -0.008 -13"><span class='ocrx_word' id='word_1_710' title='bbox 2070 2932 2126 2987; x_wconf 89' lang='lat' dir='ltr'><strong>in</strong></span> <span class='ocrx_word' id='word_1_711' title='bbox 2175 2930 2333 2985; x_wconf 90' lang='lat' dir='ltr'><strong>vobis.</strong></span> <span class='ocrx_word' id='word_1_712' title='bbox 2395 2925 2453 2982; x_wconf 87' lang='lat' dir='ltr'><strong>Si</strong></span> <span class='ocrx_word' id='word_1_713' title='bbox 2502 2927 2617 2998; x_wconf 88' lang='lat' dir='ltr'><strong>quis</strong></span> <span class='ocrx_word' id='word_1_714' title='bbox 2666 2934 2841 2979; x_wconf 88' lang='lat' dir='ltr'><strong>autem</strong></span> <span class='ocrx_word' id='word_1_715' title='bbox 2889 2923 3138 2994; x_wconf 84' lang='lat' dir='ltr'><strong>templum</strong></span> <span class='ocrx_word' id='word_1_716' title='bbox 3186 2920 3284 2975; x_wconf 91' lang='lat' dir='ltr'><strong>Dei</strong></span> <span class='ocrx_word' id='word_1_717' title='bbox 3335 2918 3662 2985; x_wconf 84' lang='lat' dir='ltr'><strong>violaverit,</strong></span> 
     </span>
    </p>
   </div>
   <div class='ocr_carea' id='block_1_91' title="bbox 2071 3008 3664 3093">
    <p class='ocr_par' dir='ltr' id='par_1_91' title="bbox 2071 3008 3664 3093">
     <span class='ocr_line' id='line_1_92' title="bbox 2071 3008 3664 3093; baseline -0.008 -16"><span class='ocrx_word' id='word_1_718' title='bbox 2071 3022 2333 3093; x_wconf 88' lang='lat' dir='ltr'><strong>disperdet</strong></span> <span class='ocrx_word' id='word_1_719' title='bbox 2372 3018 2519 3074; x_wconf 88' lang='lat' dir='ltr'><strong>illum</strong></span> <span class='ocrx_word' id='word_1_720' title='bbox 2554 3017 2696 3071; x_wconf 90' lang='lat' dir='ltr'><strong>Dens</strong></span> <span class='ocrx_word' id='word_1_721' title='bbox 2730 3016 2944 3089; x_wconf 86' lang='lat' dir='ltr'><strong>(Ephes.</strong></span> <span class='ocrx_word' id='word_1_722' title='bbox 2968 3013 3065 3087; x_wconf 87' lang='lat' dir='ltr'><strong>tv).</strong></span> <span class='ocrx_word' id='word_1_723' title='bbox 3106 3014 3171 3068; x_wconf 85' lang='lat' dir='ltr'><strong>Et</strong></span> <span class='ocrx_word' id='word_1_724' title='bbox 3196 3013 3427 3067; x_wconf 89' lang='lat' dir='ltr'><strong>iterum:</strong></span> <span class='ocrx_word' id='word_1_725' title='bbox 3466 3008 3664 3065; x_wconf 81' lang='lat' dir='ltr'><strong>Nolite</strong></span> 
     </span>
    </p>
   </div>
   <div class='ocr_carea' id='block_1_92' title="bbox 2066 3102 3661 3179">
    <p class='ocr_par' dir='ltr' id='par_1_92' title="bbox 2066 3102 3661 3179">
     <span class='ocr_line' id='line_1_93' title="bbox 2066 3102 3661 3179; baseline -0.008 -11"><span class='ocrx_word' id='word_1_726' title='bbox 2066 3114 2383 3168; x_wconf 75' lang='lat' dir='ltr'><strong>contristare</strong></span> <span class='ocrx_word' id='word_1_727' title='bbox 2406 3109 2660 3179; x_wconf 80' lang='lat' dir='ltr'><strong>Spiritum</strong></span> <span class='ocrx_word' id='word_1_728' title='bbox 2686 3115 2922 3162; x_wconf 85' lang='lat' dir='ltr'><strong>sanctum</strong></span> <span class='ocrx_word' id='word_1_729' title='bbox 2947 3106 3063 3170; x_wconf 89' lang='lat' dir='ltr'><strong>Dei,</strong></span> <span class='ocrx_word' id='word_1_730' title='bbox 3099 3106 3155 3159; x_wconf 92' lang='lat' dir='ltr'><strong>in</strong></span> <span class='ocrx_word' id='word_1_731' title='bbox 3178 3120 3278 3176; x_wconf 87' lang='lat' dir='ltr'><strong>quo</strong></span> <span class='ocrx_word' id='word_1_732' title='bbox 3303 3102 3499 3173; x_wconf 86' lang='lat' dir='ltr'><strong>signati</strong></span> <span class='ocrx_word' id='word_1_733' title='bbox 3523 3104 3661 3156; x_wconf 87' lang='lat' dir='ltr'><strong>estis</strong></span> 
     </span>
    </p>
   </div>
   <div class='ocr_carea' id='block_1_93' title="bbox 2073 3193 3287 3270">
    <p class='ocr_par' dir='ltr' id='par_1_93' title="bbox 2073 3193 3287 3270">
     <span class='ocr_line' id='line_1_94' title="bbox 2073 3193 3287 3270; baseline -0.009 -12"><span class='ocrx_word' id='word_1_734' title='bbox 2073 3206 2130 3258; x_wconf 90' lang='lat' dir='ltr'><strong>in</strong></span> <span class='ocrx_word' id='word_1_735' title='bbox 2156 3203 2295 3257; x_wconf 84' lang='lat' dir='ltr'><strong>diem</strong></span> <span class='ocrx_word' id='word_1_736' title='bbox 2322 3200 2687 3270; x_wconf 86' lang='lat' dir='ltr'><strong>redemptionis</strong></span> <span class='ocrx_word' id='word_1_737' title='bbox 2704 3199 2841 3269; x_wconf 87' lang='lat' dir='ltr'><strong>justi</strong></span> <span class='ocrx_word' id='word_1_738' title='bbox 2858 3196 3052 3268; x_wconf 88' lang='lat' dir='ltr'><strong>judicii</strong></span> <span class='ocrx_word' id='word_1_739' title='bbox 3077 3193 3287 3268; x_wconf 87' lang='lat' dir='ltr'><strong>(Ibid.).</strong></span> 
     </span>
    </p>
   </div>
   <div class='ocr_carea' id='block_1_94' title="bbox 2144 3285 3666 3360">
    <p class='ocr_par' dir='ltr' id='par_1_94' title="bbox 2144 3285 3666 3360">
     <span class='ocr_line' id='line_1_95' title="bbox 2144 3285 3666 3360; baseline -0.004 -13"><span class='ocrx_word' id='word_1_740' title='bbox 2144 3291 2264 3347; x_wconf 89' lang='lat' dir='ltr'><strong>XX.</strong></span> <span class='ocrx_word' id='word_1_741' title='bbox 2305 3290 2533 3346; x_wconf 89' lang='lat' dir='ltr'><strong>Servate</strong></span> <span class='ocrx_word' id='word_1_742' title='bbox 2565 3289 2878 3360; x_wconf 89' lang='lat' dir='ltr'><strong>pudicitiam</strong></span> <span class='ocrx_word' id='word_1_743' title='bbox 2917 3286 3162 3357; x_wconf 86' lang='lat' dir='ltr'><strong>corporis</strong></span> <span class='ocrx_word' id='word_1_744' title='bbox 3192 3285 3396 3349; x_wconf 86' lang='lat' dir='ltr'><strong>vestri,</strong></span> <span class='ocrx_word' id='word_1_745' title='bbox 3434 3294 3495 3339; x_wconf 88' lang='lat' dir='ltr'><strong>ut</strong></span> <span class='ocrx_word' id='word_1_746' title='bbox 3531 3286 3666 3341; x_wconf 89' lang='lat' dir='ltr'><strong>sitis</strong></span> 
     </span>
    </p>
   </div>
   <div class='ocr_carea' id='block_1_95' title="bbox 2076 3376 3664 3452">
    <p class='ocr_par' dir='ltr' id='par_1_95' title="bbox 2076 3376 3664 3452">
     <span class='ocr_line' id='line_1_96' title="bbox 2076 3376 3664 3452; baseline -0.005 -13"><span class='ocrx_word' id='word_1_747' title='bbox 2076 3387 2257 3441; x_wconf 84' lang='lat' dir='ltr'><strong>hortus</strong></span> <span class='ocrx_word' id='word_1_748' title='bbox 2288 3382 2587 3446; x_wconf 88' lang='lat' dir='ltr'><strong>conclusus,</strong></span> <span class='ocrx_word' id='word_1_749' title='bbox 2624 3381 2741 3451; x_wconf 81' lang='lat' dir='ltr'><strong>[ous</strong></span> <span class='ocrx_word' id='word_1_750' title='bbox 2773 3380 3011 3451; x_wconf 84' lang='lat' dir='ltr'><strong>signatus</strong></span> <span class='ocrx_word' id='word_1_751' title='bbox 3036 3378 3211 3451; x_wconf 83' lang='lat' dir='ltr'><strong>(Cant.</strong></span> <span class='ocrx_word' id='word_1_752' title='bbox 3235 3378 3334 3452; x_wconf 72' lang='lat' dir='ltr'><strong>vr).</strong></span> <span class='ocrx_word' id='word_1_753' title='bbox 3380 3376 3484 3442; x_wconf 85' lang='lat' dir='ltr'><strong>Qui</strong></span> <span class='ocrx_word' id='word_1_754' title='bbox 3511 3380 3664 3432; x_wconf 84' lang='lat' dir='ltr'><strong>enim</strong></span> 
     </span>
    </p>
   </div>
   <div class='ocr_carea' id='block_1_96' title="bbox 2078 3469 3665 3544">
    <p class='ocr_par' dir='ltr' id='par_1_96' title="bbox 2078 3469 3665 3544">
     <span class='ocr_line' id='line_1_97' title="bbox 2078 3469 3665 3544; baseline -0.005 -12"><span class='ocrx_word' id='word_1_755' title='bbox 2078 3486 2232 3532; x_wconf 89' lang='lat' dir='ltr'><strong>natus</strong></span> <span class='ocrx_word' id='word_1_756' title='bbox 2272 3491 2336 3530; x_wconf 81' lang='lat' dir='ltr'><strong>ea:</strong></span> <span class='ocrx_word' id='word_1_757' title='bbox 2374 3474 2485 3528; x_wconf 86' lang='lat' dir='ltr'><strong>Deo</strong></span> <span class='ocrx_word' id='word_1_758' title='bbox 2528 3489 2629 3526; x_wconf 87' lang='lat' dir='ltr'><strong>non</strong></span> <span class='ocrx_word' id='word_1_759' title='bbox 2671 3480 2867 3544; x_wconf 84' lang='lat' dir='ltr'><strong>peccat,</strong></span> <span class='ocrx_word' id='word_1_760' title='bbox 2909 3471 3157 3540; x_wconf 87' lang='lat' dir='ltr'><strong>quoniam</strong></span> <span class='ocrx_word' id='word_1_761' title='bbox 3196 3486 3367 3524; x_wconf 86' lang='lat' dir='ltr'><strong>semen</strong></span> <span class='ocrx_word' id='word_1_762' title='bbox 3408 3469 3553 3523; x_wconf 88' lang='lat' dir='ltr'><strong>illius</strong></span> <span class='ocrx_word' id='word_1_763' title='bbox 3605 3471 3665 3524; x_wconf 87' lang='lat' dir='ltr'><strong>in</strong></span> 
     </span>
    </p>
   </div>
   <div class='ocr_carea' id='block_1_97' title="bbox 2077 3559 3663 3638">
    <p class='ocr_par' dir='ltr' id='par_1_97' title="bbox 2077 3559 3663 3638">
     <span class='ocr_line' id='line_1_98' title="bbox 2077 3559 3663 3638; baseline -0.007 -15"><span class='ocrx_word' id='word_1_764' title='bbox 2077 3586 2137 3623; x_wconf 86' lang='lat' dir='ltr'><strong>eo</strong></span> <span class='ocrx_word' id='word_1_765' title='bbox 2178 3574 2446 3638; x_wconf 87' lang='lat' dir='ltr'><strong>permanet</strong></span> <span class='ocrx_word' id='word_1_766' title='bbox 2491 3563 2543 3635; x_wconf 89' lang='lat' dir='ltr'><strong>(I</strong></span> <span class='ocrx_word' id='word_1_767' title='bbox 2571 3563 2732 3617; x_wconf 78' lang='lat' dir='ltr'><strong>Joan.</strong></span> <span class='ocrx_word' id='word_1_768' title='bbox 2765 3562 2868 3632; x_wconf 86' lang='grc' dir='ltr'>ιιι).</span> <span class='ocrx_word' id='word_1_769' title='bbox 2918 3561 3061 3615; x_wconf 88' lang='lat' dir='ltr'><strong>Idem</strong></span> <span class='ocrx_word' id='word_1_770' title='bbox 3098 3560 3332 3615; x_wconf 84' lang='lat' dir='ltr'><strong>Joannes</strong></span> <span class='ocrx_word' id='word_1_771' title='bbox 3368 3559 3663 3628; x_wconf 88' lang='lat' dir='ltr'><strong>loquitur:</strong></span> 
     </span>
    </p>
   </div>
   <div class='ocr_carea' id='block_1_98' title="bbox 2079 3652 3667 3727">
    <p class='ocr_par' dir='ltr' id='par_1_98' title="bbox 2079 3652 3667 3727">
     <span class='ocr_line' id='line_1_99' title="bbox 2079 3652 3667 3727; baseline -0.007 -11"><span class='ocrx_word' id='word_1_772' title='bbox 2079 3660 2262 3716; x_wconf 90' lang='lat' dir='ltr'><strong>Scribo</strong></span> <span class='ocrx_word' id='word_1_773' title='bbox 2296 3658 2456 3721; x_wconf 87' lang='lat' dir='ltr'><strong>vobis,</strong></span> <span class='ocrx_word' id='word_1_774' title='bbox 2482 3657 2720 3727; x_wconf 81' lang='lat' dir='ltr'><strong>juvenes,</strong></span> <span class='ocrx_word' id='word_1_775' title='bbox 2754 3654 3002 3725; x_wconf 85' lang='lat' dir='ltr'><strong>quoniam</strong></span> <span class='ocrx_word' id='word_1_776' title='bbox 3038 3653 3197 3722; x_wconf 78' lang='lat' dir='ltr'><strong>fortes</strong></span> <span class='ocrx_word' id='word_1_777' title='bbox 3228 3652 3372 3717; x_wconf 85' lang='lat' dir='ltr'><strong>estis,</strong></span> <span class='ocrx_word' id='word_1_778' title='bbox 3403 3663 3452 3706; x_wconf 81' lang='lat' dir='ltr'><strong>et</strong></span> <span class='ocrx_word' id='word_1_779' title='bbox 3480 3667 3667 3706; x_wconf 81' lang='lat' dir='ltr'><strong>sermo</strong></span> 
     </span>
    </p>
   </div>
   <div class='ocr_carea' id='block_1_99' title="bbox 2078 3737 3661 3817">
    <p class='ocr_par' dir='ltr' id='par_1_99' title="bbox 2078 3737 3661 3817">
     <span class='ocr_line' id='line_1_100' title="bbox 2078 3737 3661 3817; baseline -0.005 -13"><span class='ocrx_word' id='word_1_780' title='bbox 2078 3750 2176 3804; x_wconf 86' lang='lat' dir='ltr'><strong>Dei</strong></span> <span class='ocrx_word' id='word_1_781' title='bbox 2219 3750 2271 3804; x_wconf 87' lang='lat' dir='ltr'><strong>in</strong></span> <span class='ocrx_word' id='word_1_782' title='bbox 2316 3748 2454 3803; x_wconf 85' lang='lat' dir='ltr'><strong>vobis</strong></span> <span class='ocrx_word' id='word_1_783' title='bbox 2489 3754 2775 3817; x_wconf 88' lang='lat' dir='ltr'><strong>permanet,</strong></span> <span class='ocrx_word' id='word_1_784' title='bbox 2804 3754 2851 3798; x_wconf 92' lang='lat' dir='ltr'><strong>et</strong></span> <span class='ocrx_word' id='word_1_785' title='bbox 2877 3742 3071 3797; x_wconf 87' lang='lat' dir='ltr'><strong>vicistis</strong></span> <span class='ocrx_word' id='word_1_786' title='bbox 3095 3740 3385 3812; x_wconf 86' lang='lat' dir='ltr'><strong>malignum</strong></span> <span class='ocrx_word' id='word_1_787' title='bbox 3409 3737 3463 3812; x_wconf 88' lang='grc' dir='ltr'><strong>(Ι</strong></span> <span class='ocrx_word' id='word_1_788' title='bbox 3483 3739 3661 3796; x_wconf 80' lang='lat' dir='ltr'><strong>Joan.</strong></span> 
     </span>
    </p>
   </div>
   <div class='ocr_carea' id='block_1_100' title="bbox 2080 3831 3664 3912">
    <p class='ocr_par' dir='ltr' id='par_1_100' title="bbox 2080 3831 3664 3912">
     <span class='ocr_line' id='line_1_101' title="bbox 2080 3831 3664 3912; baseline -0.008 -16"><span class='ocrx_word' id='word_1_789' title='bbox 2080 3840 2163 3912; x_wconf 88' lang='grc' dir='ltr'>ιι).</span> <span class='ocrx_word' id='word_1_790' title='bbox 2188 3840 2322 3896; x_wconf 82' lang='lat' dir='ltr'><strong>Cum</strong></span> <span class='ocrx_word' id='word_1_791' title='bbox 2361 3846 2415 3893; x_wconf 89' lang='lat' dir='ltr'><strong>et</strong></span> <span class='ocrx_word' id='word_1_792' title='bbox 2438 3853 2533 3893; x_wconf 87' lang='lat' dir='ltr'><strong>vos</strong></span> <span class='ocrx_word' id='word_1_793' title='bbox 2559 3835 2798 3892; x_wconf 88' lang='lat' dir='ltr'><strong>viceritis</strong></span> <span class='ocrx_word' id='word_1_794' title='bbox 2841 3834 3140 3898; x_wconf 89' lang='lat' dir='ltr'><strong>inimicum,</strong></span> <span class='ocrx_word' id='word_1_795' title='bbox 3183 3833 3295 3887; x_wconf 91' lang='lat' dir='ltr'><strong>Deo</strong></span> <span class='ocrx_word' id='word_1_796' title='bbox 3320 3831 3475 3887; x_wconf 83' lang='lat' dir='ltr'><strong>vobis</strong></span> <span class='ocrx_word' id='word_1_797' title='bbox 3510 3845 3664 3900; x_wconf 74' lang='lat' dir='ltr'><strong>prac-</strong></span> 
     </span>
    </p>
   </div>
   <div class='ocr_carea' id='block_1_101' title="bbox 2080 3922 3666 3995">
    <p class='ocr_par' dir='ltr' id='par_1_101' title="bbox 2080 3922 3666 3995">
     <span class='ocr_line' id='line_1_102' title="bbox 2080 3922 3666 3995; baseline -0.008 -7"><span class='ocrx_word' id='word_1_798' title='bbox 2080 3936 2242 3988; x_wconf 85' lang='lat' dir='ltr'><strong>bcnte</strong></span> <span class='ocrx_word' id='word_1_799' title='bbox 2280 3930 2570 3992; x_wconf 80' lang='lat' dir='ltr'><strong>auxilium,</strong></span> <span class='ocrx_word' id='word_1_800' title='bbox 2610 3935 2739 3981; x_wconf 90' lang='lat' dir='ltr'><strong>tunc</strong></span> <span class='ocrx_word' id='word_1_801' title='bbox 2768 3934 2825 3980; x_wconf 92' lang='lat' dir='ltr'><strong>et</strong></span> <span class='ocrx_word' id='word_1_802' title='bbox 2853 3924 2966 3995; x_wconf 89' lang='lat' dir='ltr'><strong>ipse</strong></span> <span class='ocrx_word' id='word_1_803' title='bbox 2994 3922 3177 3978; x_wconf 86' lang='lat' dir='ltr'><strong>dicet:</strong></span> <span class='ocrx_word' id='word_1_804' title='bbox 3218 3922 3419 3976; x_wconf 85' lang='lat' dir='ltr'><strong>Eruam</strong></span> <span class='ocrx_word' id='word_1_805' title='bbox 3460 3936 3549 3974; x_wconf 84' lang='lat' dir='ltr'><strong>eos</strong></span> <span class='ocrx_word' id='word_1_806' title='bbox 3595 3924 3666 3975; x_wconf 79' lang='lat' dir='ltr'><strong>de</strong></span> 
     </span>
    </p>
   </div>
   <div class='ocr_carea' id='block_1_102' title="bbox 2081 4010 3663 4093">
    <p class='ocr_par' dir='ltr' id='par_1_102' title="bbox 2081 4010 3663 4093">
     <span class='ocr_line' id='line_1_103' title="bbox 2081 4010 3663 4093; baseline -0.008 -16"><span class='ocrx_word' id='word_1_807' title='bbox 2081 4022 2322 4093; x_wconf 81' lang='lat' dir='ltr'><strong>inferno,</strong></span> <span class='ocrx_word' id='word_1_808' title='bbox 2375 4030 2421 4074; x_wconf 88' lang='lat' dir='ltr'><strong>et</strong></span> <span class='ocrx_word' id='word_1_809' title='bbox 2466 4017 2717 4073; x_wconf 84' lang='lat' dir='ltr'><strong>redimam</strong></span> <span class='ocrx_word' id='word_1_810' title='bbox 2757 4032 2844 4070; x_wconf 89' lang='lat' dir='ltr'><strong>eos</strong></span> <span class='ocrx_word' id='word_1_811' title='bbox 2884 4014 2949 4068; x_wconf 88' lang='lat' dir='ltr'><strong>de</strong></span> <span class='ocrx_word' id='word_1_812' title='bbox 2986 4022 3173 4067; x_wconf 86' lang='lat' dir='ltr'><strong>morte.</strong></span> <span class='ocrx_word' id='word_1_813' title='bbox 3226 4010 3326 4065; x_wconf 88' lang='lat' dir='ltr'><strong>Ubi</strong></span> <span class='ocrx_word' id='word_1_814' title='bbox 3357 4019 3456 4075; x_wconf 79' lang='lat' dir='ltr'><strong>est,</strong></span> <span class='ocrx_word' id='word_1_815' title='bbox 3486 4026 3663 4073; x_wconf 84' lang='lat' dir='ltr'><strong>mors,</strong></span> 
     </span>
    </p>
   </div>
   <div class='ocr_carea' id='block_1_103' title="bbox 2082 4101 3669 4173">
    <p class='ocr_par' dir='ltr' id='par_1_103' title="bbox 2082 4101 3669 4173">
     <span class='ocr_line' id='line_1_104' title="bbox 2082 4101 3669 4173; baseline -0.007 -6"><span class='ocrx_word' id='word_1_816' title='bbox 2082 4108 2573 4167; x_wconf 84' lang='lat' dir='ltr'><strong>contentiotua?ubi</strong></span> <span class='ocrx_word' id='word_1_817' title='bbox 2596 4102 3125 4173; x_wconf 88' lang='lat' dir='ltr'><strong>est,mors,stimulus</strong></span> <span class='ocrx_word' id='word_1_818' title='bbox 3140 4113 3258 4156; x_wconf 91' lang='lat' dir='ltr'><strong>tuus</strong></span> <span class='ocrx_word' id='word_1_819' title='bbox 3282 4101 3475 4173; x_wconf 76' lang='lat' dir='ltr'><strong>(Oseu&#39;,</strong></span> <span class='ocrx_word' id='word_1_820' title='bbox 3491 4102 3625 4171; x_wconf 79' lang='lat' dir='ltr'><strong>xm)</strong></span> <span class='ocrx_word' id='word_1_821' title='bbox 3645 4103 3669 4156; x_wconf 84' lang='lat'><strong>?</strong></span> 
     </span>
    </p>
   </div>
   <div class='ocr_carea' id='block_1_104' title="bbox 2086 4192 3663 4263">
    <p class='ocr_par' dir='ltr' id='par_1_104' title="bbox 2086 4192 3663 4263">
     <span class='ocr_line' id='line_1_105' title="bbox 2086 4192 3663 4263; baseline -0.007 -7"><span class='ocrx_word' id='word_1_822' title='bbox 2086 4201 2143 4257; x_wconf 87' lang='lat' dir='ltr'><strong>Si</strong></span> <span class='ocrx_word' id='word_1_823' title='bbox 2177 4216 2308 4255; x_wconf 85' lang='lat' dir='ltr'><strong>vero</strong></span> <span class='ocrx_word' id='word_1_824' title='bbox 2344 4208 2573 4253; x_wconf 89' lang='lat' dir='ltr'><strong>mortem</strong></span> <span class='ocrx_word' id='word_1_825' title='bbox 2612 4196 2990 4253; x_wconf 89' lang='lat' dir='ltr'><strong>devorabimus</strong></span> <span class='ocrx_word' id='word_1_826' title='bbox 3014 4235 3030 4260; x_wconf 88' lang='lat'><strong>,</strong></span> <span class='ocrx_word' id='word_1_827' title='bbox 3078 4192 3456 4263; x_wconf 88' lang='lat' dir='ltr'><strong>superabimus</strong></span> <span class='ocrx_word' id='word_1_828' title='bbox 3494 4208 3621 4247; x_wconf 90' lang='lat' dir='ltr'><strong>eam</strong></span> <span class='ocrx_word' id='word_1_829' title='bbox 3648 4234 3663 4256; x_wconf 90' lang='lat'><strong>,</strong></span> 
     </span>
    </p>
   </div>
   <div class='ocr_carea' id='block_1_105' title="bbox 2084 4282 3667 4357">
    <p class='ocr_par' dir='ltr' id='par_1_105' title="bbox 2084 4282 3667 4357">
     <span class='ocr_line' id='line_1_106' title="bbox 2084 4282 3667 4357; baseline -0.006 -12"><span class='ocrx_word' id='word_1_830' title='bbox 2084 4299 2139 4346; x_wconf 90' lang='lat' dir='ltr'><strong>et</strong></span> <span class='ocrx_word' id='word_1_831' title='bbox 2179 4291 2389 4345; x_wconf 84' lang='lat' dir='ltr'><strong>dicetur</strong></span> <span class='ocrx_word' id='word_1_832' title='bbox 2417 4288 2614 4344; x_wconf 89' lang='lat' dir='ltr'><strong>nobis:</strong></span> <span class='ocrx_word' id='word_1_833' title='bbox 2654 4287 2801 4342; x_wconf 78' lang='lat' dir='ltr'><strong>Mors</strong></span> <span class='ocrx_word' id='word_1_834' title='bbox 2843 4288 2891 4341; x_wconf 91' lang='lat' dir='ltr'><strong>ei</strong></span> <span class='ocrx_word' id='word_1_835' title='bbox 2932 4300 3256 4357; x_wconf 87' lang='lat' dir='ltr'><strong>nequaquam</strong></span> <span class='ocrx_word' id='word_1_836' title='bbox 3299 4282 3667 4337; x_wconf 81' lang='lat' dir='ltr'><strong>dominabitur</strong></span> 
     </span>
    </p>
   </div>
   <div class='ocr_carea' id='block_1_106' title="bbox 2010 4372 3668 4471">
    <p class='ocr_par' dir='ltr' id='par_1_106' title="bbox 2010 4372 3668 4471">
     <span class='ocr_line' id='line_1_107' title="bbox 2010 4372 3668 4471; baseline -0.007 -35"><span class='ocrx_word' id='word_1_837' title='bbox 2010 4408 2061 4471; x_wconf 70' lang='grc' dir='ltr'>Β</span> <span class='ocrx_word' id='word_1_838' title='bbox 2087 4379 2385 4455; x_wconf 82' lang='lat' dir='ltr'><strong>(Rom.vt):</strong></span> <span class='ocrx_word' id='word_1_839' title='bbox 2409 4380 2663 4451; x_wconf 88' lang='lat' dir='ltr'><strong>quoniam</strong></span> <span class='ocrx_word' id='word_1_840' title='bbox 2690 4392 2859 4443; x_wconf 90' lang='lat' dir='ltr'><strong>mors,</strong></span> <span class='ocrx_word' id='word_1_841' title='bbox 2884 4392 2991 4446; x_wconf 90' lang='lat' dir='ltr'><strong>qua</strong></span> <span class='ocrx_word' id='word_1_842' title='bbox 3016 4384 3239 4445; x_wconf 88' lang='lat' dir='ltr'><strong>peccato</strong></span> <span class='ocrx_word' id='word_1_843' title='bbox 3264 4372 3461 4428; x_wconf 87' lang='lat' dir='ltr'><strong>mortui</strong></span> <span class='ocrx_word' id='word_1_844' title='bbox 3490 4374 3668 4426; x_wconf 89' lang='lat' dir='ltr'><strong>semel</strong></span> 
     </span>
    </p>
   </div>
   <div class='ocr_carea' id='block_1_107' title="bbox 2087 4462 3667 4538">
    <p class='ocr_par' dir='ltr' id='par_1_107' title="bbox 2087 4462 3667 4538">
     <span class='ocr_line' id='line_1_108' title="bbox 2087 4462 3667 4538; baseline -0.007 -11"><span class='ocrx_word' id='word_1_845' title='bbox 2087 4487 2293 4538; x_wconf 89' lang='lat' dir='ltr'><strong>sumus,</strong></span> <span class='ocrx_word' id='word_1_846' title='bbox 2325 4472 2379 4525; x_wconf 90' lang='lat' dir='ltr'><strong>in</strong></span> <span class='ocrx_word' id='word_1_847' title='bbox 2409 4471 2562 4525; x_wconf 91' lang='lat' dir='ltr'><strong>nobis</strong></span> <span class='ocrx_word' id='word_1_848' title='bbox 2593 4477 2802 4525; x_wconf 87' lang='lat' dir='ltr'><strong>mortua</strong></span> <span class='ocrx_word' id='word_1_849' title='bbox 2831 4478 2945 4532; x_wconf 91' lang='lat' dir='ltr'><strong>est,</strong></span> <span class='ocrx_word' id='word_1_850' title='bbox 2975 4475 3031 4521; x_wconf 86' lang='lat' dir='ltr'><strong>et</strong></span> <span class='ocrx_word' id='word_1_851' title='bbox 3058 4466 3189 4529; x_wconf 84' lang='lat' dir='ltr'><strong>vita,</strong></span> <span class='ocrx_word' id='word_1_852' title='bbox 3223 4480 3329 4535; x_wconf 90' lang='lat' dir='ltr'><strong>qua</strong></span> <span class='ocrx_word' id='word_1_853' title='bbox 3362 4464 3414 4517; x_wconf 92' lang='lat' dir='ltr'><strong>in</strong></span> <span class='ocrx_word' id='word_1_854' title='bbox 3440 4462 3667 4519; x_wconf 81' lang='lat' dir='ltr'><strong>Christo</strong></span> 
     </span>
    </p>
   </div>
   <div class='ocr_carea' id='block_1_108' title="bbox 2088 4556 3666 4632">
    <p class='ocr_par' dir='ltr' id='par_1_108' title="bbox 2088 4556 3666 4632">
     <span class='ocr_line' id='line_1_109' title="bbox 2088 4556 3666 4632; baseline -0.006 -14"><span class='ocrx_word' id='word_1_855' title='bbox 2088 4564 2340 4628; x_wconf 84' lang='lat' dir='ltr'><strong>vivimus,</strong></span> <span class='ocrx_word' id='word_1_856' title='bbox 2382 4576 2594 4632; x_wconf 84' lang='lat' dir='ltr'><strong>semper</strong></span> <span class='ocrx_word' id='word_1_857' title='bbox 2635 4558 3062 4631; x_wconf 83' lang='lat' dir='ltr'><strong>vivimns(Rom.</strong></span> <span class='ocrx_word' id='word_1_858' title='bbox 3092 4556 3211 4628; x_wconf 84' lang='lat' dir='ltr'><strong>vn).</strong></span> <span class='ocrx_word' id='word_1_859' title='bbox 3265 4556 3366 4623; x_wconf 92' lang='lat' dir='ltr'><strong>Qui</strong></span> <span class='ocrx_word' id='word_1_860' title='bbox 3410 4556 3556 4609; x_wconf 88' lang='lat' dir='ltr'><strong>enim</strong></span> <span class='ocrx_word' id='word_1_861' title='bbox 3610 4556 3666 4609; x_wconf 89' lang='lat' dir='ltr'><strong>in</strong></span> 
     </span>
    </p>
   </div>
   <div class='ocr_carea' id='block_1_109' title="bbox 2089 4645 3667 4722">
    <p class='ocr_par' dir='ltr' id='par_1_109' title="bbox 2089 4645 3667 4722">
     <span class='ocr_line' id='line_1_110' title="bbox 2089 4645 3667 4722; baseline -0.005 -14"><span class='ocrx_word' id='word_1_862' title='bbox 2089 4668 2252 4709; x_wconf 90' lang='lat' dir='ltr'><strong>carne</strong></span> <span class='ocrx_word' id='word_1_863' title='bbox 2280 4650 2527 4716; x_wconf 91' lang='lat' dir='ltr'><strong>moritur,</strong></span> <span class='ocrx_word' id='word_1_864' title='bbox 2551 4649 2937 4722; x_wconf 81' lang='lat' dir='ltr'><strong>justiticabitur</strong></span> <span class='ocrx_word' id='word_1_865' title='bbox 2961 4664 2992 4703; x_wconf 89' lang='lat' dir='ltr'><strong>a</strong></span> <span class='ocrx_word' id='word_1_866' title='bbox 3016 4656 3263 4717; x_wconf 87' lang='lat' dir='ltr'><strong>peccato.</strong></span> <span class='ocrx_word' id='word_1_867' title='bbox 3310 4645 3667 4715; x_wconf 86' lang='lat' dir='ltr'><strong>Nequaquam</strong></span> 
     </span>
    </p>
   </div>
   <div class='ocr_carea' id='block_1_110' title="bbox 2091 4735 3666 4804">
    <p class='ocr_par' dir='ltr' id='par_1_110' title="bbox 2091 4735 3666 4804">
     <span class='ocr_line' id='line_1_111' title="bbox 2091 4735 3666 4804; baseline -0.006 -6"><span class='ocrx_word' id='word_1_868' title='bbox 2091 4744 2232 4798; x_wconf 89' lang='lat' dir='ltr'><strong>ultra</strong></span> <span class='ocrx_word' id='word_1_869' title='bbox 2256 4743 2499 4796; x_wconf 85' lang='lat' dir='ltr'><strong>vivamus</strong></span> <span class='ocrx_word' id='word_1_870' title='bbox 2527 4740 2581 4795; x_wconf 92' lang='lat' dir='ltr'><strong>in</strong></span> <span class='ocrx_word' id='word_1_871' title='bbox 2611 4740 2894 4795; x_wconf 88' lang='lat' dir='ltr'><strong>desideriis</strong></span> <span class='ocrx_word' id='word_1_872' title='bbox 2923 4738 3235 4801; x_wconf 87' lang='lat' dir='ltr'><strong>hominum,</strong></span> <span class='ocrx_word' id='word_1_873' title='bbox 3274 4736 3367 4791; x_wconf 90' lang='lat' dir='ltr'><strong>sed</strong></span> <span class='ocrx_word' id='word_1_874' title='bbox 3397 4735 3666 4804; x_wconf 87' lang='lat' dir='ltr'><strong>reliquam</strong></span> 
     </span>
    </p>
   </div>
   <div class='ocr_carea' id='block_1_111' title="bbox 2092 4826 3667 4902">
    <p class='ocr_par' dir='ltr' id='par_1_111' title="bbox 2092 4826 3667 4902">
     <span class='ocr_line' id='line_1_112' title="bbox 2092 4826 3667 4902; baseline -0.007 -11"><span class='ocrx_word' id='word_1_875' title='bbox 2092 4838 2257 4891; x_wconf 86' lang='lat' dir='ltr'><strong>vitam</strong></span> <span class='ocrx_word' id='word_1_876' title='bbox 2288 4836 2344 4889; x_wconf 90' lang='lat' dir='ltr'><strong>in</strong></span> <span class='ocrx_word' id='word_1_877' title='bbox 2369 4837 2645 4889; x_wconf 86' lang='lat' dir='ltr'><strong>voluntate</strong></span> <span class='ocrx_word' id='word_1_878' title='bbox 2680 4832 2776 4887; x_wconf 91' lang='lat' dir='ltr'><strong>Dei</strong></span> <span class='ocrx_word' id='word_1_879' title='bbox 2814 4831 3143 4902; x_wconf 78' lang='lat' dir='ltr'><strong>expleamus.</strong></span> <span class='ocrx_word' id='word_1_880' title='bbox 3190 4828 3289 4896; x_wconf 90' lang='lat' dir='ltr'><strong>Qui</strong></span> <span class='ocrx_word' id='word_1_881' title='bbox 3321 4828 3524 4882; x_wconf 89' lang='lat' dir='ltr'><strong>timetis</strong></span> <span class='ocrx_word' id='word_1_882' title='bbox 3555 4826 3667 4881; x_wconf 88' lang='lat' dir='ltr'><strong>Do-</strong></span> 
     </span>
    </p>
   </div>
   <div class='ocr_carea' id='block_1_112' title="bbox 2094 4917 3663 4986">
    <p class='ocr_par' dir='ltr' id='par_1_112' title="bbox 2094 4917 3663 4986">
     <span class='ocr_line' id='line_1_113' title="bbox 2094 4917 3663 4986; baseline -0.008 -4"><span class='ocrx_word' id='word_1_883' title='bbox 2094 4928 2298 4981; x_wconf 89' lang='lat' dir='ltr'><strong>minum</strong></span> <span class='ocrx_word' id='word_1_884' title='bbox 2327 4933 2535 4980; x_wconf 84' lang='lat' dir='ltr'><strong>armate</strong></span> <span class='ocrx_word' id='word_1_885' title='bbox 2560 4939 2657 4979; x_wconf 91' lang='lat' dir='ltr'><strong>vos</strong></span> <span class='ocrx_word' id='word_1_886' title='bbox 2683 4923 2963 4986; x_wconf 85' lang='lat' dir='ltr'><strong>castitate,</strong></span> <span class='ocrx_word' id='word_1_887' title='bbox 2993 4928 3054 4974; x_wconf 91' lang='lat' dir='ltr'><strong>ut</strong></span> <span class='ocrx_word' id='word_1_888' title='bbox 3085 4920 3272 4974; x_wconf 85' lang='lat' dir='ltr'><strong>audire</strong></span> <span class='ocrx_word' id='word_1_889' title='bbox 3298 4917 3621 4972; x_wconf 89' lang='lat' dir='ltr'><strong>mereamini</strong></span> <span class='ocrx_word' id='word_1_890' title='bbox 3649 4935 3663 4969; x_wconf 90' lang='lat'><strong>:</strong></span> 
     </span>
    </p>
   </div>
   <div class='ocr_carea' id='block_1_113' title="bbox 2108 5012 3723 5087">
    <p class='ocr_par' dir='ltr' id='par_1_113' title="bbox 2108 5012 3723 5087">
     <span class='ocr_line' id='line_1_114' title="bbox 2108 5012 3723 5087; baseline -0.006 -12"><span class='ocrx_word' id='word_1_891' title='bbox 2108 5020 2205 5077; x_wconf 86' lang='lat' dir='ltr'><strong>Vos</strong></span> <span class='ocrx_word' id='word_1_892' title='bbox 2238 5030 2412 5076; x_wconf 86' lang='lat' dir='ltr'><strong>autem</strong></span> <span class='ocrx_word' id='word_1_893' title='bbox 2444 5037 2547 5074; x_wconf 83' lang='lat' dir='ltr'><strong>non</strong></span> <span class='ocrx_word' id='word_1_894' title='bbox 2578 5020 2701 5073; x_wconf 87' lang='lat' dir='ltr'><strong>estis</strong></span> <span class='ocrx_word' id='word_1_895' title='bbox 2735 5019 2791 5072; x_wconf 81' lang='lat' dir='ltr'><strong>in</strong></span> <span class='ocrx_word' id='word_1_896' title='bbox 2824 5034 3004 5083; x_wconf 87' lang='lat' dir='ltr'><strong>carne,</strong></span> <span class='ocrx_word' id='word_1_897' title='bbox 3036 5016 3125 5071; x_wconf 89' lang='lat' dir='ltr'><strong>sed</strong></span> <span class='ocrx_word' id='word_1_898' title='bbox 3154 5018 3211 5070; x_wconf 90' lang='lat' dir='ltr'><strong>in</strong></span> <span class='ocrx_word' id='word_1_899' title='bbox 3236 5017 3425 5086; x_wconf 86' lang='lat' dir='ltr'><strong>spiritu</strong></span> <span class='ocrx_word' id='word_1_900' title='bbox 3449 5012 3664 5087; x_wconf 42' lang='grc' dir='ltr'><strong>(Ιὸὶάη).</strong></span> <span class='ocrx_word' id='word_1_901' title='bbox 3720 5016 3723 5025; x_wconf 81' lang='grc'><strong><em>“</em></strong></span> 
     </span>
    </p>
   </div>
   <div class='ocr_carea' id='block_1_114' title="bbox 2095 5105 3666 5181">
    <p class='ocr_par' dir='ltr' id='par_1_114' title="bbox 2095 5105 3666 5181">
     <span class='ocr_line' id='line_1_115' title="bbox 2095 5105 3666 5181; baseline -0.006 -13"><span class='ocrx_word' id='word_1_902' title='bbox 2095 5113 2162 5168; x_wconf 89' lang='lat' dir='ltr'><strong>Et</strong></span> <span class='ocrx_word' id='word_1_903' title='bbox 2184 5113 2375 5168; x_wconf 89' lang='lat' dir='ltr'><strong>scitote</strong></span> <span class='ocrx_word' id='word_1_904' title='bbox 2396 5110 2537 5181; x_wconf 89' lang='lat' dir='ltr'><strong>quod</strong></span> <span class='ocrx_word' id='word_1_905' title='bbox 2563 5108 2820 5180; x_wconf 82' lang='lat' dir='ltr'><strong>perfectis</strong></span> <span class='ocrx_word' id='word_1_906' title='bbox 2846 5108 3084 5177; x_wconf 81' lang='lat' dir='ltr'><strong>perfecta</strong></span> <span class='ocrx_word' id='word_1_907' title='bbox 3111 5107 3439 5171; x_wconf 86' lang='lat' dir='ltr'><strong>tribuantur,</strong></span> <span class='ocrx_word' id='word_1_908' title='bbox 3467 5113 3524 5160; x_wconf 90' lang='lat' dir='ltr'><strong>et</strong></span> <span class='ocrx_word' id='word_1_909' title='bbox 3551 5105 3666 5158; x_wconf 86' lang='lat' dir='ltr'><strong>ina-</strong></span> 
     </span>
    </p>
   </div>
   <div class='ocr_carea' id='block_1_115' title="bbox 2094 5194 3665 5269">
    <p class='ocr_par' dir='ltr' id='par_1_115' title="bbox 2094 5194 3665 5269">
     <span class='ocr_line' id='line_1_116' title="bbox 2094 5194 3665 5269; baseline -0.008 -9"><span class='ocrx_word' id='word_1_910' title='bbox 2094 5205 2253 5260; x_wconf 87' lang='lat' dir='ltr'><strong>nibus</strong></span> <span class='ocrx_word' id='word_1_911' title='bbox 2290 5203 2582 5258; x_wconf 89' lang='lat' dir='ltr'><strong>reddantur</strong></span> <span class='ocrx_word' id='word_1_912' title='bbox 2613 5200 2828 5266; x_wconf 87' lang='lat' dir='ltr'><strong>inania,</strong></span> <span class='ocrx_word' id='word_1_913' title='bbox 2867 5199 3023 5269; x_wconf 85' lang='lat' dir='ltr'><strong>juxta</strong></span> <span class='ocrx_word' id='word_1_914' title='bbox 3065 5211 3376 5253; x_wconf 88' lang='lat' dir='ltr'><strong>sermonem</strong></span> <span class='ocrx_word' id='word_1_915' title='bbox 3420 5194 3665 5265; x_wconf 87' lang='lat' dir='ltr'><strong>Evange-</strong></span> 
     </span>
    </p>
   </div>
   <div class='ocr_carea' id='block_1_116' title="bbox 2092 5289 3665 5359">
    <p class='ocr_par' dir='ltr' id='par_1_116' title="bbox 2092 5289 3665 5359">
     <span class='ocr_line' id='line_1_117' title="bbox 2092 5289 3665 5359; baseline -0.006 -10"><span class='ocrx_word' id='word_1_916' title='bbox 2092 5296 2255 5351; x_wconf 87' lang='lat' dir='ltr'><strong>licum</strong></span> <span class='ocrx_word' id='word_1_917' title='bbox 2280 5312 2293 5348; x_wconf 91' lang='lat'><strong>:</strong></span> <span class='ocrx_word' id='word_1_918' title='bbox 2322 5292 2425 5359; x_wconf 83' lang='lat' dir='ltr'><strong>Qui</strong></span> <span class='ocrx_word' id='word_1_919' title='bbox 2448 5294 2619 5358; x_wconf 88' lang='lat' dir='ltr'><strong>habet,</strong></span> <span class='ocrx_word' id='word_1_920' title='bbox 2638 5293 2849 5346; x_wconf 86' lang='lat' dir='ltr'><strong>dabitur</strong></span> <span class='ocrx_word' id='word_1_921' title='bbox 2866 5293 2937 5356; x_wconf 89' lang='lat' dir='ltr'><strong>ei,</strong></span> <span class='ocrx_word' id='word_1_922' title='bbox 2960 5300 3006 5345; x_wconf 86' lang='lat' dir='ltr'><strong>ct</strong></span> <span class='ocrx_word' id='word_1_923' title='bbox 3032 5289 3354 5353; x_wconf 87' lang='lat' dir='ltr'><strong>abundabit;</strong></span> <span class='ocrx_word' id='word_1_924' title='bbox 3380 5289 3471 5359; x_wconf 89' lang='lat' dir='ltr'><strong>qui</strong></span> <span class='ocrx_word' id='word_1_925' title='bbox 3490 5299 3665 5341; x_wconf 86' lang='lat' dir='ltr'><strong>autem</strong></span> 
     </span>
    </p>
   </div>
   <div class='ocr_carea' id='block_1_117' title="bbox 2095 5374 3666 5453">
    <p class='ocr_par' dir='ltr' id='par_1_117' title="bbox 2095 5374 3666 5453">
     <span class='ocr_line' id='line_1_118' title="bbox 2095 5374 3666 5453; baseline -0.009 -13"><span class='ocrx_word' id='word_1_926' title='bbox 2095 5403 2197 5440; x_wconf 88' lang='lat' dir='ltr'><strong>non</strong></span> <span class='ocrx_word' id='word_1_927' title='bbox 2235 5385 2406 5448; x_wconf 87' lang='lat' dir='ltr'><strong>habet,</strong></span> <span class='ocrx_word' id='word_1_928' title='bbox 2451 5392 2500 5436; x_wconf 87' lang='lat' dir='ltr'><strong>et</strong></span> <span class='ocrx_word' id='word_1_929' title='bbox 2542 5381 2679 5453; x_wconf 88' lang='lat' dir='ltr'><strong>quod</strong></span> <span class='ocrx_word' id='word_1_930' title='bbox 2721 5380 2990 5436; x_wconf 86' lang='lat' dir='ltr'><strong>videbatur</strong></span> <span class='ocrx_word' id='word_1_931' title='bbox 3029 5379 3243 5443; x_wconf 84' lang='lat' dir='ltr'><strong>habere,</strong></span> <span class='ocrx_word' id='word_1_932' title='bbox 3286 5377 3562 5447; x_wconf 76' lang='lat' dir='ltr'><strong>auferetur</strong></span> <span class='ocrx_word' id='word_1_933' title='bbox 3600 5374 3666 5427; x_wconf 76' lang='lat' dir='ltr'><strong>ab</strong></span> 
     </span>
    </p>
   </div>
   <div class='ocr_carea' id='block_1_118' title="bbox 2092 5469 3664 5548">
    <p class='ocr_par' dir='ltr' id='par_1_118' title="bbox 2092 5469 3664 5548">
     <span class='ocr_line' id='line_1_119' title="bbox 2092 5469 3664 5548; baseline -0.01 -18"><span class='ocrx_word' id='word_1_934' title='bbox 2092 5492 2152 5530; x_wconf 93' lang='lat' dir='ltr'><strong>eo</strong></span> <span class='ocrx_word' id='word_1_935' title='bbox 2174 5473 2485 5548; x_wconf 76' lang='lat' dir='ltr'><strong>(Marc.&#39;tv).</strong></span> <span class='ocrx_word' id='word_1_936' title='bbox 2520 5472 2800 5527; x_wconf 89' lang='lat' dir='ltr'><strong>Imitemur</strong></span> <span class='ocrx_word' id='word_1_937' title='bbox 2822 5471 3058 5542; x_wconf 82' lang='lat' dir='ltr'><strong>virgines</strong></span> <span class='ocrx_word' id='word_1_938' title='bbox 3082 5469 3374 5539; x_wconf 60' lang='lat' dir='ltr'><strong>sapientes,</strong></span> <span class='ocrx_word' id='word_1_939' title='bbox 3399 5480 3522 5536; x_wconf 76' lang='lat' dir='ltr'><strong>qua:</strong></span> <span class='ocrx_word' id='word_1_940' title='bbox 3544 5479 3664 5520; x_wconf 89' lang='lat' dir='ltr'><strong>cum</strong></span> 
     </span>
    </p>
   </div>
   <div class='ocr_carea' id='block_1_119' title="bbox 2095 5555 3671 5637">
    <p class='ocr_par' dir='ltr' id='par_1_119' title="bbox 2095 5555 3671 5637">
     <span class='ocr_line' id='line_1_120' title="bbox 2095 5555 3671 5637; baseline -0.01 -15"><span class='ocrx_word' id='word_1_941' title='bbox 2095 5581 2292 5637; x_wconf 86' lang='lat' dir='ltr'><strong>sponso</strong></span> <span class='ocrx_word' id='word_1_942' title='bbox 2322 5564 2618 5623; x_wconf 83' lang='lat' dir='ltr'><strong>thalamum</strong></span> <span class='ocrx_word' id='word_1_943' title='bbox 2645 5562 2853 5633; x_wconf 83' lang='lat' dir='ltr'><strong>ingredi</strong></span> <span class='ocrx_word' id='word_1_944' title='bbox 2884 5568 3223 5624; x_wconf 87' lang='lat' dir='ltr'><strong>meruerunt,</strong></span> <span class='ocrx_word' id='word_1_945' title='bbox 3246 5572 3365 5628; x_wconf 73' lang='lat' dir='ltr'><strong>qua:</strong></span> <span class='ocrx_word' id='word_1_946' title='bbox 3395 5555 3671 5611; x_wconf 84' lang='lat' dir='ltr'><strong>habebant</strong></span> 
     </span>
    </p>
   </div>
   <div class='ocr_carea' id='block_1_120' title="bbox 2096 5650 3658 5721">
    <p class='ocr_par' dir='ltr' id='par_1_120' title="bbox 2096 5650 3658 5721">
     <span class='ocr_line' id='line_1_121' title="bbox 2096 5650 3658 5721; baseline -0.012 -10"><span class='ocrx_word' id='word_1_947' title='bbox 2096 5657 2151 5711; x_wconf 88' lang='lat' dir='ltr'><strong>in</strong></span> <span class='ocrx_word' id='word_1_948' title='bbox 2175 5656 2317 5711; x_wconf 83' lang='lat' dir='ltr'><strong>vasis</strong></span> <span class='ocrx_word' id='word_1_949' title='bbox 2346 5655 2457 5709; x_wconf 80' lang='lat' dir='ltr'><strong>suis</strong></span> <span class='ocrx_word' id='word_1_950' title='bbox 2484 5662 2537 5707; x_wconf 88' lang='lat' dir='ltr'><strong>et</strong></span> <span class='ocrx_word' id='word_1_951' title='bbox 2562 5651 2899 5721; x_wconf 77' lang='lat' dir='ltr'><strong>lampadibus</strong></span> <span class='ocrx_word' id='word_1_952' title='bbox 2923 5650 3099 5705; x_wconf 88' lang='lat' dir='ltr'><strong>oleum</strong></span> <span class='ocrx_word' id='word_1_953' title='bbox 3125 5651 3387 5705; x_wconf 71' lang='lat' dir='ltr'><strong>bonorum</strong></span> <span class='ocrx_word' id='word_1_954' title='bbox 3414 5658 3658 5715; x_wconf 76' lang='lat' dir='ltr'><strong>cperam.</strong></span> 
     </span>
    </p>
   </div>
  </div>
