3942 6190
270 262 366 316 461

928 271 1154 330 CODEX
1192 278 1642 338 REGULARUM.
1686 316 1753 323 ———-
1792 285 1968 339 PARS
2007 287 2045 342 Ι.
2091 290 2391 351 ilEGULzE
2434 301 2535 355 PP.
2578 302 2846 359 ORIENT.

3415 316 3517 372 is?!

267 377 440 431 Porro
465 378 647 438 stulta!
668 380 904 451 virgines
933 384 1173 443 clausam
1202 391 1423 448 thalami
1449 394 1669 461 januam
1702 410 1858 464 repe-
1891 398 1938 457 Α
1966 409 2132 455 vestra
2158 403 2313 475 (Luc.
2342 410 2488 481 xvi);
2521 411 2779 470 fratribus
2806 414 3192 486 laborantibus,
3220 430 3273 477 et
3294 422 3514 494 jejunus

269 477 489 534 rernnt,
529 471 658 541 quia
688 482 814 532 ante
840 478 1054 547 nuptias
1082 495 1277 549 parare
1310 485 1411 539 sibi
1440 486 1616 541 oleum
1655 490 1840 543 nolue-

270 568 393 613 runt
417 560 638 630 (Matth.
661 563 812 635 xxv).
859 565 991 621 Htrc
1017 568 1075 623 in
1103 571 1276 643 ﬁgura
1309 577 1675 645 contingebant
1701 580 1841 644 illis;

266 653 459 722 scripta
484 663 608 708 sunt
628 658 766 710 enim
793 659 864 712 ad
887 664 1256 719 correctionem
1285 679 1515 723 nostram
1538 669 1591 740 (I
1615 670 1737 725 Cor.
1761 671 1837 748 χ),

265 749 324 794 ut
350 742 620 800 evitemus
645 752 850 816 vetera,
878 758 935 804 et
959 766 1237 809 servemus
1253 766 1526 829 praecepta
1552 742 1836 831 sapientis,

262 832 350 901 qui
394 832 514 886 ait:
552 832 666 889 Fili
700 838 803 905 mi,
847 839 894 893 si
929 841 1138 912 sapiens
1174 844 1342 914 fuerit
1380 863 1472 901 cor
1510 858 1679 917 tuum,
1705 851 1838 908 laeti-

259 924 442 993 ﬁcabis
480 942 576 981 cor
604 944 796 997 meum,
822 941 871 986 et
901 922 1378 994 commemorabam
1411 940 1553 997 labia
1583 961 1699 1000 mea
1728 964 1837 1001 ser-

257 1031 432 1068 mones
462 1026 582 1071 tuos
612 1015 795 1091 (Prov.
823 1022 1003 1091 χχιιι),
1044 1025 1089 1078 si
1127 1034 1305 1082 tamen
1338 1032 1471 1085 recti
1501 1031 1723 1088 fuerint.
1769 1037 1837 1091 Et

256 1108 450 1163 iterum
474 1129 492 1163 :
527 1108 651 1164 Non
691 1112 966 1168 a‘muletur
999 1132 1090 1170 cor
1124 1130 1275 1173 tuum
1311 1132 1631 1192 peccatores,
1662 1128 1753 1180 sed
1779 1129 1833 1181 in

252 1199 437 1253 timore
471 1200 571 1254 Dei
604 1212 714 1257 este
748 1214 859 1259 tota
889 1207 1007 1272 die,
1052 1218 1101 1262 et
1138 1210 1237 1265 Dei
1271 1213 1468 1268 cultum
1504 1217 1714 1272 observa
1741 1221 1832 1289 ju-

251 1292 382 1359 giter
406 1292 595 1364 (Prov.
624 1297 803 1369 χχιιι).

318 1382 463 1437 XXI.
507 1383 808 1457 Vigilemus
845 1392 1137 1458 attentius,
1181 1402 1237 1450 et
1276 1396 1512 1454 sciamus
1541 1400 1685 1469 quod
1714 1416 1829 1457 ma-

247 1489 405 1543 gnam
450 1476 610 1533 nobis
658 1477 800 1534 Deus
842 1482 1161 1549 praestiterit
1207 1485 1437 1556 gratiam
1485 1502 1582 1557 per
1607 1488 1825 1544 Patrem

243 1574 495 1620 nostrum
541 1566 894 1623 Pachomium
921 1611 936 1639 ,
983 1580 1044 1625 ut
1099 1574 1539 1632 renuntiaremus
1586 1577 1820 1644 saeculo;

243 1663 295 1707 et
332 1670 554 1710 omnem
597 1656 1015 1715 sollicitudinem
1061 1663 1287 1728 mundi,
1336 1672 1394 1719 et
1434 1680 1596 1722 curas
1637 1683 1817 1723 rerum

241 1750 585 1805 stccularium
613 1766 713 1821 pro
740 1752 909 1808 nihilo
934 1770 1277 1823 poneremus.
1312 1756 1443 1825 Quae
1471 1760 1627 1814 nobis
1656 1775 1817 1816 occa-
1846 1736 1895 1797 Β

238 1843 319 1896 sio
348 1843 541 1897 relicta
576 1852 692 1909 est,
729 1852 791 1898 ut
825 1846 1120 1903 habeamus
1149 1847 1442 1920 quidquam
1471 1852 1745 1921 preprium
1788 1868 1819 1908 a

239 1931 482 1987 funiculo
520 1949 693 2004 usque
732 1935 800 1990 ad
838 1937 1217 2008 corrigendum
1253 1940 1650 2007 calceamenti;
1694 1958 1817 1999 cum

237 2023 540 2078 habeamus
565 2024 916 2094 Prazpositos,
947 2028 1038 2098 qui
1067 2043 1166 2098 pro
1195 2029 1350 2084 nobis
1381 2045 1505 2085 cum
1535 2031 1729 2087 timore
1763 2041 1818 2088 et

235 2126 475 2174 tremore
516 2118 731 2175 solliciti
777 2129 904 2176 sunt
945 2130 1056 2176 tam
1102 2123 1158 2177 in
1188 2124 1337 2188 cibo,
1384 2134 1441 2181 et
1480 2128 1713 2193 vestitu,
1763 2136 1816 2183 et

231 2210 543 2280 corpusculi
574 2210 864 2281 languore,
903 2214 947 2266 si
975 2211 1115 2268 forte
1143 2214 1460 2278 obvenerit,
1493 2224 1555 2270 ut
1583 2217 1637 2271 in
1668 2218 1815 2274 nullo

232 2302 551 2367 timeamus,
594 2308 650 2357 et
684 2319 783 2372 per
806 2304 1147 2359 occasionem
1178 2305 1358 2360 carnis
1387 2305 1580 2362 animm
1608 2309 1814 2363 emolu-

229 2403 406 2447 menta
428 2394 758 2463 perdamus?
780 2394 961 2449 Liberi
983 2410 1186 2457 sumus,
1204 2393 1396 2467 jugum
1418 2397 1485 2452 de
1507 2398 1811 2455 cervicibus

226 2487 431 2541 nostris
462 2487 751 2542 mundanae
786 2489 1063 2543 servitutis
1093 2488 1422 2563 abjecimus;
1464 2505 1563 2545 cur
1591 2506 1808 2546 rursum

226 2577 476 2631 volumus
524 2578 725 2631 reverti
770 2579 836 2633 ad
875 2579 1134 2633 vomitum
1180 2588 1454 2646 nostrum,
1507 2588 1564 2635 et
1606 2581 1809 2653 aliquid

227 2668 427 2723 habere
455 2669 599 2723 unde
629 2669 844 2724 solliciti
876 2670 1066 2735 simus,
1094 2678 1147 2725 et
1176 2672 1319 2741 quod
1345 2672 1575 2742 perdere
1600 2682 1809 2730 metua-

225 2758 374 2811 mus?
403 2757 488 2812 Ad
513 2773 652 2834 qpos
681 2773 812 2812 usus
839 2757 1163 2827 superfluum
1188 2760 1485 2830 palliolum,
1517 2771 1607 2818 aut
1634 2765 1806 2834 epulae

225 2848 513 2915 lautiores,
559 2857 654 2903 aut
692 2849 882 2904 melior
909 2850 1123 2906 lectus?
1169 2866 1294 2906 cum
1330 2854 1514 2909 omnia
1554 2855 1607 2909 in
1649 2871 1801 2911 com-

224 2953 381 2993 mune
417 2939 528 2994 sint
558 2948 890 3010 praeparata,
929 2947 985 2994 et
1017 2941 1152 2996 nihil
1186 2957 1348 2998 cruce
1377 2941 1579 3000 Christi
1613 2946 1802 3003 durius

222 3030 308 3094 ait,
335 3031 492 3101 juxta
523 3047 685 3103 quam
711 3034 950 3087 viventes
977 3032 1166 3089 Patres
1196 3035 1368 3089 nostri
1398 3036 1800 3093 mdillcaverunt

222 3137 316 3176 nos
356 3136 521 3191 super
556 3122 961 3178 fundamentum
1001 3124 1367 3194 apostolorum
1412 3132 1468 3180 et
1509 3122 1799 3196 propheta-

220 3226 371 3277 rum,
422 3220 478 3265 et
526 3212 926 3283 evangeliorum
965 3213 1340 3284 disciplinam,
1385 3230 1506 3285 quae
1552 3218 1794 3289 angulari

219 3301 527 3357 continetur
559 3302 737 3373 lapide
771 3303 1001 3359 Domino
1035 3303 1162 3359 Iesu
1193 3304 1413 3363 Christo
1443 3306 1659 3379 (Ep/tes.
1688 3311 1750 3382 ιι)
1777 3329 1791 3366 :

218 3408 373 3463 quem
411 3403 703 3464 sequentes
731 3394 797 3449 de
825 3395 1107 3450 mortifera
1149 3396 1432 3452 altitudine
1477 3398 1546 3453 ad
1573 3399 1792 3455 vitalem

219 3484 595 3539 descendimus
635 3485 1024 3554 humilitatem,
1069 3487 1285 3544 divitias
1323 3500 1639 3560 paupertate
1668 3508 1789 3547 mu-

219 3582 408 3639 tantes,
438 3584 494 3629 et
520 3573 745 3630 delicias
771 3576 1002 3646 simplici
1031 3577 1171 3633 cibo.

278 3665 443 3720 XXII.
483 3665 682 3731 Nolite,
711 3670 938 3723 obsecro
962 3684 1080 3734 vos,
1110 3670 1355 3726 oblivisci
1385 3674 1555 3728 semel
1584 3676 1788 3746 arrepti

216 3757 491 3826 propositi,
514 3765 568 3810 et
598 3757 913 3813 traditiones
938 3758 1115 3815 Patris
1139 3762 1312 3817 nostri
1341 3763 1515 3818 scalas
1535 3772 1788 3834 putemus

214 3848 277 3901 ad
316 3848 583 3903 caelorum
630 3865 793 3919 regna
838 3852 1143 3909 tendentes.
1202 3853 1280 3908 Ne
1309 3854 1628 3913 desideretis
1666 3873 1785 3927 qua:

202 3950 331 3995 ante
357 3941 633 3998 calcastis.
690 3942 899 3999 Sullicit
928 3945 1085 3999 nobis
1113 3947 1345 4011 habere,
1391 3947 1535 4016 quod
1577 3949 1782 4004 homini

210 4034 337 4088 sat's
363 4042 471 4098 est,
502 4034 609 4088 duo
637 4033 978 4098 lcvitonaria,
1012 4044 1066 4091 et
1099 4036 1261 4090 alium
1291 4038 1560 4103 attritum,
1591 4047 1646 4094 et
1672 4041 1786 4112 pal-

206 4121 387 4177 liolum
422 4123 624 4178 Iineum
646 4165 660 4189 ,
702 4125 836 4179 duos
861 4126 1121 4192 cucullos,
1155 4142 1345 4182 zonam
1376 4127 1597 4194 lineam,
1627 4130 1781 4201 galli-

204 4226 314 4278 cas,
344 4212 565 4282 pellem,
601 4220 656 4267 et
687 4215 915 4284 virgam.
967 4214 1064 4269 Cui
1096 4215 1455 4271 ministerium
1480 4216 1697 4287 aliquod
1727 4227 1782 4273 et

203 4302 535 4373 dispensatio
556 4311 638 4358 cst
660 4305 864 4359 credita
894 4307 1227 4372 monasterii,
1249 4307 1369 4363 etsi
1391 4324 1456 4363 ex
1478 4322 1541 4363 ea
1567 4307 1775 4364 lucrum

1946 505 2003 550 et
2052 499 2385 556 continentia
2410 544 2426 569 ,
2473 513 2528 559 et
2574 505 2882 562 incessabili
2936 508 3121 566 labore
3173 515 3512 572 sudantibus.

1941 585 2150 643 Idcirco
2179 589 2358 647 videte
2385 607 2480 648 eos
2513 594 2566 649 in
2595 597 2789 666 gaudio
2816 606 2982 668 atque
3016 600 3196 657 ltetitia
3214 645 3230 671 ,
3272 607 3362 675 qui
3391 609 3517 663 reli-

1939 687 2173 745 querunt
2217 689 2539 748 praesentem
2587 686 2790 752 vitam,
2836 697 2898 743 ut
2938 688 3175 747 futuram
3218 709 3509 768 conseque—

1937 776 2128 822 rentur
2160 787 2174 823 :
2214 786 2312 827 vos
2357 782 2541 830 autem
2587 777 2642 831 in
2678 779 2941 848 squalore
2984 797 3050 838 ac
3091 788 3409 855 tormentis,
3447 799 3513 845 et

1937 858 2156 915 miseria
2189 865 2542 932 constitutos,
2586 871 2713 938 quia
2749 872 3002 931 noluistis
3027 880 3389 952 evangelicum
3417 900 3512 939 au-

1937 948 2052 1004 dire
2080 966 2410 1021 sermonem,
2440 965 2496 1012 et
2523 957 2678 1014 Isaite
2706 967 3106 1035 contempsistis
3133 948 3297 1026 verba
3327 970 3510 1029 dicen-

1937 1040 2042 1095 tis:
2088 1041 2224 1096 Ecce
2259 1046 2348 1114 qui
2379 1049 2619 1103 serviunt
2656 1052 2814 1118 mihi,
2869 1058 3171 1126 comedent,
3211 1078 3299 1117 vos
3333 1075 3505 1119 autem

1931 1134 2189 1188 esurietis.
2228 1135 2478 1210 Ecce‘qui
2508 1141 2738 1197 serviunt
2766 1144 2926 1211 mihi,
2962 1138 3172 1216 bibent,
3212 1168 3300 1207 vos
3334 1164 3505 1208 autem

1930 1223 2049 1277 sitie
2070 1225 2135 1278 is.
2189 1225 2323 1281 Ecce
2354 1230 2443 1299 qui
2482 1232 2711 1286 serviunt
2740 1233 2897 1300 mihi,
2934 1238 3300 1309 exsultabant,
3337 1254 3389 1297 et
3416 1262 3505 1298 vos

1930 1315 2222 1372 clamabitis
2246 1331 2455 1391 propter
2480 1322 2710 1379 dolorem
2739 1327 2912 1383 cordis
2939 1333 3114 1397 vestri,
3141 1342 3190 1387 et
3221 1334 3283 1388 ob
3310 1340 3506 1390 contri-

1928 1407 2121 1461 tionem
2152 1411 2366 1479 spiritus
2392 1412 2657 1481 ejulabitis
2685 1416 2839 1487 (lsai.
2867 1419 3011 1490 va).
3046 1422 3287 1480 Audistis
3314 1442 3502 1481 omnes

1928 1497 2289 1556 beatitudines
2334 1500 2781 1571 Scripturarum,
2840 1518 2895 1562 et
2941 1510 3187 1569 noluistis
3229 1518 3503 1587 suscipere

1926 1586 2285 1657 disciplinam.

1995 1677 2180 1733 XXIII.
2210 1679 2366 1747 Ideo,
2411 1683 2640 1752 fratres,
2681 1688 2913 1759 aequales
2943 1691 3146 1758 simus,
3196 1708 3225 1748 a
3273 1697 3499 1753 minimo

1923 1783 2093 1839 usque
2127 1770 2193 1824 ad
2226 1774 2561 1841 maximum,
2601 1784 2711 1831 tam
2742 1778 2892 1835 dives
2917 1796 3079 1850 quam
3094 1798 3333 1854 pauper,
3355 1802 3496 1843 con-

1919 1859 2102 1915 cordia
2154 1871 2209 1919 et
2256 1865 2562 1925 humilitate
2592 1867 2854 1943 perfecti,
2906 1881 2968 1926 ut
3009 1874 3075 1929 de
3103 1875 3257 1931 vobis
3284 1893 3496 1949 quoque

1908 1956 2086 2024 possit
2109 1957 2214 2012 dici
2241 1976 2254 2011 :
2286 1957 2392 2026 Qui
2421 1959 2662 2037 multum,
2688 1979 2792 2017 non
2818 1964 3136 2033 abundavit;
3167 1969 3257 2039 qui
3280 1985 3488 2039 parum,

1917 2060 2020 2099 non
2058 2045 2279 2116 indiguit
2313 2046 2400 2120 (II
2428 2046 2549 2105 Cor.
2577 2050 2718 2125 wn).
2775 2051 2854 2109 Ne
2893 2057 3015 2124 quis
3058 2056 3170 2113 suis
3202 2060 3491 2127 provideat

1915 2134 2151 2200 deliciis,
2190 2153 2428 2196 cernens
2459 2139 2682 2197 fratrem
2711 2144 2765 2199 in
2798 2157 3116 2218 paupertate
3151 2157 3206 2205 et
3240 2154 3485 2222 angustia

1914 2227 2287 2295 constitutum,
2309 2239 2364 2285 et
2388 2229 2603 2291 dicatur
2626 2233 2677 2291 ei
2703 2234 2829 2289 illud
2855 2239 3231 2309 propheticum
3257 2259 3270 2295 :
3301 2242 3490 2297 Nonne

1912 2315 2053 2375 Deus
2095 2337 2229 2377 unus
2270 2324 2463 2376 creavit
2499 2325 2636 2379 vos?
2676 2323 2869 2381 Nonne
2897 2327 3061 2383 Pater
3089 2347 3224 2386 unus
3255 2334 3487 2388 omnium

1911 2416 2138 2460 uestrum
2162 2408 2188 2461 .9
2238 2409 2416 2474 Quare
2464 2412 2812 2483 dereliquistis
2866 2420 3218 2492 unusquisque
3262 2422 3487 2492 fratrem

1909 2514 2064 2553 suum
2084 2538 2099 2563 ,
2140 2509 2195 2553 ut
2237 2500 2583 2561 abominabile
2620 2506 2855 2573 facerent
2883 2518 3249 2567 testamentum
3275 2523 3485 2585 patrum

1907 2597 2193 2642 vestrorum
2215 2590 2244 2644 1’
2272 2589 2561 2647 Derelictus
2586 2603 2660 2648 est
2683 2595 2849 2662 Juda,
2878 2597 2970 2651 sed
2996 2598 3315 2656 abominatio
3339 2604 3480 2673 facta

1905 2687 1981 2731 est
2009 2678 2065 2732 in
2095 2677 2268 2733 Israel
2296 2679 2515 2752 (Malae.
2545 2682 2628 2757 ιι).
2650 2683 2992 2757 Quapropter
3004 2689 3158 2758 juxta
3179 2690 3311 2746 illud
3338 2695 3480 2762 quod

1906 2766 2166 2823 Dominus
2204 2777 2367 2840 atque
2398 2769 2645 2827 Salvator
2666 2776 2924 2846 precepit
2963 2778 3219 2846 apostolis
3258 2780 3477 2836 dicens:

1904 2858 2220 2915 Mandatum
2270 2879 2457 2917 novum
2500 2864 2568 2920 d0
2612 2866 2791 2932 vobis,
2846 2878 2904 2921 ut
2949 2868 3181 2941 diligatis
3224 2870 3477 2935 invicem.

1900 2953 2036 3006 sicut
2073 2961 2121 3007 et
2159 2970 2251 3025 ego
2289 2954 2452 3010 dilexi
2492 2970 2620 3013 vos:
2660 2967 2709 3013 et
2751 2960 2805 3014 in
2844 2964 2943 3016 hoc
2982 2962 3174 3028 scietis,
3201 2965 3343 3035 quod
3368 2983 3479 3021 vere

1899 3043 2145 3115 discipuli
2183 3045 2287 3102 mei
2324 3047 2447 3102 estis
2485 3046 2668 3121 (Ioan.
2694 3050 2849 3125 xm);
2895 3067 2994 3111 nos
3031 3053 3261 3110 invicem
3292 3071 3479 3113 amare

1900 3134 2195 3201 debemus,
2247 3145 2304 3195 et
2348 3138 2673 3203 ostendere,
2722 3142 2865 3213 quod
2904 3157 3031 3199 vere
3075 3145 3245 3203 simus
3290 3145 3477 3204 famuli

1900 3223 2110 3278 Domini
2142 3223 2268 3280 Iesu
2296 3224 2536 3294 Christi,
2574 3237 2631 3284 et
2661 3228 2754 3283 lilii
2794 3229 3102 3301 Pachomii,
3141 3243 3195 3290 et
3227 3236 3473 3307 discipuli

1896 3314 2287 3369 coenobiorum.

1966 3400 2155 3459 XXIV.
2198 3402 2255 3458 Si
2292 3402 2623 3474 Praepositus
2649 3406 2841 3463 demus
2877 3409 3111 3479 aliquem
3145 3415 3472 3484 corripuerit

1892 3509 1957 3548 ex
1987 3493 2247 3551 fratribus
2274 3496 2365 3566 qui
2396 3497 2495 3552 sibi
2529 3496 2758 3567 subjecti
2785 3508 2943 3567 sunt,
2981 3502 3233 3558 erudiens
3259 3521 3383 3560 eum
3412 3509 3468 3562 in

1888 3585 2085 3641 timore
2121 3586 2218 3641 Dei
2256 3594 2311 3640 et
2345 3587 2567 3656 cupiens
2604 3590 2673 3643 ab
2707 3603 2893 3645 errore
2925 3592 3217 3658 corrigere,
3242 3603 3297 3648 et
3332 3595 3469 3649 alius

1889 3676 2122 3731 voluerit
2146 3691 2245 3746 pro
2270 3688 2335 3731 eo
2363 3676 2542 3746 loqui,
2572 3686 2627 3731 et
2653 3693 2779 3732 eum
2807 3678 3115 3746 defendere,
3147 3683 3467 3739 subvertcus

1889 3782 1984 3822 cor
2009 3767 2183 3833 illius;
2225 3767 2316 3836 qui
2349 3768 2452 3822 hoc
2481 3767 2645 3833 facit,
2684 3779 2874 3840 peccat
2912 3772 2967 3826 in
3003 3787 3153 3827 suam
3185 3775 3459 3840 animam,

1887 3859 2011 3928 quia
2040 3858 2309 3912 subvertit
2335 3872 2455 3913 eum
2486 3861 2578 3929 qui
2608 3862 2804 3933 corrigi
2847 3870 3093 3932 poterat,
3145 3875 3199 3920 et
3235 3880 3464 3923 consur—

1886 3956 2101 4017 gentem
2130 3945 2315 4014 dejicit
2343 3948 2395 4000 in
2427 3956 2661 4013 terram,
2693 3957 2855 4019 atque
2884 3951 2952 4005 ad
2983 3952 3205 4007 meliora
3237 3955 3463 4011 tenden-

1884 4043 1991 4088 tem
2022 4034 2159 4088 mala
2188 4035 2538 4103 persuasione
2563 4036 2804 4105 decepit,
2844 4053 3033 4094 errans
3067 4040 3205 4110 ipse,
3246 4052 3301 4098 et
3326 4044 3460 4099 alios

1880 4138 2068 4178 errare
2113 4123 2335 4178 faciens.
2380 4123 2525 4180 Huic
2568 4126 2696 4179 illud
2736 4127 3011 4197 aptabitur
3050 4142 3454 4203 congruenter:
3534 4199 3544 4208 ,

1886 4210 1982 4268 Va:
2008 4216 2098 4285 qui
2134 4224 2311 4285 potum
2350 4215 2440 4269 dat
2477 4218 2716 4286 proximo
2743 4234 2839 4271 suo
2868 4219 3249 4277 subversionem
3284 4228 3454 4280 turbt-

1878 4304 2036 4369 dam,
2082 4313 2131 4357 et
2169 4304 2435 4359 inebrians
2478 4323 2594 4359 eum
2621 4305 2848 4376 (llabac.
2877 4308 2961 4379 ιι).
3019 4308 3109 4365 Vw
3148 4314 3240 4382 qui
3275 4332 3454 4370 errare

202 4392 395 4461 faciat,
440 4396 619 4485 scelus
646 4404 886 4466 putetur,
924 4405 977 4451 ct
1006 4397 1348 4468 sacrilegium
1381 4400 1675 4470 quidquam
1708 4417 1772 4457 ex

1903 4392 2008 4446 'acit
2049 4409 2244 4447 ciccum
2283 4393 2338 4447 in
2377 4394 2461 4448 via
2501 4393 2676 4465 (Deut.
2715 4396 2909 4467 xxv").
2974 4396 3078 4463 Qui
3119 4403 3450 4458 scandalizat

200 4501 260 4540 ea
286 4488 605 4558 contingere
633 4496 688 4542 et
716 4487 768 4541 in
796 4487 1072 4557 propriam
1096 4498 1308 4543 vertere
1329 4492 1593 4560 requiem,
1619 4493 1772 4562 quasi

202 4578 503 4648 despiciens
530 4593 627 4633 eos
653 4578 744 4646 qui
786 4593 893 4632 non
935 4578 1137 4633 habent
1178 4586 1233 4632 et
1273 4578 1415 4635 felici
1459 4591 1776 4652 paupertate

202 4680 319 4724 sunt
359 4669 599 4723 divites:
646 4678 706 4722 ut
749 4685 855 4723 non
897 4669 1069 4724 solum
1114 4671 1228 4739 ipse
1268 4671 1530 4740 perierit,
1582 4675 1676 4729 sed
1721 4682 1777 4729 et

201 4772 420 4817 (πίει-οε
448 4770 707 4831 provocet
734 4763 801 4816 ad
830 4754 1185 4833 pereundum.
1233 4764 1299 4819 Et
1330 4764 1403 4818 illi
1435 4765 1651 4834 quidem
1680 4769 1772 4836 qui

200 4854 614 4908 incurvavcrunt
639 4854 905 4908 cervicem
933 4869 1110 4917 suam,
1141 4864 1195 4908 et
1223 4870 1345 4909 cum
1376 4856 1522 4910 omni
1554 4858 1772 4911 humili-

200 4955 300 4999 tate
328 4954 382 5000 et
409 4943 703 4997 atllictione
729 4941 971 5011 lugentes
1002 4950 1165 5012 atque
1195 4943 1517 5016 plangentes
1547 4947 1599 5001 in
1628 4963 1768 5018 pra:-

200 5037 491 5091 scntiarum
527 5034 852 5104 placuerunt
887 5031 1017 5099 Deo,
1062 5047 1187 5088 cum
1215 5035 1282 5088 de
1308 5037 1627 5106 corpusculo
1664 5039 1765 5094 isto

195 5127 449 5189 exierint,
495 5126 779 5186 ducentur,
828 5132 883 5178 et
925 5124 1243 5183 accumbcnt
1270 5139 1391 5180 cum
1423 5128 1626 5183 sanctis
1664 5145 1764 5199 pa-

197 5216 357 5270 tribus
404 5213 718 5278 Abraham,
770 5212 948 5277 Isaac,
1002 5222 1057 5268 et
1101 5213 1298 5283 Iacob,
1348 5218 1662 5288 prophetis,
1709 5231 1766 5275 et

195 5305 468 5372 apostolis,
515 5311 573 5357 et
614 5303 985 5359 consolatione
1014 5304 1173 5375 digna
1203 5302 1471 5371 fruentur,
1525 5307 1666 5361 sicut
1705 5319 1760 5362 et

195 5393 421 5450 Lazarus
450 5393 652 5449 fruitus
698 5404 780 5449 est
825 5396 877 5449 in
922 5396 1043 5449 sinu
1088 5394 1377 5451 Abraham.
1432 5398 1531 5464 Qui
1578 5411 1755 5455 autem

195 5486 433 5540 vixerunt
459 5486 512 5541 in
541 5486 811 5549 cmnobio,
839 5495 895 5541 et
919 5486 985 5540 de
1012 5487 1284 5541 communi
1314 5488 1369 5541 in
1400 5504 1526 5542 suos
1556 5490 1757 5558 aliquid

196 5584 495 5630 averterunt
532 5590 694 5639 usus,
735 5590 814 5629 vze
851 5577 931 5630 eis
966 5590 1090 5629 cum
1119 5575 1185 5631 de
1220 5592 1450 5647 corpore
1486 5581 1752 5647 exierint,

1881 4485 2175 4556 quempiam
2214 4484 2278 4538 de
2316 4485 2427 4549 his,
2473 4487 2561 4555 qui
2606 4486 2822 4541 credunt
2861 4487 3005 4555 Deo,
3056 4492 3262 4561 expedit
3300 4496 3350 4547 ei
3394 4508 3449 4548 ut

1878 4576 2204 4645 appendatur
2243 4576 2290 4630 ei
2332 4575 2470 4630 mola
2513 4578 2750 4632 asinaria
2794 4594 2950 4648 super
2984 4579 3175 4634 collum
3218 4584 3354 4653 ejus,
3402 4597 3449 4638 ct

1874 4667 2228 4737 prwcipitetur
2258 4668 2314 4721 in
2351 4684 2497 4722 mare
2522 4667 2735 4741 (Matth.
2766 4671 2942 4742 xvut).
2994 4671 3130 4740 Quia
3160 4676 3446 4741 subvertit,

1875 4767 1935 4813 ut
1965 4758 2216 4822 diximus,
2249 4758 2620 4814 sublevantem
2651 4773 2730 4826 se,
2759 4770 2810 4815 et
2837 4764 3177 4820 obedientem
3211 4776 3446 4824 transtu-

1872 4853 1934 4907 lit
1960 4852 2026 4907 ad
2052 4852 2390 4920 superbiam,
2417 4860 2473 4906 et
2496 4867 2621 4907 eum
2651 4853 2827 4923 quiin
2857 4855 3138 4913 dulcedine
3162 4860 3446 4917 charitatis

1870 4950 2085 5013 poterat
2124 4940 2400 4996 ambulare
2423 4981 2438 5007 ,
2483 4944 2751 4998 convertit
2790 4944 2844 4998 in
2885 4947 3340 5022 amaritudinem;
3389 4967 3444 5010 et

1869 5035 2165 5105 subjectum
2195 5034 2405 5106 legibus
2430 5037 2765 5102 monasterii,
2795 5038 2951 5093 malis
2981 5042 3224 5099 consiliis
3250 5045 3444 5118 depra~

1867 5129 2052 5193 vavit,
2102 5127 2335 5197 fecitque
2369 5127 2546 5182 odisse
2582 5141 2705 5182 cum
2731 5169 2746 5192 ,
2797 5137 2854 5183 et
2896 5132 3208 5188 contristari
3249 5147 3437 5194 contra

1867 5218 2013 5273 illum
2037 5258 2052 5284 ,
2095 5218 2186 5287 qui
2230 5232 2353 5272 eum
2391 5216 2621 5273 docebat
2651 5216 2861 5273 Domini
2894 5220 3267 5294 disciplinam,
3315 5230 3437 5285 litos

1861 5308 2040 5365 ferens
2068 5310 2209 5364 inter
2235 5308 2431 5363 fratres
2460 5317 2623 5377 atque
2654 5309 2956 5366 discordias
2975 5353 2992 5377 ,
3023 5322 3079 5369 et
3106 5332 3210 5371 non
3241 5320 3437 5376 timens

1860 5399 1988 5453 illud
2032 5399 2175 5468 quod
2221 5399 2480 5467 scriptum
2523 5408 2641 5453 est:
2682 5397 2760 5452 Tu
2802 5402 2918 5471 quis
2962 5420 3046 5467 es,
3094 5407 3185 5475 qui
3218 5408 3434 5478 judicag

1858 5492 2084 5545 alienant
2117 5491 2367 5545 servum?
2407 5489 2517 5545 Suo
2551 5490 2763 5544 domino
2794 5502 2915 5555 stat,
2943 5505 3034 5547 aut
3060 5498 3223 5552 cadit.
3263 5497 3431 5555 Stabit

1857 5593 2062 5646 autem,
2108 5591 2286 5653 potens
2331 5590 2406 5635 est
2449 5592 2623 5634 autem
2668 5580 2911 5637 dominus
2954 5601 3164 5641 rursum
3202 5597 3430 5643 statuere

195 5660 387 5718 dicetur
415 5665 522 5719 illis
547 5678 562 5718 :
599 5663 930 5728 Mementote,
959 5667 1083 5732 quia
1114 5668 1375 5736 recepistis
1406 5667 1538 5722 bona
1564 5669 1619 5723 in
1650 5672 1752 5726 vita
1848 5671 2002 5727 illum
2027 5671 2198 5744 (Rom.
2217 5672 2349 5745 xxv).
2382 5672 2675 5728 Considera
2719 5673 2848 5743 quid
2876 5674 3074 5732 dixerit
3100 5694 3112 5731 :
3137 5676 3332 5733 Potens
3352 5693 3429 5733 est
