3942 6190
397 278 501 333 465

1394 263 1450 317 S.
1494 259 1854 317 BENEDIGTI
1890 258 2182 313 ABBATIS
2220 258 2628 313 ANIANENSIS

3542 255 3648 311 466

394 399 567 446 autem
599 379 854 436 Dominus
883 382 1109 428 statuere
1138 371 1305 425 illum.
1356 370 1476 424 Non
1508 370 1595 425 ille
1632 379 1825 441 potens
1859 376 1941 423 cst
1961 408 1974 431 ,
2008 369 2055 428 A
2085 368 2233 431 titus,
2260 371 2402 423 dicat
2430 371 2479 424 in
2510 370 2670 424 corde
2697 384 2793 424 suo
2820 389 2830 424 :
2862 369 3083 437 Quando
3112 368 3332 433 moriar,
3356 378 3487 423 tunc
3512 370 3652 426 dono

393 480 485 550 qui
516 473 680 530 verba
710 465 923 555 Domini
952 464 1213 534 praeterit.

464 565 630 625 XXV.
674 561 859 626 Unde,
906 556 1136 621 fratres,
1181 570 1506 626 magnopere
1537 555 1837 610 devitemus
1878 554 1978 607 ali-

394 665 550 734 cujus
578 664 817 714 mentem
850 653 1169 709 subvertere
1197 657 1389 703 contra
1416 648 1692 702 doctorem
1724 655 1782 701 et
1809 647 1982 701 moni-

395 763 567 807 torem
606 760 796 809 suum;
847 749 903 797 et
941 738 1350 795 meminerimus
1376 735 1672 805 Scriptum
1706 736 1934 791 dicentis
1963 753 1977 789 :

396 842 585 896 Libera
632 853 723 891 cor
766 844 914 888 tuum
959 849 990 885 α
1040 828 1283 892 malitia,
1332 836 1387 880 ut
1434 825 1650 880 solveris
1702 824 1835 898 (Jer.
1880 826 1977 896 tv).

397 933 509 987 Nec
546 944 646 1000 pro
688 922 995 984 obedientia
1036 918 1346 990 superbiam
1388 925 1444 971 et
1484 917 1885 971 contumaciam
1925 916 1980 972 in

396 1021 650 1077 cordibus
674 1015 875 1072 nostris
901 1010 1130 1066 invicem
1159 1008 1508 1064 seminemus.
1536 1005 1639 1073 Qui
1660 1006 1804 1060 enim
1827 1006 1982 1060 timet

398 1111 686 1166 Dominum
716 1119 904 1167 suum,
953 1102 997 1155 si
1027 1100 1227 1153 viderit
1257 1096 1481 1152 fratrem
1512 1112 1669 1151 suum
1698 1111 1886 1152 errare
1926 1103 1983 1152 et

396 1202 503 1256 1.th
528 1240 545 1264 ,
593 1197 766 1266 magis
804 1194 963 1249 debet
997 1199 1307 1246 monstrare
1333 1204 1453 1258 qua:
1486 1196 1675 1243 sancta
1713 1195 1843 1242 sunt
1864 1228 1880 1253 ,
1927 1195 1983 1242 et

399 1296 605 1344 rectum
654 1286 759 1339 iter
800 1281 1124 1346 ostendere,
1175 1288 1236 1334 ut
1277 1294 1402 1334 cum
1446 1278 1593 1333 omni
1636 1279 1884 1333 castitate
1926 1285 1983 1332 et

400 1388 639 1432 tremore
674 1373 770 1428 Dei
812 1371 1099 1434 incedens,
1131 1369 1279 1423 illam
1308 1368 1616 1425 Salomonis
1653 1376 1982 1438 exsequatur

401 1465 726 1521 sententiam
774 1481 787 1515 :
826 1460 1014 1514 Libera
1054 1476 1140 1513 eos
1180 1459 1269 1529 qui
1307 1458 1575 1513 ducuntur
1613 1459 1682 1531 ad
1723 1469 1979 1524 mortem,

399 1566 446 1609 et
482 1554 731 1609 redimere
763 1551 827 1605 de
857 1548 1215 1619 interiectione
1246 1564 1352 1601 non
1382 1562 1547 1601 cesses
1579 1545 1759 1618 (Prov.
1796 1546 1977 1618 χχιιι).

402 1648 513 1703 Nec
554 1648 721 1710 dicas,
755 1643 949 1699 Nescio
976 1643 1139 1696 hunc.
1185 1640 1333 1695 Scito
1363 1640 1618 1709 quoniam
1650 1639 1789 1694 Deus
1817 1639 1979 1694 corda

2084 458 2343 514 fratribus
2369 461 2511 529 quod
2542 460 2858 515 habuero.0
2888 460 3202 515 stultissime
3230 460 3530 524 hominum,
3562 462 3612 514 ul
3637 466 3654 516 i

2082 550 2184 603 hoc
2227 550 2485 619 scriptum
2533 549 2827 604 invenisti?
2873 549 3061 606 Nonne
3097 563 3286 603 omnes
3327 550 3502 604 sancti
3534 565 3660 604 ser-

2080 639 2287 692 vientes
2329 641 2437 694 Deo
2478 640 2661 694 statim
2705 655 2918 696 omnem
2963 639 3143 695 smculi
3183 640 3452 694 sarcinam
3493 640 3662 708 depo-

2074 731 2348 797 suerunt?
2378 729 2565 786 Nonne
2588 731 2640 785 iu
2660 731 2885 799 Actibus
2914 731 3302 801 apostolorum,
3326 731 3509 784 omnia
3536 746 3663 799 quae

2081 820 2353 875 habebant
2383 821 2447 875 ad
2476 821 2641 890 pedes
2663 821 3028 889 apostolorum
3051 818 3365 874 deferebant
3386 818 3526 891 (Act.
3547 818 3663 889 iv)?

2080 909 2189 965 Aut
2212 911 2481 980 quomodo
2522 910 2724 980 poteris
2762 918 3007 964 mortuus
3042 909 3266 979 iustitia:
3310 908 3537 962 induere
3579 924 3664 962 ve-

2082 1002 2399 1056 stimentum
2424 1042 2439 1067 ,
2487 1001 2580 1072 qui
2623 1001 2753 1056 illud
2788 1000 2942 1055 vivus
2984 1000 3185 1053 habere
3223 1013 3330 1053 non
3370 999 3664 1053 meruisti?

2082 1093 2259 1159 Quare
2294 1094 2490 1148 oblitus
2531 1109 2591 1147 es
2636 1093 2798 1159 illud,
2846 1091 2991 1161 quod
3029 1089 3290 1161 scriptum
3330 1098 3453 1144 est:
3505 1087 3662 1154 Quod

2081 1183 2407 1237 seminaverit
2433 1182 2606 1245 homo,
2645 1183 2741 1236 hoc
2768 1192 2815 1235 et
2844 1190 2999 1235 metet
3026 1177 3169 1252 (Cal.
3198 1180 3308 1251 vn);
3354 1189 3410 1235 et
3429 1221 3444 1245 ,
3489 1178 3669 1235 Unus-

2081 1272 2297 1343 quisque
2347 1273 2595 1342 recipiet,
2634 1272 2793 1341 juxta
2839 1270 2979 1343 quod
3028 1271 3126 1342 egit
3157 1271 3512 1342 (Ephesmr);
3567 1282 3665 1337 et,

2084 1362 2283 1417 Reddet
2314 1362 2593 1433 unicuique
2612 1363 2774 1434 juxta
2803 1380 2963 1434 opera
2994 1380 3093 1417 sua
3125 1362 3303 1434 (Rom.
3330 1363 3427 1433 u);
3477 1373 3533 1419 et
3566 1365 3669 1419 ite-

2084 1471 2203 1510 rum
2230 1472 2242 1508 :
2279 1454 2390 1525 Ego
2415 1455 2673 1509 Dominus
2700 1464 2942 1509 scrutans
2972 1455 3132 1509 corda
3162 1464 3210 1509 et
3238 1456 3467 1526 probans
3492 1473 3671 1521 renes,

2085 1557 2143 1601 ut
2182 1546 2399 1600 reddam
2429 1546 2708 1616 unicuique
2744 1546 2902 1616 juxta
2930 1547 3041 1600 vias
3069 1563 3224 1613 suos,
3269 1556 3317 1600 et
3359 1548 3513 1616 iuxta
3554 1547 3671 1616 fru-

2085 1648 2226 1691 ctum
2252 1637 2680 1691 adinventionum
2709 1653 2823 1707 ejus
2847 1635 3019 1709 (Psal.
3046 1638 3196 1723 ut);
3222 1637 3403 1704 Quare
3428 1640 3671 1693 nondum

403 1737 643 1794 omnium
682 1735 854 1791 novit.
908 1732 975 1786 Et
1010 1730 1178 1786 Judas
1213 1730 1266 1784 in
1301 1729 1540 1799 Epistola
1578 1729 1819 1798 loquitur
1845 1744 1941 1784 sua
1968 1744 1981 1782 :
2012 1715 2060 1774 B
2089 1727 2328 1780 versaris
2364 1726 2419 1780 in
2453 1726 2564 1779 vita
2591 1766 2605 1790 ,
2653 1735 2708 1780 et
2753 1726 2806 1780 in
2846 1727 2948 1782 hoc
2982 1715 3303 1798 corpusculo
3340 1730 3672 1784 constitutus

404 1831 473 1884 Et
515 1831 609 1883 hos
645 1827 857 1899 quidem
895 1825 960 1879 de
999 1825 1117 1894 igne
1161 1823 1440 1893 rapientes,
1487 1830 1535 1875 et
1579 1821 1701 1875 odio
1739 1821 1985 1875 habentes

403 1917 839 1975 commaculatam
871 1915 1105 1969 tunicam
1134 1913 1283 1984 (Jud.
1310 1913 1370 1984 ι).
1405 1911 1707 1967 Caveamus
1735 1910 1981 1979 hujusce-

403 2010 550 2065 modi
580 2009 995 2071 vestimentum,
1039 2013 1095 2059 et
1134 2003 1422 2058 induamur
1450 2001 1622 2072 potius
1662 2010 1986 2054 armaturam

403 2102 523 2165 Dei,
546 2110 599 2154 ut
625 2098 881 2169 possimus
908 2093 1143 2148 resistere
1165 2100 1348 2146 contra
1370 2090 1591 2145 insidias
1615 2088 1831 2143 diaboli.
1865 2087 1988 2143 Non

403 2204 476 2247 cst
518 2193 655 2247 enim
698 2189 846 2244 nobis
879 2205 1055 2260 pugna
1089 2196 1273 2242 contra
1308 2200 1520 2240 carnem
1559 2194 1607 2239 et
1647 2184 1986 2255 sanguinem,

405 2281 498 2337 sed
524 2281 772 2335 adversus
800 2287 1077 2350 potestates
1100 2285 1147 2329 et
1169 2275 1519 2347 principatus,
1549 2275 1797 2329 adversus
1832 2284 1995 2328 recto-

404 2390 486 2426 res
515 2370 846 2426 tenebrarum
873 2369 1083 2431 harum,
1106 2366 1355 2420 adversus
1380 2364 1643 2437 spiritalia
1668 2366 1912 2436 nequitia:
1936 2365 1993 2419 in

406 2461 695 2519 cmlestibus
725 2460 939 2534 (Euhes.
967 2457 1066 2517 vr).

473 2554 662 2611 XXVI.
703 2552 817 2608 Hoc
845 2565 1059 2623 quoque
1084 2550 1318 2604 maxime
1345 2548 1738 2620 providendum
1769 2556 1885 2613 est,
1923 2562 1994 2601 ne

408 2647 529 2717 quis
558 2647 612 2701 in
640 2645 863 2700 alteram
895 2645 1114 2699 domum
1144 2650 1199 2697 et
1227 2642 1281 2696 in
1311 2641 1537 2695 alterius
1561 2640 1815 2699 cellulam
1844 2655 1993 2695 com-

410 2738 628 2794 mendet
661 2735 885 2806 aliquid,
919 2743 973 2789 et
998 2742 1187 2788 contra
1218 2733 1531 2787 monasterii
1564 2731 1727 2787 faciat
1757 2730 1995 2799 discipli-

410 2838 558 2883 nam.
597 2828 698 2895 Qui
729 2826 852 2881 talis
878 2833 993 2883 est.
1024 2839 1129 2879 non
1161 2831 1244 2879 est
1273 2823 1324 2877 in
1355 2838 1583 2878 numero
1608 2821 1867 2884 fratrum,
1899 2821 1995 2875 sed

409 2922 784 2974 mercenarius
821 2923 876 2972 et
913 2916 1159 2980 advena;
1209 2928 1311 2968 nec
1349 2913 1554 2968 Pascha
1585 2911 1799 2968 Domini
1848 2912 1994 2966 inter

404 3017 633 3062 sanctos
661 3008 818 3062 debet
847 3006 1160 3069 comedere,
1199 3004 1326 3073 quia
1357 3002 1531 3058 factus
1559 3011 1642 3057 est
1670 3002 1807 3072 lapis
1836 3018 1995 3058 scan-

412 3096 517 3150 dali
558 3096 612 3149 in
643 3094 990 3159 monasterio,
1022 3103 1075 3147 et
1104 3093 1171 3148 de
1199 3109 1263 3147 eo
1292 3102 1471 3163 posset
1490 3093 1602 3167 .dici
1630 3110 1642 3123 ·
1677 3091 1903 3164 Lapides
1931 3094 1994 3148 de

415 3186 497 3238 ria
528 3188 644 3238 ntea
673 3184 914 3254 projicite
943 3182 1078 3253 (Jer.
1108 3182 1221 3254 xx).
1271 3182 1329 3237 Si
1365 3183 1510 3237 enim
1547 3182 1864 3241 levitonaria
1895 3201 1994 3240 no-

414 3282 527 3326 stra
547 3314 562 3338 ,
595 3271 809 3341 quando
838 3272 1111 3336 lavamus,
1144 3271 1284 3325 sicca
1315 3286 1423 3325 non
1451 3270 1684 3338 fuerint,
1726 3289 1898 3344 usque
1928 3276 1996 3330 ad

414 3380 693 3436 vesperam
724 3379 832 3420 non
858 3364 1117 3419 habemus
1143 3371 1463 3433 potestatem
1495 3366 1636 3434 apud
1661 3381 1759 3421 nos
1789 3375 1992 3431 tenere,

415 3463 715 3532 damusque
753 3461 1050 3530 Praeposito
1086 3459 1173 3515 cui
1212 3459 1403 3513 crediti
1444 3474 1663 3525 sumus,
1701 3461 1786 3514 vel
1824 3462 1871 3517 ei
1910 3463 1998 3517 cui

414 3554 679 3610 creditum
716 3561 801 3608 est
828 3551 1107 3606 cellarium
1132 3592 1147 3616 ,
1196 3557 1257 3604 ut
1295 3549 1504 3604 deferat
1532 3551 1599 3604 ad
1627 3566 1750 3606 eum
1784 3552 1962 3607 locum
1982 3592 1995 3615 ,

416 3646 506 3700 ubi
530 3644 850 3700 vestimenta
880 3643 1085 3712 pariter
1110 3641 1350 3697 omnium
1378 3651 1745 3707 reservantur,
1767 3650 1821 3696 et
1844 3658 2001 3697 mane

417 3737 576 3791 nobis
607 3735 827 3800 dantur,
866 3741 924 3787 ut
954 3733 1322 3802 expandamus
1351 3732 1442 3786 illa
1470 3733 1537 3786 ad
1565 3732 1732 3787 solem
1753 3774 1767 3796 ,
1798 3742 1852 3788 et
1879 3749 2000 3787 cum

416 3826 560 3881 sicca
592 3823 821 3887 fuerint,
862 3839 971 3878 non
1003 3822 1142 3893 apud
1173 3837 1271 3876 nos
1302 3829 1570 3885 tenemus,
1602 3820 1693 3874 sed
1726 3822 1918 3876 damus
1950 3821 2002 3874 in

417 3930 702 3971 commune
722 3913 1171 3982 servanda,juxta
1192 3920 1461 3982 prcccepta
1484 3910 1780 3979 majorum;
1804 3920 2004 3989 quanto

420 4007 595 4077 magis
624 4020 686 4059 ea
715 4020 835 4074 quae
870 4004 1087 4074 proprie
1118 4003 1265 4057 visus
1302 4018 1361 4056 es
1393 4003 1674 4072 possidere
1695 4044 1710 4067 ,
1759 4004 1802 4057 si
1849 4002 2004 4056 alteri

421 4095 917 4159 commendaveris,
957 4103 1050 4147 aut
1080 4095 1134 4147 in
1168 4104 1259 4147 tua
1292 4095 1528 4148 volueris
1556 4109 1674 4149 esse
1703 4102 2003 4163 potestate,

420 4204 617 4262 peccas
647 4188 701 4242 in
737 4188 1048 4242 monasterii
1090 4188 1465 4256 disciplinam,
1509 4196 1564 4241 et
1600 4204 1708 4241 non
1746 4187 2006 4256 intelligis

422 4278 647 4335 Paulum
669 4278 773 4332 tibi
801 4278 1112 4348 loquentem
1138 4296 1150 4332 :
1192 4277 1292 4332 Vos
1321 4287 1495 4331 autent
1522 4280 1576 4330 in
1604 4274 1893 4331 libertatem
1922 4294 2009 4331 vo-

423 4370 529 4423 ca‘ti
565 4369 707 4433 estis,
753 4378 955 4424 tantum
998 4386 1061 4422 ne
1103 4368 1340 4422 libertate
1377 4369 1432 4421 in
1474 4369 1799 4422 occasionem
1832 4371 2007 4423 carnis

421 4458 735 4522 abutainini,
775 4460 864 4514 sed
893 4459 1148 4512 charitate
1181 4460 1367 4512 servite
1397 4458 1616 4511 invicem
1645 4456 1788 4529 (Gal.
1942 4460 2008 4514 Et

432 4551 622 4605 iterum
650 4569 662 4603 :
700 4549 956 4603 Dominus
986 4550 1142 4619 juxta
1171 4561 1278 4614 est,
1320 4550 1476 4604 nolite
1503 4567 1613 4604 esse
1640 4548 1881 4615 solliciti,
1918 4553 2007 4606 sed

425 4648 582 4693 estote
611 4640 665 4692 in
693 4639 929 4694 oratione
959 4639 1140 4692 intenti
1172 4648 1217 4693 et
1245 4639 1693 4709 deprecattonibus
1718 4637 1883 4711 (Phil.
1909 4639 2004 4714 tv).

430 4730 581 4786 Sciat
609 4744 821 4799 quoque
860 4728 950 4783 ille
978 4729 1068 4798 qui
1107 4729 1175 4783 ab
1200 4730 1305 4784 alio
1336 4732 1638 4800 susceperit
1664 4734 2010 4788 commenda-

426 4835 570 4889 tum,
610 4830 664 4877 et
697 4836 809 4875 rem
840 4835 898 4874 se
929 4819 1225 4874 arbitratur
1254 4820 1434 4875 facere
1462 4822 1638 4891 piam,
1685 4831 1743 4875 ut
1784 4821 2006 4877 fratrem

427 4913 738 4983 refrigeret,
777 4911 922 4981 quod
948 4919 1134 4980 peccet
1162 4920 1351 4965 contra
1382 4912 1620 4966 animam
1658 4928 1842 4979 suam,
1885 4914 2010 4968 sub-

426 5013 641 5058 vertens
685 5000 926 5074 regulam
974 5001 1312 5055 monasterii.
1361 5000 1405 5055 Ο
1448 5001 1645 5066 stulte,
1695 5004 1871 5055 anima
1920 5012 2008 5055 tua

424 5095 711 5149 commissa
744 5102 826 5150 est
855 5093 1151 5164 Praeposito
1190 5101 1306 5154 tuo,
1358 5102 1410 5147 et
1450 5094 1543 5162 qui
1586 5095 1819 5147 animum
1866 5103 2008 5147 tuam

426 5199 727 5253 corpusque
755 5185 1023 5248 custodit,
1068 5184 1323 5255 indiguus
1362 5183 1655 5238 habebitur
1683 5192 1741 5237 ut
1768 5184 2008 5253 peritura

428 5276 753 5330 conservet?
788 5275 1046 5331 Amemus
1070 5275 1368 5344 justitiam,
1401 5285 1461 5329 ut
1484 5275 1866 5345 justiﬁecmur.
1915 5276 2012 5330 Le-

429 5368 606 5436 gimus
645 5368 826 5423 enim:
879 5368 1245 5427 Misericordia
1288 5371 1516 5424 occurrit
1560 5370 1641 5423 his
1682 5368 1770 5439 qui
1809 5369 2013 5438 faciunt

430 5458 721 5511 veritatem.

504 5545 713 5600 XXVII.
759 5546 872 5602 Hoc
915 5564 1130 5618 quoque
1168 5550 1567 5605 observandum
1615 5559 1733 5613 est,
1782 5563 1849 5603 ne
1894 5549 2015 5617 quis

434 5635 598 5691 stulta
624 5637 948 5707 cogitatione
977 5640 1250 5709 deceptus,
1288 5642 1394 5694 imo
1423 5641 1618 5695 diaboli
1652 5642 1858 5712 laqueis
1886 5641 2014 5695 irrc-

2091 1829 2196 1868 non
2227 1813 2381 1868 audis
2409 1812 2580 1869 David
2606 1814 2913 1884 loquentem
2940 1835 2953 1871 :
2985 1816 3352 1882 Thesaurizat,
3389 1827 3440 1872 et
3463 1818 3671 1890 ignorat

2089 1913 2175 1966 cui
2202 1921 2478 1983 congregat
2504 1929 2565 1967 ea
2597 1912 2769 1985 (Psal.
2798 1914 2979 1985 δην),
3020 1923 3074 1969 et
3104 1929 3407 1970 sermonem
3438 1930 3675 1985 cvange-

2090 2001 2252 2057 licum
2271 2044 2287 2066 ,
2331 2018 2554 2057 avarum
2584 2004 2966 2074 corripientem
2993 2022 3006 2057 :
3030 2003 3219 2069 Stulte,
3252 2005 3351 2058 hac
3382 2015 3531 2058 nocte
3560 2006 3677 2057 ani-

2090 2110 2231 2148 mam
2268 2102 2504 2164 expetent
2546 2111 2579 2147 a
2619 2104 2711 2149 te:
2754 2112 2873 2166 qua:
2911 2104 3087 2151 autem
3125 2097 3475 2167 praeparasti,
3518 2096 3675 2165 cujus

2090 2194 2241 2238 erant
2279 2184 2428 2257 (Luc.
2460 2186 2602 2256 xu)?
2649 2186 2717 2240 Et
2763 2186 2998 2240 iterum:
3051 2186 3117 2240 In
3166 2185 3260 2239 illa
3309 2186 3394 2238 die
3435 2186 3679 2256 peribunt

2091 2290 2267 2328 omnes
2296 2275 2638 2345 cogitationes
2665 2292 2867 2330 eorum.
2904 2274 3099 2341 Stulte,
3127 2291 3297 2344 quare
3334 2293 3443 2331 non
3472 2277 3558 2332 vis
3587 2293 3680 2331 au-

2093 2365 2210 2419 dire
2239 2365 2528 2419 Dominum
2557 2366 2971 2422 cohortantem:
3014 2364 3181 2432 Vade,
3220 2376 3268 2421 et
3314 2367 3475 2421 vende
3502 2368 3682 2421 omnia

2091 2473 2209 2526 qua:
2235 2457 2392 2511 habes
2424 2467 2470 2511 et
2499 2457 2568 2511 da
2595 2458 2936 2530 pauperibus,
2968 2467 3016 2512 et
3049 2457 3172 2512 tolle
3200 2476 3404 2513 crucem
3432 2469 3604 2524 tuam,
3633 2468 3681 2511 et

2094 2551 2241 2615 veni,
2283 2559 2331 2604 et
2376 2566 2588 2616 sequere
2631 2567 2712 2604 me
2739 2548 2959 2621 (Matth.
2988 2549 3144 2621 xm)?
3175 2548 3326 2617 Quod
3364 2548 3684 2605 adolescens

2095 2641 2321 2701 audiens
2349 2656 2645 2695 conversus
2674 2648 2757 2696 est
2786 2649 2965 2705 retro;
3007 2657 3113 2696 non
3149 2640 3293 2696 enim
3323 2649 3443 2695 erat
3471 2649 3684 2695 rectum

2096 2744 2191 2784 cor
2220 2730 2422 2800 ipsius,
2473 2739 2527 2785 et
2569 2730 2689 2785 ideo
2733 2745 2842 2786 non
2886 2732 3060 2802 potuit
3104 2747 3323 2803 gravem
3364 2731 3680 2786 divitiarum

2097 2820 2367 2876 sarcinam
2398 2821 2686 2890 deponere.
2721 2820 2967 2877 Habebat
2994 2823 3210 2891 quidem
3239 2821 3593 2881 voluntatem,
3626 2830 3684 2875 et

2098 2910 2382 2982 Scriptura
2416 2920 2669 2978 testatur,
2703 2911 2959 2982 perfecta:
2984 2914 3110 2968 vitae
3129 2954 3144 2979 ,
3176 2922 3232 2969 et
3259 2912 3545 2983 splendore
3569 2916 3685 2965 vir-

2099 3009 2277 3056 tutum
2304 3002 2624 3057 trahebatur
2650 3003 2717 3057 ad
2746 3002 2995 3069 laudem;
3039 3002 3133 3058 sed
3174 3002 3523 3057 retrahebant
3561 3016 3687 3055 cum

2098 3102 2406 3149 currentem
2456 3093 2696 3159 divitiae,
2744 3109 2846 3149 nec
2892 3102 3106 3163 poterat
3158 3093 3456 3148 Salvatoris
3498 3092 3688 3147 audire

2098 3183 2421 3249 doctrinam,
2473 3183 2599 3252 quia
2631 3184 2809 3239 adhuc
2834 3182 2901 3238 de
2930 3184 3115 3238 mundi
3148 3184 3359 3239 deliciis
3387 3183 3686 3254 cogitabat.

2100 3277 2254 3334 Unde
2284 3286 2338 3339 et
2367 3276 2617 3332 Salvator
2643 3277 2884 3347 loquitur
2910 3295 2922 3331 :
2957 3277 3178 3347 Difficile
3208 3287 3283 3331 est
3314 3294 3422 3342 eos,
3467 3279 3558 3348 qui
3588 3278 3686 3330 ha-

2100 3369 2217 3423 bent
2242 3369 2474 3451 gitvitias,
2505 3368 2707 3422 intrare
2737 3370 2793 3421 in
2831 3385 2990 3439 regna
3020 3368 3264 3423 oculorum
3301 3367 3519 3440 (Matth.
3548 3369 3689 3425 xui.

2099 3460 2167 3514 Et
2214 3460 2451 3514 iterum:
2499 3459 2668 3513 Nemo
2709 3469 2873 3530 potest
2919 3460 3123 3514 duobus
3177 3461 3402 3514 dominis
3445 3462 3644 3515 servire
3670 3475 3689 3511 :

2099 3560 2193 3605 aut
2224 3551 2361 3604 enim
2396 3567 2559 3603 unum
2594 3549 2712 3603 odio
2746 3550 2973 3615 habebit,
3012 3559 3061 3605 et
3094 3550 3319 3603 alterum
3353 3549 3568 3619 diliget;
3599 3558 3691 3601 aut

2100 3643 2193 3696 uni
2226 3654 2299 3698 est
2334 3642 2600 3709 obediens,
2626 3652 2673 3697 et
2705 3652 2996 3697 contemnet
3032 3643 3275 3696 alterum.
3317 3641 3440 3695 Non
3473 3643 3690 3711 potestis

2101 3736 2211 3790 Deo
2242 3737 2434 3790 servire
2469 3745 2517 3789 et
2553 3752 2865 3789 mammona:
2893 3732 3043 3806 (Luc.
3070 3733 3165 3804 vi).
3212 3732 3471 3787 Pharisaei
3502 3741 3691 3786 autem

2103 3845 2226 3884 cum
2275 3837 2456 3884 essent
2499 3828 2684 3892 avari,
2737 3829 2852 3884 ha'c
2902 3828 3194 3882 audiebant
3241 3836 3297 3881 et
3346 3826 3691 3881 irridebaut:

2105 3936 2333 3991 quorum
2383 3919 2813 3974 incredulitatem
2862 3918 3197 3980 devitemus,
3247 3931 3349 3971 nec
3396 3916 3692 3969 irridentes

2106 4029 2198 4068 eos
2224 4014 2316 4083 qui
2346 4027 2443 4067 nos
2468 4020 2783 4081 provocant.
2816 4010 3209 4063 Reuuntiemus
3233 4008 3455 4070 mundo,
3484 4016 3543 4061 ut
3571 4022 3695 4077 per-

2109 4103 2232 4158 fecti
2263 4103 2563 4175 perfcelum
2592 4116 2885 4171 sequamur
2917 4101 3251 4154 thesaurum.
3302 4098 3544 4165 Quorum
3579 4097 3695 4150 ani-

2110 4209 2250 4248 mam
2277 4194 2521 4262 possidet
2545 4192 2795 4255 avaritia,
2818 4191 2905 4244 his
2928 4188 3140 4247 videtur
3164 4204 3264 4259 pro
3284 4188 3503 4243 Christo
3526 4187 3694 4241 stulta

2109 4293 2417 4354 paupertas.
2483 4282 2727 4348 Quastus
2783 4291 2857 4335 est
2910 4298 3132 4351 magnus
3182 4281 3347 4350 pietas
3389 4297 3507 4333 cum
3548 4281 3693 4350 stt/[i-

2032 4404 2086 4463 D
2112 4374 2319 4427 cientia.
2367 4372 2516 4425 Nihil
2549 4373 2685 4426 enim
2717 4370 2993 4425 intulimus
3032 4372 3085 4424 in
3120 4371 3257 4423 hunc
3295 4370 3570 4434 mundum,
3604 4385 3696 4421 nec

2114 4466 2323 4535 auferre
2372 4465 2497 4536 quid
2549 4479 2868 4534 possumus:
2924 4464 3171 4517 habentes
3224 4463 3360 4515 enim
3406 4463 3598 4515 victum
3650 4471 3696 4514 et

2115 4559 2375 4621 vestitum,
2416 4558 2496 4610 his
2536 4557 2759 4609 contenti
2802 4556 2985 4608 simus.
3030 4554 3132 4619 Qui
3176 4563 3352 4608 autem
3394 4552 3577 4606 volunt
3618 4552 3700 4604 di-

2117 4650 2240 4702 vites
2283 4648 2430 4716 ﬁeri,
2478 4648 2714 4701 incidunt
2759 4645 3188 4701 intentationem
3230 4656 3276 4698 et
3318 4646 3598 4715 laqueum,
3644 4645 3699 4697 in

2116 4738 2556 4809 concupiscentia:
2588 4737 2803 4801 multas,
2827 4752 2945 4807 qum
2979 4744 3098 4788 sunt
3133 4734 3309 4788 stulta:
3342 4743 3388 4786 et
3428 4734 3622 4795 norim,
3649 4742 3697 4784 et

2116 4829 2415 4899 demergunt
2437 4829 2669 4882 homines
2692 4828 2746 4880 in
2772 4826 3035 4880 interitum
3060 4834 3108 4877 et
3130 4825 3493 4893 perditionem.
3522 4821 3700 4875 Radix

2117 4920 2251 4970 enim
2282 4919 2513 4970 onmium
2539 4915 2799 4969 malorum
2827 4915 3088 4983 cupiditas
3117 4912 3164 4975 (1
3198 4912 3332 4966 Tim.
3358 4911 3456 4977 vi).

2188 5008 2420 5062 XXVIII.
2464 5008 2647 5077 Usque
2682 5006 2841 5061 hodie
2880 5006 3026 5059 Elius
3064 5003 3317 5059 lsraelem
3353 5003 3586 5073 corripit
3617 5004 3697 5057 (Ii-

2117 5112 2284 5149 cens:
2331 5094 2613 5165 Quousque
2653 5093 2962 5146 claudicatis
3004 5091 3179 5161 pede?
3220 5090 3362 5144 Deus
3400 5101 3496 5153 est,
3542 5092 3612 5144 ite
3652 5100 3700 5145 et

2117 5183 2389 5255 sequimini
2431 5200 2547 5236 eum
2582 5181 2697 5253 (III
2730 5181 2857 5251 Reg.
2887 5178 3061 5251 xvm).
3117 5178 3185 5232 Et
3220 5178 3373 5232 nobis
3414 5178 3700 5246 loquitur:

2121 5277 2179 5330 Si
2207 5275 2459 5329 mandata
2488 5282 2612 5329 sunt
2641 5273 2757 5339 Dei,
2789 5290 2907 5342 qua:
2936 5287 3034 5343 per
3063 5268 3276 5325 Patrem
3310 5278 3560 5325 nostrum
3594 5279 3703 5323 tra-

2120 5369 2256 5422 didit
2284 5368 2459 5431 nobis,
2505 5374 2559 5419 et
2599 5362 2726 5435 qua!
2762 5375 3054 5435 sequentes
3092 5380 3382 5435 possumus
3416 5365 3704 5434 pervenire

2121 5459 2187 5512 ad
2218 5474 2380 5527 regna
2412 5458 2673 5512 caelorum
2695 5498 2709 5521 ,
2757 5466 2871 5512 toto
2903 5457 3093 5512 eadem
3124 5455 3395 5511 desiderio
3429 5454 3705 5523 complea—

2121 5566 2240 5604 mus
2265 5568 2275 5601 :
2311 5550 2356 5602 si
2385 5557 2562 5602 autem
2592 5549 2869 5617 sequimur
2898 5547 3255 5618 cogitationes
3284 5556 3522 5609 nostras,
3556 5557 3610 5600 et
3639 5545 3706 5598 ad

2122 5640 2262 5693 alio!
2314 5640 2480 5693 tendit
2531 5640 2763 5705 animus,
2806 5654 2902 5692 cur
2948 5654 3051 5692 non
3098 5651 3336 5691 errorem
3384 5635 3710 5704 simpliciter
