3942 6190
272 406 378 464 463

923 403 1146 462 CODEX
1188 388 1644 461 REGULARUM.
1682 436 1753 447 —
1791 406 1971 464 PARS
2010 408 2048 463 ι.
2089 409 2394 465 REGULE
2437 411 2539 467 PP.
2578 412 2851 467 ORIENT.

3434 419 3537 474 £66

273 524 615 587 confitemur,
643 532 700 578 et
724 523 1063 579 ostendimus
1092 538 1189 577 nos
1217 536 1337 577 esse
1366 523 1509 591 quod
1534 521 1703 575 videri
1733 535 1853 574 eru-
1880 524 1933 581 Α
2028 520 2219 575 XXXI.
2261 522 2392 588 Quis
2420 525 2564 578 enim
2592 525 2822 591 fructus,
2869 534 2962 581 aut
2991 530 3132 596 quod
3158 534 3371 602 signum
3398 551 3538 605 pm-

272 615 592 674 bescimus?
638 614 716 669 Ne
750 613 892 669 forte
930 613 1142 667 dicatur
1181 620 1236 667 et
1276 612 1472 667 nobis:
1507 610 1684 676 Quare
1737 610 1855 680 pol-

275 707 444 761 luistis
470 704 645 759 locum
673 721 845 759 meum
871 713 1106 757 sanctum
1139 703 1354 774 (Ezech.
1384 700 1561 774 xxii)?
1603 701 1701 766 Et,
1741 700 1856 770 Eji-

273 801 411 853 ciam
439 815 526 853 eos
552 815 580 853 e
606 799 763 851 domo
795 813 911 850 mea
935 794 1131 867 (Osea',
1157 792 1258 867 ix).
1295 792 1573 862 Siquidem
1602 793 1857 847 concilia-

271 890 396 946 bula
423 889 814 943 monachorum
841 900 968 941 vere
994 886 1089 940 Dei
1116 886 1307 940 domus
1334 892 1434 947 est,
1464 891 1520 938 et
1544 891 1854 938 sanctorum

268 983 469 1047 vinea,
524 982 665 1036 sicut
713 980 974 1050 scriptum
1023 978 1306 1048 legimus:
1368 975 1535 1029 Vinea
1587 976 1728 1046 facta
1780 986 1855 1028 est

272 1071 545 1126 Salomoni
578 1071 632 1124 in
668 1069 802 1135 loco,
835 1068 925 1140 qui
959 1077 1176 1121 vocatur
1207 1064 1512 1129 Beelamon,
1557 1065 1699 1118 dedit
1739 1081 1853 1117 eam

267 1162 615 1228 custodibus,
676 1161 1031 1231 unusquisque
1085 1159 1237 1227 a/fert
1292 1174 1386 1228 pro
1434 1156 1691 1227 fructibus
1740 1157 1854 1225 ejus

267 1257 412 1311 mille
454 1265 744 1327 argenteos.
803 1253 966 1308 Vinea
1010 1271 1123 1307 mea
1167 1254 1219 1306 in
1268 1262 1543 1323 conspectu
1584 1269 1696 1306 meo
1735 1261 1810 1305 est
1836 1292 1850 1315 ,

266 1346 413 1401 mille
437 1346 733 1411 Salomoni,
760 1354 807 1399 et
829 1345 1039 1399 ducenti
1071 1344 1150 1399 his
1185 1346 1273 1415 qui
1298 1344 1594 1397 custodiunt
1621 1343 1852 1412 fructum

264 1437 382 1505 ejus
414 1435 591 1508 (Cant.
619 1434 759 1506 VIII).
792 1434 905 1489 Nec
934 1434 1098 1504 igitur
1125 1433 1426 1503 polluentcs
1452 1448 1572 1488 eam
1600 1431 1854 1503 projiciao

267 1543 413 1591 mur,
465 1526 606 1581 sicut
657 1526 708 1579 in
757 1524 1052 1596 Evangelio
1098 1524 1328 1595 legimus
1373 1522 1574 1591 ejectos
1622 1538 1742 1577 esse
1786 1523 1854 1578 de

266 1618 488 1688 templo,
506 1617 599 1687 qui
624 1617 928 1673 vendebant
956 1617 1009 1670 in
1040 1631 1104 1670 eo
1131 1632 1261 1671 oves
1290 1626 1346 1670 et
1368 1616 1566 1679 boves;
1603 1630 1852 1668 nummu-

264 1707 428 1763 larius
453 1724 671 1779 quoque
698 1707 1003 1778 ingrediens
1028 1706 1288 1761 Dominus
1315 1713 1475 1774 atque
1503 1704 1771 1768 Salvator,
1796 1712 1852 1759 et

265 1801 471 1857 faciens
507 1801 611 1856 sibi
650 1798 917 1870 ﬂagellum
956 1799 1022 1853 de
1049 1797 1326 1863 funiculis,
1364 1796 1522 1865 eiecit
1560 1812 1589 1852 e
1627 1796 1845 1865 templo,

261 1904 315 1947 et
354 1893 586 1947 fundens
623 1906 732 1946 tera
770 1904 1092 1959 mensasque
1126 1888 1509 1952 vendentium,
1548 1894 1604 1941 et
1640 1887 1726 1941 his
1757 1886 1849 1956 qui

259 1986 572 2041 vendebant
599 1983 879 2040 columbas
910 1982 986 2036 ait
1012 1999 1025 2036 :
1068 1980 1282 2049 Auferte
1313 1980 1422 2034 ha‘c
1454 1980 1650 2043 omnia,
1680 1988 1727 2032 et
1757 1995 1849 2032 no-

260 2079 351 2131 lite
388 2076 565 2145 facere
600 2074 816 2127 domum
858 2069 1038 2124 Patris
1076 2070 1177 2123 mei
1211 2068 1422 2122 domum
1460 2063 1877 2137 negotiationis.

262 2169 533 2236 Scriptum
568 2174 640 2219 est
671 2165 849 2219 enim:
890 2162 1089 2215 Domus
1120 2177 1232 2214 mea
1257 2159 1441 2212 domus
1480 2158 1734 2210 orationis
1762 2173 1848 2210 vo-

258 2259 465 2313 cabitur
518 2256 722 2313 cunctis
775 2254 1055 2324 gentibus;
1111 2268 1197 2305 vos
1248 2259 1423 2303 autem
1484 2248 1679 2318 fecistis
1731 2265 1845 2301 eum

256 2351 565 2419 speluncam
609 2348 875 2401 latronum
904 2344 1055 2417 (Luc.
1087 2360 1206 2408 xu;
1242 2341 1411 2396 Marc.
1437 2339 1538 2412 χι).
1584 2340 1651 2393 Et
1679 2339 1803 2393 alibi
1831 2358 1842 2391 :

257 2439 490 2510 Propter
530 2455 617 2493 vos
665 2453 849 2491 nomen
891 2452 1062 2489 meum
1102 2432 1492 2502 blasphematur
1525 2429 1579 2482 in
1609 2429 1845 2499 gentibus

255 2530 433 2603 (Psal.
462 2547 580 2595 Lvt;
611 2530 724 2583 Jer.
751 2527 872 2603 vn).

328 2621 523 2676 XXIX.
566 2618 804 2675 Obsecro
826 2634 941 2682 vos,
987 2616 1202 2678 fratres,
1248 2629 1317 2669 ne
1358 2613 1423 2668 de
1450 2611 1606 2666 nobis
1632 2624 1845 2680 quoque

257 2713 476 2767 dicatur
498 2730 511 2765 :
544 2710 693 2765 Alius
719 2710 926 2780 quidem
957 2708 1143 2772 esurit,
1167 2704 1308 2759 alius
1335 2711 1509 2757 autem
1535 2702 1707 2761 ebrius
1729 2710 1805 2755 est
1826 2714 1844 2751 :

255 2820 327 2867 an
371 2802 555 2855 domos
598 2818 700 2854 non
744 2799 914 2862 habet,
954 2806 1008 2852 ut
1046 2797 1230 2851 bibatis
1265 2804 1314 2850 et
1350 2792 1681 2848 comedatis?
1728 2788 1845 2845 Nisi

255 2896 394 2965 forte
432 2894 725 2950 Ecclesium
768 2893 865 2947 Dei
908 2891 1260 2956 contemnitis,
1305 2897 1352 2942 et
1399 2885 1845 2956 confunditis'eos

254 2989 349 3059 qui
392 3004 499 3042 non
547 2985 776 3051 habent;
822 2983 888 3038 ad
929 2998 1065 3054 quos
1108 2981 1342 3036 dicitur:
1390 2977 1448 3032 Si
1487 2978 1602 3048 quis
1641 2975 1842 3040 esurit,

255 3078 402 3133 domi
452 3077 722 3141 comedat,
777 3084 832 3130 ut
880 3092 984 3129 non
1027 3074 1083 3127 in
1123 3071 1388 3142 judicium
1431 3066 1750 3122 conveniatis
1792 3062 1846 3134 (Ι

257 3167 382 3222 Cor.
408 3168 510 3240 ιι).
562 3166 678 3222 Non
711 3168 783 3221 sit
809 3167 1003 3221 domus
1029 3171 1214 3219 nostra
1243 3160 1393 3216 vocis
1421 3159 1640 3223 alienas,
1682 3171 1751 3211 ne
1781 3155 1846 3210 il-

1961 621 2240 679 ceptorum
2265 611 2359 665 Dei
2389 613 2696 667 inveniatur
2721 615 2978 681 iii-nobis,
3002 626 3095 672 aut
3119 620 3171 674 in
3196 637 3304 689 quo
3330 624 3537 693 profes-

1959 700 2165 754 sionem
2196 701 2516 769 impleamus
2547 705 2861 771 arreptam?
2908 703 3093 761 Nonne
3122 710 3303 764 omnia
3329 713 3538 770 dimisi-

1961 806 2117 854 mus,
2172 800 2225 844 et
2272 792 2513 846 avaritia:
2561 792 2963 863 suhjacemus,
2992 804 3048 852 et
3093 799 3291 855 dicitur
3334 804 3532 860 nobis:

1961 878 2110 935 Unde
2140 881 2297 946 bella,
2334 890 2383 935 et
2411 899 2601 952 pugnae
2626 882 2767 954 (Jac.
2793 885 2911 955 iv)?
2956 886 3146 944 Nonne
3170 904 3235 944 ex
3263 894 3537 948 avaritia?

1957 972 2091 1026 Nam
2121 973 2249 1042 quia
2280 976 2653 1043 uuusquisque
2683 978 2876 1046 quaerit
2905 981 3194 1037 utilitatem
3225 1001 3400 1051 suam,
3429 1004 3536 1043 non

1958 1062 2229 1130 proximi,
2285 1078 2453 1131 usque
2497 1064 2673 1137 hodie
2702 1066 2890 1122 vivens
2935 1069 3185 1125 Ezechiel
3233 1073 3537 1145 prophetali

1956 1166 2206 1205 sermone
2235 1167 2333 1206 nos
2362 1154 2589 1223 corripit
2612 1155 2832 1210 dicens:
2863 1157 3180 1229 Negationes
3209 1176 3357 1219 erant
3384 1168 3438 1221 in
3465 1177 3532 1221 te.

1957 1237 2131 1294 Filius
2184 1243 2468 1296 iuhonorat
2516 1254 2746 1314 patrem,
2800 1256 2849 1301 et
2899 1248 3059 1303 Pater
3103 1254 3379 1323 exprobrat
3425 1257 3536 1325 [ilio

1957 1330 2175 1402 (Ezech.
2204 1334 2401 1406 xxvii).
2456 1335 2596 1401 Quid
2633 1337 2688 1391 in
2723 1338 2811 1392 die
2839 1337 3031 1407 judicii
3068 1346 3533 1415 respondebimus,

1955 1431 2049 1475 aut
2070 1422 2199 1490 quid
2227 1424 2281 1476 in
2308 1425 2604 1480 novissimo
2630 1436 2877 1497 tempore
2898 1445 2996 1498 pro
3017 1432 3328 1491 defensione
3353 1446 3538 1493 nostra

1953 1514 2255 1581 poterimus
2285 1515 2624 1571 obtendere?
2670 1517 2795 1573 ﬂzee
2824 1521 3006 1574 omnia
3034 1520 3178 1576 facta
3208 1533 3333 1579 sunt
3360 1528 3537 1593 nobis.

1952 1604 2080 1674 quia
2110 1604 2424 1660 Sacerdotes
2465 1606 2775 1677 plauserunt
2812 1612 3076 1678 manibus,
3119 1623 3166 1667 et
3201 1617 3424 1685 populus
3452 1622 3536 1674 di-

1954 1694 2078 1750 lexit
2099 1696 2359 1751 similiter.
2380 1697 2519 1763 Quia
2540 1700 2674 1753 sicut
2694 1700 2937 1770 populus,
2956 1703 3033 1758 sic
3052 1706 3297 1761 sacerdos
3310 1708 3442 1775 (Jer.
3458 1711 3534 1781 v).

1953 1785 2239 1857 Propterea
2274 1789 2491 1842 reddam
2520 1790 2590 1853 ei,
2621 1791 2815 1860 inquit,
2846 1794 3129 1847 secundum
3164 1798 3277 1851 vias
3313 1814 3459 1864 suas,
3492 1812 3539 1855 et

1952 1878 2291 1947 cogitationes
2321 1878 2465 1933 illius
2494 1880 2765 1933 restituam
2792 1882 2844 1934 ei
2870 1879 3041 1952 (Osete
3065 1886 3163 1955 IV).

2022 1970 2238 2028 XXXII.
2273 1970 2394 2026 Non
2419 1972 2488 2027 de
2516 1972 2769 2028 omnibus
2788 1973 2941 2028 vobis
2963 1975 3078 2030 haec
3109 1976 3317 2046 loquor,
3352 1982 3445 2036 sed
3470 1982 3542 2038 de

1949 2065 2035 2119 his
2074 2064 2166 2132 qui
2204 2064 2472 2133 majorum
2516 2074 2784 2134 praecepta
2830 2075 3219 2136 contemnunt;
3264 2073 3542 2143 multoque

1948 2158 2136 2212 melius
2159 2168 2273 2213 erat
2311 2159 2418 2213 illis
2450 2159 2695 2230 ignorare
2731 2161 2869 2215 viam
2887 2161 3144 2231 justitite,
3192 2181 3347 2235 quam
3374 2169 3542 2222 scicn-

1951 2256 2025 2301 tes
2069 2250 2256 2302 reverti
2283 2247 2348 2301 ab
2389 2264 2447 2302 eo
2478 2250 2617 2320 quod
2663 2250 2917 2304 traditum
2944 2260 3018 2305 est
3050 2251 3154 2307 illis
3182 2265 3364 2309 sancta
3391 2273 3543 2311 man-

1950 2338 2076 2391 dato
2105 2336 2191 2409 (11
2225 2337 2372 2393 Petr.
2409 2340 2493 2410 ιι).
2545 2340 2622 2395 De
2657 2341 3030 2411 hujuscemodi
3073 2344 3382 2403 hominibus
3404 2365 3542 2405 mce-

1950 2444 2078 2489 rcns
2104 2428 2370 2485 Jeremias
2395 2431 2590 2485 scribit
2622 2450 2635 2484 :
2690 2431 3003 2501 Defecerunt
3030 2433 3087 2488 in
3129 2434 3376 2506 lacrymis
3404 2440 3542 2494 oculi

1948 2520 2071 2584 mei,
2104 2511 2444 2575 conturbatus
2474 2530 2548 2575 est
2575 2531 2753 2577 venter
2781 2539 2947 2590 meus,
2999 2526 3167 2595 effusa
3199 2539 3272 2581 est
3302 2530 3357 2583 in
3401 2540 3541 2585 terra

1949 2609 2117 2680 gloria
2147 2627 2263 2665 mea
2282 2652 2297 2677 ,
2337 2628 2494 2682 super
2522 2614 2836 2670 contritione
2879 2617 3006 2685 ﬁliw
3034 2618 3214 2689 populi
3239 2623 3340 2674 mei
3361 2638 3397 2686 ;.
3417 2624 3541 2692 quia

1949 2700 2135 2770 defecit
2172 2701 2422 2771 parvulus
2462 2712 2511 2757 et
2539 2702 2737 2758 lactens
2764 2707 2819 2759 in
2847 2705 3035 2777 plateis
3059 2709 3302 2763 civitatis.
3346 2709 3541 2765 Matri—

1950 2792 2043 2846 bus
2074 2792 2184 2845 suis
2226 2791 2473 2846 dixerunt
2500 2806 2519 2844 :
2573 2789 2673 2847 Ubi
2702 2804 2777 2849 est
2821 2796 3054 2850 triticum
3080 2805 3129 2851 et
3158 2797 3331 2852 viuum
3353 2800 3379 2852 Ρ
3423 2817 3539 2853 cum

1948 2883 2228 2953 deﬁcerent
2268 2887 2422 2956 quasi
2450 2884 2710 2941 vulnerati
2748 2890 2807 2943 in
2844 2889 3034 2958 plateis
3064 2891 3231 2956 urbis,
3266 2908 3386 2945 cum
3421 2893 3544 2961 fun-

1950 2975 2130 3029 derent
2169 2976 2373 3030 animas
2402 2993 2528 3031 suas
2564 2978 2621 3031 in
2652 2979 2771 3032 sinu
2805 2990 3035 3034 matrum
3076 2998 3293 3035 suarum
3322 2982 3537 3054 (Thren.

1950 3066 2034 3138 ιι).
2081 3066 2297 3123 Scimus
2326 3068 2470 3137 quod
2498 3085 2603 3123 non
2634 3071 2691 3124 in
2739 3070 3047 3139 fortitudine
3081 3074 3199 3144 equi
3224 3074 3342 3128 velit
3375 3074 3540 3141 Deus,

1952 3175 2117 3230 neque
2180 3160 2237 3214 in
2303 3159 2589 3229 femoribus
2653 3162 2750 3216 viri
2809 3163 2909 3217 sibi
2970 3165 3288 3236 complaceat
3347 3165 3538 3239 (Psal.

254 3256 348 3312 Ind
388 3231 548 3313 nobis
589 3263 952 3329 congruenter
995 3260 1246 3323 aptetur:
1287 3249 1460 3322 Opera
1488 3246 1708 3319 rEgypti
1744 3262 1848 3299 non
1874 3231 1920 3294 C
1951 3248 2156 3322 cxcvr).

257 3348 585 3404 abstulerunt
617 3365 649 3402 a
677 3365 750 3402 se.
800 3347 867 3402 Et
906 3347 1141 3402 iterum:
1183 3343 1249 3398 In
1280 3340 1547 3415 prwceptis
1581 3341 1711 3394 meis
1740 3355 1844 3392 non

257 3438 680 3505 ambulaverunt,
706 3447 753 3494 et
783 3437 1001 3493 sabbata
1031 3452 1147 3489 mea
1176 3434 1664 3488 contaminaverunt
1680 3448 1699 3495 ;
1723 3446 1846 3501 pro-

256 3541 432 3602 pterea
458 3546 579 3584 cum
611 3528 950 3582 clamaverint
979 3525 1049 3578 ad
1080 3540 1180 3589 me,
1203 3540 1295 3594 ego
1321 3539 1424 3576 non
1447 3521 1728 3576 exaudiam
1758 3535 1844 3573 eos

260 3622 477 3693 (Ezech.
509 3618 626 3691 xx).
664 3616 780 3673 Non
808 3629 1222 3688 permaneamus
1250 3614 1303 3668 iu
1331 3613 1511 3669 cordis
1540 3612 1760 3675 duritia,
1792 3617 1848 3665 et

260 3712 326 3767 ad
360 3709 707 3767 iracundiam
734 3722 1093 3778 provocemus
1122 3707 1325 3771 Deum,
1367 3714 1421 3758 et
1459 3703 1555 3758 fiat
1591 3702 1845 3757 inimicus

260 3811 469 3867 noster,
510 3807 568 3855 et
605 3799 790 3854 dicat:
836 3788 1155 3868 Ego'autem
1182 3795 1317 3849 dabo
1346 3795 1419 3849 eis
1457 3800 1714 3863 prmcepta
1741 3807 1846 3845 non

263 3891 427 3955 bona,
468 3897 520 3943 et
547 3887 959 3958 justiﬁcationes
986 3887 1041 3940 in
1066 3874 1254 3957 quibus
1284 3900 1387 3938 non
1423 3885 1594 3937 vivant
1619 3880 1841 3953 (Ibid.);

260 3982 383 4051 quia
412 3980 773 4037 comederunt
800 3977 1033 4033 fructum
1062 3975 1365 4040 mendacii,
1404 3982 1459 4030 et
1484 3974 1848 4028 adoraverunt

261 4085 422 4140 opera
453 4082 714 4123 manuum
745 4074 1060 4132 suarum,et
1080 4064 1285 4135 repleta
1315 4070 1400 4118 est
1430 4070 1572 4117 terra
1601 4077 1791 4117 eorum
1817 4075 1849 4115 ιι

262 4160 529 4231 principio
557 4158 805 4230 augurio,
833 4165 893 4212 ut
915 4164 1058 4213 terra
1088 4155 1534 4227 alienigenarum.

330 4250 506 4305 XXX.
546 4248 626 4305 Ne
662 4257 961 4319 postquam
986 4245 1475 4301 renuntiaverimus
1517 4244 1748 4308 sreculo,
1793 4251 1849 4298 et

263 4339 598 4410 cmperimus
622 4337 881 4392 vexillum
910 4336 1088 4391 crucis
1118 4336 1303 4406 sequi,
1346 4335 1545 4390 iterum
1575 4334 1641 4389 ad
1668 4340 1851 4403 poste-

262 4432 407 4485 riora
446 4430 736 4495 conversi,
781 4444 1091 4499 quaaramus
1130 4428 1475 4497 refrigerium
1516 4427 1845 4498 temporale,

263 4523 542 4579 imitantes
582 4520 838 4591 Ephraim
865 4521 1175 4575 dicentem:
1216 4518 1372 4574 Dives
1405 4518 1578 4588 factus
1609 4534 1758 4585 sum,
1799 4526 1852 4572 et

262 4612 430 4666 inveni
461 4590 796 4681 refrigerium
826 4608 953 4663 mihi
980 4608 1155 4682 (Osca:
1198 4607 1336 4681 xu);
1373 4624 1443 4664 ne
1473 4607 1755 4662 audiamus
1785 4608 1849 4661 il-
1871 4590 1925 4649 D

264 4701 373 4767 Iud,
394 4702 545 4773 quod
577 4709 633 4755 et
659 4700 749 4755 ille
778 4701 978 4755 meruit
1005 4701 1227 4759 audire:
1261 4699 1454 4755 Omnes
1480 4700 1679 4755 labores
1701 4699 1846 4756 illius

266 4811 365 4848 non
389 4794 732 4848 inveniuntur
756 4808 867 4864 pra:
894 4792 1278 4862 iniquitatibus,
1303 4792 1359 4845 in
1382 4789 1568 4862 quibus
1592 4790 1843 4861 peccarit.

266 4885 330 4939 Et
356 4900 427 4941 ne
460 4884 596 4939 illud
626 4883 915 4951 impleatur
945 4882 999 4936 in
1032 4882 1226 4936 nobis:
1269 4879 1505 4952 Caepistis
1539 4881 1755 4951 spiritu,
1798 4888 1847 4934 et

268 4991 401 5029 nunc
448 4989 611 5027 carne
655 4969 1135 5026 consummamini:
1182 4977 1331 5022 tanta
1375 4969 1517 5039 passi
1561 4970 1687 5023 estis
1735 4962 1847 5022 sine

267 5080 427 5117 causa
454 5059 599 5133 (Gal.
626 5061 754 5133 tu)?
807 5061 877 5115 Et
912 5060 1000 5115 ille
1028 5067 1217 5113 contra
1252 5073 1353 5112 nos
1387 5072 1567 5115 sermo
1594 5057 1843 5112 dicatur:

271 5153 376 5210 Lex
402 5155 559 5227 periit
586 5172 618 5207 a
644 5152 937 5218 sacerdote,
972 5161 1022 5205 et
1060 5149 1338 5204 consilium
1367 5167 1399 5204 a
1426 5150 1755 5214 senioribus;
1802 5159 1849 5203 et

268 5262 455 5301 manus
483 5245 666 5318 pepuli
697 5242 969 5298 dissoluta:
996 5251 1141 5309 sunt,
1174 5259 1321 5297 senes
1357 5243 1421 5297 de
1452 5252 1602 5313 porta
1640 5244 1850 5313 quieve-

270 5346 418 5404 runt,
461 5336 612 5390 electi
647 5351 679 5388 a
717 5333 934 5404 psalmis
973 5334 1082 5387 suis
1115 5341 1443 5387 cessaverunt
1480 5332 1697 5404 (Ezech.
1725 5332 1847 5403 vn).

269 5422 615 5493 Rursumque
640 5424 889 5478 dicatur:
926 5421 1149 5492 Pmpter
1176 5439 1263 5476 vos
1293 5439 1481 5477 nomen
1506 5438 1677 5475 meum
1706 5421 1817 5475 blas
1835 5450 1849 5462 ι

268 5516 546 5585 phematur
592 5515 649 5567 in
704 5513 941 5584 gentibus
995 5511 1185 5585 (Rom.
1240 5512 1362 5583 u):
1424 5522 1478 5566 et
1526 5513 1851 5581 contemptis

272 5602 702 5660 institutionibus
740 5602 919 5658 Patris
961 5603 1128 5658 nostri
1173 5603 1431 5672 subrepat
1468 5601 1688 5665 oblivio,
1732 5615 1849 5655 mc-

274 5697 647 5767 diatoremquc
672 5694 768 5750 Dei
796 5704 955 5765 atque
982 5704 1290 5751 sanctorum
1320 5702 1507 5751 nostro
1532 5693 1660 5750 vitio
1686 5693 1852 5765 negli-

272 5799 475 5857 gamus.

2017 3341 2256 3397 XXXIII.
2289 3342 2357 3396 Et
2380 3342 2582 3399 idcirco
2610 3352 2950 3401 revertamur
2970 3346 3039 3402 ad
3060 3347 3347 3403 Dominum
3373 3350 3540 3404 Deum

1947 3441 2213 3501 nostrum,
2261 3445 2322 3490 ut
2351 3438 2567 3506 quando
2611 3440 2972 3506 oraverimus,
3019 3441 3274 3495 exaudiat
3321 3456 3419 3496 nos
3443 3443 3538 3511 qui

1947 3524 2190 3594 quotidie
2237 3525 2490 3580 hortatur
2519 3533 2579 3580 ut
2602 3542 2858 3582 vacemus
2883 3536 2938 3581 et
2970 3543 3361 3599 cognoscamus
3388 3545 3535 3584 eum.

1946 3613 2015 3667 Et
2039 3613 2168 3668 alibi
2194 3613 2433 3683 loquitur
2457 3632 2471 3667 :
2503 3614 2839 3671 Revertimini
2882 3617 2952 3669 ad
2979 3634 3079 3680 me,
3108 3627 3155 3671 et
3184 3633 3278 3687 ego
3307 3628 3538 3672 revertar

1947 3704 2016 3758 ad
2042 3721 2151 3759 vos.
2193 3705 2260 3758 Et
2289 3704 2487 3758 iterum
2516 3723 2528 3757 :
2557 3703 2899 3759 Revertimini
2929 3706 3000 3759 ad
3029 3723 3129 3771 me,
3162 3706 3259 3775 filii
3291 3708 3530 3762 receden-

1946 3804 2044 3857 tes,
2071 3802 2121 3847 et
2143 3809 2236 3864 ego
2262 3792 2578 3847 dominabor
2615 3795 2768 3848 vestri
2799 3792 2932 3864 (Jer.
2969 3794 3073 3866 ιιι).
3112 3795 3364 3851 Ezechiel
3389 3796 3540 3851 simi-

1948 3887 2075 3941 liter
2102 3893 2442 3941 contestatur
2467 3900 2533 3939 ae
2560 3885 2693 3940 dicit
2718 3904 2730 3939 :
2786 3886 2963 3951 Quare
2993 3888 3309 3955 moriemini,
3349 3888 3537 3942 domus

1949 3976 2121 4031 Israel
2145 3977 2172 4030 ?
2216 3975 2358 4031 Nolo
2394 3986 2614 4030 mortem
2653 3978 2962 4047 peccatoris,
3001 3977 3092 4031 sed
3129 3987 3331 4032 tantum
3358 3988 3415 4031 ut
3461 3995 3542 4032 re-

1946 4077 2184 4123 vertatur
2204 4067 2268 4123 de
2296 4069 2380 4122 via
2404 4068 2548 4123 mala
2585 4086 2706 4133 sua,
2749 4079 2798 4123 et
2839 4071 2973 4124 vivat
3006 4070 3225 4141 (Ezech.
3259 4070 3437 4141 xvut).
3472 4072 3541 4126 Et

1949 4160 2405 4216 clementissimus
2448 4175 2512 4215 ac
2538 4160 2705 4215 totius
2746 4159 3007 4215 bonitatis
3034 4170 3196 4231 caput
3237 4160 3437 4216 clamat
3483 4162 3540 4216 in

1950 4236 2244 4321 Evangelia
2290 4251 2359 4304 ad
2388 4267 2489 4306 nos
2526 4251 2788 4306 Dominus
2834 4259 2997 4320 atque
3046 4260 3321 4308 testatur:
3367 4250 3543 4306 Venite

1950 4341 2019 4395 ad
2047 4356 2149 4406 me,
2180 4356 2357 4394 omnes
2385 4341 2475 4411 qui
2498 4340 2752 4394 laboratis
2774 4348 2823 4394 et
2848 4343 3052 4395 onerati
3073 4343 3216 4408 estis,
3263 4352 3312 4396 et
3335 4358 3427 4412 ego
3456 4358 3539 4395 re-

1949 4432 2127 4501 ﬁciam
2150 4445 2261 4486 vos.
2293 4430 2483 4486 Tollite
2502 4431 2695 4509 jugum
2730 4447 2904 4485 meum
2949 4447 3106 4502 super
3130 4448 3238 4498 vos,
3279 4441 3328 4486 et
3356 4432 3541 4485 discite

1953 4542 1985 4579 a
2014 4540 2115 4589 me,
2162 4525 2287 4595 quia
2322 4524 2465 4577 mitis
2491 4539 2607 4577 sum
2652 4532 2699 4577 et
2751 4522 2965 4577 humilis
2995 4522 3170 4588 corde,
3197 4532 3247 4576 et
3269 4522 3539 4576 invenietis

1952 4620 2179 4689 requiem
2207 4616 2484 4671 animabus
2514 4616 2695 4670 vestris
2732 4614 2947 4687 (Matth.
2974 4615 3075 4684 ιιι).
3123 4612 3540 4670 Consideremus

1952 4707 2094 4778 quod
2124 4707 2337 4761 bonitas
2380 4706 2475 4760 Dei
2507 4707 2575 4760 ad
2601 4706 2981 4776 paenitentiam
3014 4712 3126 4760 nos
3156 4712 3436 4774 provocet,
3482 4714 3541 4759 et

1954 4800 2129 4855 sancti
2157 4799 2257 4853 viri
2290 4799 2650 4854 cohortantur
2675 4798 2742 4852 ad
2770 4797 3017 4852 salutem.
3071 4795 3188 4850 Non
3224 4796 3538 4852 induremus

1953 4891 2118 4946 corda
2154 4896 2343 4945 nostra
2369 4928 2382 4955 ,
2432 4902 2608 4957 neque
2655 4888 3083 4942 thesaurizemus
3130 4887 3266 4942 iram
3296 4886 3452 4943 nobis
3483 4888 3537 4942 in

1954 4982 2040 5036 die
2068 4981 2164 5036 irae
2193 4988 2248 5035 et
2292 4978 2639 5036 revelationis
2662 4978 2796 5049 justi
2836 4977 3025 5045 judicii
3053 4976 3169 5044 Dei,
3214 4977 3306 5047 qui
3352 4978 3538 5032 reddet

1952 5076 2247 5145 unicuique
2272 5073 2428 5143 juxta
2475 5086 2639 5142 opera
2681 5085 2779 5125 sua
2829 5068 3006 5140 (Rom.
3041 5068 3142 5141 u);
3185 5070 3281 5124 sed
3323 5084 3391 5124 ex
3421 5078 3536 5125 toto

1953 5166 2115 5221 corde
2142 5172 2482 5219 revertamur
2507 5163 2576 5217 ad
2603 5160 2910 5225 Dominum,
2935 5169 2990 5214 et
3034 5160 3328 5214 secundum
3364 5159 3533 5230 Moysi

1951 5257 2115 5310 verba
2165 5253 2554 5311 memorantis:
2589 5250 2647 5305 Si
2692 5252 2970 5306 revertaris
3020 5251 3089 5305 ad
3135 5251 3419 5306 Dominum
3466 5268 3533 5305 ex

1953 5355 2058 5399 toto
2086 5345 2242 5399 corde
2269 5352 2379 5409 tuo,
2411 5340 2686 5396 mundabit
2708 5357 2798 5395 cor
2827 5351 2994 5407 tuum,
3026 5352 3075 5396 et
3102 5358 3193 5395 cor
3219 5341 3431 5397 seminis
3454 5343 3532 5396 tui

1955 5437 2132 5509 (Deut.
2162 5435 2318 5507 xxx).
3394 5470 3403 5479 .

2024 5525 2265 5580 XXXIV.
2299 5524 2628 5580 Laboremus
2655 5526 2796 5580 sicut
2822 5525 2948 5579 boni
2995 5525 3195 5592 milites
3221 5525 3447 5591 Christi,
3478 5536 3535 5580 et

1956 5622 2301 5676 observemus
2326 5618 2455 5673 illud
2491 5618 2634 5688 quod
2662 5618 2922 5686 scriptum
2954 5624 3037 5671 est
3063 5636 3076 5670 :
3109 5616 3277 5671 Nemo
3302 5618 3531 5671 militans

1960 5711 2065 5763 Deo
2090 5710 2319 5781 implicat
2352 5727 2406 5763 se
2448 5710 2668 5779 negotiis
2696 5708 3057 5774 strcularibus,
3101 5719 3154 5762 ut
3198 5710 3244 5763 ei
3269 5710 3354 5762 cui
3396 5707 3531 5760 mili—

1958 5813 2029 5858 tat
2070 5802 2268 5872 placeat
2304 5801 2389 5874 (ll
2425 5801 2557 5856 Tim.
2593 5802 2671 5873 ιι).
2728 5802 2783 5856 Si
2829 5810 3005 5857 autem
3038 5802 3160 5871 quis
3188 5809 3244 5853 et
3276 5800 3341 5857 in.
3360 5810 3529 5868 agone
