3942 6190
319 431 429 484 lli?

1310 407 1367 463 S.
1409 400 1769 461 BENEDICTI
1806 394 2097 452 ABBATIS
2136 385 2544 446 ANIANENSIS

3466 372 3570 429 468

319 542 626 603 contendat,
678 551 782 591 non
813 538 1103 588 coronatur
1152 526 1252 581 nisi
1303 522 1540 593 legitime
1579 512 1887 574 certaverit.
1924 508 1967 567 Δ
1995 504 2194 558 deleam
2239 500 2514 571 Ephraim.
2570 496 2637 549 Et
2671 494 2897 548 iterum:
2953 490 3075 545 Non
3100 490 3154 542 in
3197 496 3448 542 internum
3478 503 3575 549 pu—

1803 600 1813 603 _
2046 592 2057 603 .
2546 602 2551 603 ,
2580 602 2587 603 ,
2684 584 2881 603 5A---__.
2928 579 3062 603 ---1.3,
3138 576 3359 603 ο..2..3ι..-
3390 579 3517 603 -..έιυ
3552 593 3575 603 ,-

322 600 687 688 Laborantem
715 622 1005 695 agricolam
1031 626 1248 690 Oportet
1286 615 1517 685 primum
1546 609 1611 663 de
1637 600 1902 659 fructibus

324 723 439 790 ejus
464 717 812 791 participare.
836 711 1113 781 Scriptum
1142 715 1226 762 est
1253 724 1264 758 :
1292 704 1492 760 Omnes
1522 696 1703 769 populi
1749 694 1904 748 ibunt

329 812 702 882 unusquisque
743 807 798 860 in
834 805 977 858 viam
1020 815 1191 857 suam.
1243 792 1356 851 Nos
1398 803 1572 847 autem
1600 790 1655 844 in
1702 784 1906 841 nomine

334 877 540 957 Domini
568 877 667 953 si.-
692 896 856 951 nostri
884 887 1379 962 magniﬁcdbimur;
1407 883 1504 953 ipsi
1531 877 1763 950 impediti
1787 883 1907 929 sunt

330 1006 376 1045 et
411 990 705 1046 ceciderunt
732 1026 747 1053 ,
783 1000 875 1039 nos
903 990 1075 1049 autem
1104 976 1428 1032 surreximus
1468 981 1517 1025 et
1546 969 1701 1024 erecti
1730 982 1919 1022 sumus

336 1082 506 1153 tPsal.
535 1070 670 1152 XIX).

404 1148 639 1227 XXXV;
676 1169 783 1233 Qui
825 1163 1057 1219 ambulat
1106 1162 1161 1215 in
1210 1158 1315 1222 die,
1361 1170 1464 1210 non
1492 1150 1774 1223 impingit;
1825 1148 1915 1219 qui

337 1274 507 1318 autem
550 1262 605 1315 in
635 1267 782 1313 nocte
829 1254 1086 1327 graditur,
1133 1247 1406 1320 impingit,
1454 1243 1578 1314 quia
1611 1240 1787 1293 lumen
1813 1253 1916 1291 non

339 1355 489 1410 estin
515 1369 574 1407 eo
598 1349 781 1424 (Joan.
809 1346 906 1418 ιιι).
940 1338 1053 1397 Nos
1081 1350 1274 1402 autem,
1301 1337 1441 1391 sicut
1464 1327 1916 1400 dixitAposlolus,

342 1460 445 1500 non
472 1418 653 1500 sumus
688 1440 789 1511 ﬁlii
826 1432 1273 1508 pravarkationis
1317 1430 1371 1483 in
1409 1424 1784 1498 perditionem,
1828 1418 1919 1473 sed

342 1535 466 1604 ﬁdei
494 1534 550 1588 in
571 1507 965 1603 disquisitionem
995 1524 1185 1578 imiimi:
1215 1517 1370 1593 (Heb.
1401 1516 1477 1587 ιι).
1504 1515 1571 1569 Ει
1592 1512 1759 1567 alibi:
1795 1507 1923 1563 0m-

347 1600 455 1693 im,
494 1600 689 1694 inquit,
720 1622 819 1691 ,iiii
871 1618 1004 1672 lucis
1042 1616 1185 1678 eius,
1231 1621 1276 1666 et
1302 1610 1399 1680 filii
1432 1608 1524 1661 Dei
1553 1605 1604 1678 (ι
1636 1603 1788 1658 Tm.
1818 1600 1920 1671 ιιι).

348 1691 467 1771 Non
491 1691 680 1772 sumus
709 1712 806 1767 lilii
837 1709 1012 1765 noetis
1033 1748 1047 1773 ,
1092 1718 1265 1775 neque
1295 1699 1660 1756 tenebrarum.
1710 1691 1770 1748 Si
1798 1705 1927 1761 ergo

350 1824 536 1864 sumus
578 1806 673 1861 ﬁlii
699 1804 858 1866 lueis,
907 1801 1166 1856 debemus
1193 1795 1332 1851 scire
1378 1806 1499 1861 qua:
1526 1788 1662 1844 lucis
1691 1793 1837 1850 sunt,
1873 1792 1929 1837 et

353 1904 534 1956 racere
574 1897 779 1952 fructus
816 1889 1037 1947 luminis
1074 1890 1131 1944 in
1180 1886 1327 1942 omni
1359 1898 1522 1953 opere
1563 1881 1744 1935 bene:
1787 1876 1929 1947 quod

353 1991 496 2049 enim
532 1985 927 2045 manifestatur,
969 1981 1059 2034 lux
1086 1987 1188 2033 est.
1228 1974 1285 2030 Si
1313 1975 1366 2029 in
1394 1981 1506 2028 toto
1534 1969 1699 2027 corde
1744 1980 1928 2023 rever-

355 2092 537 2134 tamur
564 2077 631 2131 ad
661 2074 972 2135 Dominum,
1022 2079 1078 2124 et
1108 2068 1162 2122 in
1205 2063 1492 2136 prmeeptis
1521 2067 1833 2116 sanctorum
1869 2055 1933 2109 il-

359 2173 464 2225 lius
492 2176 549 2223 et
595 2166 776 2221 Patris
812 2162 984 2218 nostri
1032 2158 1261 2229 simplici
1314 2156 1476 2211 corde
1530 2163 1931 2212 conversamur,

359 2257 750 2314 abundahimus
779 2254 832 2308 in
866 2250 1013 2306 omni
1044 2263 1208 2318 opere
1252 2246 1414 2299 bono.
1465 2241 1619 2308 Quod
1645 2239 1690 2295 si
1717 2251 1935 2307 supere-

361 2364 484 2403 ntur
510 2346 694 2403 carnis
735 2340 1134 2411 voluptatibus,
1172 2336 1224 2390 in
1252 2335 1338 2389 die
1367 2330 1522 2402 quasi
1554 2330 1609 2384 in
1639 2326 1817 2383 media
1845 2338 1939 2379 no-

363 2450 449 2497 ete
474 2439 738 2510 parietem
763 2433 1103 2505 palpabimus
1130 2448 1142 2483 :
1194 2436 1250 2483 et
1282 2441 1389 2481 non
1431 2421 1771 2478 inveniemus
1797 2417 1940 2471 viam

364 2507 600 2587 civitatis
625 2523 995 2584 etltabitaculi
1041 2521 1233 2584 nostri,
1283 2520 1350 2573 de
1376 2531 1483 2586 quo
1518 2512 1753 2568 dicitur:
1807 2507 1947 2562 Esu-

366 2623 607 2677 rientium
641 2629 689 2675 et
734 2617 1024 2673 sitientium
1069 2612 1247 2667 anima
1285 2608 1462 2678 deficit
1510 2601 1739 2676 (Psalm.
1789 2598 1941 2670 CVI);

367 2713 495 2784 quia
522 2713 965 2778 contempserunt
1015 2704 1186 2774 legem
1214 2700 1316 2756 sibi
1353 2714 1384 2752 a
1411 2698 1522 2752 Deo
1566 2694 1843 2754 traditam,
1894 2697 1950 2743 et

364 2783 556 2859 uocem
585 2799 972 2872 prophetarum
1008 2808 1115 2849 non
1159 2791 1479 2847 audierunt:
1511 2793 1567 2841 et
1596 2783 1797 2840 idcirco
1839 2792 1946 2834 non

370 2899 665 2963 potuerunt
685 2887 753 2943 ad
774 2887 1098 2957 promissam
1126 2880 1367 2951 requiem
1394 2876 1702 2948 pervenire.

442 2980 681 3036 XXXVI.
721 2978 1017 3049 Vigilemus
1046 2983 1102 3029 et
1135 2971 1327 3028 attenti
1352 2971 1563 3025 simus:
1612 2967 1658 3021 si
1683 2965 1828 3021 enim
1858 2979 1951 3017 na-

372 3067 643 3123 turalibus
688 3076 795 3120 non
823 3063 1082 3133 pepercit,
1137 3074 1237 3114 nec
1279 3058 1435 3112 nobis
1481 3062 1685 3125 parcet.
1738 3050 1854 3108 Non
1886 3052 1953 3106 de

376 3159 609 3224 cunctis,
652 3157 745 3212 sed
768 3157 834 3211 de
878 3152 1277 3225 negligentibus
1320 3149 1545 3216 loquor,
1603 3145 1799 3215 quibus
1831 3142 1955 3213 jure

377 3252 651 3323 aptabitur
681 3248 769 3301 illa
809 3244 1149 3316 deploratio:
1206 3240 1297 3295 Vw
1332 3240 1406 3294 eis
1440 3238 1529 3309 qui
1560 3243 1878 3291 recesserunt
1922 3250 1957 3291 α

376 3361 480 3401 me.
509 3340 779 3411 Manifesti
830 3347 975 3403 sunt,
1015 3336 1139 3407 quia
1186 3332 1342 3404 impie
1373 3337 1588 3401 egerunt
1624 3330 1809 3391 inme,
1834 3326 1958 3395 quia

380 3434 765 3506 dereliquerunt
790 3446 873 3485 me
913 3429 1110 3500 fontem
1145 3440 1296 3497 aqua:
1321 3424 1445 3478 view
1471 3461 1486 3487 ,
1521 3430 1569 3475 et
1593 3420 1837 3490 foderunt
1861 3417 1959 3471 sibi

380 3525 630 3581 contritos
656 3522 825 3588 lacus,
855 3521 944 3592 qui
966 3535 1069 3572 non
1090 3524 1307 3590 possunt
1331 3529 1523 3584 aquam
1543 3512 1804 3566 continere
1823 3506 1958 3580 (Jer.

383 3615 465 3688 ιι).
489 3614 558 3669 Et
576 3614 709 3683 quia
723 3627 831 3667 non
852 3610 1139 3665 audierunt
1156 3604 1368 3678 iudices
1387 3603 1523 3672 eius,
1541 3600 1763 3656 audiant
1781 3599 1962 3654 dicen-

385 3716 495 3760 tem
518 3704 689 3761 Deum
714 3720 729 3757 :
766 3701 1027 3758 Constitui
1057 3715 1216 3770 super
1246 3713 1332 3752 vos
1356 3694 1724 3766 speculatores.
1773 3690 1964 3745 Audite

386 3795 742 3852 vocemtubte.
792 3792 862 3848 Et
906 3792 1189 3847 dixerunt:
1231 3787 1354 3843 Non
1404 3785 1680 3840 audiemus
1711 3782 1843 3855 (Jer.
1877 3781 1963 3851 ιι).

393 3888 543 3946 Unde
570 3888 675 3944 ista
716 3884 1110 3943 incredulitas?
1159 3881 1348 3937 Nonne
1388 3894 1455 3934 ex
1484 3892 1550 3934 eo
1592 3877 1721 3947 quia
1761 3876 1966 3930 alienos

388 3986 800 4051 cognoverunt,
846 3984 904 4031 et
947 3989 1055 4030 non
1101 3970 1370 4028 adversati
1413 3968 1577 4024 sunt?
1626 3966 1889 4034 Loquitur
1914 3970 1970 4018 et

391 4070 518 4126 alibi
541 4068 777 4139 Spiritus
799 4074 1139 4133 sanctusper
1164 4060 1487 4132 prophetam
1511 4075 1526 4112 :
1556 4056 1670 4126 Ego
1691 4055 1832 4138 enim
1852 4069 1968 4107 sunt

391 4158 536 4213 Deus
565 4131 822 4211 Dominus
848 4163 992 4217 tuus,
1039 4131 1129 4223 qui
1168 4131 1398 4219 formavi
1444 4146 1651 4209 coelum,
1696 4153 1745 4198 et
1790 4131 1969 4196 ἐνεαυὶ

394 4259 630 4311 terram;
668 4243 820 4315 cujus
853 4257 1043 4296 manus
1069 4237 1413 4293 condiderunt
1448 4248 1654 4288 omnem
1696 4230 1810 4284 caeli
1835 4229 1972 4283 mili-

396 4342 545 4405 tiam,
571 4346 621 4392 et
646 4332 999 4391 noneostendit
1037 4347 1100 4386 ea
1128 4328 1245 4393 tibi,
1269 4335 1327 4380 ut
1362 4321 1657 4378 ambulares
1683 4329 1797 4390 post
1824 4317 1971 4372 illam

399 4431 555 4501 (Isai.
597 4426 745 4498 xu).
786 4424 940 4493 Quod
966 4422 1184 4494 quidem
1207 4426 1267 4474 et
1296 4430 1393 4487 per
1420 4413 1665 4501 Moysemr
1696 4408 1970 4479 praeepit,

398 4498 585 4578 dicens
613 4538 626 4574 :
660 4518 782 4575 Non
804 4511 1236 4584 cumsuspemeris
1261 4504 1465 4568 calum,
1497 4512 1545 4557 et
1584 4500 1772 4593 videris
1811 4498 1972 4553 solem
2002 4534 2052 4593 Β

358 4626 381 4635 ’
400 4624 448 4669 et
477 4614 743 4667 lunamac
766 4606 969 4669 stellas,
994 4613 1043 4658 et
1063 4617 1214 4657 omne
1233 4602 1595 4653 ornamentum
1638 4590 1779 4656 cmli,
1802 4605 1976 4644 errore

403 4702 517 4759 caeli
559 4700 804 4771 deceptus
847 4696 1036 4751 adores
1066 4709 1127 4747 ea
1170 4688 1351 4762 (Deut.
1380 4683 1477 4754 IV).
1519 4681 1633 4753 Ego
1657 4695 1773 4735 sum
1808 4678 1974 4743 Deus,

403 4793 494 4864 qui
515 4791 675 4847 eduxi
711 4799 760 4844 te
786 4788 850 4842 de
878 4796 1023 4841 terra
1063 4780 1321 4852 ii‘liggpti,~
1339 4788 1387 4832 et
1420 4775 1587 4831 Deum
1614 4781 1762 4826 extra
1787 4786 1867 4824 me
1891 4786 1979 4824 ne-

405 4885 527 4947 scis,
556 4892 603 4937 et
641 4880 731 4953 qui
754 4877 926 4935 “salvos
970 4882 1140 4946 posset
1168 4871 1383 4941 facere,
1423 4883 1528 4921 non
1561 4874 1635 4919 est
1658 4872 1847 4935 praeter
1874 4878 1973 4915 me.

408 4974 522 5044 Ego
551 4949 687 5035 sum,
719 4971 808 5039 qui
836 4978 884 5021 te
913 4964 1029 5032 pavi
1058 4963 1114 5017 in
1145 4958 1447 5022 solitudine,
1472 4957 1528 5009 in
1559 4964 1698 5008 terra
1736 4949 1979 5016 inhabili,

407 5043 675 5131 etimpleti
693 5067 816 5114 sunt
836 5055 1135 5118 saturitate,
1172 5059 1222 5105 et
1251 5048 1451 5103 elevata
1475 5054 1595 5100 sunt
1619 5043 1779 5097 corda
1806 5056 1983 5095 eorum

412 5152 610 5225 (Exod.
643 5150 760 5223 xx).
804 5148 1013 5205 Idcirco
1050 5144 1199 5200 obliti
1226 5152 1347 5197 sunt
1392 5139 1516 5203 mei,
1553 5146 1601 5191 et
1642 5152 1735 5207 ego
1778 5133 1985 5188 tradam

411 5260 499 5298 eos
526 5241 834 5312 dispersioni
861 5241 920 5293 in
945 5235 1182 5308 gentibus
1206 5231 1407 5287 cunctis
1434 5226 1570 5301 (Jer.
1600 5224 1698 5295 ix).

483 5331 746 5390 XXXVII.
800 5330 931 5399 Qua:
973 5328 1253 5384 audientes
1292 5321 1448 5394 quasi
1488 5320 1554 5375 de
1581 5332 1771 5373 sonmo
1799 5327 1989 5383 exper-

417 5426 720 5493 giscantur,
755 5429 810 5476 et
836 5419 1184 5489 praebeamus
1227 5429 1326 5469 nos
1353 5413 1544 5483 dignos
1576 5404 1786 5462 Domini
1814 5401 1985 5459 εεινὶ-

421 5517 544 5581 ιυιί,
591 5524 651 5570 ιιι
701 5513 1025 5569 miseroatur
1068 5516 1127 5566 et
1161 5505 1307 5561 dicat
1353 5502 1544 5558 nobis:
1596 5498 1847 5552 Invocate
1877 5507 1985 5557 me,

420 5618 597 5678 ctego
640 5605 925 5662 exaudiam
972 5616 1086 5656 vos.
1140 5599 1258 5668 Ipse
1298 5595 1441 5650 enim
1473 5594 1583 5648 ait:
1619 5589 1720 5659 Qui
1750 5585 1991 5659 dispersit

426 5675 616 5762 lsrael,
647 5692 973 5764 congregavit
1005 5706 1144 5746 eum.
1195 5687 1261 5741 Et
1296 5685 1423 5740 alibi
1451 5698 1464 5737 :
1500 5682 1623 5737 Non
1663 5679 1871 5749 faciam,
1911 5675 1995 5731 in-

425 5788 575 5859 qt'tt,
597 5785 760 5859 juxta
800 5784 935 5839 iram
963 5782 1159 5851 furoris
1200 5777 1320 5842 mei,
1366 5791 1457 5830 nec
1497 5775 1569 5828 sic
1594 5772 1905 5842 relinquam,
1938 5777 1992 5821 ut

2005 592 2144 647 uiam
2171 607 2277 652 vos,
2321 605 2412 642 nec
2452 601 2651 655 semper
2681 584 2881 636 irascar
2927 579 3083 634 vobis.
3132 576 3359 648 Spiritus
3384 579 3520 631 enim
3547 593 3579 629 a

2004 697 2085 734 me
2111 678 2397 749 egreditur,
2440 685 2487 729 et
2538 689 2686 728 omne
2735 670 2874 742 quod
2916 670 3077 740 spirat
3114 684 3206 737 ego
3243 665 3363 735 feci.
3413 665 3479 720 Et
3526 664 3583 719 in

2007 769 2196 827 eodem
2232 769 2353 825 loco
2381 765 2558 836 jungit
2592 779 2656 818 ac
2688 763 2856 817 dicit:
2906 759 3038 815 Dedi
3078 759 3150 812 eis
3174 755 3586 812 consolationem

2009 877 2202 925 ueram,
2250 873 2430 929 pacem
2469 870 2623 925 super
2656 867 2837 921 pacem
2889 847 2970 903 his
3012 848 3101 917 qui
3146 854 3295 900 erant
3339 862 3496 916 prope
3542 854 3587 897 et

2011 953 2202 1022 longe:
2250 950 2482 1019 dixitque
2524 945 2821 1000 Dominus:
2866 938 3075 996 Sanabo
3118 955 3206 993 eos
3246 937 3380 1009 (Jer.
3412 937 3590 1007 xxxx).

2012 1041 2176 1111 Cujus
2202 1050 2263 1097 ut
2306 1039 2462 1110 plene
2499 1032 2927 1091 misericordiam
2973 1044 3387 1103 cognoscamus,
3433 1026 3593 1082 Jere-

2017 1132 2139 1186 mite
2166 1145 2415 1186 sermone
2445 1129 2634 1192 docet,
2683 1125 2905 1179 dicens:
2942 1119 3001 1176 Si
3027 1119 3280 1174 eleuatum
3308 1118 3465 1187 fuerit
3493 1135 3597 1186 cate

2017 1223 2125 1276 lum
2155 1223 2209 1276 in
2237 1220 2477 1285 sublime,
2530 1228 2577 1272 et
2616 1218 2660 1271 si
2688 1213 3023 1270 humiliatum
3059 1209 3406 1281 pavimentum
3444 1220 3601 1264 terra:

2019 1312 2282 1376 deorsum,
2315 1325 2408 1380 ego
2433 1325 2536 1363 non
2565 1305 2767 1378 replebo
2804 1301 3003 1375 gentem
3032 1300 3202 1358 Israel
3242 1308 3336 1371 pro
3363 1289 3603 1355 omnibus

2021 1416 2141 1465 qua:
2170 1400 2402 1470 fecerunt
2436 1397 2569 1470 (Jer.
2607 1395 2711 1466 ιιι).

2095 1490 2378 1547 XXXVIII.
2419 1489 2661 1557 Cumque
2714 1492 2863 1540 tanta
2891 1484 3177 1539 clementia
3209 1482 3282 1537 sit
3307 1480 3607 1536 Salvatoris

2027 1583 2263 1648 Domini,
2303 1591 2359 1636 et
2386 1594 2484 1635 nos
2525 1562 2782 1649 provocet
2816 1575 2883 1629 ad
2926 1573 3177 1639 salutem,
3224 1579 3609 1628 convertamus

2029 1673 2192 1729 corda
2237 1678 2422 1727 nostra
2470 1667 2536 1722 ad
2578 1681 2740 1721 eum:
2797 1662 2935 1730 Quia
2965 1663 3082 1735 jam
3110 1663 3239 1716 hora
3287 1670 3396 1725 est,
3445 1670 3500 1714 ut
3548 1660 3612 1713 de

2032 1778 2214 1818 somno
2237 1757 2536 1831 evigilemus
2561 1773 2578 1820 ;
2626 1771 2729 1808 nos
2754 1753 3038 1824 prtecessit,
3076 1751 3188 1805 dies
3223 1758 3397 1803 autem
3422 1764 3616 1819 appro-

1960 1847 2003 1906 B
2029 1852 2296 1925 pinquavit
2322 1866 2340 1916 ;
2371 1849 2693 1918 deponamus
2722 1859 2843 1913 ergo
2868 1858 3026 1913 opera
3070 1840 3420 1905 tenebrarum,
3448 1848 3494 1893 et
3533 1840 3615 1893 itt-

2035 1944 2266 1997 duamur
2288 1954 2439 1993 arma
2470 1935 2602 1989 lucis
2640 1931 2817 2005 (Rom.
2849 1932 2990 2002 xm).
3022 1930 3196 1985 Filioli
3218 1933 3354 1995 inet,
3379 1929 3617 1999 primum

2034 2046 2103 2086 ex
2132 2038 2245 2085 toto
2273 2027 2438 2082 corde
2481 2023 2766 2095 diligamus
2792 2021 2981 2087 Deum,
3034 2019 3229 2075 deinde
3254 2019 3619 2089 nosmetipsos

2037 2135 2281 2177 amemus
2310 2124 2519 2182 mutuo,
2569 2127 2839 2169 memores
2865 2119 3258 2181 praeceptorum
3288 2109 3382 2163 Dei
3429 2107 3622 2162 Salva-

2039 2211 2207 2274 toris,
2258 2208 2313 2263 in
2344 2206 2554 2277 quibus
2573 2204 2652 2259 ait
2677 2220 2688 2256 :
2723 2199 2917 2256 Pacem
2946 2216 3114 2254 meam
3142 2200 3210 2253 do
3234 2198 3396 2264 vobis,
3440 2215 3624 2268 pacem

2043 2318 2206 2356 meam
2240 2298 2473 2369 relinquo
2500 2295 2684 2351 vobis:
2716 2310 2821 2347 non
2850 2292 2981 2347 sicut
3020 2291 3246 2344 mundus
3293 2290 3383 2344 dat
3419 2305 3624 2360 pacem,

2040 2411 2133 2466 ego
2178 2394 2246 2448 do
2266 2392 2431 2447 vobis.
2469 2388 2537 2443 In
2561 2388 2641 2442 his
2681 2387 2820 2441 enim
2858 2382 3059 2437 duobus
3098 2381 3361 2436 mandatis
3401 2389 3515 2434 tota
3543 2379 3630 2433 lea:

2042 2484 2246 2555 pendet,
2269 2490 2318 2536 et
2338 2478 2601 2551 propheta?
2629 2475 2818 2548 (Joan.
2851 2471 2987 2544 xw).

2114 2575 2355 2634 XXXIX.
2408 2574 2467 2631 Si
2497 2573 2621 2644 quis
2650 2572 2704 2625 in
2735 2570 2894 2625 domo
2921 2564 3235 2622 monasterii
3279 2564 3380 2619 sub
3410 2562 3631 2633 Prmpo-

2047 2672 2152 2727 sito
2182 2682 2426 2732 manens,
2467 2664 2610 2718 nulla
2638 2676 2696 2716 re
2724 2660 2971 2730 indigens
3008 2670 3170 2725 quam
3201 2654 3256 2707 in
3300 2652 3634 2707 monasterio

2048 2764 2248 2819 habere
2275 2759 2599 2830 permissum
2628 2752 2730 2816 est,
2779 2760 2835 2806 et
2863 2750 3026 2805 habet
3065 2756 3273 2818 patrem
3303 2743 3636 2812 fratremque

2050 2866 2107 2915 et
2132 2855 2366 2912 amicum
2397 2849 2800 2911 charissimum,
2847 2841 2981 2898 nihil
3028 2842 3096 2895 ab
3124 2839 3202 2894 eis
3230 2838 3449 2909 penitus
3490 2836 3637 2891 acci—

2053 2950 2184 3021 piat,
2232 2961 2337 3002 non
2365 2943 2625 3005 tunicam,
2653 2953 2759 2993 non
2788 2932 3083 3011 palliolum,
3115 2945 3222 2986 non
3252 2928 3415 2982 aliam
3445 2940 3640 2997 quam-

2052 3015 2184 3093 libet
2231 3050 2366 3090 rem.
2411 3031 2470 3087 Si
2515 3038 2697 3084 autem
2729 3022 3134 3093 comprobatum
3177 3017 3341 3073 interit
3367 3015 3508 3087 quod
3541 3015 3639 3069 mi-

2057 3145 2161 3187 nus
2186 3128 2383 3184 habeat
2421 3124 2488 3179 de
2522 3122 2607 3176 his
2646 3134 2766 3190 qua:
2788 3118 3059 3188 prmeept‘a
3091 3121 3238 3175 sunt,
3269 3111 3425 3180 culpa
3460 3108 3639 3164 omnis

1988 3194 2033 3252 θ
2061 3230 2222 3291 atque
2245 3214 2514 3272 correctio
2534 3212 2602 3267 ad
2630 3208 2983 3278 Prmpositum
3008 3210 3377 3260 convertatur.

2130 3310 2243 3365 XL.
2269 3308 2379 3362 Vos
2411 3304 2575 3375 igitur
2600 3301 2690 3371 qui
2718 3299 2849 3354 estis
2870 3294 3141 3368 principes
3162 3290 3639 3352 monasteriorum,

2062 3404 2106 3459 si
2146 3415 2281 3471 quos
2317 3396 2497 3466 aliqua
2524 3407 2582 3447 re
2628 3387 2875 3444 videritis
2921 3385 3185 3454 indigere,
3216 3388 3271 3435 et
3305 3396 3426 3435 esse
3455 3381 3509 3433 in
3541 3394 3639 3432 an-

2058 3494 2238 3567 gustia
2269 3488 2611 3550 constitutos,
2641 3481 2807 3537 nolite
2836 3494 2931 3535 eos
2961 3476 3252 3545 negligere,
3282 3472 3519 3528 scientes
3542 3486 3640 3527 vos

2065 3584 2370 3641 reddituros
2421 3577 2681 3631 rationem
2718 3588 2814 3643 pro
2844 3570 2989 3625 οιηηί
3041 3581 3201 3639 grege
3227 3608 3240 3631 ,
3291 3580 3447 3635 super
3484 3580 3638 3634 quem

2065 3691 2152 3731 vos
2184 3672 2413 3743 Spiritus
2458 3676 2669 3721 sanctus
2706 3660 2973 3717 constituit
3023 3659 3306 3730 inspicere,
3356 3666 3402 3710 et
3436 3672 3646 3726 pascere

2067 3763 2356 3822 Ecclesium
2382 3758 2497 3821 Dei,
2522 3772 2676 3828 quam
2700 3751 2970 3824 acquisivit
2991 3750 3202 3820 proprio
3226 3747 3480 3817 sanguine
3504 3743 3645 3817 (Act.

2067 3856 2185 3923 xx).
2213 3854 2506 3922 Propterea
2539 3862 2663 3911 nos,-
2679 3843 2769 3916 qui
2806 3841 3050 3911 fortiores
3077 3853 3280 3903 sumus,
3306 3833 3549 3889 debemus
3568 3836 3647 3887 in-

2067 3947 2342 4016 ﬁrmitates
2386 3936 2729 3994 invalidorum
2757 3941 3001 4004 portare,
3044 3937 3091 3982 et
3128 3943 3231 3982 non
3273 3925 3650 3994 nobismetipsis

2068 4036 2292 4108 placere,
2333 4029 2421 4086 sed
2445 4027 2679 4099 proximo
2704 4024 2757 4076 in
2784 4022 2914 4075 bono
2943 4018 3013 4072 ad
3042 4015 3458 4084 ludiﬁcationem.
3505 4010 3649 4065 Nunt

2070 4139 2118 4184 et
2143 4127 2381 4182 Christus
2419 4138 2521 4177 non
2560 4119 2658 4174 sibi
2701 4115 2918 4187 placuit,
2967 4112 3055 4167 sed
3086 4113 3217 4165 sicut
3258 4110 3504 4177 scriptum
3532 4117 3609 4160 est
3633 4144 3645 4156 .

2074 4216 2367 4289 Opprobria
2422 4206 2847 4281 exprobrantium
2895 4203 2987 4257 tibi
3030 4201 3325 4256 ceciderunt
3367 4213 3525 4267 super
3570 4212 3654 4249 me

2074 4286 2251 4382 (Rom.
2301 4303 2413 4376 xv).
2466 4301 2533 4355 Et
2583 4299 2823 4353 iterum:
2876 4293 2999 4347 Non
3030 4307 3229 4363 quirro,
3270 4288 3462 4358 inquit,
3511 4286 3653 4358 quod

2073 4374 2200 4450 mihi
2237 4374 2475 4463 expedit,
2524 4387 2613 4444 sed
2664 4385 2801 4457 quod
2849 4383 3086 4438 omnibus
3109 4419 3125 4447 ,
3163 4390 3217 4433 ut
3249 4378 3382 4433 salvi
3413 4377 3544 4447 [iam
3600 4374 3653 4448 (Ι

2076 4485 2200 4543 Cor.
2226 4485 2340 4551 xx).

2146 4577 2285 4634 XLI.
2316 4575 2375 4631 Si
2424 4581 2605 4628 autem
2645 4568 2903 4624 Dominus
2950 4580 3015 4620 ac
3060 4563 3313 4619 Salvator
3359 4568 3542 4615 noster
3579 4559 3657 4612 ita

2080 4669 2343 4743 prmeipit,
2368 4675 2425 4722 et
2450 4663 2622 4719 sancti
2656 4662 2730 4715 ita
2757 4656 3059 4715 convcrsati
3091 4662 3245 4718 sunt,
3304 4659 3485 4723 patres
3512 4664 3656 4719 quo-

2080 4776 2185 4833 que
2209 4757 2380 4815 nostri
2401 4756 2475 4811 ita
2506 4769 2605 4809 nos
2630 4752 2950 4812 docuerunt,
2974 4758 3364 4815 consurgamus
3388 4757 3418 4795 a
3440 4755 3658 4804 somno,

2079 4831 2134 4907 et
2162 4865 2280 4921 qua:
2319 4855 2447 4904 sunt
2478 4844 2637 4900 nobis
2677 4847 2947 4912 prmcepta
2987 4836 3270 4891 faciamus.
3322 4831 3667 4902 Qutecunque

2082 4943 2274 5012 scripta
2294 4948 2438 5003 sunt,
2466 4937 2534 4991 ad
2583 4944 2815 4989 nostram
2834 4929 3177 4985 eruditionem
3213 4927 3405 4996 scripto
3429 4932 3572 4987 sunt,
3604 4933 3663 4976 ut

2079 5050 2171 5104 per
2212 5032 2516 5103 patientiam
2561 5037 2608 5081 et
2653 5021 3056 5079 consolationem
3094 5016 3484 5087 Scripturarum
3516 5030 3664 5085 spent

2081 5126 2362 5181 habeamus
2410 5120 2587 5190 (Rom.
2630 5116 2752 5188 xv),
2800 5122 2854 5169 et
2882 5112 3059 5167 nullus
3088 5115 3541 5164 nostrum‘causa
3590 5104 3666 5160 sit

2084 5217 2288 5274 erroris
2312 5213 2497 5278 alieni,
2528 5225 2629 5265 nec
2655 5206 2968 5263 azmulemur
2992 5218 3087 5258 eos
3100 5201 3191 5271 qui
3217 5212 3471 5270 prospere
3493 5207 3667 5267 agunt

2087 5309 2140 5362 in
2169 5313 2280 5360 Vlla
2308 5318 2426 5359 sua.
2472 5300 2606 5356 Cum
2630 5297 2777 5352 enim
2821 5292 3002 5348 omnia
3029 5287 3333 5345 necessaria
3357 5284 3510 5340 carni
3542 5283 3660 5337 iue-

2088 5398 2197 5453 rint
2236 5391 2547 5454 consecuti,
2597 5387 2891 5443 morientes
2917 5382 3054 5438 nihil
3078 5394 3260 5436 secum
3284 5374 3663 5448 asportabant.

2089 5487 2211 5543 Filii
2240 5484 2422 5540 sa'culi
2462 5478 2621 5548 hujus
2646 5478 2849 5533 habent
2888 5475 2943 5528 in
2993 5474 3096 5527 hoc
3140 5468 3335 5524 smculo
3384 5464 3661 5521 ﬁduciam.

2089 5577 2345 5648 quoniam
2386 5574 2452 5628 de
2494 5569 2692 5626 mundo
2735 5574 2896 5630 sunt,
2946 5570 3003 5618 et
3052 5558 3283 5615 mundus
3325 5563 3475 5610 amat
3522 5554 3670 5624 quod

2093 5681 2249 5723 suum
2274 5672 2375 5721 est.
2418 5662 2519 5729 Qui
2550 5669 2730 5716 autem
2768 5656 2861 5712 lilii
2892 5655 2985 5710 Dei
3023 5661 3183 5718 sunt,
3224 5650 3366 5705 illius
3396 5645 3672 5702 sermonis

2094 5758 2385 5828 m‘argclici
2412 5755 2762 5812 recordamur
2791 5769 2802 5803 :
2845 5748 2906 5805 Si
2939 5747 3164 5802 ttlttltdtts
3192 5762 3280 5799 uos
3307 5742 3440 5809 odit,
3487 5740 3674 5794 scitote
