3942 6190
271 396 378 450 4'31)

921 383 1153 441 CODEX
1192 383 1647 442 REGULARUM.
1685 413 1757 423 —
1792 381 1975 438 PARS
2012 380 2056 437 Ι.
2098 382 2403 441 REGULE
2440 384 2542 439 PP.
2586 381 2858 439 ORIENT.

3433 384 3533 439 47C

274 513 412 586 quod
437 526 522 563 me
552 508 779 581 primum
822 506 987 561 oderit
1017 504 1197 578 (Joan.
1245 503 1358 574 xv).
1389 503 1459 557 Et
1483 504 1678 557 iterum
1705 518 1717 554 :
1750 498 1855 564 Qui
1881 502 1933 562 Α
1959 497 2129 572 (Psal.
2162 499 2273 574 cx).
2326 500 2393 553 Et
2431 501 2486 554 in
2521 500 2626 554 alio
2651 499 2807 555 loco:
2846 497 2969 553 Non
2997 498 3245 569 praposui
3270 506 3389 553 ante
3413 517 3538 552 ocu-

276 606 496 662 voluerit
532 618 644 661 esse
672 600 873 654 amicus
898 598 1054 667 hujus
1081 596 1261 651 mundi
1286 636 1301 660 ,
1329 594 1571 649 inimicas
1612 592 1698 661 ﬁet
1724 590 1855 644 Deo.

275 698 346 752 Et
370 709 628 750 rursum:
683 688 1094 744 Tribulationem
1136 685 1430 740 habebitis:
1459 684 1549 738 sed
1591 679 1856 750 conﬁdite,

274 804 365 858 ego
395 785 497 839 vici
524 781 801 836 mundum.
828 779 898 834 Et
921 779 1117 833 iterum
1145 796 1158 831 :
1196 775 1349 830 Beati
1386 774 1473 846 qui
1502 773 1703 843 lugent,
1728 787 1859 842 quo-

202 926 213 933 .
277 880 418 933 niam
465 875 569 945 ipsi
613 870 1044 927 consolabuntur.
1091 867 1243 922 Beati
1281 868 1371 938 qui
1413 865 1648 919 esuriant
1693 872 1741 916 et
1786 863 1860 915 si—

273 969 406 1023 tiunt
424 964 725 1036 justitiam,
749 960 996 1032 quoniam
1021 959 1120 1030 ipsi
1157 956 1555 1012 suturabuntur.
1591 952 1741 1006 Beati
1769 953 1858 1022 qui

275 1053 685 1125 persecutionem
728 1049 1005 1119 patiantur
1030 1052 1240 1117 propter
1260 1041 1558 1112 justitiam,
1609 1041 1863 1110 quoniam

277 1146 509 1213 ipsorum
556 1148 634 1195 est
686 1153 902 1208 regnum
952 1133 1198 1189 caelorum
1236 1130 1450 1202 (Matth.
1491 1128 1567 1199 v).
1620 1129 1696 1183 De
1736 1127 1861 1182 [iliis

284 1243 457 1290 autem
488 1231 667 1286 noctis
691 1228 820 1299 quid
858 1241 889 1282 e
911 1224 1187 1281 contrario
1212 1221 1441 1277 dicitur?
1470 1219 1659 1275 Nonne
1687 1219 1859 1273 illud?

288 1326 374 1381 Va:
399 1326 565 1388 vobis,
605 1321 789 1376 divites
816 1361 831 1385 ,
876 1316 1121 1390 quoniam
1158 1313 1416 1385 recepistis
1452 1311 1857 1366 consolationem

277 1428 517 1471 vestram.
570 1412 662 1468 Vw
688 1411 828 1467 vobis
865 1410 954 1481 qui
986 1407 1210 1462 saturati
1235 1406 1356 1460 estis
1387 1422 1553 1470 nunc,
1595 1403 1719 1473 quia
1747 1418 1860 1456 esu-

276 1508 436 1561 rietis.
488 1503 582 1560 Va:
610 1503 750 1559 vobis
798 1502 887 1572 qui
940 1515 1077 1554 nunc
1110 1497 1287 1552 ridetis
1312 1537 1326 1562 ,
1372 1496 1495 1567 quia
1529 1494 1767 1566 lugebitis
1797 1510 1859 1548 ac

276 1597 463 1667 ﬂebitis
491 1594 645 1669 (Luc.
671 1592 770 1664 γι).

342 1689 506 1743 XLII.
566 1686 926 1753 Quamobrem
979 1683 1164 1739 mundi
1199 1682 1471 1737 amicitias
1536 1681 1856 1744 devitcmus,

277 1790 331 1836 ut
361 1779 492 1833 illud
513 1793 824 1833 mercamur
848 1775 1034 1830 audire
1061 1793 1074 1827 :
1107 1773 1189 1827 Ad
1209 1789 1473 1843 vesperam
1501 1770 1862 1825 demorabitur

1960 588 2039 643 los
2087 605 2226 645 meos
2274 607 2381 644 rem
2433 591 2709 661 iniquam:
2758 590 3007 659 facientes
3052 590 3380 658 iniquitatem
3417 589 3537 644 odio

1959 680 2137 734 habui.
2186 679 2255 733 Et
2285 698 2389 735 non
2416 681 2636 736 adhtesit
2662 681 2789 733 mihi
2824 696 2913 734 cor
2934 695 3175 751 pravum,
3216 678 3539 734 declinantes

1960 790 1991 826 a
2018 789 2098 826 me
2121 773 2378 844 malignos
2402 790 2506 827 non
2537 774 2880 843 agnoscebam
2905 789 2925 837 ;
2954 771 3313 826 detrahentem
3338 771 3390 825 in
3420 772 3539 825 abs-

1958 880 2115 916 conso
2142 865 2382 934 proximo
2410 882 2529 929 suo,
2564 865 2702 918 hanc
2731 862 3078 934 persequebar
3099 904 3115 929 ,
3147 862 3366 934 superbo
3388 860 3539 916 oculo

1958 965 2008 1008 et
2047 954 2336 1010 insatiabili
2364 956 2520 1009 corde
2543 972 2662 1008 cum
2688 955 2786 1010 hoc
2808 954 2965 1009 simul
2986 969 3090 1007 non
3116 953 3350 1008 edebam.
3385 950 3540 1007 Oculi

1960 1045 2061 1099 mei
2087 1061 2245 1114 super
2287 1044 2467 1113 fideles
2495 1054 2650 1099 terra:
2676 1083 2692 1108 ,
2746 1054 2801 1097 ut
2830 1044 3054 1114 facerem
3103 1060 3189 1098 eos
3219 1042 3397 1098 sedere
3434 1059 3542 1096 me-

1958 1149 2096 1188 cum.

2030 1224 2218 1281 XLIV.
2252 1225 2493 1293 Quorum
2536 1226 2781 1281 omnium
2814 1239 2912 1280 nos
2943 1224 3216 1279 imitemur
3258 1239 3443 1295 opera,
3484 1235 3545 1280 ut

1962 1318 2033 1372 sit
2054 1317 2110 1371 in
2143 1317 2336 1372 diebus
2364 1317 2567 1371 nostris
2597 1332 2703 1386 pax
2733 1323 2789 1370 et
2813 1313 3049 1384 justitia,
3077 1323 3133 1370 et
3157 1331 3264 1373 non
3296 1316 3455 1370 nobis
3481 1315 3544 1369 il-

1961 1407 2051 1463 lud
2079 1407 2319 1472 eveniat,
2350 1407 2493 1476 quod
2523 1406 2652 1461 alibi
2685 1405 2912 1477 legimus
2945 1424 2958 1459 :
2994 1404 3165 1476 Super
3190 1415 3329 1461 terra
3364 1404 3543 1476 populi

1962 1498 2063 1551 mei
2093 1498 2258 1568 spiam
2280 1506 2329 1551 et
2352 1496 2528 1563 fenum
2557 1504 2867 1566 consurgent
2892 1495 3047 1567 (Isai.
3076 1498 3269 1567 xxx").
3300 1496 3406 1552 Sed
3430 1513 3545 1551 ma-

1961 1587 2044 1658 gis
2071 1588 2394 1641 innovemus
2423 1586 2583 1641 nobis
2611 1585 2843 1650 novalia,
2873 1592 2927 1640 et
2958 1601 3064 1640 non
3093 1586 3423 1642 seminemus
3450 1602 3543 1642 su-

1961 1692 2060 1747 per
2102 1676 2305 1746 spinas.
2351 1674 2594 1744 Cumque
2648 1673 3063 1729 custodierimus
3113 1690 3234 1744 quae
3286 1677 3542 1731 mandata

1963 1776 2089 1823 sunt
2114 1766 2292 1832 nobis,
2322 1764 2596 1820 manifesti
2627 1765 2832 1820 erimus
2860 1764 3005 1833 quod
3035 1762 3321 1835 diligamus
3347 1766 3541 1831 Deum,

276 1875 449 1943 fletus,
481 1880 531 1925 et
558 1869 627 1923 ad
658 1868 975 1921 matutinum
1000 1865 1204 1919 lwtitia.
1245 1864 1454 1919 Audiuit
1478 1864 1757 1928 Dominus,
1808 1871 1855 1917 et
1887 1853 1933 1913 Β
1960 1861 2099 1915 sicut
2127 1867 2358 1914 testatur
2384 1868 2440 1914 et
2479 1859 2535 1912 in
2567 1858 2673 1914 alio
2718 1857 2840 1913 loco
2872 1857 3153 1929 Scriptura
3182 1858 3363 1914 divina
3392 1878 3405 1912 :
3437 1860 3542 1925 Qui

275 1964 517 2016 misertus
540 1966 615 2014 est
640 1958 759 2013 mei.
813 1955 1029 2012 Scidisti
1051 1972 1261 2009 saccum
1286 1971 1481 2020 meum,
1507 1963 1553 2007 et
1582 1954 1857 2008 accinxisti

275 2069 351 2105 me
371 2050 580 2106 ltetitia.
616 2048 750 2116 Quis
774 2048 918 2102 enim
942 2055 1252 2102 sanctorum
1288 2062 1395 2101 non
1421 2046 1474 2099 in
1504 2044 1649 2098 luctu
1675 2059 1740 2099 ac
1761 2044 1859 2097 tri-

276 2140 422 2194 stitia
470 2153 571 2207 per
619 2136 808 2191 mundi
837 2134 998 2202 hujus
1026 2134 1281 2189 transivit
1326 2133 1508 2188 viam?
1550 2131 1854 2187 Jeremias:

281 2231 399 2284 Non
419 2229 554 2294 sedi,
583 2227 780 2296 inquit,
806 2242 923 2280 cum
954 2225 1173 2280 consilio
1211 2225 1523 2288 ludentium,
1556 2224 1646 2278 sed
1672 2232 1860 2278 treme—

279 2323 391 2374 bum
435 2339 469 2374 a
500 2319 639 2389 facie
684 2334 872 2371 manus
911 2326 1039 2371 tuae.
1092 2315 1247 2371 Solus
1298 2315 1561 2379 sedebam,
1607 2314 1858 2385 quoniam

280 2409 634 2463 amaritudine
684 2405 907 2477 repletus
954 2422 1070 2461 sum
1103 2405 1234 2475 (Jer.
1267 2405 1380 2474 xv).
1439 2404 1605 2457 David
1648 2418 1859 2472 quoque

280 2498 500 2555 scribit:
529 2496 892 2568 Quasilugens
915 2513 978 2549 ac
1006 2512 1225 2549 maerens
1250 2496 1326 2549 sic
1345 2492 1666 2547 Immiliabar
1683 2490 1857 2566 (Psal.

280 2589 487 2660 xxxiv).
540 2578 781 2656 Quorum
832 2601 933 2641 nos
961 2585 1207 2656 vestigiis
1258 2584 1571 2639 insistentes
1610 2581 1862 2651 intelligi-

282 2696 398 2735 mus
448 2680 594 2750 quod
625 2679 775 2733 salus
810 2685 999 2733 nostra
1029 2677 1081 2730 in
1112 2686 1354 2746 tempore
1377 2673 1739 2729 tribulationis
1766 2673 1859 2737 sit,

281 2774 632 2842 etprophetaa
656 2770 970 2843 pollicitatio
997 2769 1287 2838 impleatur
1326 2767 1557 2823 dicentis
1582 2785 1596 2821 :
1627 2765 1750 2820 Non
1782 2781 1864 2819 re-

284 2863 604 2933 linquuntur,
656 2861 746 2933 qui
792 2863 848 2915 in
895 2860 1139 2930 angustia
1189 2867 1311 2913 sunt
1343 2873 1501 2928 usque
1536 2856 1607 2911 ad
1640 2865 1860 2927 tempus.

289 2952 344 3008 Si
373 2969 501 3025 ergo
529 2953 696 3009 habet
718 2959 930 3022 tempus
956 2950 1237 3005 tribulatio
1283 2956 1338 3003 et
1363 2948 1635 3021 angustia,
1676 2954 1733 3003 et
1756 2961 1864 3001 non

288 3044 389 3098 erit
405 3044 754 3114 sempiterna,
789 3042 1117 3097 seminemus
1140 3041 1193 3096 in
1223 3040 1496 3113 lacrymis,
1517 3047 1573 3094 et
1600 3047 1867 3095 metamus

288 3135 338 3189 in
367 3135 582 3206 gaudio,
630 3150 737 3189 non
778 3134 1127 3200 deﬁcientes;
1177 3133 1320 3203 quod
1347 3131 1654 3187 noverimus
1682 3130 1864 3186 Domi-

287 3242 410 3280 num
443 3226 510 3280 de
534 3223 831 3279 teutatione
860 3222 1091 3279 liberare
1116 3222 1352 3278 cultores
1381 3237 1527 3278 suos.

351 3336 532 3392 XLIII.
571 3335 833 3391 Dominus
856 3343 1013 3405 pater
1037 3342 1223 3390 noster
1258 3342 1383 3400 est;
1414 3334 1672 3390 Dominus
1698 3331 1861 3403 judcx

288 3437 469 3483 noster
494 3434 581 3482 est
607 3443 622 3492 ;
656 3425 916 3481 Dominus
941 3414 1212 3495 princeps,
1243 3424 1501 3480 Dominus
1528 3440 1622 3481 rex
1646 3433 1859 3491 noster;

287 3518 545 3573 Dominus
571 3517 687 3586 ipse
729 3530 826 3570 nos
872 3515 1140 3581 salvabit;
1178 3514 1333 3585 cujus
1377 3524 1646 3586 prmeepta
1678 3515 1723 3571 si
1769 3529 1866 3569 ne-

283 3617 634 3685 glexerimus,
683 3615 1119 3686 permanebimus
1166 3614 1222 3668 in
1264 3613 1533 3684 angustia.
1565 3612 1684 3682 Ipse
1717 3611 1863 3667 enim

283 3706 448 3760 dicit:
481 3703 589 3770 Qui
617 3714 908 3775 sequuntur
931 3721 1035 3769 me,
1064 3704 1399 3774 possidebunt
1428 3713 1640 3766 terram,
1672 3712 1720 3757 et
1758 3703 1866 3756 ha:-

285 3795 584 3849 reditabunt
608 3804 832 3849 montem
859 3805 1099 3849 sanctum
1124 3810 1296 3848 meum
1321 3792 1477 3867 (lsai.
1502 3791 1632 3863 Lvn)
1660 3812 1671 3846 :
1704 3808 1865 3862 quem

280 3896 335 3940 et
372 3901 474 3941 nos
513 3885 945 3955 possidebimus,
986 3885 1033 3941 si
1062 3885 1381 3956 impleamus
1423 3884 1593 3955 legem
1618 3882 1766 3951 ejus,
1812 3894 1867 3939 et

282 3976 567 4031 audiamus
595 3974 724 4029 illud
752 3977 894 4045 quod
925 3975 1124 4029 dicitur
1147 3993 1159 4027 :
1213 3973 1443 4027 Mandas
1473 3973 1629 4043 facite
1656 3974 1710 4027 in
1737 3990 1865 4027 con-

282 4075 458 4135 specta
484 4064 602 4134 ejus
640 4064 753 4119 vias
780 4073 995 4119 vestras.
1038 4063 1107 4118 Et
1152 4064 1348 4119 iterum
1375 4081 1388 4117 :
1434 4061 1620 4116 Tollite
1646 4063 1868 4131 offendi-

282 4156 399 4211 cula
424 4156 491 4210 de
519 4158 601 4211 via
643 4155 821 4227 populi
854 4156 972 4210 mei.
1023 4156 1091 4210 Et
1119 4155 1247 4210 alibi
1272 4169 1286 4209 :
1336 4154 1529 4224 Ejicite
1558 4154 1622 4208 de
1648 4153 1867 4208 consilio

283 4246 628 4310 pestilentem,
670 4255 717 4300 et
747 4245 1042 4316 egredietur
1078 4262 1196 4300 cum
1216 4262 1277 4300 eo
1302 4245 1561 4299 contentio
1586 4243 1720 4315 (Jer.
1751 4246 1864 4315 xv).

284 4338 386 4405 Qui
415 4338 628 4409 justum
668 4337 805 4392 dicit
836 4337 1117 4408 injustam,
1168 4343 1223 4391 et
1249 4335 1505 4405 injustam
1541 4335 1750 4404 judicat
1782 4335 1867 4405 ju-

286 4439 462 4494 stum,
507 4435 735 4497 uterque
761 4427 815 4481 in
842 4436 1132 4498 conspectu
1173 4427 1270 4483 Dei
1298 4428 1607 4483 immundus
1636 4437 1737 4483 est.
1769 4427 1871 4484 Ca-

290 4531 513 4572 reamus
536 4531 607 4571 ne
628 4515 841 4571 dicatur
864 4523 919 4571 et
946 4516 1014 4571 de
1041 4516 1226 4572 nobis:
1282 4514 1410 4571 Filii
1431 4517 1649 4572 alienati
1668 4525 1789 4573 sunt
1824 4519 1872 4572 ei

290 4608 463 4673 (Psal.
510 4606 670 4679 xvu).
717 4609 786 4664 Et
821 4607 989 4664 illud:
1032 4608 1189 4665 Filia:
1229 4608 1358 4665 Sion
1396 4608 1609 4665 elevata:
1640 4619 1783 4674 sunt,
1825 4619 1872 4665 et

293 4697 685 4752 ambulaverunt
715 4700 771 4754 in
797 4699 998 4754 excelso
1039 4699 1199 4765 collo,
1243 4709 1292 4755 et
1336 4701 1389 4755 in
1414 4701 1658 4771 superbia
1691 4700 1874 4755 oeulo—

295 4804 427 4854 rum,
464 4788 728 4842 trahentes
763 4788 978 4858 pedibus
999 4789 1204 4844 tunicas
1228 4830 1243 4855 ,
1285 4800 1332 4844 et
1356 4790 1575 4860 pedibus
1593 4790 1751 4845 simul
1786 4790 1871 4843 lu-

294 4878 468 4931 dentes
498 4875 656 4948 (Isai.
705 4877 823 4949 ιιι),
873 4886 928 4933 et
955 4879 1009 4933 in
1054 4880 1397 4950 correptione
1442 4888 1628 4935 nostra
1656 4896 1872 4936 rursum

295 4966 630 5037 prophetalis
655 4982 836 5023 sermo
860 4968 1181 5032 concordet,
1225 4968 1413 5024 dicens
1439 4986 1452 5021 :
1486 4966 1762 5034 Quomodo
1792 4967 1874 5037 fa-

295 5068 376 5112 cta
397 5069 477 5114 est
505 5060 755 5114 meretrix
778 5060 959 5114 civitas
985 5059 1155 5129 fidelis
1194 5058 1342 5125 Sion,
1388 5058 1541 5131 plena
1561 5060 1788 5130 judicio,
1818 5061 1874 5115 in

296 5167 394 5219 qua
410 5152 628 5222 justitia
652 5150 848 5205 dormit
876 5150 902 5204 1’
945 5149 1103 5205 Nunc
1149 5158 1325 5205 autem
1361 5149 1593 5205 latrones
1624 5148 1777 5220 (Isai.
1810 5148 1871 5221 ι).

297 5240 401 5295 Et:
430 5239 673 5311 Populus
699 5238 990 5311 intelligens
1020 5242 1452 5295 commiscebatur
1484 5238 1761 5295 meretrici.
1794 5238 1835 5292 Τ
1839 5257 1873 5292 ιι

298 5306 649 5401 ergo,1sreel,
676 5346 741 5384 ne
768 5306 1091 5401 ignoraberis
1134 5328 1307 5403 (Osca:
1329 5328 1423 5402 ιν).
1455 5329 1512 5385 Si
1542 5344 1673 5384 vero
1692 5329 1872 5384 divina

301 5420 640 5484 meditemur,
666 5418 966 5489 poterimus
1000 5419 1133 5476 illud
1164 5420 1366 5485 dicere,
1395 5419 1539 5489 quod
1579 5427 1634 5474 et
1663 5419 1830 5474 David
1855 5436 1869 5473 :

305 5510 589 5567 Exsultabo
614 5528 772 5583 super
794 5511 1001 5583 eloquia
1038 5522 1161 5579 tua,
1191 5514 1324 5568 sicut
1353 5512 1445 5584 qui
1484 5513 1677 5567 invenit
1703 5511 1872 5581 spolia

304 5603 461 5656 multa
485 5602 661 5674 (Psal.
679 5604 886 5674 cxvtu).
917 5603 984 5658 Et
1003 5622 1015 5657 :
1036 5602 1205 5670 Quam
1220 5603 1395 5658 dulcia
1419 5602 1619 5674 gutturi
1639 5617 1750 5656 meo
1772 5602 1873 5657 elo-

303 5696 421 5763 quia
447 5706 562 5760 tua,
587 5712 743 5767 super
764 5694 864 5749 mel
886 5706 932 5750 et
965 5694 1142 5766 favum
1166 5698 1243 5752 ori
1267 5712 1398 5749 meo.
1424 5695 1719 5751 Cautabiles
1745 5696 1870 5749 mihi

305 5795 448 5840 erant
469 5780 878 5856 justiﬁcationes
910 5796 1014 5841 tua:
1044 5785 1097 5840 in
1131 5783 1244 5841 loco
1268 5786 1696 5858 peregrinationis
1742 5803 1869 5841 mea:

1961 1950 2108 2006 audit
2135 1949 2388 2005 mandata
2416 1965 2530 2004 mea
2559 1958 2607 2003 et
2629 1958 2800 2004 servat
2822 1965 2905 2016 ea,
2929 1948 3016 2002 ille
3036 1959 3111 2003 est
3133 1951 3222 2020 qui
3245 1950 3416 2021 diligit
3438 1967 3539 2005 me.

1963 2042 2067 2108 Qui
2110 2051 2286 2097 autem
2317 2040 2497 2111 diliget
2526 2056 2627 2105 me,
2654 2038 2904 2111 diligetur
2930 2057 2963 2094 a
3004 2036 3167 2095 Patre
3208 2056 3340 2106 meo,
3373 2049 3422 2093 et
3449 2057 3542 2112 ego

1959 2131 2178 2203 diligam
2219 2147 2362 2195 eum,
2391 2139 2441 2184 et
2473 2130 2732 2184 veniemus
2758 2145 2851 2199 ego
2870 2138 2919 2183 et
2948 2126 3109 2182 Pater
3130 2145 3293 2194 meus,
3315 2140 3365 2183 et
3388 2146 3542 2183 man-

1959 2226 2158 2279 sionem
2201 2222 2343 2295 apud
2366 2239 2485 2276 eum
2515 2221 2789 2291 faciemus,
2834 2229 2883 2274 et
2911 2219 3180 2275 os'endam
3216 2221 3264 2274 ei
3289 2222 3542 2290 ineipsam

1962 2314 2145 2384 (Joan.
2178 2311 2315 2385 xxv).
2342 2311 2431 2377 Et,
2472 2308 2575 2365 Vos
2605 2311 2760 2365 amici
2790 2311 2890 2364 mei
2916 2312 3059 2373 estis,
3102 2312 3149 2365 si
3176 2311 3403 2380 feceritis
3428 2328 3544 2382 quae

1956 2407 2203 2478 praecipio
2249 2406 2394 2460 vobis
2425 2404 2606 2476 (Joan.
2641 2392 2757 2470 av).~
2785 2404 3062 2460 Tollamus
3097 2406 3376 2461 nobiscum
3404 2404 3544 2459 mul-

1961 2507 2045 2553 tos
2070 2512 2375 2565 sermones,
2405 2506 2462 2553 et
2507 2506 2888 2556 convertamur
2931 2498 2999 2552 ad
3041 2497 3325 2552 Dominum
3370 2497 3537 2552 Deum

1961 2594 2230 2651 nostrum,
2259 2594 2317 2643 et
2338 2586 2583 2642 dicamus
2610 2587 2662 2641 ei
2694 2604 2706 2640 :
2741 2584 2900 2640 Potes
2929 2586 3187 2640 dimittere
3214 2594 3449 2655 peccata,
3487 2598 3542 2640 ut

1963 2677 2286 2747 accipiamus
2332 2677 2489 2743 bona,
2538 2686 2588 2731 et
2619 2676 2901 2732 reddamus
2926 2677 2973 2729 ei
3004 2675 3233 2744 fructum
3281 2674 3540 2728 lubiorum

1964 2776 2261 2823 nostrorum
2288 2766 2462 2840 (Osca:
2500 2767 2610 2841 XIV)
2632 2809 2646 2836 ,
2689 2777 2745 2823 et
2785 2768 3080 2825 delectetur
3102 2767 3155 2822 in
3186 2766 3342 2823 nobis
3362 2766 3544 2823 anima

1963 2869 2168 2914 nostra.

2036 2947 2195 3002 XLV.
2233 2947 2411 3018 Atque
2456 2950 2663 3004 utinam
2694 2950 2958 3020 pmnitcat
2998 2964 3097 3004 nos
3124 2949 3329 3007 erroris
3354 2958 3411 3005 et
3450 2966 3542 3006 ue-

1966 3038 2251 3109 gligentim,
2299 3048 2355 3092 et
2391 3038 2641 3094 conversi
2688 3039 2753 3093 ad
2802 3039 2981 3109 priora
3028 3037 3272 3093 dicamus
3320 3056 3334 3091 :
3379 3040 3547 3094 Assur

1966 3145 2071 3183 non
2095 3127 2313 3183 salvabit
2344 3145 2472 3196 nos;
2522 3146 2679 3200 super
2718 3147 2874 3202 equos
2913 3146 3015 3186 non
3064 3129 3423 3197 ascendemus;
3455 3146 3547 3185 nec

1890 3206 1935 3269 C
1958 3219 2077 3289 jam
2104 3219 2336 3275 dicemus
2377 3233 2396 3273 :
2426 3219 2514 3275 Dii
2551 3223 2716 3277 nostri
2757 3239 2913 3293 opera
2946 3239 3197 3277 manuum
3224 3231 3543 3277 nostrarum.

1964 3309 2107 3366 Deus
2130 3312 2223 3382 qui
2248 3313 2303 3366 in
2326 3321 2374 3368 te
2402 3322 2477 3368 est
2507 3313 2838 3370 miserebitur
2859 3313 3067 3385 pupilli,
3107 3313 3307 3369 sonabo
3336 3313 3544 3367 habita-

1964 3402 2085 3458 cula
2126 3420 2307 3459 eorum
2332 3404 2505 3477 (Osea:
2529 3406 2664 3477 xw).
2690 3405 3036 3474 Rursumque
3067 3404 3212 3460 dicet
3238 3405 3307 3460 de
3333 3404 3491 3459 nobis
3520 3418 3534 3456 :

1966 3494 2194 3566 Diligam
2226 3512 2314 3551 eos
2341 3497 2636 3567 manifeste,
2661 3507 2707 3551 et
2731 3506 2961 3551 avertam
2987 3497 3123 3549 iram
3149 3512 3315 3550 meam
3344 3495 3410 3548 ab
3439 3496 3533 3549 eis.

1965 3586 2075 3642 Ero
2125 3589 2277 3659 quasi
2314 3605 2431 3653 ros;
2484 3588 2653 3643 Israel
2702 3588 2906 3658 ﬂorebit
2959 3596 3014 3639 ut
3064 3586 3255 3652 lilium,
3297 3595 3345 3639 et
3379 3587 3542 3641 mittet

1966 3679 2167 3734 radices
2204 3696 2329 3733 suas
2362 3682 2517 3751 quasi
2554 3678 2806 3734 Libanus.
2846 3678 3005 3733 Ibunt
3044 3680 3175 3732 rami
3208 3678 3345 3747 ejus,
3371 3688 3419 3731 et
3448 3680 3545 3732 erit

1963 3770 2115 3840 quasi
2150 3768 2286 3823 oliva
2325 3769 2625 3839 fructifera,
2665 3777 2714 3823 et
2748 3769 2880 3823 odor
2909 3769 3023 3838 ejus
3050 3778 3104 3821 ut
3130 3769 3320 3822 thuris.
3356 3767 3547 3823 Rever-

1964 3872 2141 3918 tentur
2164 3874 2212 3917 et
2240 3864 2489 3918 sedebant
2532 3863 2882 3934 unusquisque
2928 3863 2981 3916 in
3025 3861 3377 3917 tabernaculis
3411 3864 3541 3924 suis,

1964 3963 2012 4008 et
2057 3956 2248 4020 virent,
2278 3964 2327 4009 et
2361 3955 2811 4025 confirmabantur
2836 3954 3098 4023 frumento
3128 3974 3145 4011 :
3171 3955 3375 4024 ﬂorebit
3402 3955 3537 4009 sicut

1967 4046 2115 4099 vinea
2163 4045 2415 4101 memoria
2451 4061 2652 4109 eorum,
2704 4047 2838 4100 sicut
2893 4045 3024 4099 odor
3051 4046 3220 4100 thuris
3268 4045 3539 4117 Ephraim.

1970 4134 2109 4202 Quid
2138 4138 2185 4190 ei
2208 4146 2261 4190 et
2286 4137 2483 4192 idolis?
2522 4137 2637 4209 Ego
2662 4135 2951 4191 hamiliabo
2976 4152 3119 4202 eum,
3146 4145 3193 4190 et
3238 4137 3544 4207 confortabo

1966 4245 2103 4283 eam.
2133 4228 2243 4300 Ego
2271 4238 2327 4283 ut
2347 4229 2628 4301 janipems
2668 4229 2962 4293 condensa;
2984 4245 3050 4282 es
3079 4245 3159 4284 me
3191 4228 3396 4300 fructus
3429 4229 3544 4299 ejus

1969 4322 2203 4375 inventus
2238 4332 2335 4377 est.
2369 4320 2498 4388 Quis
2551 4324 2783 4394 sapiens,
2816 4330 2864 4376 et
2893 4320 3134 4391 intelligit
3167 4322 3311 4386 haec;
3341 4332 3432 4378 aut
3460 4323 3547 4379 in-

1968 4410 2223 4483 telligens,
2254 4420 2301 4465 et
2327 4405 2591 4484 cognoscit
2632 4413 2734 4467 ista
2779 4410 3009 4485 (lbid.)?
3036 4408 3211 4481 Atque
3241 4412 3449 4467 utinam
3490 4423 3546 4466 ct

1973 4520 2073 4560 nos
2099 4520 2165 4560 ex
2194 4520 2260 4562 eo
2290 4505 2522 4562 fructum
2564 4506 2759 4564 atl‘erre
2785 4505 3084 4571 valeamus,
3128 4504 3248 4560 sine
3281 4521 3389 4576 quo
3415 4506 3547 4561 nihil

1973 4598 2099 4651 boni
2124 4598 2302 4666 operis
2324 4596 2443 4654 ﬁeri
2466 4607 2664 4669 potest.
3273 4641 3281 4648 .

2006 4740 2019 4751 κ
2045 4692 2228 4747 XLVI.
2259 4691 2620 4749 Revertamur
2648 4693 2714 4749 ad
2735 4693 3040 4758 Dominum,
3063 4698 3122 4746 ut
3143 4692 3208 4748 de
3238 4691 3392 4748 nobis
3411 4706 3547 4761 quo~

1974 4799 2081 4853 que
2108 4785 2277 4853 possit
2323 4786 2502 4842 dicere
2533 4803 2546 4839 :
2580 4782 2924 4840 Peccatorum
2960 4794 3007 4839 et
3039 4784 3328 4855 iniquitatis
3365 4799 3545 4838 eorum

1977 4892 2173 4929 menter
2186 4876 2411 4945 amplius
2438 4894 2540 4931 non
2561 4893 2649 4931 ero
2671 4875 2827 4946 (Isai.
2846 4875 3018 4947 xuu).
3041 4874 3155 4929 Non
3179 4874 3547 4945 relinquamus

1978 4964 2149 5035 legem
2175 4965 2295 5032 Dei,
2322 4981 2485 5036 quam
2516 4966 2678 5021 Pater
2703 4974 2887 5022 noster
2906 4966 2975 5021 ab
3002 4979 3067 5020 eo
3094 4965 3366 5034 accipiens
3393 4966 3549 5021 nobis

1976 5054 2218 5120 tradidit,
2241 5070 2416 5126 neque
2433 5057 2589 5128 parvi
2616 5054 2733 5124 ejus
2758 5054 3015 5111 mandata
3038 5054 3369 5124 pendamus;
3402 5072 3472 5112 ne
3494 5067 3551 5113 et

1975 5160 2139 5215 super
2173 5160 2272 5200 nos
2298 5146 2549 5217 planctus
2592 5144 2682 5200 ille
2708 5144 2921 5200 dicatur
2951 5162 2964 5197 :
2999 5142 3273 5210 Quomodo
3301 5146 3550 5202 obscura~

1976 5245 2087 5290 tum
2114 5245 2189 5291 est
2236 5253 2447 5301 aurum,
2470 5246 2517 5290 et
2548 5236 2879 5289 immutatum
2907 5244 3177 5305 argentum
3205 5237 3399 5292 bonum
3427 5252 3445 5291 :
3472 5238 3550 5310 ef-

1977 5327 2083 5396 fusi
2131 5336 2253 5382 sunt
2288 5327 2488 5398 lapides
2539 5327 2708 5382 sancti
2751 5327 2805 5381 in
2854 5327 3001 5401 omni
3042 5327 3244 5382 viarum
3290 5328 3551 5402 principio

1979 5421 2194 5489 (Thren.
2232 5421 2340 5495 tv)?
2363 5421 2474 5477 Nec
2498 5430 2621 5492 post
2645 5419 2905 5490 plurimos
2925 5419 3139 5477 labores
3157 5419 3335 5479 Patris
3351 5423 3549 5488 nostri,

1974 5525 2113 5581 quos
2140 5527 2239 5581 pro
2271 5511 2441 5567 salute
2466 5519 2652 5566 nostra
2679 5510 2938 5581 suscepit,
2968 5512 3204 5582 scipsum
3243 5514 3549 5587 exemplum

1976 5601 2192 5656 virtutis
2219 5601 2482 5665 tribuens,
2510 5599 2747 5672 glorians
2773 5602 2839 5656 de
2872 5601 3049 5668 nobis,
3077 5609 3131 5657 et
3157 5603 3299 5673 apud
3331 5616 3547 5662 sanctos

1974 5693 2218 5764 loquens.
2248 5692 2340 5748 Isti
2371 5692 2465 5747 ﬁlii
2485 5692 2591 5747 mei
2621 5699 2768 5757 sunt,
2792 5700 2845 5746 et
2874 5692 3103 5762 populus
3128 5708 3277 5749 meus
3301 5694 3393 5749 ﬁlii
3417 5697 3543 5759 mei,

1974 5793 2026 5841 et
2048 5801 2152 5842 non
2176 5786 2539 5858 denegabant;
2564 5793 2618 5841 et
2642 5792 2762 5856 post
2784 5784 3149 5856 hujuscemodi
3180 5789 3546 5845 testimonium
