3942 6190
430 413 526 468 ΠΙ

1383 402 1439 457 S.
1482 402 1843 458 BENEDICTI
1882 400 2175 457 ABBATIS
2210 399 2619 456 ANIANENSIS

3569 404 3665 461 I73

431 542 538 580 non
583 521 871 591 pcrdamus
902 517 1152 572 liduciam
1181 518 1333 571 bona)
1383 516 1748 579 conscientire,
1789 515 2006 584 epuli-uti
2035 521 2085 578 Α
2110 513 2250 567 sicut
2286 512 2545 582 scriptqu
2575 520 2659 566 est
2692 529 2703 565 :
2735 510 2936 565 Tollam
2972 528 3057 566 vos
3104 527 3266 567 unum
3291 513 3352 566 de
3377 514 3585 585 populo,
3627 532 3673 575 es

427 612 670 667 vestibus
691 610 886 678 quibus
909 623 1008 662 nos
1036 607 1242 673 induit;
1273 606 1632 661 etiutroducti
1656 607 1802 662 abeo
1824 605 1876 659 in
1894 614 2008 660 sta-

428 706 599 769 dium,
614 709 674 755 ut
693 700 929 771 legitime
952 707 1245 763 certemus,
1268 713 1373 753 non
1396 711 1715 767 superenmr
1739 698 1808 751 ab
1833 695 2011 750 inimi-

427 794 507 848 cis
534 791 756 847 nostris.
787 789 853 844 Et
880 798 1168 859 postquam
1205 789 1514 843 venerimus
1542 787 1609 841 ad
1640 787 1768 842 illud
1799 797 2010 857 tempus

427 898 534 951 quo
564 881 909 952 egrediamur
938 880 1004 934 de
1056 892 1304 948 corpore,
1353 894 1420 932 ne
1470 877 1670 931 inimici
1714 876 2010 930 elﬁciamur

402 972 606 1026 'I’atris
654 971 827 1025 nostri
859 968 1132 1023 thesauris
1180 968 1477 1023 servientes
1524 985 1538 1023 :
1586 976 1645 1020 ut
1673 966 1764 1036 qui
1788 965 2009 1035 jejuniis

425 1071 481 1117 ct
505 1059 793 1115 amictione
821 1057 1067 1128 corporis
1096 1056 1381 1112 debuimus
1406 1056 1690 1126 nequirem
1726 1055 1921 1108 animae
1946 1053 2008 1107 li-

426 1152 719 1215 bertatem,
765 1148 917 1202 carni
960 1157 1014 1202 ct
1053 1130 1283 1212 deliciis,
1326 1156 1381 1202 et
1410 1146 1808 1217 pulchrioribus
1846 1145 2007 1199 vesti-

428 1239 647 1304 mentis,
689 1238 983 1307 stratisque
1028 1238 1365 1294 mollioribns
1395 1254 1494 1293 nos
1535 1238 1865 1302 dcdieemus,
1898 1252 2004 1291 non

426 1326 597 1381 solum
628 1328 729 1398 ipsi
760 1338 1067 1398 pereuntes,
1098 1330 1193 1384 sed
1235 1338 1290 1384 et
1317 1329 1452 1383 alios
1482 1329 1573 1399 qui
1620 1328 1885 1399 prolicere
1914 1344 2009 1397 po-

427 1427 648 1470 tuerunt
695 1418 945 1487 exemplo
1001 1426 1198 1472 nostro.
1242 1419 1503 1473 ducentes
1549 1418 1616 1472 ad
1658 1418 1891 1483 ruinam,
1944 1418 2009 1472 de

424 1508 622 1577 quibus
652 1507 915 1577 scriptum
944 1516 1029 1562 est
1056 1526 1070 1560 :
1107 1507 1230 1561 Non
1254 1509 1527 1578 accepistis
1564 1509 1806 1579 spiritum
1843 1509 2002 1563 servi-

425 1600 549 1652 tutis
575 1598 815 1652 timorem
843 1596 1020 1668 (Rom.
1058 1598 1179 1670 vin)
1198 1638 1213 1664 ,
1245 1598 1338 1654 sed
1365 1598 1715 1665 fortitudinis,
1745 1606 1800 1654 ct
1829 1599 2008 1654 chari-

427 1691 575 1752 tatis,
599 1695 654 1741 et
677 1687 968 1757 pudicitite.
986 1688 1089 1741 Et:
1116 1686 1276 1742 Cibus
1289 1705 1381 1742 nos
1407 1705 1510 1742 non
1531 1690 1856 1744 commendat
1872 1690 2004 1744 Deo.

428 1777 610 1850 Neque
650 1780 790 1832 enim
835 1779 881 1831 si
932 1779 1331 1844 comedetimus,
1362 1778 1745 1833 abundabimus
1772 1794 1790 1830 :
1824 1797 1915 1835 nec
1963 1782 2008 1834 si

424 1884 529 1921 non
556 1867 1331 1937 comederimus,indigebimus.
1364 1867 1487 1922 Non
1516 1879 1590 1922 est
1628 1869 1765 1923 enim
1796 1885 2010 1940 regnum
2042 1869 2084 1927 Β
2111 1842 2183 1940 έί

427 1958 524 2011 Dei
572 1958 716 2012 cibus
761 1967 809 2011 et
838 1962 1012 2027 pottts,
1041 1958 1132 2011 sed
1160 1958 1397 2027 justitia,
1446 1958 1720 2028 gaudium,
1749 1968 1795 2014 et
1824 1976 1930 2029 pax
1958 1960 2012 2015 in

426 2047 627 2116 Spiritu
651 2058 832 2102 sancto
864 2047 1042 2118 (Rom.
1069 2048 1201 2118 xw).
1234 2048 1335 2114 Qui
1365 2050 1419 2104 in
1451 2050 1553 2104 hue
1577 2050 1746 2105 servit
1772 2048 2007 2117 Christo,

425 2137 602 2206 placet
626 2138 757 2201 Deo,
783 2139 1044 2206 probatus
1075 2145 1162 2191 est
1196 2138 1468 2192 onmibus.
1494 2138 1662 2192 Isaias
1688 2153 1902 2209 quoque
1932 2139 2010 2193 di-

424 2229 500 2283 cit
531 2246 544 2281 :
580 2227 686 2294 Qui
716 2237 1015 2298 exspectant
1044 2228 1344 2294 Dontinum,
1378 2228 1728 2282 immutabunt
1751 2232 2008 2295 virtutem,

424 2331 690 2375 assument
719 2338 917 2391 pennas
947 2331 1003 2375 ut
1036 2321 1262 2391 aquila’;
1305 2330 1536 2387 current,
1572 2331 1620 2375 et
1656 2320 2009 2387 laborabunt;

425 2412 768 2482 gradiantur,
829 2422 875 2465 et
941 2429 1045 2465 non
1107 2413 1333 2466 esurient
1397 2411 1552 2483 (Isai.
1627 2413 1738 2484 XL).
1803 2411 2011 2466 Idcirco

424 2500 641 2555 elevabit
695 2504 901 2572 signum
950 2503 1006 2556 in
1039 2512 1235 2572 gentes,
1282 2512 1329 2555 et
1380 2503 1710 2573 congregabit
1762 2503 2010 2573 profugos

425 2588 618 2643 Israel.
662 2589 780 2644 Cito
822 2590 1063 2645 velociter
1106 2592 1305 2645 venient
1345 2609 1363 2646 :
1394 2607 1498 2644 non
1543 2592 1796 2658 esuriant,
1851 2609 2012 2664 neque

426 2680 805 2735 dormitabunt.
859 2678 982 2736 Non
1017 2682 1297 2746 dormiant,
1354 2697 1444 2734 nec
1489 2683 1686 2736 solvent
1738 2696 1897 2736 zonas
1948 2682 2012 2736 de

427 2772 617 2827 lumbis
644 2772 776 2838 suis,
812 2789 975 2844 neque
1006 2784 1311 2844 rumpenrur
1339 2775 1395 2828 in
1422 2774 1788 2828 calceamentis
1831 2790 2011 2829 eorum

426 2865 689 2936 corrigice.
721 2864 961 2931 Quorum
976 2864 1165 2935 jaculu
1191 2875 1348 2919 acuta
1378 2875 1587 2931 sunt,et
1611 2865 1792 2918 intenti
1814 2881 2010 2930 arcus;

425 2956 579 3023 pedes
623 2972 879 3029 equorum
901 2998 917 3022 ,
958 2967 1015 3011 ut
1053 2967 1199 3028 petra
1230 2958 1521 3027 fortissima
1547 2971 1565 3008 :
1596 2968 1725 3012 rota:
1760 2973 2011 3012 curruum

428 3046 581 3113 quasi
603 3054 913 3117 tempestas;
936 3047 1189 3117 impetum
1205 3046 1398 3116 facient
1422 3056 1481 3101 ut
1498 3046 1693 3113 leones,
1719 3057 1768 3101 et
1788 3047 2011 3103 aderunt

429 3143 483 3188 ut
511 3134 683 3188 catuli
698 3135 907 3190 leonum
940 3135 1102 3207 (Ibid.
1131 3136 1207 3208 v).

2111 605 2243 658 duos
2271 605 2336 658 de
2367 603 2593 673 familia,
2612 612 2659 657 et
2680 604 2926 657 inducam
2949 620 3037 659 vos
3060 606 3113 658 in
3144 603 3295 669 Sion,
3317 616 3361 659 et
3388 605 3522 660 dabo
3546 611 3675 665 vobis

2108 707 2344 767 pastores
2396 697 2681 750 secundum
2706 712 2797 749 cor
2842 712 3035 761 meum,
3069 698 3157 767 qui
3200 708 3415 766 pascant
3450 715 3537 752 vos
3569 702 3675 756 etim

2109 787 2391 858 disciplina
2421 788 2555 858 (Jer.
2597 787 2703 858 tu);
2737 788 3076 842 resolvantur
3109 787 3324 840 vincula
3377 789 3675 857 charitatis,

2108 885 2165 932 et
2193 877 2407 931 dicatur
2432 877 2499 931 de
2525 878 2681 932 nobis
2711 894 2723 929 :
2751 876 2799 929 F
2803 877 2927 931 ilius
2965 876 3225 947 glori/ient
3255 886 3475 948 patrem,
3507 889 3552 934 et
3580 896 3679 934 ser-

2108 988 2203 1026 uus
2225 971 2491 1026 dominum
2523 989 2696 1026 suum.
2743 973 2804 1028 Si
2832 983 2981 1043 pater
3002 990 3094 1043 ego
3124 990 3260 1040 sum,
3306 975 3395 1028 ubi
3416 987 3490 1029 est
3523 977 3679 1046 gloria

2108 1062 2263 1116 mea?
2286 1061 2348 1117 Si
2375 1062 2655 1129 Dominus,
2687 1063 2775 1116 ubi
2798 1073 2871 1117 est
2894 1063 3051 1117 timor
3075 1079 3221 1117 meus
3244 1063 3501 1133 (Halaelt.
3535 1066 3611 1136 1)?

2179 1196 2408 1252 XLVIII.
2444 1198 2653 1253 Idcirco
2698 1200 3070 1269 unusquisque
3112 1210 3358 1256 nostrum
3389 1202 3589 1257 clamat
3619 1206 3680 1259 ad

2109 1289 2394 1343 Dominum
2427 1304 2441 1343 :
2475 1289 2617 1343 Muri
2662 1289 2793 1345 Sion
2832 1291 3093 1345 deducant
3139 1292 3273 1346 sicut
3311 1304 3563 1348 torrentes
3605 1295 3679 1349 ia-

2107 1398 2311 1450 crgmas
2340 1383 2425 1435 die
2445 1400 2506 1436 ac
2528 1392 2695 1437 nocte.
2722 1384 2805 1439 Ne
2825 1386 2916 1439 des
2944 1387 3169 1456 requiem
3190 1387 3305 1451 tibi,
3334 1404 3497 1457 neque
3523 1398 3679 1442 taceat

2105 1471 2307 1542 pupilla
2330 1473 2468 1526 oeuli
2491 1474 2589 1527 tui.
2616 1472 2809 1544 Surge,
2826 1485 2874 1529 et
2899 1476 3060 1530 lauda
3084 1478 3139 1531 in
3164 1487 3333 1542 nocte,
3362 1479 3422 1531 in
3447 1479 3685 1549 principio

2107 1561 2407 1630 vigiliarum
2463 1571 2676 1615 tuarum
2722 1579 2740 1616 :
2786 1564 2997 1633 eﬂ'undc
3044 1566 3177 1619 sicut
3211 1584 3412 1638 aquam
3439 1584 3527 1621 cor
3550 1578 3684 1622 tuum

2107 1655 2162 1706 in
2206 1664 2481 1723 conspectu
2517 1653 2751 1708 Domini.
2778 1654 2915 1710 Leva
2939 1657 3008 1709 ad
3042 1656 3193 1711 illum
3223 1675 3419 1712 manus
3457 1669 3572 1713 tuas
3601 1677 3685 1729 pro

2108 1742 2385 1796 animabus
2423 1742 2765 1813 parvulorum
2807 1754 3041 1813 tuorum,
3079 1747 3168 1817 qui
3195 1747 3500 1817 defecerunt
3530 1750 3582 1802 in
3609 1766 3688 1803 ca-

2188 1850 2215 1887 e
2240 1834 2599 1889 universorum
2631 1852 2903 1906 gressuum
2944 1837 3158 1908 (Thren.
3190 1838 3274 1909 ιι).
3304 1838 3389 1895 Ne
3414 1839 3543 1893 illud
3572 1855 3686 1894 con-

2115 1933 2197 1977 tra
2227 1939 2326 1979 nos
2355 1923 2571 1979 dicatur
2598 1944 2611 1978 :
2644 1924 2803 1979 Luxit
2838 1935 2885 1980 et
2916 1937 3190 1998 corruptus
3220 1937 3295 1981 est
3335 1927 3500 1982 orbis.
3532 1926 3688 1982 Luae-

2113 2025 2237 2068 runt
2257 2013 2448 2069 excelsi
2469 2024 2644 2080 terrae,
2672 2025 2719 2069 et
2742 2025 2883 2069 terra
2906 2017 3061 2085 impie
3082 2017 3183 2087 egit
3206 2026 3425 2087 propter
3445 2016 3667 2070 habitata

2113 2123 2195 2159 res
2226 2122 2350 2160 suos
2400 2119 2419 2156 :
2467 2104 2859 2176 dereliquerunt
2889 2121 3026 2159 entm
3076 2105 3263 2176 legem,
3304 2115 3354 2160 et
3409 2108 3686 2161 immutare-

2113 2205 2234 2249 runt
2287 2205 2548 2266 praecepta
2602 2212 2718 2250 mea
2765 2206 3131 2271 testamentum
3175 2208 3455 2251 atternunt.
3494 2197 3690 2250 Idcirco

2110 2285 2410 2341 maledictio
2450 2287 2716 2341 devorabit
2763 2299 2978 2353 terram,
3018 2289 3143 2359 quia
3168 2298 3517 2359 peccauerunt
3552 2289 3690 2342 habi-

2112 2388 2305 2432 tatores
2344 2378 2484 2448 ejus,
2529 2388 2578 2432 et
2620 2378 3007 2450 dereliquerun't
3055 2382 3287 2434 homines
3332 2382 3494 2450 pauci
3547 2379 3687 2452 (Isai.

2112 2472 2282 2541 xxxv).
2320 2472 2398 2526 Ne
2427 2480 2484 2527 et
2512 2482 2759 2528 nostrum
2809 2475 2995 2527 vinum
3027 2474 3205 2544 lugeat
3232 2483 3284 2527 et
3320 2473 3506 2539 vinea,
3536 2483 3588 2529 et
3616 2473 3692 2527 iu-

2110 2565 2431 2636 gemiscant,
2482 2565 2576 2635 qui
2604 2565 2757 2634 prius
2798 2575 2912 2620 toto
2958 2566 3140 2620 animo
3182 2566 3533 2631 testabantur,
3560 2566 3692 2621 dica-

2113 2665 2306 2725 turque
2340 2656 2407 2711 de
2453 2657 2611 2711 nobis
2655 2655 2765 2710 :In
2796 2657 2952 2711 domo
2991 2658 3256 2711 insaniam
3308 2658 3690 2727 confinxerunt,

2110 2747 2343 2817 corrupti
2383 2757 2505 2801 sunt
2540 2747 2674 2801 sicut
2704 2747 2814 2801 dies
2861 2747 3031 2802 collis.
3062 2748 3171 2801 Aut
3206 2748 3339 2802 illud
3374 2766 3392 2802 :
3430 2747 3606 2819 Captio
3631 2762 3689 2801 ex

2110 2838 2250 2895 uobis
2279 2847 2376 2892 est.
2403 2838 2490 2902 Et,
2519 2837 2741 2892 Dixistis
2768 2839 2930 2904 enim,
2953 2838 3170 2908 fecimus
3196 2848 3562 2895 testamentum
3583 2855 3691 2892 cum

2110 2930 2341 3000 inferno,
2390 2938 2589 2985 etcum
2638 2938 2803 2982 morte
2847 2939 3061 2999 pactum
3106 2928 3262 3000 (Isai.
3296 2930 3518 3000 xxvnt).
3573 2929 3691 2995 Qua:

2110 3022 2274 3076 verba
2323 3021 2581 3086 vitantes,
2633 3020 2908 3077 credimus
2936 3020 3134 3091 magis,
3166 3019 3307 3088 quod
3353 3018 3418 3074 in
3467 3027 3693 3087 tempore

2113 3100 2211 3169 suo
2260 3112 2475 3168 Orietur
2523 3113 2676 3168 stella
2723 3129 2787 3167 ex
2816 3111 3009 3177 Jucob,
3058 3121 3109 3167 et
3157 3122 3405 3182 exsurget
3447 3111 3593 3166 homo
3635 3110 3692 3162 de

497 3224 703 3279 XLVII.
735 3226 800 3279 Et
829 3241 928 3280 nos
948 3198 1121 3297 igitur
1144 3198 1457 3282 sanctorum
1485 3228 1791 3285 imitatores
1813 3231 2004 3297 simus,
2036 3219 2080 3281 C
2113 3203 2305 3297 Ῐξζαείν
2351 3204 2441 3274 qui
2466 3204 2739 3297 ΔΡ⁴¹ἶ²ί⁴⁵³⁴ίί⁶³²
2780 3202 3040 3297 lima?“
3089 3200 3268 3297 "9"!“
3294 3210 3359 3297 ,⁸⁸
3398 3200 3540 3297 ﬁliai
3578 3198 3691 3297 δῗίή

428 3331 531 3372 nec
569 3316 953 3372 obliviscamur
978 3318 1353 3384 institutionis,
1386 3334 1490 3389 qua
1519 3335 1619 3375 nos
1642 3321 1877 3376 erudivit
1899 3320 2006 3376 Pa—

428 3419 514 3463 ter
559 3416 765 3474 noster,
811 3409 936 3464 dum
964 3409 1139 3464 adhuc
1169 3418 1318 3465 esset
1345 3411 1400 3465 in
1427 3426 1675 3482 corpore.
1706 3413 1786 3469 Ne
1806 3415 2009 3469 exstin—

431 3514 661 3570 guamus
694 3499 971 3554 lucernam
993 3500 1299 3568 ardentem,
1331 3517 1492 3573 quam
1526 3505 1709 3575 posuit
1734 3521 1898 3577 super
1924 3522 2011 3562 ca-

431 3590 550 3658 pita-
568 3598 776 3644 nostra.
805 3589 886 3645 Ad
910 3588 1064 3659 cujus
1085 3591 1264 3647 lumen
1288 3592 1448 3662 hujus
1468 3596 1648 3651 seaculi
1678 3598 2008 3665 incedentes,

431 3681 857 3746 meminerimus,
908 3683 1053 3752 quod
1098 3698 1196 3753 per
1215 3686 1453 3740 studium
1482 3686 1625 3743 illius
1653 3688 1795 3744 Deus
1829 3706 1928 3745 nos
1956 3692 2010 3746 in

432 3774 706 3844 propriam
749 3773 1015 3828 familiam
1055 3777 1339 3847 receperit,
1371 3780 1685 3848 peregrenis
1717 3782 2012 3852 hospitium

438 3868 701 3934 tribuens,
747 3867 803 3922 in
855 3869 1024 3923 maris
1072 3870 1382 3927 turbinibus
1436 3873 1748 3929 constitutis
1798 3884 2013 3946 portum

433 3964 745 4030 ostendens,
787 3978 982 4033 panem
1007 3963 1061 4017 in
1092 3963 1259 4031 fame,
1295 3965 1543 4020 umbram
1574 3967 1629 4021 in
1662 3977 1818 4034 aestu,
1851 3970 2016 4025 vesti-

437 4065 680 4110 mentum
708 4056 763 4109 in
805 4056 1083 4121 nuditate;
1117 4057 1396 4126 imperitos
1430 4062 1718 4131 praeceptis
1764 4062 2019 4133 spiritali-

436 4150 537 4200 bus
567 4145 834 4210 erudivit;
863 4146 1012 4200 vitiis
1036 4147 1336 4203 servientes
1358 4150 1606 4206 castitate
1629 4153 2015 4222 circumdedit;

436 4237 621 4308 procul
644 4237 850 4307 positos
870 4237 975 4295 sibi
987 4235 1190 4307 junxit.
1224 4239 1303 4296 Ne
1323 4250 1444 4311 post
1468 4243 1611 4299 illius
1635 4244 2017 4302 dormitionem

436 4326 823 4383 obliviscamur
873 4336 1035 4384 tanta:
1086 4329 1343 4386 bonitatis
1384 4340 1440 4386 et
1478 4332 1867 4390 beneﬁciorum
1918 4336 2020 4391 im-

438 4421 774 4488 mortalium,
803 4431 1077 4479 vcrtentes
1112 4422 1351 4479 furorem
1399 4424 1455 4480 in
1483 4423 1771 4494 judicium,
1806 4437 1862 4484 et
1898 4429 2015 4485 fru-

437 4525 586 4569 ctum
617 4512 846 4582 justitise
885 4515 939 4569 in
970 4515 1410 4581 amaritudinem,
1455 4525 1511 4571 et
1551 4516 1803 4587 loquatur
1829 4528 2016 4575 contra

439 4624 539 4663 nos
573 4626 586 4662 :
614 4607 862 4662 Judicate
890 4607 1026 4661 inter
1049 4625 1129 4662 me
1165 4618 1213 4662 et
1244 4609 1445 4663 vineam
1475 4626 1664 4664 meum.
1710 4611 2019 4681 [inspectavi

442 4709 494 4754 ut
529 4698 723 4769 faceret
761 4697 1010 4767 fructum,
1039 4708 1088 4752 et
1116 4698 1238 4766 fecit
1279 4700 1628 4771 iniquitatem,
1648 4712 1698 4756 et
1727 4720 1829 4758 non
1850 4704 2018 4774 justi-

439 4796 589 4860 tiam,
634 4792 725 4847 sed
773 4790 1055 4846 clamorem
1088 4790 1245 4862 (Isai.
1275 4791 1361 4862 v);
1406 4800 1467 4847 et:
1507 4794 1691 4848 veniat
1729 4811 1892 4865 super
1920 4812 2020 4852 nos

440 4886 532 4939 illa
562 4883 893 4947 maledictio,
929 4897 1091 4952 quam
1126 4882 1460 4953 prophetalis
1498 4898 1681 4939 sermo
1710 4886 1798 4941 ille
1832 4884 2019 4956 prose-

438 4978 643 5049 quitur,
670 4988 727 5032 ct
755 4992 916 5046 quam
944 4975 1091 5029 omni
1130 4976 1308 5030 studio
1338 4973 1523 5046 lugere
1558 4991 1623 5031 ae
1652 4977 1825 5055 vitare
1864 4979 2022 5034 debe-

440 5088 581 5139 mus,
634 5080 922 5143 sequentes
966 5071 1438 5126 couversationem
1488 5086 1675 5126 eorum
1716 5072 1807 5141 qui
1838 5087 1936 5125 nos
1964 5072 2018 5125 in

449 5165 673 5221 Domino
704 5171 1102 5235 praecesserunt
1142 5163 1363 5218 Patrum
1392 5160 1600 5233 pariter
1639 5177 1703 5217 ac
1741 5161 1968 5216 fratrum
2005 5180 2017 5216 :

443 5258 535 5328 qui
579 5256 951 5311 renuntiantes
982 5255 1198 5321 Steculo,
1241 5262 1297 5309 et
1342 5253 1603 5309 inolienso
1632 5254 1699 5307 ad
1735 5253 2020 5307 Dominum

441 5358 729 5423 pergentes
779 5349 967 5419 gradu,
1009 5364 1152 5403 nunc
1191 5346 1308 5416 ejus
1350 5345 1664 5401 hmreditate
1690 5344 1973 5415 potiuntur
2005 5359 2019 5398 :

443 5457 605 5510 quam
648 5455 844 5496 vereor
879 5455 948 5495 ne
986 5439 1277 5507 perdamus
1318 5447 1503 5493 nostra
1540 5436 1766 5500 desidia,
1803 5445 1858 5489 et
1889 5435 2018 5490 iHud

448 5531 603 5584 nobis
652 5531 1025 5601 propheticum
1079 5539 1314 5601 aptetur,
1375 5530 1519 5599 quod
1565 5529 1771 5585 dictum
1821 5537 1905 5582 est
1968 5528 2022 5581 in

448 5620 705 5689 Ephraim
724 5641 737 5674 :
756 5620 943 5676 Oleum
981 5623 1036 5676 in
1068 5621 1353 5693 Egyptum
1377 5631 1640 5675 mercatur
1664 5619 1838 5692 (Osca:
1864 5619 2021 5688 χιιι).

450 5709 607 5768 Metti
651 5720 771 5764 sunt
825 5710 879 5762 in
927 5711 1183 5780 gentibus,
1236 5720 1283 5764 et
1318 5710 1612 5764 didicerunt
1646 5727 1801 5779 opera
1844 5726 2025 5763 eorum

450 5801 623 5870 ﬂ’sal.
666 5797 775 5871 ev).
806 5798 881 5855 Ne
909 5810 1192 5871 postquam
1213 5800 1389 5855 vocati
1417 5815 1598 5855 sumus
1618 5801 1671 5855 iu
1695 5800 2021 5865 libertatem,

2045 4569 2095 4629 D

2113 3293 2302 3367 (Nunt.
2334 3294 2504 3365 XXIV).
2539 3292 2607 3347 Ut
2638 3311 2739 3347 non
2771 3294 2834 3347 sit
2865 3294 2921 3347 in
2950 3294 3104 3346 domo
3134 3291 3304 3345 Israel
3334 3292 3583 3359 stimulus
3617 3290 3696 3360 fu-

2112 3391 2270 3454 roris,
2294 3397 2343 3442 et
2361 3388 2512 3459 spina
2541 3386 2739 3441 doloris
2768 3385 2984 3455 (Ezeclt.
3020 3382 3231 3455 xxvm).
3269 3383 3417 3450 Quia
3457 3385 3594 3453 facta
3624 3391 3697 3436 est

2112 3480 2338 3536 Domino
2379 3496 2502 3550 pars
2546 3478 2659 3549 ejus
2686 3478 2875 3541 Jacob,
2917 3476 3185 3546 funiculus
3223 3476 3552 3529 Iuereditatis
3588 3474 3694 3543 ejus

2114 3570 2284 3626 Israel
2311 3569 2490 3642 (Deut.
2539 3567 2736 3638 xxx").
2766 3569 2832 3622 Et
2862 3568 2933 3621 ali
2960 3568 2990 3621 .i
3027 3566 3267 3634 loquitur
3293 3562 3563 3619 Jercmias
3596 3581 3607 3615 :
3640 3561 3692 3615 Si

2114 3660 2386 3716 cessaverit
2412 3663 2465 3713 in
2494 3670 2770 3731 conspectu
2800 3674 2913 3713 meo
2944 3656 3027 3711 lex
3053 3658 3177 3721 ista,
3199 3671 3321 3725 gens
3345 3655 3508 3708 etiam
3534 3649 3693 3707 Israel

2115 3768 2318 3806 cessare
2334 3750 2523 3821 poterit
2553 3747 2687 3821 (Jer.
2724 3750 2897 3820 xui).
2921 3747 2988 3802 Et
3019 3762 3233 3801 rursum
3260 3764 3273 3801 :
3299 3745 3453 3802 Dabo
3476 3744 3695 3799 laborem

2115 3858 2295 3897 eorum
2329 3841 2514 3912 justis,
2569 3852 2617 3895 et
2659 3846 3024 3894 testamentum
3059 3847 3311 3892 a’ternum
3356 3852 3553 3908 ponam
3581 3850 3693 3889 cum

2115 3932 2263 4003 ipsis,
2300 3940 2347 3985 et
2368 3932 2562 3985 scietur
2586 3931 2641 3984 in
2680 3928 2915 4000 gentibus
2953 3945 3126 3983 semen
3152 3943 3354 3993 eorum,
3386 3944 3452 3981 ac
3475 3935 3691 3997 nepotes.

2119 4024 2322 4087 Omnis,
2346 4024 2437 4094 qui
2464 4024 2650 4077 viderit
2677 4039 2785 4087 eos,
2811 4030 3099 4093 cognoscet,
3122 4021 3247 4091 quia
3270 4018 3358 4072 isti
3387 4027 3511 4073 sunt
3532 4032 3696 4071 semen

2118 4132 2150 4169 a
2191 4114 2417 4170 Domino
2446 4113 2788 4179 benedictum,
2826 4123 2873 4166 et
2895 4112 3089 4184 gaudia
3115 4109 3458 4182 perfruentur
3490 4106 3694 4163 Domini

2120 4204 2275 4275 (Isai.
2306 4204 2442 4277 mn).

2189 4342 2377 4399 XLIX.
2427 4341 2496 4396 Et
2541 4357 2641 4397 nos
2680 4355 2811 4412 ergo
2844 4347 3153 4395 scrutemur
3193 4340 3313 4396 vias
3358 4346 3602 4401 nostras,
3645 4338 3698 4388 et

2120 4452 2339 4507 gressus
2369 4434 2746 4505 dijudicemus,
2771 4442 2828 4489 et
2857 4447 3150 4501 sequamur
3173 4432 3394 4488 odorem
3418 4428 3695 4489 scientiae:

2124 4528 2517 4584 abscondentes
2541 4541 2754 4599 semper
2777 4524 2939 4579 verba
2963 4524 3080 4594 ejus
3107 4524 3161 4577 in
3194 4522 3453 4578 cordibus
3481 4516 3697 4579 nostris,

2122 4631 2183 4677 ut
2199 4622 2369 4677 simus
2393 4620 2723 4675 immaculati
2747 4620 2800 4673 in
2832 4620 2938 4683 via,
2968 4628 3024 4673 et
3053 4619 3104 4672 in
3129 4618 3247 4689 lege
3275 4617 3491 4672 Domini
3516 4614 3697 4670 ambu-

2124 4712 2317 4767 lemus.
2349 4711 2467 4766 Non
2503 4727 2602 4765 nos
2635 4720 2837 4765 terreat
2876 4710 3142 4781 fragilitas
3183 4710 3449 4780 corporis,
3479 4716 3535 4765 et
3561 4703 3696 4775 longi

2127 4807 2385 4878 temporis
2416 4806 2586 4860 labor.
2618 4805 2801 4859 Patres
2826 4805 2980 4859 vestri
3021 4804 3108 4857 ubi
3148 4813 3291 4867 sunt,
3322 4812 3371 4858 et
3402 4788 3695 4871 Propheta,

2124 4908 2185 4955 ut
2212 4901 2471 4970 scriptum
2496 4907 2602 4963 est,
2626 4896 2862 4967 nunquid
2894 4905 3145 4951 a'ternum
3167 4896 3330 4949 vivent
3350 4894 3376 4947 ?
3406 4893 3576 4948 Verba
3604 4906 3695 4944 au-

2124 5000 2225 5044 tem
2256 5006 2370 5043 mea
2410 4999 2457 5042 et
2503 4987 2733 5057 legitima
2765 5003 2877 5040 mea
2907 4986 3172 5055 suscipite,
3196 5002 3312 5054 qua:
3338 5001 3430 5054 ego
3461 4978 3696 5054 pra'cipio

2121 5082 2177 5135 in
2206 5080 2407 5150 Spiritu
2432 5094 2543 5132 meo
2565 5078 2725 5131 servis
2756 5076 2882 5130 meis
2904 5076 3188 5146 prophetis,
3209 5075 3299 5145 qni
3333 5074 3545 5143 fuerunt
3587 5084 3695 5123 cum

2122 5170 2357 5242 patribus
2410 5168 2590 5223 vestris
2648 5166 2834 5237 (Zach.
2892 5167 2955 5237 ι).
3023 5166 3333 5221 Sentiamus
3380 5161 3696 5220 ineﬁ'abilem

2122 5259 2465 5315 clementiam
2494 5259 2587 5312 Dei
2614 5258 2811 5322 nostri,
2839 5258 2929 5327 qui
2960 5273 3132 5326 usque
3156 5257 3314 5311 hodie
3343 5256 3409 5309 ad
3437 5253 3696 5325 pmniten-

2124 5352 2255 5406 tiam
2280 5367 2379 5407 nos
2407 5351 2676 5413 hortatur,
2713 5350 2897 5405 dicens
2936 5367 2948 5403 :
3002 5349 3256 5420 Nunquid
3294 5349 3385 5418 qui
3411 5346 3562 5399 cadet
3600 5358 3695 5397 non

2125 5443 2395 5514 resurget?
2422 5451 2513 5496 aut
2551 5442 2642 5513 qui
2676 5450 2968 5507 aversatur,
3016 5458 3121 5495 non
3167 5437 3488 5494 revertetur?
3529 5435 3696 5501 Quare

2124 5542 2394 5588 aversatus
2428 5543 2503 5587 cst
2545 5532 2768 5603 populus
2809 5548 2955 5586 meus
3002 5531 3271 5585 aversione
3324 5524 3630 5599 impudenti,
3650 5530 3697 5575 et

2128 5625 2462 5679 obtinuerunt
2502 5624 2556 5676 in
2592 5622 2942 5693 voluptatibus
2965 5624 3099 5689 suis,
3139 5631 3187 5676 et
3214 5620 3491 5675 noluerunt
3521 5610 3697 5668 reuerti

2129 5713 2262 5785 (εἷεν.
2306 5714 2467 5783 vin)?
2514 5714 2570 5767 Si
2605 5714 2807 5768 reversi
2844 5712 3105 5769 fuerimus
3157 5711 3224 5766 ad
3251 5726 3392 5775 eum,
3416 5702 3700 5760 mdilieabit

2129 5798 2227 5860 nos
2251 5803 2453 5875 Spiritu
2473 5819 2589 5869 suo,
2612 5804 2762 5875 juxta
2791 5803 2918 5859 illud
2941 5820 2990 5875 qi
3006 5803 3082 5859 'od
3096 5803 3356 5873 scriptum
3378 5806 3457 5855 est
3474 5813 3487 5849 :
3507 5788 3701 5858 .Edifi‘
