3942 6190
174 417 266 476 ιῖνδ

171 628 383 702 gregabit
407 625 584 698 (Psal.
617 626 823 697 CXLVI).

235 721 291 775 L.
316 717 466 786 Quod
504 725 688 772 autem
720 715 892 771 nostri
915 723 1089 772 cmtus
1110 728 1166 772 et
1186 718 1496 773 communio
1529 734 1597 773 ex
1628 718 1743 775 Deo

176 817 256 879 sit,
276 829 373 884 qua
401 826 503 866 nos
542 810 775 865 invicem
816 808 1151 879 copulamur,
1189 810 1478 880 Apostolus
1518 826 1616 865 nos
1641 812 1742 865 (lo-

178 906 275 962 cuit
299 904 479 958 dicens
506 919 519 953 :
547 900 817 953 Bonorum
845 916 1059 967 operum
1100 902 1482 955 communionis
1509 900 1741 955 oblivisci

181 998 334 1060 nolite,
359 994 551 1048 talibus
565 993 702 1046 enim
720 992 942 1046 victimis
960 990 1205 1061 placatur
1220 991 1360 1046 Deus
1388 991 1574 1061 (Hebr.
1596 991 1736 1061 xm).

180 1091 225 1144 In
248 1086 461 1141 Actibus
484 1073 852 1161 apostolorum
875 1097 1089 1151 quoque
1110 1082 1251 1136 idem
1280 1082 1510 1152 legimus
1541 1100 1553 1135 :
1591 1081 1733 1136 Mul-

181 1178 398 1233 titudinis
424 1184 601 1229 autem
648 1172 970 1227 credentium
996 1181 1108 1225 erat
1151 1189 1242 1225 cor
1271 1189 1435 1226 unum
1463 1183 1511 1226 et
1559 1173 1738 1226 anima

180 1286 293 1332 una,
316 1275 362 1321 et
384 1264 561 1318 nullus
581 1279 735 1317 suum
758 1262 885 1331 quid
907 1261 1134 1326 dicebat,
1158 1261 1248 1315 sed
1271 1271 1419 1315 erant
1440 1261 1515 1315 eis
1540 1262 1741 1314 univer-

181 1376 228 1413 sa
248 1356 554 1411 communia.
589 1353 658 1407 Et
684 1353 874 1406 virtute
900 1368 1090 1421 magna
1125 1350 1321 1405 dabant
1348 1350 1571 1421 apostoli
1595 1350 1736 1405 testi-

183 1451 388 1505 monium
433 1446 834 1501 resurrectionis
891 1443 1103 1497 Domini
1151 1444 1281 1497 Jesu
1340 1444 1478 1514 (Act.
1524 1442 1620 1516 ιν).
1670 1443 1739 1498 Ει

178 1538 439 1593 Psalmista
472 1536 525 1589 in
554 1534 745 1589 eadem
774 1532 941 1587 verba
986 1532 1279 1596 consensit,
1313 1532 1502 1586 dicens
1542 1549 1555 1583 :
1601 1531 1739 1585 Ecce

177 1646 313 1701 quam
343 1628 556 1692 bonum,
592 1634 642 1679 et
702 1640 860 1695 quam
903 1622 1226 1692 jucundum,
1266 1623 1505 1678 habitare
1545 1622 1737 1692 fratres

176 1720 224 1771 in
250 1734 401 1771 unum
426 1714 600 1787 (Psal.
628 1714 854 1785 cxxxu).
879 1713 944 1766 Et
974 1727 1071 1765 nos
1118 1713 1175 1766 in
1204 1713 1470 1767 ccenobiis
1498 1728 1738 1767 commo-

177 1815 356 1873 rantes,
383 1815 439 1861 et
466 1805 623 1860 nobis
651 1812 837 1858 mutua
868 1803 1135 1858 charitate
1163 1804 1373 1871 sociati,
1409 1805 1598 1859 demus
1623 1814 1737 1858 stu-

840 412 1068 472 CODEX
1105 415 1564 478 REGULARUM.
1611 446 1685 465 -ι
1721 423 1731 476 l

1835 425 1901 480 ιδ
1939 426 1979 480 Ι.
2020 426 2323 484 ΒΕϐυιᾹΞ
2363 430 2466 485 PP.
2508 431 2784 489 ORIENT.

172 557 283 594 cans
314 534 649 591 Hierusalem
672 534 951 602 Dominus,
993 534 1340 606 dispersiones
1364 536 1584 593 Israelis
1622 556 1741 593 con-
1771 545 1818 601 Λ
1847 547 1895 593 et
1930 541 1983 593 in
2028 527 2316 610 liminibus,
2360 556 2414 599 ut
2453 548 2670 605 discatis
2696 553 2878 607 timere
2919 552 3198 608 Dominum
3230 558 3433 611 cunctis
3517 570 3528 584 λ

3325 441 3433 493 4ἳῶ

1845 630 2026 685 diebus
2073 636 2261 704 quibus
2308 638 2478 691 vivitis
2523 638 2701 710 (Deut.
2748 642 2852 714 χι).
2910 643 3167 699 Salomon
3215 661 3432 716 quoque

1844 718 2019 788 ipsum
2045 722 2361 793 signiﬁcans
2386 727 2517 782 dicit
2542 747 2555 781 :
2586 727 2770 787 Scribe
2788 749 2849 786 ea
2871 732 2925 786 in
2949 732 3231 788 latitudine
3254 734 3428 789 cordis

1842 810 1922 862 tui
1953 809 2134 881 (Prov.
2167 813 2272 883 ιιι).

1913 900 2017 953 Lll.
2047 901 2397 961 Considerate
2420 908 2636 976 quantis
2666 912 2988 968 testimoniis
3014 913 3082 967 ad
3112 916 3416 985 meditatio-

1841 1007 1964 1046 nem
1996 1009 2275 1050 sacrarum
2306 998 2712 1070 Scripturarum
2742 1020 2841 1059 nos
2877 1020 3057 1071 sermo
3080 1007 3292 1061 Domini
3330 1024 3426 1062 co-

1843 1083 2109 1149 hortatur,
2146 1096 2204 1140 ut
2242 1104 2362 1156 qum
2387 1105 2489 1161 ore
2528 1093 2813 1158 volvimus,
2842 1095 3004 1147 corde
3028 1096 3420 1164 possideamus.

1839 1168 2046 1225 Bonum
2067 1183 2142 1227 est
2163 1175 2383 1244 homini,
2409 1196 2528 1234 cum
2556 1181 2794 1237 levaverit
2816 1183 3006 1254 jugum
3038 1185 3104 1237 ab
3126 1184 3425 1240 adolescen-

1838 1259 1913 1311 tia
1941 1275 2057 1313 sua.
2109 1260 2317 1317 Sedebit
2341 1266 2612 1325 solitarius
2655 1281 2700 1325 et
2720 1273 2927 1338 tacebit,
2961 1275 3211 1342 quoniam
3238 1274 3424 1329 levabit

1838 1364 1994 1417 super
2020 1366 2074 1403 se
2084 1351 2300 1421 jugum,
2323 1355 2469 1410 dabit
2486 1362 2794 1429 percutienti
2816 1378 2871 1415 se
2897 1362 3189 1427 maxillam,
3219 1376 3428 1419 satura-

1838 1436 1980 1490 bitur
2010 1441 2319 1509 opprobriis,
2355 1450 2603 1515 quoniam
2631 1467 2734 1504 non
2780 1468 2981 1521 semper
3003 1453 3213 1522 abjiciet
3245 1456 3429 1511 Denti—

1839 1541 1936 1579 nus
1966 1526 2183 1597 (Thren.
2217 1532 2324 1603 tu).
2377 1534 2441 1587 Et
2470 1536 2598 1591 alibi
2632 1539 2896 1608 scriptum
2932 1549 3018 1595 est
3047 1560 3060 1595 :
3095 1541 3424 1598 Recardatus

1836 1629 1953 1667 sum
1975 1616 2351 1673 misericordiae
2392 1623 2634 1691 infantia:
2661 1636 2785 1679 tute.
2820 1627 2888 1681 Et
2919 1628 3114 1683 iterum
3149 1647 3162 1683 :
3192 1630 3419 1697 Laetare,

1829 1703 2060 1772 juvenis,
2099 1708 2154 1761 in
2183 1708 2536 1766 adolescentia
2564 1722 2677 1780 tua,
2710 1725 2757 1769 et
2798 1718 3017 1772 exsultet
3060 1735 3152 1772 cor
3179 1730 3327 1774 tuum
3365 1722 3420 1775 in

1837 1791 2019 1848 diebus
2050 1794 2343 1864 juventutis
2397 1809 2522 1867 tum,
2555 1812 2601 1856 et
2631 1804 2845 1858 ambula
2898 1808 2954 1859 in
3003 1809 3099 1862 viis
3127 1811 3301 1865 cordis
3343 1814 3422 1865 tui

177 1901 320 1961 dium,
367 1906 424 1952 ut
476 1896 749 1966 quomodo
792 1902 1104 1949 sanctorum
1139 1894 1360 1950 Patrum
1408 1896 1463 1950 in
1493 1895 1599 1950 hac
1629 1895 1739 1948 vita
1768 1889 1816 1948 B
1844 1889 2036 1960 absque
2088 1892 2318 1958 macula,
2370 1905 2419 1948 et
2464 1897 2521 1949 in
2557 1909 2833 1968 conspectu
2878 1901 3150 1955 oculorum
3190 1914 3426 1972 tuorum,

177 1993 450 2048 meruimus
488 1989 846 2053 consortium,
872 1989 947 2042 ita
987 1989 1042 2043 in
1069 1987 1253 2046 futuro
1277 1996 1493 2061 quaque
1518 1991 1738 2060 partici-

176 2100 257 2155 pes
279 2100 462 2139 eorum
505 2084 682 2138 simus
710 2099 724 2135 :
756 2081 995 2135 scientes
1023 2081 1166 2150 quod
1199 2096 1336 2135 crux
1373 2081 1498 2135 vitae
1539 2089 1738 2137 nostrae

176 2173 515 2242 doctrinaeque
562 2171 891 2241 principium
938 2170 1029 2236 sit,
1070 2177 1126 2225 et
1177 2159 1428 2239 oporteat
1463 2187 1563 2225 nos
1613 2187 1734 2225 cum

177 2265 370 2319 Christo
407 2263 539 2334 pati,
574 2269 630 2317 et
654 2276 837 2327 nosse,
870 2261 1015 2330 quod
1043 2262 1249 2331 absque
1293 2261 1736 2317 tribulationibus

175 2365 220 2410 et
234 2356 483 2426 angustiis
509 2354 688 2409 nullus
716 2353 1001 2408 victoriam
1032 2362 1411 2423 consequatur.
1442 2353 1637 2408 Beatus
1660 2355 1738 2407 vir

176 2447 250 2515 qui
273 2447 448 2516 suffert
477 2445 840 2508 tentationem,
864 2446 989 2516 quia
1015 2462 1133 2499 cum
1159 2444 1408 2516 probatus
1438 2446 1619 2515 fuerit,
1656 2461 1736 2499 co-

179 2553 338 2590 ronam
375 2537 495 2590 vita:
523 2535 744 2605 accipiet
776 2533 919 2605 (Jac.
950 2532 1047 2606 tr).
1087 2533 1153 2588 Et
1189 2534 1385 2588 iterum
1416 2552 1428 2587 :
1457 2533 1734 2587 Laboravit

176 2625 218 2679 in
238 2625 500 2690 suculam,
537 2635 587 2679 et
636 2626 765 2680 vivet
811 2624 867 2678 in
902 2635 1175 2678 aeternum.
1225 2622 1285 2679 Si
1314 2634 1488 2679 tamen
1527 2641 1734 2694 compa-

174 2717 335 2781 timur,
372 2726 427 2769 ut
460 2724 509 2769 et
537 2714 912 2785 gloriﬁcemur.
950 2713 1203 2779 zEstimo,
1235 2713 1431 2783 inquit,
1466 2714 1604 2786 quod
1628 2731 1732 2769 non

171 2817 280 2859 sunt
307 2807 575 2877 condigna:
622 2805 891 2876 passiones
920 2804 1079 2875 hujus
1112 2806 1367 2881 temporis
1398 2805 1467 2859 ad
1496 2806 1734 2875 futuram

169 2899 391 2967 gloriam,
412 2915 530 2971 quae
554 2896 868 2953 revelabitur
888 2898 943 2951 in
973 2898 1121 2953 nobis
1145 2898 1320 2970 (Rom.
1350 2899 1488 2969 Vill).
1514 2898 1582 2952 Et
1602 2898 1731 2953 alibi

170 2992 409 3062 scriptum
439 3001 524 3048 est
553 3010 566 3045 :
598 2991 930 3057 Existimavi,
960 3000 1018 3045 ut
1045 3007 1407 3061 cognoscerem
1435 2990 1555 3055 hoc,
1580 2988 1733 3043 labor

171 3094 232 3139 est
272 3086 324 3139 in
352 3093 627 3155 conspectu
660 3100 774 3138 meo
817 3083 994 3156 (Psal.
1032 3084 1226 3155 mm).
1255 3084 1325 3138 Et
1352 3084 1548 3139 iterum
1575 3102 1587 3136 :
1615 3082 1730 3153 Ego

171 3176 382 3232 laboravi
425 3194 645 3248 sequens
668 3187 737 3242 te,
784 3186 835 3231 et
880 3177 1018 3231 diem
1056 3178 1328 3232 hominum
1359 3194 1463 3231 non
1492 3175 1730 3230 conside-

1840 1990 1889 2033 et
1929 1982 2061 2034 scito
2084 1985 2334 2052 quoniam
2366 1986 2419 2038 in
2447 1988 2685 2042 omnibus
2721 1990 2804 2043 his
2833 1991 3065 2045 adducat
3096 2003 3144 2047 te
3168 1994 3426 2051 Dominus

1839 2071 1893 2124 in
1913 2071 2139 2141 judicio.
2173 2068 2339 2142 Aufer
2375 2076 2607 2144 furorem
2643 2095 2674 2130 a
2700 2061 2873 2132 ’corde
2902 2090 3012 2147 tuo,
3038 2091 3084 2135 et
3108 2083 3365 2136 malitiam
3392 2104 3424 2140 a

1839 2178 1996 2217 carne
2017 2172 2128 2229 tua,
2158 2165 2409 2235 quoniam
2435 2167 2787 2222 adolescentia
2809 2179 2858 2223 et
2880 2169 3107 2226 stultitia
3128 2174 3329 2228 vanitas
3350 2186 3425 2229 cst

1839 2253 2009 2326 (Eccl.
2049 2254 2148 2329 ιι).
2185 2256 2273 2323 Ει,
2318 2257 2580 2314 Memento
2602 2263 2853 2315 creatoris
2889 2263 2965 2315 tui
2991 2263 3046 2316 in
3085 2263 3266 2318 diebus
3304 2267 3430 2320 ado-

1837 2344 2094 2400 lescentia:
2122 2356 2245 2412 tute,
2278 2349 2443 2403 donec
2478 2352 2681 2406 veniant
2709 2353 2820 2407 dies
2848 2356 3079 2425 pessimi,
3106 2366 3151 2410 et
3176 2370 3425 2428 occupent

1839 2439 1988 2501 anni,
2030 2438 2085 2491 in
2115 2439 2302 2509 quibus
2335 2441 2478 2495 dices
2509 2457 2529 2496 :
2556 2443 2681 2496 Non
2703 2454 2779 2498 cst
2816 2447 2946 2499 mihi
2968 2447 3021 2500 in
3050 2448 3126 2501 eis
3152 2447 3426 2515 voluntas;

1836 2527 2001 2582 donec
2031 2529 2418 2586 obtenebrescat
2448 2533 2549 2599 sol,
2586 2543 2634 2588 et
2657 2535 2773 2601 lux,
2816 2546 2867 2590 et
2896 2536 3044 2603 luna,
3072 2548 3120 2592 et
3149 2539 3335 2605 stelltv,
3376 2550 3425 2594 ct

1836 2626 2206 2672 convertantur
2232 2620 2393 2675 nubes
2417 2632 2534 2692 post
2552 2622 2808 2693 pluviam.
2828 2625 2896 2678 In
2919 2626 3003 2679 die
3024 2643 3128 2696 qua
3148 2628 3427 2680 movebun-

1836 2716 1924 2761 tur
1957 2709 2197 2765 custodes
2235 2711 2444 2779 domus,
2488 2724 2536 2769 et
2565 2714 2929 2769 subvertentur
2963 2718 3061 2770 viri
3100 2719 3326 2783 virtutis,
3375 2731 3425 2773 et

1835 2806 2033 2853 cessent
2068 2798 2339 2867 molentes,
2372 2803 2496 2873 quia
2517 2819 2700 2874 pauca:
2729 2802 2885 2872 facta:
2905 2813 3063 2867 sunt;
3097 2816 3147 2859 et
3179 2806 3423 2861 obscura-

1835 2889 2053 2956 buntur,
2081 2908 2199 2962 quce
2224 2893 2397 2948 vident
2417 2895 2473 2949 in
2495 2895 2866 2964 foraminibus,
2890 2907 2937 2951 et
2959 2897 3205 2956 claudent
3228 2901 3341 2954 vias
3370 2901 3425 2956 in

1837 2982 2029 3049 foroin
2052 2983 2360 3054 infirmitate
2382 2988 2522 3042 vocis
2547 2988 2808 3043 inolentis.
2839 2989 2910 3043 Et
2937 3002 3214 3063 ersurgent
3245 2995 3313 3048 ad
3337 3012 3424 3048 vo-

1834 3090 1946 3127 cem
1970 3076 2221 3145 passeris,
2249 3086 2298 3130 et
2323 3076 2745 3133 humiliabuntur
2771 3097 2948 3135 omnes
2984 3082 3084 3150 ﬁlii
3116 3085 3329 3138 cantici.
3356 3085 3423 3139 Et

1834 3170 2042 3240 quidem
2072 3173 2137 3226 ab
2167 3172 2278 3226 alto
2302 3174 2580 3244 aspicient,
2602 3185 2651 3230 et
2679 3193 2899 3246 pavores
2931 3178 2987 3232 in
3022 3180 3128 3244 via,
3166 3190 3215 3233 et
3234 3183 3423 3249 ﬂoreat

173 3269 266 3321 ravi
292 3266 424 3337 (Jer.
472 3265 633 3340 xvu).
676 3268 745 3322 Et
783 3267 892 3322 alio
929 3267 1048 3322 loco
1079 3284 1091 3320 :
1138 3266 1325 3322 Multtv
1367 3266 1729 3320 tribulationes
1757 3267 1802 3330 C
1833 3262 2194 3331 amygdalum,
2222 3272 2271 3316 et
2300 3264 2625 3334 ingrassetur
2651 3266 2883 3331 locusta,
2911 3279 2960 3322 et
3005 3268 3280 3323 sciadatur
3307 3287 3425 3339 capo

169 3358 425 3425 iustorum,
470 3370 519 3414 et
564 3375 632 3415 ea:
672 3358 911 3413 omnibus
940 3359 1022 3413 his
1057 3357 1297 3412 liberabit
1338 3374 1426 3411 eos
1475 3356 1731 3410 Dominus

172 3444 325 3515 (ἔδεαι.
350 3449 563 3521 XXXIII).
589 3450 657 3503 Et
685 3449 945 3504 Dominus
971 3456 1159 3504 noster
1200 3448 1441 3517 loquitur
1472 3448 1523 3502 in
1554 3448 1731 3501 Evan-

170 3538 290 3605 gelio
315 3557 331 3594 :
363 3538 465 3604 Qui
492 3541 899 3611 perseveraverit
948 3556 1109 3611 usque
1138 3539 1193 3593 in
1219 3538 1397 3608 ﬁnem,
1428 3537 1512 3591 hic
1553 3536 1729 3592 salvus

169 3630 249 3683 erit
275 3630 484 3703 (Matth.
526 3629 605 3701 ι).
645 3631 713 3686 Et
739 3631 863 3685 alibi
895 3649 908 3684 :
944 3630 1047 3701 llic
1075 3642 1148 3685 est
1184 3631 1314 3685 liber
1332 3629 1726 3693 mandatorum,

169 3727 209 3771 et
225 3717 301 3773 lea:
325 3721 515 3792 scripta
536 3720 591 3774 in
613 3722 1007 3791 sempiternum.
1028 3719 1219 3776 Omnes
1239 3722 1328 3792 qui
1349 3722 1729 3776 observaverint

169 3826 285 3877 eam,
337 3813 543 3877 vivent;
595 3811 686 3882 qui
740 3821 910 3865 autem
964 3811 1353 3883 dereliquerint,
1417 3812 1724 3865 morientur.

170 3897 436 3967 Revertere,
453 3900 649 3967 Iacob,
667 3910 714 3955 et
730 3901 1058 3972 apprehende
1080 3918 1235 3967 eum;
1257 3900 1470 3955 ambula
1492 3902 1547 3955 in
1561 3899 1730 3971 splen-

168 3991 275 4044 dore
316 3991 530 4045 luminis
555 3991 695 4061 ejus,
739 4000 788 4045 et
821 4007 927 4045 non
973 3991 1064 4045 des
1094 3990 1249 4045 alteri
1290 3990 1514 4060 gloriam
1556 3999 1727 4055 tuam,

167 4091 206 4132 et
227 4097 283 4136 ea
309 4099 426 4152 qua:
454 4081 751 4136 conducunt
776 4082 890 4148 tibi,
928 4082 1066 4153 genti
1098 4082 1307 4136 alienw.
1347 4080 1499 4135 Beati
1524 4096 1725 4145 sumus,

168 4170 340 4240 Israel,
362 4175 487 4245 quia
512 4172 711 4245 placita
738 4172 848 4228 Deo
892 4184 1067 4228 nostro
1098 4182 1221 4227 nota
1247 4181 1367 4227 sunt
1394 4171 1561 4227 nobis.
1591 4169 1727 4225 Con-

166 4260 272 4328 ﬁde,
297 4262 485 4335 popule
533 4278 701 4328 meus,
732 4263 1108 4319 memoriabilis
1138 4262 1311 4318 Israel
1337 4263 1591 4337 (Baruch.
1625 4265 1725 4336 ιν).

169 4350 222 4405 Et
245 4354 435 4409 iterum
459 4354 629 4411 Isaias
654 4355 893 4425 loquitur
920 4373 932 4409 :
965 4350 1192 4421 Ltetare,
1236 4354 1426 4420 Israel,
1457 4365 1505 4411 et
1534 4354 1725 4425 festum

166 4445 284 4512 agite
304 4448 463 4515 diem,
495 4466 673 4504 omnes
698 4450 787 4520 qui
812 4447 1031 4517 diligitis
1054 4464 1191 4502 eum.
1217 4447 1477 4513 Gaudete,
1501 4447 1590 4516 qui
1610 4464 1731 4501 con-

164 4535 307 4601 ﬁditis
334 4542 392 4596 in
412 4558 497 4607 eo,
513 4551 568 4595 ut
589 4541 807 4612 fugatis,
827 4549 873 4595 et
895 4539 1219 4612 impleamini
1246 4556 1311 4594 ea:
1337 4538 1581 4593 uberibus
1605 4555 1728 4594 con-

165 4626 414 4685 solationis
431 4631 546 4700 ejus
575 4630 734 4702 (Isai.
758 4629 929 4700 LXVI).

223 4714 299 4770 Li.
326 4719 642 4775 Habeamus
665 4735 852 4774 curam
881 4718 1228 4789 legendarum
1257 4728 1312 4773 et
1340 4717 1720 4773 discendorum

167 4804 568 4879 Scripturarum,
597 4820 653 4867 et
677 4812 731 4865 in
753 4827 940 4866 earum
968 4826 1184 4881 semper
1231 4810 1580 4866 meditatione
1606 4824 1727 4863 ver-

166 4910 342 4965 semur,
389 4903 629 4958 scientes
666 4902 930 4973 scriptum
963 4920 978 4956 :
1010 4901 1096 4955 Ea:
1139 4901 1317 4972 fructu
1363 4901 1472 4955 oris
1518 4903 1602 4957 sui
1646 4903 1726 4957 vir

163 4991 489 5059 saturabitur,
511 5002 560 5046 et
600 5008 795 5046 merces
817 4991 1077 5047 labiorum
1106 4991 1220 5061 ejus
1268 4990 1514 5045 reddetur
1539 4989 1720 5063 (Prov.

164 5077 287 5151 nn).
334 5080 460 5141 Haec
489 5090 619 5137 sunt
657 5098 780 5153 qua:
807 5098 904 5137 nos
944 5082 1150 5137 ducunt
1177 5081 1244 5137 ad
1273 5090 1535 5136 aeternam
1556 5083 1722 5137 vitam

162 5184 265 5238 qua
283 5176 436 5231 nobis
461 5176 684 5231 tradidit
709 5175 871 5231 Pater
893 5186 1077 5231 noster
1104 5185 1159 5231 et
1178 5175 1385 5247 jngitcr
1415 5176 1724 5232 ntcditanzla

162 5264 426 5334 pmeepit;
462 5273 525 5320 ut
560 5252 851 5335 impleatur
888 5265 1017 5321 illud
1063 5267 1116 5321 in
1158 5266 1337 5331 nobis,
1393 5268 1538 5335 quod
1585 5266 1723 5321 scri-

162 5361 291 5417 Ρωπι
322 5365 410 5411 est
441 5374 455 5410 :
496 5355 670 5413 Erunt
713 5359 825 5412 lucc
866 5359 1043 5423 verba,
1074 5375 1191 5430 qua:
1220 5375 1313 5428 ego
1353 5360 1601 5429 principio
1631 5359 1723 5413 tibi

161 5437 312 5509 hodie,
337 5443 394 5498 in
419 5446 577 5500 corde
600 5455 692 5499 tuo
727 5455 775 5500 et
812 5446 867 5501 in
897 5448 1075 5501 anima
1112 5456 1240 5513 tua;
1267 5447 1473 5501 docebis
1498 5465 1558 5503 ea
1582 5447 1722 5517 ﬁlios

162 5539 278 5600 llos,
298 5545 349 5590 et
374 5535 606 5611 loqueris
629 5538 685 5590 in
707 5538 781 5592 eis
810 5538 994 5593 sedeas
1018 5539 1073 5593 in
1095 5538 1272 5605 domo,
1301 5548 1347 5592 et
1370 5538 1653 5593 ambulans
1672 5539 1725 5592 in

161 5622 251 5689 rio,
281 5636 329 5680 et
374 5627 667 5693 accubans,
714 5638 880 5699 atque
910 5647 1249 5700 consurgens.
1311 5628 1490 5683 Scribe
1528 5645 1590 5682 ea
1632 5645 1725 5697 pro

161 5712 290 5780 signo
316 5717 372 5770 in
411 5733 576 5771 manu
620 5728 739 5784 tua,
779 5729 828 5773 et
866 5729 1019 5774 erunt
1064 5720 1355 5774 immobilia
1393 5729 1513 5774 ante
1547 5720 1726 5774 oculos
1796 5778 1803 5783 _

162 5810 282 5863 llos.
306 5806 517 5865 Scribes
548 5826 752 5882 quoque
776 5827 836 5866 ea
863 5811 915 5865 in
938 5810 1167 5881 postibus
1208 5812 1455 5866 domuum
1492 5822 1727 5876 tuarum,

1831 3353 1997 3422 paris.
2052 3352 2317 3417 Quoniam
2345 3354 2476 3408 abiit
2516 3356 2669 3410 homo
2699 3358 2754 3411 in
2785 3358 2998 3411 domum
3028 3359 3210 3412 sa‘culi
3238 3362 3341 3425 sui,
3373 3370 3423 3413 et

1830 3453 2143 3514 ggrarerunt
2170 3445 2225 3498 in
2252 3444 2367 3514 foro
2388 3446 2482 3517 qui
2502 3448 2777 3518 plangunt,
2803 3449 3142 3519 quoadusque
3160 3460 3424 3503 evertatur

1831 3534 2098 3603 funiculus
2125 3536 2351 3605 argenti,
2388 3546 2436 3589 et
2481 3546 2784 3591 conteratur
2821 3538 3017 3593 monile
3045 3538 3189 3601 auri,
3211 3549 3258 3592 et
3291 3556 3421 3593 cou-

1832 3624 2095 3695 fringatur
2132 3626 2325 3695 hydria
2374 3627 2444 3679 ad
2481 3627 2701 3694 fontem,
2737 3635 2787 3680 et
2829 3628 3148 3697 impediatur
3188 3638 3301 3682 rota
3339 3646 3421 3682 su-

1828 3733 1922 3787 per
1977 3715 2174 3779 lacum,
2227 3726 2277 3770 et
2322 3725 2659 3771 convertatur
2698 3717 2869 3789 pulvis
2909 3720 2965 3772 in
3011 3729 3229 3785 terram,
3288 3721 3420 3774 sicut

1830 3808 1954 3877 fuit,
1977 3818 2025 3862 et
2048 3810 2264 3877 spiritus
2288 3798 2578 3862 revertatur
2597 3812 2668 3864 ad
2694 3811 2999 3877 Dominum,
3020 3815 3111 3882 qui
3132 3812 3274 3867 dedit
3299 3830 3419 3867 eum

1831 3900 1997 3972 (Ibid.
2022 3902 2145 3973 xu).
2175 3901 2232 3956 ln
2254 3902 2550 3981 Evangelip
2570 3918 2786 3975 quoque
2811 3906 3075 3974 scriptum
3091 3915 3173 3961 est
3197 3925 3210 3961 :
3232 3905 3418 3973 Pueri,

1830 3993 2066 4064 nunquid
2129 3992 2330 4048 habetis
2379 3991 2747 4063 pulmentum?
2801 3993 2995 4049 Mittite
3042 3997 3098 4051 in
3147 3996 3417 4052 dexteram

1828 4094 2030 4154 portent
2059 4085 2231 4150 navis,
2278 4093 2328 4138 et
2356 4085 2627 4140 invenietis
2672 4084 2853 4158 (Joan.
2889 4086 3028 4158 xm).
3074 4088 3142 4143 Et
3171 4089 3364 4145 iterum
3400 4107 3413 4142 :

1831 4173 2015 4229 Omnis
2036 4190 2168 4244 puer
2195 4191 2257 4229 ac
2281 4174 2621 4245 juvenculus,
2646 4177 2735 4248 qui
2759 4178 2919 4231 nescit
2953 4178 3108 4232 hodie
3135 4179 3325 4233 bonum
3354 4197 3418 4235 ac

1826 4263 2051 4331 malum,
2079 4264 2180 4335 ipsi
2206 4250 2479 4319 intrabunt
2510 4264 2565 4319 in
2587 4273 2781 4320 terram
2810 4266 3019 4321 bonam.
3047 4265 3128 4322 Ac
3155 4284 3370 4323 rursum
3398 4282 3415 4322 :

1831 4356 1999 4414 Omne
2044 4358 2395 4414 masculinum
2443 4360 2584 4431 quod
2646 4361 2815 4431 aperit
2872 4360 3097 4425 vulvam,
3173 4373 3415 4417 sanctum

1827 4447 2103 4502 vocabitur
2134 4447 2332 4519 (Exod.
2375 4447 2508 4520 LIV).
2535 4448 2603 4503 Et
2627 4449 2683 4503 in
2706 4447 2999 4521 Evangelio
3025 4467 3037 4502 :
3067 4447 3209 4503 Puer
3235 4461 3412 4505 autem

1829 4537 1957 4602 ibat,
1986 4547 2032 4591 et
2069 4538 2353 4603 crescebat,
2413 4549 2463 4593 et
2488 4540 2794 4610 proﬁciebat
2828 4540 2970 4611 apud
3002 4539 3167 4594 Deum
3197 4550 3244 4594 et
3272 4541 3413 4611 apud

1749 4634 1804 4699 Β
1829 4628 2062 4684 homines
2084 4628 2235 4700 (Luc.
2267 4629 2353 4702 ιι).
2380 4628 2538 4686 Jesus
2567 4645 2781 4700 quoque
2805 4632 3055 4687 minister
3076 4630 3243 4703 Moysi
3260 4631 3415 4701 juve-

1831 4718 1917 4772 nis
1940 4726 2077 4783 erat,
2104 4727 2160 4772 et
2181 4735 2287 4773 non
2322 4719 2703 4790 egrediebatur
2726 4719 2792 4775 de
2818 4721 3166 4777 tabernaculo
3195 4720 3311 4775 Dei.
3345 4720 3415 4775 Et

1830 4810 1899 4864 de
1934 4809 2103 4863 David
2139 4810 2401 4879 scriptum
2435 4808 2666 4880 legimus
2696 4828 2709 4864 :
2746 4809 2888 4864 Puer
2910 4812 3036 4881 ﬂavi
3062 4811 3287 4873 coloris,’
3309 4811 3413 4867 ele-

1829 4900 2071 4971 gantibus
2116 4897 2280 4952 oculis
2331 4897 2385 4970 (Ι
2442 4897 2571 4970 Reg.
2632 4899 2765 4971 xw).
2824 4901 3141 4955 Timotheus
3194 4906 3453 4971 quoque’

1830 4991 2008 5044 adhuc
2062 5004 2196 5058 puer
2244 4997 2299 5043 et
2340 4988 2656 5045 adolescens
2702 4992 2875 5046 sacris
2925 4991 3121 5047 litteris
3167 4994 3412 5050 eruditus

1828 5089 1932 5146 est,
1956 5088 2013 5133 ut
2050 5081 2117 5134 ad
2159 5080 2319 5134 ﬁdem
2359 5081 2571 5135 Domini
2618 5081 2914 5136 Salvatoris
2958 5082 3168 5136 illarum
3215 5084 3408 5139 semita

1828 5170 2157 5239 perveniret.
2196 5169 2262 5222 Et
2284 5170 2351 5224 de
2380 5170 2620 5234 Daniele,
2653 5171 2777 5238 quia
2821 5171 3065 5225 eruditus
3106 5181 3243 5237 erat,
3272 5174 3407 5228 scri-

1825 5267 1974 5328 ptum
2002 5258 2250 5329 legimus,
2275 5258 2417 5328 quod
2448 5259 2533 5313 vir
2562 5258 2955 5313 desideriorum
2994 5259 3296 5329 appellatus
3332 5260 3406 5317 sit

1826 5350 1990 5421 (Dan.
2036 5349 2113 5421 κ).
2156 5348 2354 5417 Josepb
2397 5363 2613 5421 quoque
2659 5357 2780 5402 erat
2828 5348 3212 5405 dilectissimus
3261 5352 3408 5421 patri

1825 5455 1947 5505 suo,
1983 5440 2236 5509 quoniam
2264 5437 2379 5506 ejus
2423 5437 2666 5507 imperiis
2714 5438 2997 5503 serviebat,
3031 5448 3087 5493 et
3122 5440 3308 5494 decem
3337 5456 3404 5497 ac

1823 5541 2028 5604 septem
2076 5532 2251 5585 adhuc
2287 5540 2445 5583 natus
2493 5546 2665 5586 annos
2715 5540 2982 5602 praecepta
3036 5531 3176 5587 illius
3228 5531 3405 5604 legem

1822 5625 1946 5678 vita:
1974 5637 2084 5678 suae
2112 5622 2501 5676 arbitrabatur.

1895 5715 2024 5770 Llll.
2058 5715 2125 5769 Et
2155 5715 2266 5769 bare
2296 5722 2492 5769 cuncta
2524 5714 2794 5795 replicavi,
2839 5724 2901 5768 ut
2919 5724 3228 5769 sanctorum
3262 5715 3405 5771 vitas
3468 5760 3487 5767 η

1825 5806 2249 5873 considerantes,
2297 5822 2401 5863 non
2452 5804 2897 5861 circumferuntur
2926 5807 3072 5861 omui
3110 5813 3268 5861 vcuto
3308 5806 3404 5860 dt)
