  <div class='ocr_page' id='page_1' title='image "/cluster/home/n/w/nwhite01/storage/ocr_20150623/103/hvd.32044054759691/243.png"; bbox 0 0 3942 6190; ppageno 0'>
   <div class='ocr_carea' id='block_1_1' title="bbox 499 399 609 457">
    <p class='ocr_par' dir='ltr' id='par_1_1' title="bbox 499 399 609 457">
     <span class='ocr_line' id='line_1_1' title="bbox 499 399 609 457; baseline -0.027 -1"><span class='ocrx_word' id='word_1_1' title='bbox 499 399 609 457; x_wconf 70' lang='grc'><strong>475</strong></span> 
     </span>
    </p>
   </div>
   <div class='ocr_carea' id='block_1_2' title="bbox 1461 358 2706 435">
    <p class='ocr_par' dir='ltr' id='par_1_2' title="bbox 1461 358 2706 435">
     <span class='ocr_line' id='line_1_2' title="bbox 1461 358 2706 435; baseline -0.017 0"><span class='ocrx_word' id='word_1_2' title='bbox 1461 378 1520 435; x_wconf 87' lang='lat' dir='ltr'><strong>S.</strong></span> <span class='ocrx_word' id='word_1_3' title='bbox 1556 371 1917 432; x_wconf 80' lang='lat' dir='ltr'><strong>BENEDICT!</strong></span> <span class='ocrx_word' id='word_1_4' title='bbox 1960 366 2252 423; x_wconf 78' lang='lat' dir='ltr'><strong>ABBATIS</strong></span> <span class='ocrx_word' id='word_1_5' title='bbox 2291 358 2706 419; x_wconf 65' lang='lat' dir='ltr'><strong>ANIANENSIS</strong></span> 
     </span>
    </p>
   </div>
   <div class='ocr_carea' id='block_1_3' title="bbox 3654 355 3763 413">
    <p class='ocr_par' dir='ltr' id='par_1_3' title="bbox 3654 355 3763 413">
     <span class='ocr_line' id='line_1_3' title="bbox 3654 355 3763 413; baseline 0.018 -3"><span class='ocrx_word' id='word_1_6' title='bbox 3654 355 3763 413; x_wconf 71' lang='grc'><strong>476</strong></span> 
     </span>
    </p>
   </div>
   <div class='ocr_carea' id='block_1_4' title="bbox 503 465 3761 582">
    <p class='ocr_par' dir='ltr' id='par_1_4' title="bbox 503 465 3761 582">
     <span class='ocr_line' id='line_1_4' title="bbox 503 465 3761 582; baseline -0.007 -33"><span class='ocrx_word' id='word_1_7' title='bbox 503 511 694 571; x_wconf 55' lang='lat' dir='ltr'><strong>cum,</strong></span> <span class='ocrx_word' id='word_1_8' title='bbox 720 506 933 582; x_wconf 59' lang='lat' dir='ltr'><strong>(5pm,,</strong></span> <span class='ocrx_word' id='word_1_9' title='bbox 964 501 1063 573; x_wconf 66' lang='grc' dir='ltr'>ιγ),</span> <span class='ocrx_word' id='word_1_10' title='bbox 1096 500 1186 554; x_wconf 73' lang='lat' dir='ltr'><strong>sed</strong></span> <span class='ocrx_word' id='word_1_11' title='bbox 1212 499 1542 558; x_wconf 78' lang='lat' dir='ltr'><strong>laboremus,</strong></span> <span class='ocrx_word' id='word_1_12' title='bbox 1566 498 1835 547; x_wconf 85' lang='lat' dir='ltr'><strong>eteorum</strong></span> <span class='ocrx_word' id='word_1_13' title='bbox 1861 500 2085 541; x_wconf 82' lang='lat' dir='ltr'><strong>conver-</strong></span> <span class='ocrx_word' id='word_1_14' title='bbox 2114 492 2158 548; x_wconf 78' lang='grc' dir='ltr'>Α</span> <span class='ocrx_word' id='word_1_15' title='bbox 2258 477 2366 534; x_wconf 82' lang='lat' dir='ltr'><strong>LV.</strong></span> <span class='ocrx_word' id='word_1_16' title='bbox 2417 478 2548 546; x_wconf 69' lang='lat' dir='ltr'><strong>Qua:</strong></span> <span class='ocrx_word' id='word_1_17' title='bbox 2586 476 2825 547; x_wconf 84' lang='lat' dir='ltr'><strong>legentes</strong></span> <span class='ocrx_word' id='word_1_18' title='bbox 2874 469 3210 534; x_wconf 87' lang='lat' dir='ltr'><strong>testimonia,</strong></span> <span class='ocrx_word' id='word_1_19' title='bbox 3251 465 3583 524; x_wconf 84' lang='lat' dir='ltr'><strong>seminemus</strong></span> <span class='ocrx_word' id='word_1_20' title='bbox 3611 470 3761 528; x_wconf 86' lang='lat' dir='ltr'><strong>nobis</strong></span> 
     </span>
     <span class='ocr_line' id='line_1_5' title="bbox 2191 558 3755 582; baseline 0 0"><span class='ocrx_word' id='word_1_21' title='bbox 2191 569 2202 581; x_wconf 74' lang='grc' dir='ltr'><strong>ι</strong></span> <span class='ocrx_word' id='word_1_22' title='bbox 2302 570 2358 582; x_wconf 68' lang='grc' dir='ltr'>..ι</span> <span class='ocrx_word' id='word_1_23' title='bbox 2553 577 2563 582; x_wconf 48' lang='grc' dir='ltr'><strong><em>Α</em></strong></span> <span class='ocrx_word' id='word_1_24' title='bbox 2700 575 2710 582; x_wconf 68' lang='grc' dir='ltr'><strong>ι</strong></span> <span class='ocrx_word' id='word_1_25' title='bbox 2927 564 2948 582; x_wconf 78' lang='grc' dir='ltr'>ι·</span> <span class='ocrx_word' id='word_1_26' title='bbox 2977 572 3154 582; x_wconf 60' lang='lat'><strong>_,_.-_-__</strong></span> <span class='ocrx_word' id='word_1_27' title='bbox 3204 560 3327 582; x_wconf 59' lang='grc' dir='ltr'><strong>--ξαρ-η</strong></span> <span class='ocrx_word' id='word_1_28' title='bbox 3403 558 3595 582; x_wconf 77' lang='lat' dir='ltr'><strong>III--_._:_</strong></span> <span class='ocrx_word' id='word_1_29' title='bbox 3625 576 3755 582; x_wconf 31' lang='lat'><strong>-__4_-</strong></span> 
     </span>
    </p>
   </div>
   <div class='ocr_carea' id='block_1_5' title="bbox 504 558 2113 664">
    <p class='ocr_par' dir='ltr' id='par_1_5' title="bbox 504 558 2089 664">
     <span class='ocr_line' id='line_1_6' title="bbox 504 558 1061 582; baseline -0.031 7"><span class='ocrx_word' id='word_1_30' title='bbox 504 558 693 571; x_wconf 74' lang='lat'><strong>&quot;&#39;&quot;&quot;&quot;</strong></span> <span class='ocrx_word' id='word_1_31' title='bbox 721 558 903 582; x_wconf 51' lang='lat' dir='ltr'><strong>\&quot;r&quot;”</strong></span> <span class='ocrx_word' id='word_1_32' title='bbox 1020 558 1033 573; x_wconf 78' lang='grc' dir='ltr'><strong><em>Ι</em></strong></span> <span class='ocrx_word' id='word_1_33' title='bbox 1052 558 1061 565; x_wconf 74' lang='grc' dir='ltr'><strong>ι</strong></span> 
     </span>
     <span class='ocr_line' id='line_1_7' title="bbox 504 588 2089 664; baseline -0.018 -1"><span class='ocrx_word' id='word_1_34' title='bbox 504 607 770 664; x_wconf 84' lang='lat' dir='ltr'><strong>sationem</strong></span> <span class='ocrx_word' id='word_1_35' title='bbox 802 608 1000 657; x_wconf 82' lang='lat' dir='ltr'><strong>nostrae</strong></span> <span class='ocrx_word' id='word_1_36' title='bbox 1046 597 1169 649; x_wconf 79' lang='lat' dir='ltr'><strong>vit-.c</strong></span> <span class='ocrx_word' id='word_1_37' title='bbox 1211 591 1545 663; x_wconf 85' lang='lat' dir='ltr'><strong>propositum</strong></span> <span class='ocrx_word' id='word_1_38' title='bbox 1580 588 1879 642; x_wconf 80' lang='lat' dir='ltr'><strong>habeamus</strong></span> <span class='ocrx_word' id='word_1_39' title='bbox 1905 597 2089 638; x_wconf 76' lang='lat' dir='ltr'><strong>exem-</strong></span> 
     </span>
    </p>
   </div>
   <div class='ocr_carea' id='block_1_6' title="bbox 2217 558 3760 664">
    <p class='ocr_par' dir='ltr' id='par_1_6' title="bbox 2217 558 3760 630">
     <span class='ocr_line' id='line_1_8' title="bbox 2217 558 3760 630; baseline -0.003 -7"><span class='ocrx_word' id='word_1_40' title='bbox 2217 570 2473 630; x_wconf 88' lang='lat' dir='ltr'><strong>ustitiam,</strong></span> <span class='ocrx_word' id='word_1_41' title='bbox 2510 577 2571 622; x_wconf 92' lang='lat' dir='ltr'><strong>ut</strong></span> <span class='ocrx_word' id='word_1_42' title='bbox 2607 575 2875 621; x_wconf 89' lang='lat' dir='ltr'><strong>metamus</strong></span> <span class='ocrx_word' id='word_1_43' title='bbox 2926 564 3159 618; x_wconf 81' lang='lat' dir='ltr'><strong>fructum</strong></span> <span class='ocrx_word' id='word_1_44' title='bbox 3204 560 3351 615; x_wconf 57' lang='lat' dir='ltr'><strong>vita}.</strong></span> <span class='ocrx_word' id='word_1_45' title='bbox 3402 558 3760 619; x_wconf 87' lang='lat' dir='ltr'><strong>llluminemus</strong></span> 
     </span>
    </p>
   </div>
   <div class='ocr_carea' id='block_1_7' title="bbox 506 672 2092 769">
    <p class='ocr_par' dir='ltr' id='par_1_7' title="bbox 506 672 2092 769">
     <span class='ocr_line' id='line_1_9' title="bbox 506 672 2092 769; baseline -0.016 -19"><span class='ocrx_word' id='word_1_46' title='bbox 506 700 675 769; x_wconf 88' lang='lat' dir='ltr'><strong>plum,</strong></span> <span class='ocrx_word' id='word_1_47' title='bbox 726 701 783 748; x_wconf 86' lang='lat' dir='ltr'><strong>ut</strong></span> <span class='ocrx_word' id='word_1_48' title='bbox 827 691 996 746; x_wconf 89' lang='lat' dir='ltr'><strong>simus</strong></span> <span class='ocrx_word' id='word_1_49' title='bbox 1022 686 1250 758; x_wconf 89' lang='lat' dir='ltr'><strong>populus</strong></span> <span class='ocrx_word' id='word_1_50' title='bbox 1280 684 1374 738; x_wconf 88' lang='lat' dir='ltr'><strong>Dei</strong></span> <span class='ocrx_word' id='word_1_51' title='bbox 1404 679 1710 750; x_wconf 79' lang='lat' dir='ltr'><strong>peculiaris.</strong></span> <span class='ocrx_word' id='word_1_52' title='bbox 1756 674 1867 730; x_wconf 86' lang='lat' dir='ltr'><strong>Nec</strong></span> <span class='ocrx_word' id='word_1_53' title='bbox 1894 672 2092 728; x_wconf 87' lang='lat' dir='ltr'><strong>contri-</strong></span> 
     </span>
    </p>
   </div>
   <div class='ocr_carea' id='block_1_8' title="bbox 509 761 2091 852">
    <p class='ocr_par' dir='ltr' id='par_1_8' title="bbox 509 761 2091 852">
     <span class='ocr_line' id='line_1_10' title="bbox 509 761 2091 852; baseline -0.017 -10"><span class='ocrx_word' id='word_1_54' title='bbox 509 800 714 842; x_wconf 85' lang='lat' dir='ltr'><strong>stemus</strong></span> <span class='ocrx_word' id='word_1_55' title='bbox 749 782 1012 852; x_wconf 76' lang='lat' dir='ltr'><strong>Spiritum</strong></span> <span class='ocrx_word' id='word_1_56' title='bbox 1045 786 1311 836; x_wconf 89' lang='lat' dir='ltr'><strong>sanetum,</strong></span> <span class='ocrx_word' id='word_1_57' title='bbox 1348 774 1401 827; x_wconf 90' lang='lat' dir='ltr'><strong>in</strong></span> <span class='ocrx_word' id='word_1_58' title='bbox 1432 786 1540 840; x_wconf 82' lang='lat' dir='ltr'><strong>quo</strong></span> <span class='ocrx_word' id='word_1_59' title='bbox 1581 767 1775 838; x_wconf 86' lang='lat' dir='ltr'><strong>signati</strong></span> <span class='ocrx_word' id='word_1_60' title='bbox 1805 780 1991 820; x_wconf 87' lang='lat' dir='ltr'><strong>sumus</strong></span> <span class='ocrx_word' id='word_1_61' title='bbox 2036 761 2091 815; x_wconf 87' lang='lat' dir='ltr'><strong>in</strong></span> 
     </span>
    </p>
   </div>
   <div class='ocr_carea' id='block_1_9' title="bbox 509 857 2145 950">
    <p class='ocr_par' dir='ltr' id='par_1_9' title="bbox 509 857 2145 950">
     <span class='ocr_line' id='line_1_11' title="bbox 509 857 2145 950; baseline -0.02 -10"><span class='ocrx_word' id='word_1_62' title='bbox 509 882 599 938; x_wconf 80' lang='lat' dir='ltr'><strong>die</strong></span> <span class='ocrx_word' id='word_1_63' title='bbox 630 876 1047 950; x_wconf 74' lang='lat' dir='ltr'><strong>redemptionis;</strong></span> <span class='ocrx_word' id='word_1_64' title='bbox 1079 888 1147 927; x_wconf 90' lang='lat' dir='ltr'><strong>ne</strong></span> <span class='ocrx_word' id='word_1_65' title='bbox 1171 870 1319 925; x_wconf 90' lang='lat' dir='ltr'><strong>illum</strong></span> <span class='ocrx_word' id='word_1_66' title='bbox 1348 866 1761 936; x_wconf 83' lang='lat' dir='ltr'><strong>exstinguamus</strong></span> <span class='ocrx_word' id='word_1_67' title='bbox 1789 861 1843 914; x_wconf 93' lang='lat' dir='ltr'><strong>in</strong></span> <span class='ocrx_word' id='word_1_68' title='bbox 1887 857 2043 912; x_wconf 90' lang='lat' dir='ltr'><strong>nobis</strong></span> <span class='ocrx_word' id='word_1_69' title='bbox 2066 874 2088 908; x_wconf 68' lang='grc' dir='ltr'><strong>’ς</strong></span> <span class='ocrx_word' id='word_1_70' title='bbox 2134 922 2145 931; x_wconf 33' lang='grc' dir='ltr'><strong>ι</strong></span> 
     </span>
    </p>
   </div>
   <div class='ocr_carea' id='block_1_10' title="bbox 510 946 2094 1045">
    <p class='ocr_par' dir='ltr' id='par_1_10' title="bbox 510 946 2094 1045">
     <span class='ocr_line' id='line_1_12' title="bbox 510 946 2094 1045; baseline -0.02 -15"><span class='ocrx_word' id='word_1_71' title='bbox 510 986 565 1029; x_wconf 86' lang='lat' dir='ltr'><strong>et</strong></span> <span class='ocrx_word' id='word_1_72' title='bbox 595 946 906 1045; x_wconf 37' lang='lat' dir='ltr'><strong>prophet&#39;ias</strong></span> <span class='ocrx_word' id='word_1_73' title='bbox 933 981 1038 1021; x_wconf 91' lang='lat' dir='ltr'><strong>non</strong></span> <span class='ocrx_word' id='word_1_74' title='bbox 1073 971 1511 1018; x_wconf 82' lang='lat' dir='ltr'><strong>contemnamus;</strong></span> <span class='ocrx_word' id='word_1_75' title='bbox 1543 969 1610 1008; x_wconf 90' lang='lat' dir='ltr'><strong>ne</strong></span> <span class='ocrx_word' id='word_1_76' title='bbox 1641 952 1867 1007; x_wconf 83' lang='lat' dir='ltr'><strong>forsitan</strong></span> <span class='ocrx_word' id='word_1_77' title='bbox 1893 946 2094 1001; x_wconf 81' lang='lat' dir='ltr'><strong>volenti</strong></span> 
     </span>
    </p>
   </div>
   <div class='ocr_carea' id='block_1_11' title="bbox 517 1039 2092 1137">
    <p class='ocr_par' dir='ltr' id='par_1_11' title="bbox 517 1039 2092 1137">
     <span class='ocr_line' id='line_1_13' title="bbox 517 1039 2092 1137; baseline -0.022 -15"><span class='ocrx_word' id='word_1_78' title='bbox 517 1039 744 1137; x_wconf 77' lang='lat' dir='ltr'><strong>Spiritui</strong></span> <span class='ocrx_word' id='word_1_79' title='bbox 782 1067 968 1116; x_wconf 88' lang='lat' dir='ltr'><strong>sancto</strong></span> <span class='ocrx_word' id='word_1_80' title='bbox 1001 1056 1249 1110; x_wconf 85' lang='lat' dir='ltr'><strong>habitare</strong></span> <span class='ocrx_word' id='word_1_81' title='bbox 1282 1051 1333 1103; x_wconf 91' lang='lat' dir='ltr'><strong>in</strong></span> <span class='ocrx_word' id='word_1_82' title='bbox 1363 1046 1521 1102; x_wconf 90' lang='lat' dir='ltr'><strong>nobis</strong></span> <span class='ocrx_word' id='word_1_83' title='bbox 1550 1059 1655 1098; x_wconf 92' lang='lat' dir='ltr'><strong>non</strong></span> <span class='ocrx_word' id='word_1_84' title='bbox 1681 1043 1871 1097; x_wconf 91' lang='lat' dir='ltr'><strong>demus</strong></span> <span class='ocrx_word' id='word_1_85' title='bbox 1894 1039 2092 1092; x_wconf 87' lang='lat' dir='ltr'><strong>locum.</strong></span> 
     </span>
    </p>
   </div>
   <div class='ocr_carea' id='block_1_12' title="bbox 514 1129 2098 1210">
    <p class='ocr_par' dir='ltr' id='par_1_12' title="bbox 514 1129 2098 1210">
     <span class='ocr_line' id='line_1_14' title="bbox 514 1129 2098 1210; baseline -0.02 0"><span class='ocrx_word' id='word_1_86' title='bbox 514 1129 732 1210; x_wconf 75' lang='lat' dir='ltr'><strong>Nullum</strong></span> <span class='ocrx_word' id='word_1_87' title='bbox 764 1151 927 1205; x_wconf 87' lang='lat' dir='ltr'><strong>alium</strong></span> <span class='ocrx_word' id='word_1_88' title='bbox 974 1147 1278 1203; x_wconf 85' lang='lat' dir='ltr'><strong>timeamus,</strong></span> <span class='ocrx_word' id='word_1_89' title='bbox 1303 1146 1500 1210; x_wconf 70' lang='lat' dir='ltr'><strong>prmter</strong></span> <span class='ocrx_word' id='word_1_90' title='bbox 1533 1136 1725 1196; x_wconf 83' lang='lat' dir='ltr'><strong>Deum,</strong></span> <span class='ocrx_word' id='word_1_91' title='bbox 1753 1131 1845 1201; x_wconf 92' lang='lat' dir='ltr'><strong>qui</strong></span> <span class='ocrx_word' id='word_1_92' title='bbox 1873 1129 2018 1183; x_wconf 89' lang='lat' dir='ltr'><strong>ultor</strong></span> <span class='ocrx_word' id='word_1_93' title='bbox 2042 1134 2098 1182; x_wconf 85' lang='lat' dir='ltr'><strong>et</strong></span> 
     </span>
    </p>
   </div>
   <div class='ocr_carea' id='block_1_13' title="bbox 514 1228 2098 1309">
    <p class='ocr_par' dir='ltr' id='par_1_13' title="bbox 514 1228 2098 1309">
     <span class='ocr_line' id='line_1_15' title="bbox 514 1228 2098 1309; baseline -0.018 -10"><span class='ocrx_word' id='word_1_94' title='bbox 514 1246 674 1309; x_wconf 82' lang='lat' dir='ltr'><strong>iudex</strong></span> <span class='ocrx_word' id='word_1_95' title='bbox 702 1249 787 1297; x_wconf 89' lang='lat' dir='ltr'><strong>est</strong></span> <span class='ocrx_word' id='word_1_96' title='bbox 809 1252 1032 1308; x_wconf 89' lang='lat' dir='ltr'><strong>operum</strong></span> <span class='ocrx_word' id='word_1_97' title='bbox 1056 1232 1408 1302; x_wconf 78' lang='lat' dir='ltr'><strong>singulorum,</strong></span> <span class='ocrx_word' id='word_1_98' title='bbox 1431 1237 1486 1284; x_wconf 89' lang='lat' dir='ltr'><strong>et</strong></span> <span class='ocrx_word' id='word_1_99' title='bbox 1516 1242 1640 1282; x_wconf 88' lang='lat' dir='ltr'><strong>cum</strong></span> <span class='ocrx_word' id='word_1_100' title='bbox 1665 1231 1851 1278; x_wconf 88' lang='lat' dir='ltr'><strong>sancto</strong></span> <span class='ocrx_word' id='word_1_101' title='bbox 1880 1228 2098 1274; x_wconf 88' lang='lat' dir='ltr'><strong>sanctus</strong></span> 
     </span>
    </p>
   </div>
   <div class='ocr_carea' id='block_1_14' title="bbox 522 1312 2096 1401">
    <p class='ocr_par' dir='ltr' id='par_1_14' title="bbox 522 1312 2096 1401">
     <span class='ocr_line' id='line_1_16' title="bbox 522 1312 2096 1401; baseline -0.017 -10"><span class='ocrx_word' id='word_1_102' title='bbox 522 1346 626 1401; x_wconf 84' lang='lat' dir='ltr'><strong>est,</strong></span> <span class='ocrx_word' id='word_1_103' title='bbox 658 1344 713 1391; x_wconf 91' lang='lat' dir='ltr'><strong>et</strong></span> <span class='ocrx_word' id='word_1_104' title='bbox 757 1348 878 1390; x_wconf 90' lang='lat' dir='ltr'><strong>cum</strong></span> <span class='ocrx_word' id='word_1_105' title='bbox 922 1331 1039 1384; x_wconf 76' lang='lat' dir='ltr'><strong>viro</strong></span> <span class='ocrx_word' id='word_1_106' title='bbox 1092 1328 1377 1381; x_wconf 87' lang='lat' dir='ltr'><strong>innocente</strong></span> <span class='ocrx_word' id='word_1_107' title='bbox 1419 1323 1680 1376; x_wconf 86' lang='lat' dir='ltr'><strong>innocens</strong></span> <span class='ocrx_word' id='word_1_108' title='bbox 1712 1314 1885 1387; x_wconf 82' lang='lat' dir='ltr'><strong>(I’sal.</strong></span> <span class='ocrx_word' id='word_1_109' title='bbox 1933 1312 2096 1385; x_wconf 74' lang='lat' dir='ltr'><strong>xvii);</strong></span> 
     </span>
    </p>
   </div>
   <div class='ocr_carea' id='block_1_15' title="bbox 516 1409 2100 1492">
    <p class='ocr_par' dir='ltr' id='par_1_15' title="bbox 516 1409 2100 1492">
     <span class='ocr_line' id='line_1_17' title="bbox 516 1409 2100 1492; baseline -0.015 -11"><span class='ocrx_word' id='word_1_110' title='bbox 516 1440 570 1481; x_wconf 89' lang='lat' dir='ltr'><strong>ct</strong></span> <span class='ocrx_word' id='word_1_111' title='bbox 593 1426 726 1481; x_wconf 85' lang='lat' dir='ltr'><strong>dicit</strong></span> <span class='ocrx_word' id='word_1_112' title='bbox 768 1442 780 1477; x_wconf 90' lang='lat'><strong>:</strong></span> <span class='ocrx_word' id='word_1_113' title='bbox 825 1422 938 1492; x_wconf 82' lang='lat' dir='ltr'><strong>Ego</strong></span> <span class='ocrx_word' id='word_1_114' title='bbox 977 1428 1212 1473; x_wconf 78' lang='lat' dir='ltr'><strong>amantes</strong></span> <span class='ocrx_word' id='word_1_115' title='bbox 1238 1432 1319 1468; x_wconf 90' lang='lat' dir='ltr'><strong>me</strong></span> <span class='ocrx_word' id='word_1_116' title='bbox 1348 1412 1533 1483; x_wconf 78' lang='lat' dir='ltr'><strong>diligo,</strong></span> <span class='ocrx_word' id='word_1_117' title='bbox 1571 1421 1617 1464; x_wconf 88' lang='lat' dir='ltr'><strong>et</strong></span> <span class='ocrx_word' id='word_1_118' title='bbox 1639 1409 1728 1479; x_wconf 89' lang='lat' dir='ltr'><strong>qui</strong></span> <span class='ocrx_word' id='word_1_119' title='bbox 1761 1423 1840 1461; x_wconf 85' lang='lat' dir='ltr'><strong>me</strong></span> <span class='ocrx_word' id='word_1_120' title='bbox 1867 1414 2100 1477; x_wconf 71' lang='lat' dir='ltr'><strong>quaerent</strong></span> 
     </span>
    </p>
   </div>
   <div class='ocr_carea' id='block_1_16' title="bbox 518 1498 2098 1585">
    <p class='ocr_par' dir='ltr' id='par_1_16' title="bbox 518 1498 2098 1585">
     <span class='ocr_line' id='line_1_18' title="bbox 518 1498 2098 1585; baseline -0.015 -12"><span class='ocrx_word' id='word_1_121' title='bbox 518 1517 775 1572; x_wconf 76' lang='lat' dir='ltr'><strong>invenient</strong></span> <span class='ocrx_word' id='word_1_122' title='bbox 815 1514 1067 1585; x_wconf 81' lang='lat' dir='ltr'><strong>gaudium</strong></span> <span class='ocrx_word' id='word_1_123' title='bbox 1109 1508 1295 1581; x_wconf 86' lang='lat' dir='ltr'><strong>(Prov.</strong></span> <span class='ocrx_word' id='word_1_124' title='bbox 1354 1505 1494 1577; x_wconf 79' lang='lat' dir='ltr'><strong>vni).</strong></span> <span class='ocrx_word' id='word_1_125' title='bbox 1529 1504 1595 1557; x_wconf 83' lang='lat' dir='ltr'><strong>Et</strong></span> <span class='ocrx_word' id='word_1_126' title='bbox 1642 1501 1770 1555; x_wconf 86' lang='lat' dir='ltr'><strong>alibi</strong></span> <span class='ocrx_word' id='word_1_127' title='bbox 1822 1498 2098 1568; x_wconf 81' lang='lat' dir='ltr'><strong>loquitur:</strong></span> 
     </span>
    </p>
   </div>
   <div class='ocr_carea' id='block_1_17' title="bbox 521 1590 2104 1667">
    <p class='ocr_par' dir='ltr' id='par_1_17' title="bbox 521 1590 2104 1667">
     <span class='ocr_line' id='line_1_19' title="bbox 521 1590 2104 1667; baseline -0.013 -4"><span class='ocrx_word' id='word_1_128' title='bbox 521 1610 579 1662; x_wconf 69' lang='lat' dir='ltr'><strong>Si</strong></span> <span class='ocrx_word' id='word_1_129' title='bbox 614 1605 1005 1661; x_wconf 69' lang='lat' dir='ltr'><strong>ambularet-itis</strong></span> <span class='ocrx_word' id='word_1_130' title='bbox 1058 1611 1240 1655; x_wconf 86' lang='lat' dir='ltr'><strong>contra</strong></span> <span class='ocrx_word' id='word_1_131' title='bbox 1286 1615 1367 1653; x_wconf 88' lang='lat' dir='ltr'><strong>me</strong></span> <span class='ocrx_word' id='word_1_132' title='bbox 1413 1596 1659 1667; x_wconf 81' lang='lat' dir='ltr'><strong>perversi,</strong></span> <span class='ocrx_word' id='word_1_133' title='bbox 1691 1610 1784 1664; x_wconf 84' lang='lat' dir='ltr'><strong>ego</strong></span> <span class='ocrx_word' id='word_1_134' title='bbox 1826 1590 2104 1646; x_wconf 84' lang='lat' dir='ltr'><strong>ambulabo</strong></span> 
     </span>
    </p>
   </div>
   <div class='ocr_carea' id='block_1_18' title="bbox 520 1688 1464 1766">
    <p class='ocr_par' dir='ltr' id='par_1_18' title="bbox 520 1688 1464 1766">
     <span class='ocr_line' id='line_1_20' title="bbox 520 1688 1464 1766; baseline -0.014 -12"><span class='ocrx_word' id='word_1_135' title='bbox 520 1708 702 1754; x_wconf 87' lang='lat' dir='ltr'><strong>contra</strong></span> <span class='ocrx_word' id='word_1_136' title='bbox 725 1714 812 1751; x_wconf 83' lang='lat' dir='ltr'><strong>vos</strong></span> <span class='ocrx_word' id='word_1_137' title='bbox 832 1711 1097 1766; x_wconf 84' lang='lat' dir='ltr'><strong>perversus</strong></span> <span class='ocrx_word' id='word_1_138' title='bbox 1121 1691 1266 1762; x_wconf 75' lang='lat' dir='ltr'><strong>(Lev.</strong></span> <span class='ocrx_word' id='word_1_139' title='bbox 1294 1688 1464 1760; x_wconf 72' lang='lat' dir='ltr'><strong>sxw).</strong></span> 
     </span>
    </p>
   </div>
   <div class='ocr_carea' id='block_1_19' title="bbox 597 1770 2104 1847">
    <p class='ocr_par' dir='ltr' id='par_1_19' title="bbox 597 1770 2104 1847">
     <span class='ocr_line' id='line_1_21' title="bbox 597 1770 2104 1847; baseline -0.013 -4"><span class='ocrx_word' id='word_1_140' title='bbox 597 1789 728 1843; x_wconf 83' lang='lat' dir='ltr'><strong>LIV.</strong></span> <span class='ocrx_word' id='word_1_141' title='bbox 778 1786 895 1841; x_wconf 76' lang='lat' dir='ltr'><strong>Non</strong></span> <span class='ocrx_word' id='word_1_142' title='bbox 922 1786 1225 1839; x_wconf 72' lang='lat' dir='ltr'><strong>irascamur</strong></span> <span class='ocrx_word' id='word_1_143' title='bbox 1253 1779 1481 1833; x_wconf 76' lang='lat' dir='ltr'><strong>invicem</strong></span> <span class='ocrx_word' id='word_1_144' title='bbox 1510 1774 1683 1847; x_wconf 86' lang='lat' dir='ltr'><strong>(Psal.</strong></span> <span class='ocrx_word' id='word_1_145' title='bbox 1728 1772 1802 1846; x_wconf 83' lang='lat' dir='ltr'><strong>tv)</strong></span> <span class='ocrx_word' id='word_1_146' title='bbox 1843 1790 1858 1828; x_wconf 90' lang='lat'><strong>:</strong></span> <span class='ocrx_word' id='word_1_147' title='bbox 1892 1770 2104 1826; x_wconf 88' lang='lat' dir='ltr'><strong>etiamsi</strong></span> 
     </span>
    </p>
   </div>
   <div class='ocr_carea' id='block_1_20' title="bbox 2192 653 3762 729">
    <p class='ocr_par' dir='ltr' id='par_1_20' title="bbox 2192 653 3762 729">
     <span class='ocr_line' id='line_1_22' title="bbox 2192 653 3762 729; baseline -0.005 -11"><span class='ocrx_word' id='word_1_148' title='bbox 2192 663 2366 718; x_wconf 84' lang='lat' dir='ltr'><strong>lucem</strong></span> <span class='ocrx_word' id='word_1_149' title='bbox 2416 661 2675 722; x_wconf 73' lang='lat' dir='ltr'><strong>scientiae,</strong></span> <span class='ocrx_word' id='word_1_150' title='bbox 2715 658 2841 729; x_wconf 86' lang='lat' dir='ltr'><strong>quia</strong></span> <span class='ocrx_word' id='word_1_151' title='bbox 2895 665 3103 724; x_wconf 78' lang='lat' dir='ltr'><strong>tempus</strong></span> <span class='ocrx_word' id='word_1_152' title='bbox 3148 660 3230 706; x_wconf 87' lang='lat' dir='ltr'><strong>est</strong></span> <span class='ocrx_word' id='word_1_153' title='bbox 3284 659 3342 705; x_wconf 93' lang='lat' dir='ltr'><strong>ut</strong></span> <span class='ocrx_word' id='word_1_154' title='bbox 3384 653 3762 721; x_wconf 81' lang='lat' dir='ltr'><strong>cognoscamus</strong></span> 
     </span>
    </p>
   </div>
   <div class='ocr_carea' id='block_1_21' title="bbox 2192 739 3761 815">
    <p class='ocr_par' dir='ltr' id='par_1_21' title="bbox 2192 739 3761 815">
     <span class='ocr_line' id='line_1_23' title="bbox 2192 739 3761 815; baseline -0.006 -10"><span class='ocrx_word' id='word_1_155' title='bbox 2192 752 2385 815; x_wconf 90' lang='lat' dir='ltr'><strong>Deum,</strong></span> <span class='ocrx_word' id='word_1_156' title='bbox 2411 750 2584 803; x_wconf 80' lang='lat' dir='ltr'><strong>donec</strong></span> <span class='ocrx_word' id='word_1_157' title='bbox 2609 748 2784 802; x_wconf 87' lang='lat' dir='ltr'><strong>veniat</strong></span> <span class='ocrx_word' id='word_1_158' title='bbox 2814 745 3021 798; x_wconf 83' lang='lat' dir='ltr'><strong>fructus</strong></span> <span class='ocrx_word' id='word_1_159' title='bbox 3038 741 3265 811; x_wconf 67' lang='lat' dir='ltr'><strong>justitia‘.</strong></span> <span class='ocrx_word' id='word_1_160' title='bbox 3284 740 3457 794; x_wconf 87' lang='lat' dir='ltr'><strong>nobis.</strong></span> <span class='ocrx_word' id='word_1_161' title='bbox 3485 739 3620 794; x_wconf 85' lang='lat' dir='ltr'><strong>Ecce</strong></span> <span class='ocrx_word' id='word_1_162' title='bbox 3637 759 3761 796; x_wconf 83' lang='lat' dir='ltr'><strong>nunc</strong></span> 
     </span>
    </p>
   </div>
   <div class='ocr_carea' id='block_1_22' title="bbox 2193 828 3759 911">
    <p class='ocr_par' dir='ltr' id='par_1_22' title="bbox 2193 828 3759 911">
     <span class='ocr_line' id='line_1_24' title="bbox 2193 828 3759 911; baseline -0.007 -15"><span class='ocrx_word' id='word_1_163' title='bbox 2193 853 2397 911; x_wconf 82' lang='lat' dir='ltr'><strong>tempus</strong></span> <span class='ocrx_word' id='word_1_164' title='bbox 2441 836 2780 908; x_wconf 67' lang='lat' dir='ltr'><strong>acccptcbile,</strong></span> <span class='ocrx_word' id='word_1_165' title='bbox 2828 844 2877 888; x_wconf 87' lang='lat' dir='ltr'><strong>et</strong></span> <span class='ocrx_word' id='word_1_166' title='bbox 2928 835 3038 886; x_wconf 88' lang='lat' dir='ltr'><strong>dies</strong></span> <span class='ocrx_word' id='word_1_167' title='bbox 3078 830 3263 884; x_wconf 86' lang='lat' dir='ltr'><strong>salutis</strong></span> <span class='ocrx_word' id='word_1_168' title='bbox 3297 828 3379 902; x_wconf 87' lang='lat' dir='ltr'><strong>(Il</strong></span> <span class='ocrx_word' id='word_1_169' title='bbox 3408 829 3532 883; x_wconf 91' lang='lat' dir='ltr'><strong>Cor.</strong></span> <span class='ocrx_word' id='word_1_170' title='bbox 3577 830 3673 900; x_wconf 68' lang='grc' dir='ltr'>γι).</span> <span class='ocrx_word' id='word_1_171' title='bbox 3700 832 3759 885; x_wconf 83' lang='lat' dir='ltr'><strong>Et</strong></span> 
     </span>
    </p>
   </div>
   <div class='ocr_carea' id='block_1_23' title="bbox 2194 919 3765 997">
    <p class='ocr_par' dir='ltr' id='par_1_23' title="bbox 2194 919 3765 997">
     <span class='ocr_line' id='line_1_25' title="bbox 2194 919 3765 997; baseline -0.006 -10"><span class='ocrx_word' id='word_1_172' title='bbox 2194 949 2342 996; x_wconf 81' lang='lat' dir='ltr'><strong>vere,</strong></span> <span class='ocrx_word' id='word_1_173' title='bbox 2378 930 2675 986; x_wconf 90' lang='lat' dir='ltr'><strong>secundum</strong></span> <span class='ocrx_word' id='word_1_174' title='bbox 2713 927 2854 997; x_wconf 87' lang='lat' dir='ltr'><strong>quod</strong></span> <span class='ocrx_word' id='word_1_175' title='bbox 2886 927 3144 994; x_wconf 79' lang='lat' dir='ltr'><strong>scriptum</strong></span> <span class='ocrx_word' id='word_1_176' title='bbox 3176 931 3279 986; x_wconf 90' lang='lat' dir='ltr'><strong>est,</strong></span> <span class='ocrx_word' id='word_1_177' title='bbox 3330 919 3610 975; x_wconf 82' lang='lat' dir='ltr'><strong>Plenitudo</strong></span> <span class='ocrx_word' id='word_1_178' title='bbox 3650 921 3765 994; x_wconf 83' lang='lat' dir='ltr'><strong>legis</strong></span> 
     </span>
    </p>
   </div>
   <div class='ocr_carea' id='block_1_24' title="bbox 2196 1010 3767 1090">
    <p class='ocr_par' dir='ltr' id='par_1_24' title="bbox 2196 1010 3767 1090">
     <span class='ocr_line' id='line_1_26' title="bbox 2196 1010 3767 1090; baseline -0.008 -12"><span class='ocrx_word' id='word_1_179' title='bbox 2196 1033 2268 1078; x_wconf 81' lang='lat' dir='ltr'><strong>est</strong></span> <span class='ocrx_word' id='word_1_180' title='bbox 2309 1020 2519 1075; x_wconf 67' lang='lat' dir='ltr'><strong>dilectio</strong></span> <span class='ocrx_word' id='word_1_181' title='bbox 2543 1018 2723 1090; x_wconf 84' lang='lat' dir='ltr'><strong>(Rom.</strong></span> <span class='ocrx_word' id='word_1_182' title='bbox 2757 1014 2901 1087; x_wconf 75' lang='lat' dir='ltr'><strong>xm).</strong></span> <span class='ocrx_word' id='word_1_183' title='bbox 2923 1013 3128 1068; x_wconf 79' lang='lat' dir='ltr'><strong>Joanne</strong></span> <span class='ocrx_word' id='word_1_184' title='bbox 3160 1012 3211 1065; x_wconf 90' lang='lat' dir='ltr'><strong>in</strong></span> <span class='ocrx_word' id='word_1_185' title='bbox 3244 1012 3358 1065; x_wconf 75' lang='lat' dir='ltr'><strong>lucc</strong></span> <span class='ocrx_word' id='word_1_186' title='bbox 3382 1010 3573 1065; x_wconf 87' lang='lat' dir='ltr'><strong>eadem</strong></span> <span class='ocrx_word' id='word_1_187' title='bbox 3602 1011 3767 1066; x_wconf 85' lang='lat' dir='ltr'><strong>conci-</strong></span> 
     </span>
    </p>
   </div>
   <div class='ocr_carea' id='block_1_25' title="bbox 2200 1098 3773 1178">
    <p class='ocr_par' dir='ltr' id='par_1_25' title="bbox 2200 1098 3773 1178">
     <span class='ocr_line' id='line_1_27' title="bbox 2200 1098 3773 1178; baseline -0.007 -11"><span class='ocrx_word' id='word_1_188' title='bbox 2200 1121 2361 1167; x_wconf 86' lang='lat' dir='ltr'><strong>nente</strong></span> <span class='ocrx_word' id='word_1_189' title='bbox 2388 1130 2399 1163; x_wconf 91' lang='lat'>:</span> <span class='ocrx_word' id='word_1_190' title='bbox 2428 1108 2544 1163; x_wconf 82' lang='lat' dir='ltr'><strong>Hoc</strong></span> <span class='ocrx_word' id='word_1_191' title='bbox 2564 1117 2874 1178; x_wconf 70' lang='lat' dir='ltr'><strong>pra&#39;ceptum</strong></span> <span class='ocrx_word' id='word_1_192' title='bbox 2900 1104 3191 1172; x_wconf 84' lang='lat' dir='ltr'><strong>accepimus</strong></span> <span class='ocrx_word' id='word_1_193' title='bbox 3214 1119 3244 1153; x_wconf 91' lang='lat' dir='ltr'><strong>a</strong></span> <span class='ocrx_word' id='word_1_194' title='bbox 3269 1098 3453 1165; x_wconf 79' lang='lat' dir='ltr'><strong>Patre,</strong></span> <span class='ocrx_word' id='word_1_195' title='bbox 3476 1109 3531 1153; x_wconf 89' lang='lat' dir='ltr'><strong>ut</strong></span> <span class='ocrx_word' id='word_1_196' title='bbox 3552 1100 3773 1171; x_wconf 84' lang='lat' dir='ltr'><strong>diligatis</strong></span> 
     </span>
    </p>
   </div>
   <div class='ocr_carea' id='block_1_26' title="bbox 2200 1190 3769 1273">
    <p class='ocr_par' dir='ltr' id='par_1_26' title="bbox 2200 1190 3769 1273">
     <span class='ocr_line' id='line_1_28' title="bbox 2200 1190 3769 1273; baseline -0.008 -14"><span class='ocrx_word' id='word_1_197' title='bbox 2200 1206 2415 1259; x_wconf 75' lang='lat' dir='ltr'><strong>invicem</strong></span> <span class='ocrx_word' id='word_1_198' title='bbox 2467 1202 2647 1273; x_wconf 86' lang='lat' dir='ltr'><strong>(Joan.</strong></span> <span class='ocrx_word' id='word_1_199' title='bbox 2678 1199 2790 1270; x_wconf 82' lang='lat' dir='ltr'><strong>xv).</strong></span> <span class='ocrx_word' id='word_1_200' title='bbox 2818 1197 2901 1260; x_wconf 89' lang='lat' dir='ltr'><strong>Et,</strong></span> <span class='ocrx_word' id='word_1_201' title='bbox 2935 1194 3037 1260; x_wconf 86' lang='lat' dir='ltr'><strong>Qui</strong></span> <span class='ocrx_word' id='word_1_202' title='bbox 3074 1192 3241 1262; x_wconf 81' lang='lat' dir='ltr'><strong>diligit</strong></span> <span class='ocrx_word' id='word_1_203' title='bbox 3293 1190 3484 1255; x_wconf 84' lang='lat' dir='ltr'><strong>Deum,</strong></span> <span class='ocrx_word' id='word_1_204' title='bbox 3521 1191 3697 1261; x_wconf 77' lang='lat' dir='ltr'><strong>diligat</strong></span> <span class='ocrx_word' id='word_1_205' title='bbox 3729 1203 3769 1246; x_wconf 83' lang='lat' dir='ltr'><strong>et</strong></span> 
     </span>
    </p>
   </div>
   <div class='ocr_carea' id='block_1_27' title="bbox 2203 1281 3771 1368">
    <p class='ocr_par' dir='ltr' id='par_1_27' title="bbox 2203 1281 3771 1368">
     <span class='ocr_line' id='line_1_29' title="bbox 2203 1281 3771 1368; baseline -0.011 -16"><span class='ocrx_word' id='word_1_206' title='bbox 2203 1299 2419 1368; x_wconf 78' lang='lat' dir='ltr'><strong>fratrem</strong></span> <span class='ocrx_word' id='word_1_207' title='bbox 2458 1313 2613 1350; x_wconf 86' lang='lat' dir='ltr'><strong>suum</strong></span> <span class='ocrx_word' id='word_1_208' title='bbox 2646 1293 2729 1367; x_wconf 83' lang='lat' dir='ltr'><strong>(II</strong></span> <span class='ocrx_word' id='word_1_209' title='bbox 2760 1293 2920 1346; x_wconf 87' lang='lat' dir='ltr'><strong>.loan.</strong></span> <span class='ocrx_word' id='word_1_210' title='bbox 2948 1288 3045 1359; x_wconf 84' lang='lat' dir='ltr'><strong>tv).</strong></span> <span class='ocrx_word' id='word_1_211' title='bbox 3080 1288 3164 1351; x_wconf 80' lang='lat' dir='ltr'><strong>Et,</strong></span> <span class='ocrx_word' id='word_1_212' title='bbox 3193 1286 3314 1340; x_wconf 75' lang='lat' dir='ltr'><strong>Non</strong></span> <span class='ocrx_word' id='word_1_213' title='bbox 3345 1286 3482 1338; x_wconf 82' lang='lat' dir='ltr'><strong>sicut</strong></span> <span class='ocrx_word' id='word_1_214' title='bbox 3522 1281 3671 1346; x_wconf 87' lang='lat' dir='ltr'><strong>Cain,</strong></span> <span class='ocrx_word' id='word_1_215' title='bbox 3693 1284 3771 1352; x_wconf 86' lang='lat' dir='ltr'><strong>qui</strong></span> 
     </span>
    </p>
   </div>
   <div class='ocr_carea' id='block_1_28' title="bbox 2204 1376 3774 1458">
    <p class='ocr_par' dir='ltr' id='par_1_28' title="bbox 2204 1376 3774 1458">
     <span class='ocr_line' id='line_1_30' title="bbox 2204 1376 3774 1458; baseline -0.01 -15"><span class='ocrx_word' id='word_1_216' title='bbox 2204 1406 2268 1444; x_wconf 74' lang='lat' dir='ltr'><strong>ea:</strong></span> <span class='ocrx_word' id='word_1_217' title='bbox 2317 1388 2548 1458; x_wconf 85' lang='lat' dir='ltr'><strong>maligno</strong></span> <span class='ocrx_word' id='word_1_218' title='bbox 2588 1397 2724 1451; x_wconf 88' lang='lat' dir='ltr'><strong>erat,</strong></span> <span class='ocrx_word' id='word_1_219' title='bbox 2774 1383 2963 1437; x_wconf 87' lang='lat' dir='ltr'><strong>occidit</strong></span> <span class='ocrx_word' id='word_1_220' title='bbox 3002 1382 3220 1451; x_wconf 84' lang='lat' dir='ltr'><strong>fratrem</strong></span> <span class='ocrx_word' id='word_1_221' title='bbox 3268 1395 3447 1432; x_wconf 87' lang='lat' dir='ltr'><strong>suum.</strong></span> <span class='ocrx_word' id='word_1_222' title='bbox 3512 1376 3577 1429; x_wconf 81' lang='lat' dir='ltr'><strong>Et</strong></span> <span class='ocrx_word' id='word_1_223' title='bbox 3627 1394 3774 1446; x_wconf 87' lang='lat' dir='ltr'><strong>quare</strong></span> 
     </span>
    </p>
   </div>
   <div class='ocr_carea' id='block_1_29' title="bbox 2207 1469 3774 1549">
    <p class='ocr_par' dir='ltr' id='par_1_29' title="bbox 2207 1469 3774 1549">
     <span class='ocr_line' id='line_1_31' title="bbox 2207 1469 3774 1549; baseline -0.009 -15"><span class='ocrx_word' id='word_1_224' title='bbox 2207 1480 2394 1534; x_wconf 84' lang='lat' dir='ltr'><strong>occidit</strong></span> <span class='ocrx_word' id='word_1_225' title='bbox 2414 1481 2438 1532; x_wconf 87' lang='lat'><strong><em>?</em></strong></span> <span class='ocrx_word' id='word_1_226' title='bbox 2462 1479 2587 1549; x_wconf 87' lang='lat' dir='ltr'><strong>quia</strong></span> <span class='ocrx_word' id='word_1_227' title='bbox 2613 1493 2767 1548; x_wconf 78' lang='lat' dir='ltr'><strong>Opera</strong></span> <span class='ocrx_word' id='word_1_228' title='bbox 2799 1476 2913 1546; x_wconf 87' lang='lat' dir='ltr'><strong>ejus</strong></span> <span class='ocrx_word' id='word_1_229' title='bbox 2937 1472 3166 1543; x_wconf 87' lang='lat' dir='ltr'><strong>maligna</strong></span> <span class='ocrx_word' id='word_1_230' title='bbox 3194 1481 3375 1535; x_wconf 85' lang='lat' dir='ltr'><strong>erant;</strong></span> <span class='ocrx_word' id='word_1_231' title='bbox 3409 1469 3597 1540; x_wconf 90' lang='lat' dir='ltr'><strong>fratris</strong></span> <span class='ocrx_word' id='word_1_232' title='bbox 3620 1477 3774 1521; x_wconf 85' lang='lat' dir='ltr'><strong>autem</strong></span> 
     </span>
    </p>
   </div>
   <div class='ocr_carea' id='block_1_30' title="bbox 2207 1560 3778 1639">
    <p class='ocr_par' dir='ltr' id='par_1_30' title="bbox 2207 1560 3778 1639">
     <span class='ocr_line' id='line_1_32' title="bbox 2207 1560 3778 1639; baseline -0.009 -15"><span class='ocrx_word' id='word_1_233' title='bbox 2207 1570 2321 1639; x_wconf 93' lang='lat' dir='ltr'><strong>ejus</strong></span> <span class='ocrx_word' id='word_1_234' title='bbox 2375 1568 2532 1624; x_wconf 88' lang='lat' dir='ltr'><strong>bona.</strong></span> <span class='ocrx_word' id='word_1_235' title='bbox 2578 1567 2701 1621; x_wconf 86' lang='lat' dir='ltr'><strong>Non</strong></span> <span class='ocrx_word' id='word_1_236' title='bbox 2738 1566 3081 1626; x_wconf 77' lang='lat' dir='ltr'><strong>admiremur,</strong></span> <span class='ocrx_word' id='word_1_237' title='bbox 3136 1562 3354 1631; x_wconf 79' lang='lat' dir='ltr'><strong>fratres,</strong></span> <span class='ocrx_word' id='word_1_238' title='bbox 3400 1560 3449 1615; x_wconf 90' lang='lat' dir='ltr'><strong>si</strong></span> <span class='ocrx_word' id='word_1_239' title='bbox 3490 1560 3653 1612; x_wconf 81' lang='lat' dir='ltr'><strong>oderit</strong></span> <span class='ocrx_word' id='word_1_240' title='bbox 3695 1574 3778 1611; x_wconf 84' lang='lat' dir='ltr'><strong>nes</strong></span> 
     </span>
    </p>
   </div>
   <div class='ocr_carea' id='block_1_31' title="bbox 2204 1649 3770 1724">
    <p class='ocr_par' dir='ltr' id='par_1_31' title="bbox 2204 1649 3770 1724">
     <span class='ocr_line' id='line_1_33' title="bbox 2204 1649 3770 1724; baseline -0.008 -11"><span class='ocrx_word' id='word_1_241' title='bbox 2204 1659 2432 1713; x_wconf 87' lang='lat' dir='ltr'><strong>mundus</strong></span> <span class='ocrx_word' id='word_1_242' title='bbox 2471 1673 2489 1710; x_wconf 86' lang='lat'><strong>.&#39;</strong></span> <span class='ocrx_word' id='word_1_243' title='bbox 2527 1675 2620 1712; x_wconf 89' lang='lat' dir='ltr'><strong>nos</strong></span> <span class='ocrx_word' id='word_1_244' title='bbox 2657 1656 2871 1720; x_wconf 84' lang='lat' dir='ltr'><strong>scimus,</strong></span> <span class='ocrx_word' id='word_1_245' title='bbox 2903 1655 3025 1724; x_wconf 86' lang='lat' dir='ltr'><strong>quia</strong></span> <span class='ocrx_word' id='word_1_246' title='bbox 3065 1652 3400 1706; x_wconf 82' lang='lat' dir='ltr'><strong>transivimus</strong></span> <span class='ocrx_word' id='word_1_247' title='bbox 3435 1650 3501 1703; x_wconf 89' lang='lat' dir='ltr'><strong>de</strong></span> <span class='ocrx_word' id='word_1_248' title='bbox 3527 1658 3685 1702; x_wconf 84' lang='lat' dir='ltr'><strong>morte</strong></span> <span class='ocrx_word' id='word_1_249' title='bbox 3710 1649 3770 1701; x_wconf 87' lang='lat' dir='ltr'><strong>ad</strong></span> 
     </span>
    </p>
   </div>
   <div class='ocr_carea' id='block_1_32' title="bbox 2206 1741 3776 1817">
    <p class='ocr_par' dir='ltr' id='par_1_32' title="bbox 2206 1741 3776 1817">
     <span class='ocr_line' id='line_1_34' title="bbox 2206 1741 3776 1817; baseline -0.004 -13"><span class='ocrx_word' id='word_1_250' title='bbox 2206 1752 2389 1816; x_wconf 85' lang='lat' dir='ltr'><strong>vitam,</strong></span> <span class='ocrx_word' id='word_1_251' title='bbox 2427 1767 2487 1804; x_wconf 89' lang='lat' dir='ltr'><strong>eo</strong></span> <span class='ocrx_word' id='word_1_252' title='bbox 2515 1749 2655 1816; x_wconf 89' lang='lat' dir='ltr'><strong>quod</strong></span> <span class='ocrx_word' id='word_1_253' title='bbox 2683 1747 2966 1817; x_wconf 79' lang='lat' dir='ltr'><strong>diligamus</strong></span> <span class='ocrx_word' id='word_1_254' title='bbox 3004 1747 3195 1814; x_wconf 76' lang='lat' dir='ltr'><strong>fratres</strong></span> <span class='ocrx_word' id='word_1_255' title='bbox 3225 1743 3274 1814; x_wconf 87' lang='grc' dir='ltr'><strong>(Ι</strong></span> <span class='ocrx_word' id='word_1_256' title='bbox 3314 1741 3483 1796; x_wconf 80' lang='lat' dir='ltr'><strong>Jban.</strong></span> <span class='ocrx_word' id='word_1_257' title='bbox 3516 1742 3620 1812; x_wconf 89' lang='grc' dir='ltr'>ιιι).</span> <span class='ocrx_word' id='word_1_258' title='bbox 3649 1741 3776 1812; x_wconf 82' lang='lat' dir='ltr'><strong>Ergo</strong></span> 
     </span>
    </p>
   </div>
   <div class='ocr_carea' id='block_1_33' title="bbox 522 1841 2849 1943">
    <p class='ocr_par' dir='ltr' id='par_1_33' title="bbox 522 1841 2849 1943">
     <span class='ocr_line' id='line_1_35' title="bbox 522 1841 2849 1943; baseline -0.013 -5"><span class='ocrx_word' id='word_1_259' title='bbox 522 1884 604 1938; x_wconf 83' lang='lat' dir='ltr'><strong>ira</strong></span> <span class='ocrx_word' id='word_1_260' title='bbox 634 1897 734 1935; x_wconf 90' lang='lat' dir='ltr'><strong>nos</strong></span> <span class='ocrx_word' id='word_1_261' title='bbox 757 1878 964 1940; x_wconf 78' lang='lat' dir='ltr'><strong>vicerit,</strong></span> <span class='ocrx_word' id='word_1_262' title='bbox 1000 1890 1106 1929; x_wconf 91' lang='lat' dir='ltr'><strong>non</strong></span> <span class='ocrx_word' id='word_1_263' title='bbox 1137 1886 1421 1943; x_wconf 88' lang='lat' dir='ltr'><strong>peccemus</strong></span> <span class='ocrx_word' id='word_1_264' title='bbox 1456 1869 1601 1932; x_wconf 88' lang='lat' dir='ltr'><strong>irati,</strong></span> <span class='ocrx_word' id='word_1_265' title='bbox 1629 1866 1759 1922; x_wconf 89' lang='lat' dir='ltr'><strong>solis</strong></span> <span class='ocrx_word' id='word_1_266' title='bbox 1795 1864 2107 1920; x_wconf 88' lang='lat' dir='ltr'><strong>occubitum</strong></span> <span class='ocrx_word' id='word_1_267' title='bbox 2128 1844 2182 1902; x_wconf 71' lang='grc' dir='ltr'><strong>Β</strong></span> <span class='ocrx_word' id='word_1_268' title='bbox 2209 1841 2496 1912; x_wconf 58' lang='lat' dir='ltr'><strong>diligamus</strong></span> <span class='ocrx_word' id='word_1_269' title='bbox 2520 1854 2620 1893; x_wconf 69' lang='lat'><strong>&quot;05</strong></span> <span class='ocrx_word' id='word_1_270' title='bbox 2644 1848 2849 1892; x_wconf 73' lang='grc' dir='ltr'><strong>ωυωοο</strong></span> 
     </span>
    </p>
   </div>
   <div class='ocr_carea' id='block_1_34' title="bbox 524 1954 2112 2041">
    <p class='ocr_par' dir='ltr' id='par_1_34' title="bbox 524 1954 2112 2041">
     <span class='ocr_line' id='line_1_36' title="bbox 524 1954 2112 2041; baseline -0.009 -20"><span class='ocrx_word' id='word_1_271' title='bbox 524 1971 842 2041; x_wconf 64' lang='grc' dir='ltr'>υωηίιοηιιι</span> <span class='ocrx_word' id='word_1_272' title='bbox 868 1971 1310 2036; x_wconf 58' lang='lat' dir='ltr'><strong>praeoccupaan</strong></span> <span class='ocrx_word' id='word_1_273' title='bbox 1339 1960 1555 2031; x_wconf 76' lang='lat' dir='ltr'><strong>(Matth.</strong></span> <span class='ocrx_word' id='word_1_274' title='bbox 1587 1957 1764 2029; x_wconf 75' lang='lat' dir='ltr'><strong>XVIII).</strong></span> <span class='ocrx_word' id='word_1_275' title='bbox 1808 1954 2112 2010; x_wconf 77' lang='lat' dir='ltr'><strong>Memineri-</strong></span> 
     </span>
    </p>
   </div>
   <div class='ocr_carea' id='block_1_35' title="bbox 526 2045 2110 2127">
    <p class='ocr_par' dir='ltr' id='par_1_35' title="bbox 526 2045 2110 2127">
     <span class='ocr_line' id='line_1_37' title="bbox 526 2045 2110 2127; baseline -0.01 -13"><span class='ocrx_word' id='word_1_276' title='bbox 526 2076 649 2114; x_wconf 86' lang='lat' dir='ltr'><strong>mus</strong></span> <span class='ocrx_word' id='word_1_277' title='bbox 677 2074 799 2113; x_wconf 87' lang='lat' dir='ltr'><strong>csse</strong></span> <span class='ocrx_word' id='word_1_278' title='bbox 825 2064 1178 2127; x_wconf 71' lang='lat' dir='ltr'><strong>prreceptum,</strong></span> <span class='ocrx_word' id='word_1_279' title='bbox 1225 2050 1438 2120; x_wconf 88' lang='lat' dir='ltr'><strong>quoties</strong></span> <span class='ocrx_word' id='word_1_280' title='bbox 1462 2047 1709 2119; x_wconf 86' lang='lat' dir='ltr'><strong>peccanti</strong></span> <span class='ocrx_word' id='word_1_281' title='bbox 1737 2047 1792 2101; x_wconf 89' lang='lat' dir='ltr'><strong>in</strong></span> <span class='ocrx_word' id='word_1_282' title='bbox 1832 2060 1932 2101; x_wconf 90' lang='lat' dir='ltr'><strong>nos</strong></span> <span class='ocrx_word' id='word_1_283' title='bbox 1957 2045 2110 2116; x_wconf 78' lang='lat' dir='ltr'><strong>igno-</strong></span> 
     </span>
    </p>
   </div>
   <div class='ocr_carea' id='block_1_36' title="bbox 527 2139 2113 2211">
    <p class='ocr_par' dir='ltr' id='par_1_36' title="bbox 527 2139 2113 2211">
     <span class='ocr_line' id='line_1_38' title="bbox 527 2139 2113 2211; baseline -0.007 -7"><span class='ocrx_word' id='word_1_284' title='bbox 527 2167 683 2207; x_wconf 79' lang='lat' dir='ltr'><strong>scere</strong></span> <span class='ocrx_word' id='word_1_285' title='bbox 717 2150 994 2211; x_wconf 80' lang='lat' dir='ltr'><strong>debemus,</strong></span> <span class='ocrx_word' id='word_1_286' title='bbox 1043 2153 1098 2199; x_wconf 91' lang='lat' dir='ltr'><strong>et</strong></span> <span class='ocrx_word' id='word_1_287' title='bbox 1135 2159 1330 2198; x_wconf 90' lang='lat' dir='ltr'><strong>munus</strong></span> <span class='ocrx_word' id='word_1_288' title='bbox 1356 2150 1600 2197; x_wconf 91' lang='lat' dir='ltr'><strong>nostrum</strong></span> <span class='ocrx_word' id='word_1_289' title='bbox 1638 2139 1944 2208; x_wconf 86' lang='lat' dir='ltr'><strong>relinquere</strong></span> <span class='ocrx_word' id='word_1_290' title='bbox 1986 2145 2113 2193; x_wconf 86' lang='lat' dir='ltr'><strong>ante</strong></span> 
     </span>
    </p>
   </div>
   <div class='ocr_carea' id='block_1_37' title="bbox 528 2226 2114 2306">
    <p class='ocr_par' dir='ltr' id='par_1_37' title="bbox 528 2226 2114 2306">
     <span class='ocr_line' id='line_1_39' title="bbox 528 2226 2114 2306; baseline -0.007 -14"><span class='ocrx_word' id='word_1_291' title='bbox 528 2240 744 2292; x_wconf 86' lang='lat' dir='ltr'><strong>altare:</strong></span> <span class='ocrx_word' id='word_1_292' title='bbox 774 2237 917 2306; x_wconf 79' lang='lat' dir='ltr'><strong>quod</strong></span> <span class='ocrx_word' id='word_1_293' title='bbox 965 2249 1304 2304; x_wconf 87' lang='lat' dir='ltr'><strong>nequaquam</strong></span> <span class='ocrx_word' id='word_1_294' title='bbox 1348 2229 1663 2300; x_wconf 86' lang='lat' dir='ltr'><strong>suscipitur,</strong></span> <span class='ocrx_word' id='word_1_295' title='bbox 1697 2229 1744 2284; x_wconf 88' lang='lat' dir='ltr'><strong>si</strong></span> <span class='ocrx_word' id='word_1_296' title='bbox 1796 2244 1905 2283; x_wconf 87' lang='lat' dir='ltr'><strong>non</strong></span> <span class='ocrx_word' id='word_1_297' title='bbox 1951 2226 2114 2282; x_wconf 80' lang='lat' dir='ltr'><strong>fuerit</strong></span> 
     </span>
    </p>
   </div>
   <div class='ocr_carea' id='block_1_38' title="bbox 532 2318 2117 2396">
    <p class='ocr_par' dir='ltr' id='par_1_38' title="bbox 532 2318 2117 2396">
     <span class='ocr_line' id='line_1_40' title="bbox 532 2318 2117 2396; baseline -0.008 -12"><span class='ocrx_word' id='word_1_298' title='bbox 532 2327 971 2384; x_wconf 86' lang='lat' dir='ltr'><strong>reconciliatione</strong></span> <span class='ocrx_word' id='word_1_299' title='bbox 1001 2325 1262 2396; x_wconf 82' lang='lat' dir='ltr'><strong>placabile</strong></span> <span class='ocrx_word' id='word_1_300' title='bbox 1302 2322 1464 2395; x_wconf 84' lang='lat' dir='ltr'><strong>(Ibid.</strong></span> <span class='ocrx_word' id='word_1_301' title='bbox 1497 2320 1549 2393; x_wconf 84' lang='lat' dir='ltr'><strong>v)</strong></span> <span class='ocrx_word' id='word_1_302' title='bbox 1587 2340 1600 2374; x_wconf 87' lang='lat'><strong>:</strong></span> <span class='ocrx_word' id='word_1_303' title='bbox 1634 2328 1695 2376; x_wconf 90' lang='lat' dir='ltr'><strong>ut</strong></span> <span class='ocrx_word' id='word_1_304' title='bbox 1738 2319 2009 2391; x_wconf 89' lang='lat' dir='ltr'><strong>possimus</strong></span> <span class='ocrx_word' id='word_1_305' title='bbox 2035 2318 2117 2373; x_wconf 91' lang='lat' dir='ltr'><strong>di-</strong></span> 
     </span>
    </p>
   </div>
   <div class='ocr_carea' id='block_1_39' title="bbox 524 2408 2116 2477">
    <p class='ocr_par' dir='ltr' id='par_1_39' title="bbox 524 2408 2116 2477">
     <span class='ocr_line' id='line_1_41' title="bbox 524 2408 2116 2477; baseline -0.009 -2"><span class='ocrx_word' id='word_1_306' title='bbox 524 2435 661 2475; x_wconf 80' lang='lat' dir='ltr'><strong>cere</strong></span> <span class='ocrx_word' id='word_1_307' title='bbox 688 2427 725 2473; x_wconf 83' lang='lat'><strong>:’</strong></span> <span class='ocrx_word' id='word_1_308' title='bbox 747 2418 963 2472; x_wconf 84' lang='lat' dir='ltr'><strong>Dimitte</strong></span> <span class='ocrx_word' id='word_1_309' title='bbox 988 2417 1134 2471; x_wconf 87' lang='lat' dir='ltr'><strong>nobis</strong></span> <span class='ocrx_word' id='word_1_310' title='bbox 1155 2415 1328 2469; x_wconf 88' lang='lat' dir='ltr'><strong>debita</strong></span> <span class='ocrx_word' id='word_1_311' title='bbox 1363 2421 1567 2477; x_wconf 89' lang='lat' dir='ltr'><strong>nostra,</strong></span> <span class='ocrx_word' id='word_1_312' title='bbox 1591 2412 1725 2466; x_wconf 82' lang='lat' dir='ltr'><strong>sicut</strong></span> <span class='ocrx_word' id='word_1_313' title='bbox 1752 2420 1799 2464; x_wconf 91' lang='lat' dir='ltr'><strong>et</strong></span> <span class='ocrx_word' id='word_1_314' title='bbox 1825 2426 1916 2463; x_wconf 88' lang='lat' dir='ltr'><strong>nos</strong></span> <span class='ocrx_word' id='word_1_315' title='bbox 1940 2408 2116 2463; x_wconf 86' lang='lat' dir='ltr'><strong>dimit-</strong></span> 
     </span>
    </p>
   </div>
   <div class='ocr_carea' id='block_1_40' title="bbox 537 2504 2118 2581">
    <p class='ocr_par' dir='ltr' id='par_1_40' title="bbox 537 2504 2118 2581">
     <span class='ocr_line' id='line_1_42' title="bbox 537 2504 2118 2581; baseline -0.009 -11"><span class='ocrx_word' id='word_1_316' title='bbox 537 2516 697 2570; x_wconf 82' lang='lat' dir='ltr'><strong>timus</strong></span> <span class='ocrx_word' id='word_1_317' title='bbox 725 2513 1042 2569; x_wconf 84' lang='lat' dir='ltr'><strong>dcbitoribus</strong></span> <span class='ocrx_word' id='word_1_318' title='bbox 1066 2513 1258 2567; x_wconf 72' lang='lat' dir='ltr'><strong>nostris</strong></span> <span class='ocrx_word' id='word_1_319' title='bbox 1277 2509 1427 2581; x_wconf 90' lang='lat' dir='ltr'><strong>(Luc.</strong></span> <span class='ocrx_word' id='word_1_320' title='bbox 1454 2506 1555 2579; x_wconf 71' lang='grc' dir='ltr'>ιι).</span> <span class='ocrx_word' id='word_1_321' title='bbox 1583 2507 1651 2561; x_wconf 86' lang='grc' dir='ltr'>Ει</span> <span class='ocrx_word' id='word_1_322' title='bbox 1668 2504 1957 2575; x_wconf 76' lang='lat' dir='ltr'><strong>Apostolus</strong></span> <span class='ocrx_word' id='word_1_323' title='bbox 1977 2516 2118 2571; x_wconf 70' lang='lat' dir='ltr'><strong>pra:-</strong></span> 
     </span>
    </p>
   </div>
   <div class='ocr_carea' id='block_1_41' title="bbox 525 2594 2118 2677">
    <p class='ocr_par' dir='ltr' id='par_1_41' title="bbox 525 2594 2118 2677">
     <span class='ocr_line' id='line_1_43' title="bbox 525 2594 2118 2677; baseline -0.01 -16"><span class='ocrx_word' id='word_1_324' title='bbox 525 2607 681 2676; x_wconf 68' lang='lat' dir='ltr'><strong>eepit</strong></span> <span class='ocrx_word' id='word_1_325' title='bbox 712 2624 724 2659; x_wconf 94' lang='lat'>:</span> <span class='ocrx_word' id='word_1_326' title='bbox 762 2605 823 2661; x_wconf 90' lang='lat' dir='ltr'><strong>Si</strong></span> <span class='ocrx_word' id='word_1_327' title='bbox 852 2606 969 2677; x_wconf 85' lang='lat' dir='ltr'><strong>quis</strong></span> <span class='ocrx_word' id='word_1_328' title='bbox 991 2604 1143 2658; x_wconf 79' lang='lat' dir='ltr'><strong>habet</strong></span> <span class='ocrx_word' id='word_1_329' title='bbox 1171 2602 1425 2657; x_wconf 88' lang='lat' dir='ltr'><strong>adversus</strong></span> <span class='ocrx_word' id='word_1_330' title='bbox 1463 2600 1690 2670; x_wconf 80' lang='lat' dir='ltr'><strong>aliquem</strong></span> <span class='ocrx_word' id='word_1_331' title='bbox 1711 2594 2118 2668; x_wconf 86' lang='lat' dir='ltr'><strong>querimoniam,</strong></span> 
     </span>
    </p>
   </div>
   <div class='ocr_carea' id='block_1_42' title="bbox 528 2680 2122 2758">
    <p class='ocr_par' dir='ltr' id='par_1_42' title="bbox 528 2680 2122 2758">
     <span class='ocr_line' id='line_1_44' title="bbox 528 2680 2122 2758; baseline -0.009 -9"><span class='ocrx_word' id='word_1_332' title='bbox 528 2697 671 2750; x_wconf 80' lang='lat' dir='ltr'><strong>sicut</strong></span> <span class='ocrx_word' id='word_1_333' title='bbox 694 2705 741 2749; x_wconf 87' lang='lat' dir='ltr'><strong>et</strong></span> <span class='ocrx_word' id='word_1_334' title='bbox 764 2694 1002 2748; x_wconf 80' lang='lat' dir='ltr'><strong>Christus</strong></span> <span class='ocrx_word' id='word_1_335' title='bbox 1043 2693 1253 2748; x_wconf 85' lang='lat' dir='ltr'><strong>donavit</strong></span> <span class='ocrx_word' id='word_1_336' title='bbox 1285 2691 1453 2755; x_wconf 81' lang='lat' dir='ltr'><strong>nobis,</strong></span> <span class='ocrx_word' id='word_1_337' title='bbox 1482 2691 1558 2744; x_wconf 88' lang='lat' dir='ltr'><strong>sic</strong></span> <span class='ocrx_word' id='word_1_338' title='bbox 1579 2689 1736 2758; x_wconf 86' lang='lat' dir='ltr'><strong>facite</strong></span> <span class='ocrx_word' id='word_1_339' title='bbox 1765 2684 1902 2757; x_wconf 86' lang='lat' dir='ltr'><strong>(Col.</strong></span> <span class='ocrx_word' id='word_1_340' title='bbox 1931 2683 2009 2753; x_wconf 72' lang='grc' dir='ltr'><strong>ν).</strong></span> <span class='ocrx_word' id='word_1_341' title='bbox 2036 2680 2122 2737; x_wconf 65' lang='lat' dir='ltr'><strong>Sio-</strong></span> 
     </span>
    </p>
   </div>
   <div class='ocr_carea' id='block_1_43' title="bbox 539 2776 2124 2855">
    <p class='ocr_par' dir='ltr' id='par_1_43' title="bbox 539 2776 2124 2855">
     <span class='ocr_line' id='line_1_45' title="bbox 539 2776 2124 2855; baseline -0.007 -17"><span class='ocrx_word' id='word_1_342' title='bbox 539 2801 661 2841; x_wconf 88' lang='lat' dir='ltr'><strong>mus</strong></span> <span class='ocrx_word' id='word_1_343' title='bbox 687 2785 933 2855; x_wconf 90' lang='lat' dir='ltr'><strong>discipuli</strong></span> <span class='ocrx_word' id='word_1_344' title='bbox 975 2783 1406 2840; x_wconf 86' lang='lat' dir='ltr'><strong>mansuetudinis</strong></span> <span class='ocrx_word' id='word_1_345' title='bbox 1440 2790 1755 2837; x_wconf 88' lang='lat' dir='ltr'><strong>sanctorum</strong></span> <span class='ocrx_word' id='word_1_346' title='bbox 1779 2776 2042 2839; x_wconf 82' lang='lat' dir='ltr'><strong>omnium,</strong></span> <span class='ocrx_word' id='word_1_347' title='bbox 2067 2780 2124 2827; x_wconf 81' lang='lat' dir='ltr'><strong>et</strong></span> 
     </span>
    </p>
   </div>
   <div class='ocr_carea' id='block_1_44' title="bbox 539 2868 2127 2949">
    <p class='ocr_par' dir='ltr' id='par_1_44' title="bbox 539 2868 2127 2949">
     <span class='ocr_line' id='line_1_46' title="bbox 539 2868 2127 2949; baseline -0.004 -18"><span class='ocrx_word' id='word_1_348' title='bbox 539 2879 812 2949; x_wconf 67' lang='lat' dir='ltr'><strong>prmcipue</strong></span> <span class='ocrx_word' id='word_1_349' title='bbox 838 2878 1031 2945; x_wconf 82' lang='lat' dir='ltr'><strong>David,</strong></span> <span class='ocrx_word' id='word_1_350' title='bbox 1053 2879 1120 2934; x_wconf 89' lang='lat' dir='ltr'><strong>de</strong></span> <span class='ocrx_word' id='word_1_351' title='bbox 1141 2894 1249 2948; x_wconf 91' lang='lat' dir='ltr'><strong>quo</strong></span> <span class='ocrx_word' id='word_1_352' title='bbox 1270 2878 1533 2946; x_wconf 88' lang='lat' dir='ltr'><strong>scriptum</strong></span> <span class='ocrx_word' id='word_1_353' title='bbox 1560 2882 1644 2930; x_wconf 92' lang='lat' dir='ltr'><strong>est</strong></span> <span class='ocrx_word' id='word_1_354' title='bbox 1670 2893 1685 2927; x_wconf 86' lang='lat'><strong>:</strong></span> <span class='ocrx_word' id='word_1_355' title='bbox 1714 2871 1996 2935; x_wconf 76' lang='lat' dir='ltr'><strong>Memento,</strong></span> <span class='ocrx_word' id='word_1_356' title='bbox 2022 2868 2127 2924; x_wconf 85' lang='lat' dir='ltr'><strong>Do-</strong></span> 
     </span>
    </p>
   </div>
   <div class='ocr_carea' id='block_1_45' title="bbox 537 2958 2122 3037">
    <p class='ocr_par' dir='ltr' id='par_1_45' title="bbox 537 2958 2122 3037">
     <span class='ocr_line' id='line_1_47' title="bbox 537 2958 2122 3037; baseline -0.009 -12"><span class='ocrx_word' id='word_1_357' title='bbox 537 2973 702 3037; x_wconf 83' lang='lat' dir='ltr'><strong>mine,</strong></span> <span class='ocrx_word' id='word_1_358' title='bbox 743 2971 936 3036; x_wconf 86' lang='lat' dir='ltr'><strong>David,</strong></span> <span class='ocrx_word' id='word_1_359' title='bbox 988 2979 1037 3024; x_wconf 87' lang='lat' dir='ltr'><strong>et</strong></span> <span class='ocrx_word' id='word_1_360' title='bbox 1093 2969 1261 3023; x_wconf 88' lang='lat' dir='ltr'><strong>omnis</strong></span> <span class='ocrx_word' id='word_1_361' title='bbox 1298 2964 1721 3021; x_wconf 84' lang='lat' dir='ltr'><strong>mansuetudinis</strong></span> <span class='ocrx_word' id='word_1_362' title='bbox 1779 2962 1895 3032; x_wconf 85' lang='lat' dir='ltr'><strong>ejus</strong></span> <span class='ocrx_word' id='word_1_363' title='bbox 1949 2958 2122 3031; x_wconf 85' lang='lat' dir='ltr'><strong>(Psal.</strong></span> 
     </span>
    </p>
   </div>
   <div class='ocr_carea' id='block_1_46' title="bbox 544 3051 2129 3132">
    <p class='ocr_par' dir='ltr' id='par_1_46' title="bbox 544 3051 2129 3132">
     <span class='ocr_line' id='line_1_48' title="bbox 544 3051 2129 3132; baseline -0.008 -17"><span class='ocrx_word' id='word_1_364' title='bbox 544 3061 752 3132; x_wconf 67' lang='lat' dir='ltr'><strong>exui).</strong></span> <span class='ocrx_word' id='word_1_365' title='bbox 786 3059 853 3115; x_wconf 81' lang='lat' dir='ltr'><strong>Et</strong></span> <span class='ocrx_word' id='word_1_366' title='bbox 901 3060 1095 3130; x_wconf 78' lang='lat' dir='ltr'><strong>Moysi,</strong></span> <span class='ocrx_word' id='word_1_367' title='bbox 1139 3060 1205 3113; x_wconf 90' lang='lat' dir='ltr'><strong>de</strong></span> <span class='ocrx_word' id='word_1_368' title='bbox 1233 3074 1342 3128; x_wconf 88' lang='lat' dir='ltr'><strong>quo</strong></span> <span class='ocrx_word' id='word_1_369' title='bbox 1372 3056 1591 3127; x_wconf 84' lang='lat' dir='ltr'><strong>legitur,</strong></span> <span class='ocrx_word' id='word_1_370' title='bbox 1626 3053 1768 3123; x_wconf 89' lang='lat' dir='ltr'><strong>quod</strong></span> <span class='ocrx_word' id='word_1_371' title='bbox 1793 3051 1956 3106; x_wconf 84' lang='lat' dir='ltr'><strong>fuerit</strong></span> <span class='ocrx_word' id='word_1_372' title='bbox 1976 3064 2129 3104; x_wconf 87' lang='lat' dir='ltr'><strong>man-</strong></span> 
     </span>
    </p>
   </div>
   <div class='ocr_carea' id='block_1_47' title="bbox 542 3144 2127 3225">
    <p class='ocr_par' dir='ltr' id='par_1_47' title="bbox 542 3144 2127 3225">
     <span class='ocr_line' id='line_1_49' title="bbox 542 3144 2127 3225; baseline -0.009 -13"><span class='ocrx_word' id='word_1_373' title='bbox 542 3166 728 3212; x_wconf 88' lang='lat' dir='ltr'><strong>suetus</strong></span> <span class='ocrx_word' id='word_1_374' title='bbox 755 3170 920 3225; x_wconf 89' lang='lat' dir='ltr'><strong>super</strong></span> <span class='ocrx_word' id='word_1_375' title='bbox 937 3168 1151 3210; x_wconf 89' lang='lat' dir='ltr'><strong>omnem</strong></span> <span class='ocrx_word' id='word_1_376' title='bbox 1178 3162 1378 3208; x_wconf 86' lang='lat' dir='ltr'><strong>terram</strong></span> <span class='ocrx_word' id='word_1_377' title='bbox 1402 3149 1593 3222; x_wconf 86' lang='lat' dir='ltr'><strong>(Num.</strong></span> <span class='ocrx_word' id='word_1_378' title='bbox 1613 3146 1739 3217; x_wconf 78' lang='lat' dir='ltr'><strong>xu).</strong></span> <span class='ocrx_word' id='word_1_379' title='bbox 1770 3146 1839 3200; x_wconf 84' lang='lat' dir='ltr'><strong>Et</strong></span> <span class='ocrx_word' id='word_1_380' title='bbox 1865 3144 2127 3200; x_wconf 91' lang='lat' dir='ltr'><strong>Dominus</strong></span> 
     </span>
    </p>
   </div>
   <div class='ocr_carea' id='block_1_48' title="bbox 542 3237 2119 3317">
    <p class='ocr_par' dir='ltr' id='par_1_48' title="bbox 542 3237 2119 3317">
     <span class='ocr_line' id='line_1_50' title="bbox 542 3237 2119 3317; baseline -0.01 -15"><span class='ocrx_word' id='word_1_381' title='bbox 542 3249 599 3302; x_wconf 94' lang='lat' dir='ltr'><strong>in</strong></span> <span class='ocrx_word' id='word_1_382' title='bbox 647 3245 938 3317; x_wconf 77' lang='lat' dir='ltr'><strong>Evangelio</strong></span> <span class='ocrx_word' id='word_1_383' title='bbox 986 3245 1053 3300; x_wconf 89' lang='lat' dir='ltr'><strong>de</strong></span> <span class='ocrx_word' id='word_1_384' title='bbox 1087 3244 1386 3299; x_wconf 86' lang='lat' dir='ltr'><strong>mansuetis</strong></span> <span class='ocrx_word' id='word_1_385' title='bbox 1430 3258 1495 3297; x_wconf 88' lang='lat' dir='ltr'><strong>ac</strong></span> <span class='ocrx_word' id='word_1_386' title='bbox 1548 3240 1771 3296; x_wconf 89' lang='lat' dir='ltr'><strong>mitibus</strong></span> <span class='ocrx_word' id='word_1_387' title='bbox 1819 3237 2057 3307; x_wconf 89' lang='lat' dir='ltr'><strong>loquitur</strong></span> <span class='ocrx_word' id='word_1_388' title='bbox 2106 3251 2119 3287; x_wconf 88' lang='lat'><strong>:</strong></span> 
     </span>
    </p>
   </div>
   <div class='ocr_carea' id='block_1_49' title="bbox 544 3326 2127 3402">
    <p class='ocr_par' dir='ltr' id='par_1_49' title="bbox 544 3326 2127 3402">
     <span class='ocr_line' id='line_1_51' title="bbox 544 3326 2127 3402; baseline -0.007 -12"><span class='ocrx_word' id='word_1_389' title='bbox 544 3335 697 3393; x_wconf 85' lang='lat' dir='ltr'><strong>Beati</strong></span> <span class='ocrx_word' id='word_1_390' title='bbox 735 3334 992 3389; x_wconf 86' lang='lat' dir='ltr'><strong>mansueti</strong></span> <span class='ocrx_word' id='word_1_391' title='bbox 1031 3343 1080 3387; x_wconf 89' lang='lat' dir='ltr'><strong>et</strong></span> <span class='ocrx_word' id='word_1_392' title='bbox 1116 3335 1266 3387; x_wconf 89' lang='lat' dir='ltr'><strong>mites</strong></span> <span class='ocrx_word' id='word_1_393' title='bbox 1312 3332 1487 3398; x_wconf 89' lang='lat' dir='ltr'><strong>corde,</strong></span> <span class='ocrx_word' id='word_1_394' title='bbox 1524 3330 1774 3402; x_wconf 87' lang='lat' dir='ltr'><strong>quoniam</strong></span> <span class='ocrx_word' id='word_1_395' title='bbox 1810 3328 1911 3398; x_wconf 86' lang='lat' dir='ltr'><strong>ipsi</strong></span> <span class='ocrx_word' id='word_1_396' title='bbox 1960 3326 2127 3397; x_wconf 87' lang='lat' dir='ltr'><strong>possi-</strong></span> 
     </span>
    </p>
   </div>
   <div class='ocr_carea' id='block_1_50' title="bbox 546 3408 2127 3496">
    <p class='ocr_par' dir='ltr' id='par_1_50' title="bbox 546 3408 2127 3496">
     <span class='ocr_line' id='line_1_52' title="bbox 546 3408 2127 3496; baseline -0.008 -16"><span class='ocrx_word' id='word_1_397' title='bbox 546 3426 739 3480; x_wconf 86' lang='lat' dir='ltr'><strong>debunt</strong></span> <span class='ocrx_word' id='word_1_398' title='bbox 778 3435 974 3480; x_wconf 88' lang='lat' dir='ltr'><strong>terram</strong></span> <span class='ocrx_word' id='word_1_399' title='bbox 1028 3422 1242 3496; x_wconf 73' lang='lat' dir='ltr'><strong>(Matth.</strong></span> <span class='ocrx_word' id='word_1_400' title='bbox 1302 3408 1385 3495; x_wconf 69' lang='lat' dir='ltr'><strong>v).</strong></span> <span class='ocrx_word' id='word_1_401' title='bbox 1435 3422 1639 3492; x_wconf 67' lang='lat' dir='ltr'><strong>Magna:</strong></span> <span class='ocrx_word' id='word_1_402' title='bbox 1692 3417 1971 3489; x_wconf 63' lang='lat' dir='ltr'><strong>sapientiae</strong></span> <span class='ocrx_word' id='word_1_403' title='bbox 2022 3424 2127 3481; x_wconf 81' lang='lat' dir='ltr'><strong>est,</strong></span> 
     </span>
    </p>
   </div>
   <div class='ocr_carea' id='block_1_51' title="bbox 550 3508 2126 3583">
    <p class='ocr_par' dir='ltr' id='par_1_51' title="bbox 550 3508 2126 3583">
     <span class='ocr_line' id='line_1_53' title="bbox 550 3508 2126 3583; baseline -0.006 -14"><span class='ocrx_word' id='word_1_404' title='bbox 550 3516 1019 3571; x_wconf 74' lang='lat' dir='ltr'><strong>mansuetudinem</strong></span> <span class='ocrx_word' id='word_1_405' title='bbox 1055 3514 1350 3583; x_wconf 88' lang='lat' dir='ltr'><strong>possidere,</strong></span> <span class='ocrx_word' id='word_1_406' title='bbox 1381 3522 1437 3567; x_wconf 90' lang='lat' dir='ltr'><strong>et</strong></span> <span class='ocrx_word' id='word_1_407' title='bbox 1468 3512 1701 3567; x_wconf 67' lang='lat' dir='ltr'><strong>audire&#39;:</strong></span> <span class='ocrx_word' id='word_1_408' title='bbox 1737 3508 1957 3579; x_wconf 87' lang='lat' dir='ltr'><strong>Sapiens</strong></span> <span class='ocrx_word' id='word_1_409' title='bbox 1999 3515 2126 3571; x_wconf 83' lang='lat' dir='ltr'><strong>esto,</strong></span> 
     </span>
    </p>
   </div>
   <div class='ocr_carea' id='block_1_52' title="bbox 546 3598 2134 3679">
    <p class='ocr_par' dir='ltr' id='par_1_52' title="bbox 546 3598 2134 3679">
     <span class='ocr_line' id='line_1_54' title="bbox 546 3598 2134 3679; baseline -0.006 -18"><span class='ocrx_word' id='word_1_410' title='bbox 546 3608 648 3679; x_wconf 76' lang='lat' dir='ltr'><strong>fili,</strong></span> <span class='ocrx_word' id='word_1_411' title='bbox 675 3619 732 3663; x_wconf 88' lang='lat' dir='ltr'><strong>ut</strong></span> <span class='ocrx_word' id='word_1_412' title='bbox 764 3608 970 3664; x_wconf 68' lang='lat' dir='ltr'><strong>(tutetur</strong></span> <span class='ocrx_word' id='word_1_413' title='bbox 1010 3625 1101 3663; x_wconf 91' lang='lat' dir='ltr'><strong>cor</strong></span> <span class='ocrx_word' id='word_1_414' title='bbox 1129 3624 1299 3662; x_wconf 88' lang='lat' dir='ltr'><strong>meum</strong></span> <span class='ocrx_word' id='word_1_415' title='bbox 1332 3604 1516 3678; x_wconf 85' lang='lat' dir='ltr'><strong>(Prov.</strong></span> <span class='ocrx_word' id='word_1_416' title='bbox 1547 3603 1623 3676; x_wconf 69' lang='grc' dir='ltr'>ι).</span> <span class='ocrx_word' id='word_1_417' title='bbox 1649 3602 1716 3657; x_wconf 83' lang='grc' dir='ltr'>Ει</span> <span class='ocrx_word' id='word_1_418' title='bbox 1744 3602 1937 3656; x_wconf 89' lang='lat' dir='ltr'><strong>iterum</strong></span> <span class='ocrx_word' id='word_1_419' title='bbox 1964 3615 1978 3654; x_wconf 91' lang='lat'><strong>:</strong></span> <span class='ocrx_word' id='word_1_420' title='bbox 2002 3598 2134 3652; x_wconf 87' lang='lat' dir='ltr'><strong>Imi-</strong></span> 
     </span>
    </p>
   </div>
   <div class='ocr_carea' id='block_1_53' title="bbox 548 3691 2133 3770">
    <p class='ocr_par' dir='ltr' id='par_1_53' title="bbox 548 3691 2133 3770">
     <span class='ocr_line' id='line_1_55' title="bbox 548 3691 2133 3770; baseline -0.008 -13"><span class='ocrx_word' id='word_1_421' title='bbox 548 3713 741 3758; x_wconf 85' lang='lat' dir='ltr'><strong>tatores</strong></span> <span class='ocrx_word' id='word_1_422' title='bbox 792 3712 953 3757; x_wconf 89' lang='lat' dir='ltr'><strong>estote</strong></span> <span class='ocrx_word' id='word_1_423' title='bbox 998 3701 1117 3767; x_wconf 87' lang='lat' dir='ltr'><strong>Dei,</strong></span> <span class='ocrx_word' id='word_1_424' title='bbox 1155 3700 1253 3770; x_wconf 76' lang='lat' dir='ltr'><strong>ﬁlii</strong></span> <span class='ocrx_word' id='word_1_425' title='bbox 1302 3698 1598 3754; x_wconf 87' lang='lat' dir='ltr'><strong>charissimi</strong></span> <span class='ocrx_word' id='word_1_426' title='bbox 1648 3695 1863 3767; x_wconf 84' lang='lat' dir='ltr'><strong>(Ephes.</strong></span> <span class='ocrx_word' id='word_1_427' title='bbox 1914 3691 1992 3763; x_wconf 84' lang='lat' dir='ltr'><strong>v).</strong></span> <span class='ocrx_word' id='word_1_428' title='bbox 2044 3691 2133 3757; x_wconf 89' lang='lat' dir='ltr'><strong>Et,</strong></span> 
     </span>
    </p>
   </div>
   <div class='ocr_carea' id='block_1_54' title="bbox 549 3781 2133 3865">
    <p class='ocr_par' dir='ltr' id='par_1_54' title="bbox 549 3781 2133 3865">
     <span class='ocr_line' id='line_1_56' title="bbox 549 3781 2133 3865; baseline -0.011 -17"><span class='ocrx_word' id='word_1_429' title='bbox 549 3794 733 3848; x_wconf 79' lang='lat' dir='ltr'><strong>Estote</strong></span> <span class='ocrx_word' id='word_1_430' title='bbox 773 3794 1012 3865; x_wconf 82' lang='lat' dir='ltr'><strong>perfecti,</strong></span> <span class='ocrx_word' id='word_1_431' title='bbox 1037 3794 1169 3849; x_wconf 86' lang='lat' dir='ltr'><strong>sicut</strong></span> <span class='ocrx_word' id='word_1_432' title='bbox 1196 3802 1244 3847; x_wconf 83' lang='lat' dir='ltr'><strong>et</strong></span> <span class='ocrx_word' id='word_1_433' title='bbox 1281 3788 1444 3844; x_wconf 89' lang='lat' dir='ltr'><strong>Pater</strong></span> <span class='ocrx_word' id='word_1_434' title='bbox 1467 3797 1653 3851; x_wconf 86' lang='lat' dir='ltr'><strong>vester,</strong></span> <span class='ocrx_word' id='word_1_435' title='bbox 1680 3786 1769 3857; x_wconf 85' lang='lat' dir='ltr'><strong>qui</strong></span> <span class='ocrx_word' id='word_1_436' title='bbox 1791 3785 1845 3838; x_wconf 90' lang='lat' dir='ltr'><strong>in</strong></span> <span class='ocrx_word' id='word_1_437' title='bbox 1874 3781 2014 3837; x_wconf 71' lang='lat' dir='ltr'><strong>uelis</strong></span> <span class='ocrx_word' id='word_1_438' title='bbox 2037 3789 2133 3845; x_wconf 89' lang='lat' dir='ltr'><strong>est,</strong></span> 
     </span>
    </p>
   </div>
   <div class='ocr_carea' id='block_1_55' title="bbox 550 3877 2140 3955">
    <p class='ocr_par' dir='ltr' id='par_1_55' title="bbox 550 3877 2140 3955">
     <span class='ocr_line' id='line_1_57' title="bbox 550 3877 2140 3955; baseline -0.008 -19"><span class='ocrx_word' id='word_1_439' title='bbox 550 3884 808 3954; x_wconf 80' lang='lat' dir='ltr'><strong>perfectus</strong></span> <span class='ocrx_word' id='word_1_440' title='bbox 842 3894 916 3939; x_wconf 86' lang='lat' dir='ltr'><strong>est</strong></span> <span class='ocrx_word' id='word_1_441' title='bbox 948 3884 1145 3955; x_wconf 77' lang='lat' dir='ltr'><strong>(Marc.</strong></span> <span class='ocrx_word' id='word_1_442' title='bbox 1181 3884 1258 3951; x_wconf 79' lang='grc' dir='ltr'><strong>ν).</strong></span> <span class='ocrx_word' id='word_1_443' title='bbox 1282 3883 1350 3937; x_wconf 88' lang='lat' dir='ltr'><strong>Et</strong></span> <span class='ocrx_word' id='word_1_444' title='bbox 1374 3881 1503 3935; x_wconf 84' lang='lat' dir='ltr'><strong>alibi</strong></span> <span class='ocrx_word' id='word_1_445' title='bbox 1538 3899 1550 3932; x_wconf 94' lang='lat'>:</span> <span class='ocrx_word' id='word_1_446' title='bbox 1582 3877 1767 3933; x_wconf 86' lang='lat' dir='ltr'><strong>Sancti</strong></span> <span class='ocrx_word' id='word_1_447' title='bbox 1798 3884 1976 3937; x_wconf 83' lang='lat' dir='ltr'><strong>estote,</strong></span> <span class='ocrx_word' id='word_1_448' title='bbox 2010 3887 2140 3940; x_wconf 87' lang='lat' dir='ltr'><strong>quo-</strong></span> 
     </span>
    </p>
   </div>
   <div class='ocr_carea' id='block_1_56' title="bbox 554 3965 1959 4043">
    <p class='ocr_par' dir='ltr' id='par_1_56' title="bbox 554 3965 1959 4043">
     <span class='ocr_line' id='line_1_58' title="bbox 554 3965 1959 4043; baseline -0.005 -14"><span class='ocrx_word' id='word_1_449' title='bbox 554 3974 698 4029; x_wconf 85' lang='lat' dir='ltr'><strong>niam</strong></span> <span class='ocrx_word' id='word_1_450' title='bbox 730 3990 822 4043; x_wconf 87' lang='lat' dir='ltr'><strong>ego</strong></span> <span class='ocrx_word' id='word_1_451' title='bbox 854 3984 1070 4029; x_wconf 87' lang='lat' dir='ltr'><strong>sanctus</strong></span> <span class='ocrx_word' id='word_1_452' title='bbox 1107 3990 1241 4036; x_wconf 88' lang='lat' dir='ltr'><strong>sum,</strong></span> <span class='ocrx_word' id='word_1_453' title='bbox 1275 3973 1402 4026; x_wconf 85' lang='lat' dir='ltr'><strong>dicit</strong></span> <span class='ocrx_word' id='word_1_454' title='bbox 1429 3971 1685 4025; x_wconf 83' lang='lat' dir='ltr'><strong>Dominus</strong></span> <span class='ocrx_word' id='word_1_455' title='bbox 1713 3966 1854 4039; x_wconf 79' lang='lat' dir='ltr'><strong>(Leu.</strong></span> <span class='ocrx_word' id='word_1_456' title='bbox 1886 3965 1959 4034; x_wconf 78' lang='grc' dir='ltr'><strong>ν).</strong></span> 
     </span>
    </p>
   </div>
   <div class='ocr_carea' id='block_1_57' title="bbox 573 4082 3197 4120">
    <p class='ocr_par' dir='ltr' id='par_1_57' title="bbox 573 4082 3197 4120">
     <span class='ocr_line' id='line_1_59' title="bbox 573 4082 3197 4120; baseline -0.01 -4"><span class='ocrx_word' id='word_1_457' title='bbox 573 4082 3197 4120; x_wconf 70' lang='lat'><strong>_________________________.___.._._.___.__..___———————</strong></span> 
     </span>
    </p>
   </div>
   <div class='ocr_carea' id='block_1_58' title="bbox 1240 4210 1949 4325">
    <p class='ocr_par' dir='ltr' id='par_1_58' title="bbox 1240 4210 1949 4325">
     <span class='ocr_line' id='line_1_60' title="bbox 1240 4210 1949 4325; baseline -0.01 1"><span class='ocrx_word' id='word_1_458' title='bbox 1240 4210 1251 4217; x_wconf 66' lang='grc'><strong>’</strong></span> <span class='ocrx_word' id='word_1_459' title='bbox 1329 4220 1949 4325; x_wconf 77' lang='lat' dir='ltr'><strong>REGULA</strong></span> 
     </span>
    </p>
   </div>
   <div class='ocr_carea' id='block_1_59' title="bbox 2290 1961 3784 2039">
    <p class='ocr_par' dir='ltr' id='par_1_59' title="bbox 2290 1961 3784 2039">
     <span class='ocr_line' id='line_1_61' title="bbox 2290 1961 3784 2039; baseline -0.008 -13"><span class='ocrx_word' id='word_1_460' title='bbox 2290 1971 2422 2027; x_wconf 82' lang='lat' dir='ltr'><strong>LVI.</strong></span> <span class='ocrx_word' id='word_1_461' title='bbox 2456 1970 2674 2039; x_wconf 86' lang='lat' dir='ltr'><strong>Loquar</strong></span> <span class='ocrx_word' id='word_1_462' title='bbox 2699 1967 2844 2021; x_wconf 91' lang='lat' dir='ltr'><strong>aliud</strong></span> <span class='ocrx_word' id='word_1_463' title='bbox 2891 1964 2957 2019; x_wconf 86' lang='lat' dir='ltr'><strong>ad</strong></span> <span class='ocrx_word' id='word_1_464' title='bbox 2988 1978 3083 2019; x_wconf 83' lang='lat' dir='ltr'><strong>vos</strong></span> <span class='ocrx_word' id='word_1_465' title='bbox 3112 1963 3419 2029; x_wconf 87' lang='lat' dir='ltr'><strong>audentius,</strong></span> <span class='ocrx_word' id='word_1_466' title='bbox 3457 1961 3553 2015; x_wconf 78' lang='lat' dir='ltr'><strong>lilii</strong></span> <span class='ocrx_word' id='word_1_467' title='bbox 3586 1961 3784 2015; x_wconf 81' lang='lat' dir='ltr'><strong>charis-</strong></span> 
     </span>
    </p>
   </div>
   <div class='ocr_carea' id='block_1_60' title="bbox 2213 2056 3781 2133">
    <p class='ocr_par' dir='ltr' id='par_1_60' title="bbox 2213 2056 3781 2133">
     <span class='ocr_line' id='line_1_62' title="bbox 2213 2056 3781 2133; baseline -0.008 -12"><span class='ocrx_word' id='word_1_468' title='bbox 2213 2066 2356 2122; x_wconf 91' lang='lat' dir='ltr'><strong>simi.</strong></span> <span class='ocrx_word' id='word_1_469' title='bbox 2410 2065 2489 2119; x_wconf 77' lang='lat' dir='ltr'><strong>Ex</strong></span> <span class='ocrx_word' id='word_1_470' title='bbox 2535 2078 2642 2133; x_wconf 92' lang='lat' dir='ltr'><strong>quo</strong></span> <span class='ocrx_word' id='word_1_471' title='bbox 2691 2060 2921 2117; x_wconf 86' lang='lat' dir='ltr'><strong>credidit</strong></span> <span class='ocrx_word' id='word_1_472' title='bbox 2980 2060 3110 2113; x_wconf 87' lang='lat' dir='ltr'><strong>mibi</strong></span> <span class='ocrx_word' id='word_1_473' title='bbox 3168 2058 3311 2112; x_wconf 89' lang='lat' dir='ltr'><strong>Deus</strong></span> <span class='ocrx_word' id='word_1_474' title='bbox 3360 2056 3781 2112; x_wconf 76' lang='lat' dir='ltr'><strong>conversationis</strong></span> 
     </span>
    </p>
   </div>
   <div class='ocr_carea' id='block_1_61' title="bbox 2212 2145 3782 2217">
    <p class='ocr_par' dir='ltr' id='par_1_61' title="bbox 2212 2145 3782 2217">
     <span class='ocr_line' id='line_1_63' title="bbox 2212 2145 3782 2217; baseline -0.01 -7"><span class='ocrx_word' id='word_1_475' title='bbox 2212 2162 2410 2210; x_wconf 71' lang='lat' dir='ltr'><strong>vestra:</strong></span> <span class='ocrx_word' id='word_1_476' title='bbox 2431 2164 2489 2208; x_wconf 89' lang='lat' dir='ltr'><strong>et</strong></span> <span class='ocrx_word' id='word_1_477' title='bbox 2510 2161 2711 2207; x_wconf 68' lang='lat' dir='ltr'><strong>sanetae</strong></span> <span class='ocrx_word' id='word_1_478' title='bbox 2737 2148 3165 2206; x_wconf 80' lang='lat' dir='ltr'><strong>conversationis</strong></span> <span class='ocrx_word' id='word_1_479' title='bbox 3185 2161 3431 2217; x_wconf 79' lang='lat' dir='ltr'><strong>gregem,</strong></span> <span class='ocrx_word' id='word_1_480' title='bbox 3464 2162 3571 2201; x_wconf 92' lang='lat' dir='ltr'><strong>non</strong></span> <span class='ocrx_word' id='word_1_481' title='bbox 3594 2145 3782 2199; x_wconf 82' lang='lat' dir='ltr'><strong>cessavi</strong></span> 
     </span>
    </p>
   </div>
   <div class='ocr_carea' id='block_1_62' title="bbox 2213 2236 3786 2317">
    <p class='ocr_par' dir='ltr' id='par_1_62' title="bbox 2213 2236 3786 2317">
     <span class='ocr_line' id='line_1_64' title="bbox 2213 2236 3786 2317; baseline -0.01 -15"><span class='ocrx_word' id='word_1_482' title='bbox 2213 2246 2471 2317; x_wconf 82' lang='lat' dir='ltr'><strong>lacrymis</strong></span> <span class='ocrx_word' id='word_1_483' title='bbox 2521 2258 2761 2307; x_wconf 86' lang='lat' dir='ltr'><strong>monere,</strong></span> <span class='ocrx_word' id='word_1_484' title='bbox 2792 2251 2849 2296; x_wconf 89' lang='lat' dir='ltr'><strong>et</strong></span> <span class='ocrx_word' id='word_1_485' title='bbox 2895 2242 3092 2295; x_wconf 88' lang='lat' dir='ltr'><strong>docere</strong></span> <span class='ocrx_word' id='word_1_486' title='bbox 3139 2238 3398 2309; x_wconf 81' lang='lat' dir='ltr'><strong>singulos,</strong></span> <span class='ocrx_word' id='word_1_487' title='bbox 3446 2246 3511 2291; x_wconf 93' lang='lat' dir='ltr'><strong>ut</strong></span> <span class='ocrx_word' id='word_1_488' title='bbox 3550 2236 3786 2304; x_wconf 82' lang='lat' dir='ltr'><strong>placeatis</strong></span> 
     </span>
    </p>
   </div>
   <div class='ocr_carea' id='block_1_63' title="bbox 2216 2327 3790 2404">
    <p class='ocr_par' dir='ltr' id='par_1_63' title="bbox 2216 2327 3790 2404">
     <span class='ocr_line' id='line_1_65' title="bbox 2216 2327 3790 2404; baseline -0.01 -9"><span class='ocrx_word' id='word_1_489' title='bbox 2216 2341 2357 2404; x_wconf 89' lang='lat' dir='ltr'><strong>Deo;</strong></span> <span class='ocrx_word' id='word_1_490' title='bbox 2390 2352 2490 2393; x_wconf 89' lang='lat' dir='ltr'><strong>nec</strong></span> <span class='ocrx_word' id='word_1_491' title='bbox 2519 2335 2763 2392; x_wconf 74' lang='lat' dir='ltr'><strong>subtraxi</strong></span> <span class='ocrx_word' id='word_1_492' title='bbox 2809 2333 3033 2404; x_wconf 87' lang='lat' dir='ltr'><strong>aliquid,</strong></span> <span class='ocrx_word' id='word_1_493' title='bbox 3066 2330 3210 2401; x_wconf 91' lang='lat' dir='ltr'><strong>quod</strong></span> <span class='ocrx_word' id='word_1_494' title='bbox 3244 2329 3397 2385; x_wconf 86' lang='lat' dir='ltr'><strong>vobis</strong></span> <span class='ocrx_word' id='word_1_495' title='bbox 3430 2328 3569 2383; x_wconf 87' lang='lat' dir='ltr'><strong>utile</strong></span> <span class='ocrx_word' id='word_1_496' title='bbox 3612 2327 3790 2382; x_wconf 63' lang='lat' dir='ltr'><strong>sentie»</strong></span> 
     </span>
    </p>
   </div>
   <div class='ocr_carea' id='block_1_64' title="bbox 2218 2418 3788 2495">
    <p class='ocr_par' dir='ltr' id='par_1_64' title="bbox 2218 2418 3788 2495">
     <span class='ocr_line' id='line_1_66' title="bbox 2218 2418 3788 2495; baseline -0.01 -9"><span class='ocrx_word' id='word_1_497' title='bbox 2218 2432 2368 2495; x_wconf 85' lang='lat' dir='ltr'><strong>bam,</strong></span> <span class='ocrx_word' id='word_1_498' title='bbox 2414 2437 2474 2483; x_wconf 92' lang='lat' dir='ltr'><strong>ut</strong></span> <span class='ocrx_word' id='word_1_499' title='bbox 2523 2428 2759 2482; x_wconf 81' lang='lat' dir='ltr'><strong>dicerem</strong></span> <span class='ocrx_word' id='word_1_500' title='bbox 2794 2442 2809 2480; x_wconf 88' lang='lat'><strong>:</strong></span> <span class='ocrx_word' id='word_1_501' title='bbox 2842 2423 2910 2477; x_wconf 84' lang='lat' dir='ltr'><strong>Et</strong></span> <span class='ocrx_word' id='word_1_502' title='bbox 2959 2439 3097 2476; x_wconf 88' lang='lat' dir='ltr'><strong>nunc</strong></span> <span class='ocrx_word' id='word_1_503' title='bbox 3136 2421 3445 2476; x_wconf 87' lang='lat' dir='ltr'><strong>commendo</strong></span> <span class='ocrx_word' id='word_1_504' title='bbox 3475 2436 3561 2474; x_wconf 83' lang='lat' dir='ltr'><strong>vos</strong></span> <span class='ocrx_word' id='word_1_505' title='bbox 3591 2418 3713 2481; x_wconf 85' lang='lat' dir='ltr'><strong>Deo,</strong></span> <span class='ocrx_word' id='word_1_506' title='bbox 3748 2426 3788 2470; x_wconf 81' lang='lat' dir='ltr'><strong>ct</strong></span> 
     </span>
    </p>
   </div>
   <div class='ocr_carea' id='block_1_65' title="bbox 2219 2511 3791 2590">
    <p class='ocr_par' dir='ltr' id='par_1_65' title="bbox 2219 2511 3791 2590">
     <span class='ocr_line' id='line_1_67' title="bbox 2219 2511 3791 2590; baseline -0.009 -14"><span class='ocrx_word' id='word_1_507' title='bbox 2219 2521 2371 2577; x_wconf 84' lang='lat' dir='ltr'><strong>verba</strong></span> <span class='ocrx_word' id='word_1_508' title='bbox 2420 2519 2607 2590; x_wconf 76' lang='lat' dir='ltr'><strong>gratia:</strong></span> <span class='ocrx_word' id='word_1_509' title='bbox 2651 2517 2790 2587; x_wconf 84' lang='lat' dir='ltr'><strong>ejus,</strong></span> <span class='ocrx_word' id='word_1_510' title='bbox 2830 2516 2923 2586; x_wconf 86' lang='lat' dir='ltr'><strong>qui</strong></span> <span class='ocrx_word' id='word_1_511' title='bbox 2953 2522 3120 2587; x_wconf 83' lang='lat' dir='ltr'><strong>potest</strong></span> <span class='ocrx_word' id='word_1_512' title='bbox 3158 2530 3250 2567; x_wconf 89' lang='lat' dir='ltr'><strong>vos</strong></span> <span class='ocrx_word' id='word_1_513' title='bbox 3279 2512 3575 2579; x_wconf 65' lang='lat' dir='ltr'><strong>ludiﬁcare,</strong></span> <span class='ocrx_word' id='word_1_514' title='bbox 3605 2521 3647 2565; x_wconf 89' lang='lat' dir='ltr'><strong>et</strong></span> <span class='ocrx_word' id='word_1_515' title='bbox 3679 2511 3791 2563; x_wconf 79' lang='lat' dir='ltr'><strong>dare</strong></span> 
     </span>
    </p>
   </div>
   <div class='ocr_carea' id='block_1_66' title="bbox 2222 2601 3791 2674">
    <p class='ocr_par' dir='ltr' id='par_1_66' title="bbox 2222 2601 3791 2674">
     <span class='ocr_line' id='line_1_68' title="bbox 2222 2601 3791 2674; baseline -0.008 -6"><span class='ocrx_word' id='word_1_516' title='bbox 2222 2612 2363 2669; x_wconf 75' lang='lat' dir='ltr'><strong>vobis</strong></span> <span class='ocrx_word' id='word_1_517' title='bbox 2395 2611 2754 2665; x_wconf 66' lang='lat' dir='ltr'><strong>[nereditatem</strong></span> <span class='ocrx_word' id='word_1_518' title='bbox 2792 2624 2913 2661; x_wconf 89' lang='lat' dir='ltr'><strong>cum</strong></span> <span class='ocrx_word' id='word_1_519' title='bbox 2960 2607 3158 2661; x_wconf 87' lang='lat' dir='ltr'><strong>sanctis</strong></span> <span class='ocrx_word' id='word_1_520' title='bbox 3200 2603 3339 2674; x_wconf 77' lang='lat' dir='ltr'><strong>(Act.</strong></span> <span class='ocrx_word' id='word_1_521' title='bbox 3386 2604 3512 2673; x_wconf 76' lang='lat' dir='ltr'><strong>xx).</strong></span> <span class='ocrx_word' id='word_1_522' title='bbox 3563 2601 3791 2672; x_wconf 67' lang='lat' dir='ltr'><strong>Vigilate,</strong></span> 
     </span>
    </p>
   </div>
   <div class='ocr_carea' id='block_1_67' title="bbox 2222 2691 3792 2768">
    <p class='ocr_par' dir='ltr' id='par_1_67' title="bbox 2222 2691 3792 2768">
     <span class='ocr_line' id='line_1_69' title="bbox 2222 2691 3792 2768; baseline -0.008 -10"><span class='ocrx_word' id='word_1_523' title='bbox 2222 2702 2370 2758; x_wconf 89' lang='lat' dir='ltr'><strong>omni</strong></span> <span class='ocrx_word' id='word_1_524' title='bbox 2414 2700 2592 2756; x_wconf 87' lang='lat' dir='ltr'><strong>studio</strong></span> <span class='ocrx_word' id='word_1_525' title='bbox 2622 2713 2863 2768; x_wconf 87' lang='lat' dir='ltr'><strong>curaque</strong></span> <span class='ocrx_word' id='word_1_526' title='bbox 2910 2695 3240 2760; x_wconf 89' lang='lat' dir='ltr'><strong>contendite,</strong></span> <span class='ocrx_word' id='word_1_527' title='bbox 3298 2710 3368 2749; x_wconf 87' lang='lat' dir='ltr'><strong>ne</strong></span> <span class='ocrx_word' id='word_1_528' title='bbox 3413 2691 3792 2749; x_wconf 87' lang='lat' dir='ltr'><strong>obliviscamini</strong></span> 
     </span>
    </p>
   </div>
   <div class='ocr_carea' id='block_1_68' title="bbox 2224 2784 3795 2868">
    <p class='ocr_par' dir='ltr' id='par_1_68' title="bbox 2224 2784 3795 2868">
     <span class='ocr_line' id='line_1_70' title="bbox 2224 2784 3795 2868; baseline -0.01 -18"><span class='ocrx_word' id='word_1_529' title='bbox 2224 2794 2487 2868; x_wconf 88' lang='lat' dir='ltr'><strong>propositi</strong></span> <span class='ocrx_word' id='word_1_530' title='bbox 2533 2792 2720 2858; x_wconf 86' lang='lat' dir='ltr'><strong>vestri,</strong></span> <span class='ocrx_word' id='word_1_531' title='bbox 2776 2790 2871 2859; x_wconf 87' lang='lat' dir='ltr'><strong>sed</strong></span> <span class='ocrx_word' id='word_1_532' title='bbox 2918 2788 3137 2859; x_wconf 86' lang='lat' dir='ltr'><strong>implete</strong></span> <span class='ocrx_word' id='word_1_533' title='bbox 3183 2785 3324 2855; x_wconf 89' lang='lat' dir='ltr'><strong>quod</strong></span> <span class='ocrx_word' id='word_1_534' title='bbox 3361 2800 3468 2840; x_wconf 77' lang='lat' dir='ltr'><strong>vos</strong></span> <span class='ocrx_word' id='word_1_535' title='bbox 3510 2784 3657 2839; x_wconf 75' lang='lat' dir='ltr'><strong>scitis</strong></span> <span class='ocrx_word' id='word_1_536' title='bbox 3690 2794 3795 2835; x_wconf 85' lang='lat' dir='ltr'><strong>esse</strong></span> 
     </span>
    </p>
   </div>
   <div class='ocr_carea' id='block_1_69' title="bbox 2225 2873 3796 2964">
    <p class='ocr_par' dir='ltr' id='par_1_69' title="bbox 2225 2873 3796 2964">
     <span class='ocr_line' id='line_1_71' title="bbox 2225 2873 3796 2964; baseline -0.013 -17"><span class='ocrx_word' id='word_1_537' title='bbox 2225 2891 2514 2964; x_wconf 88' lang='lat' dir='ltr'><strong>pollicitos.</strong></span> <span class='ocrx_word' id='word_1_538' title='bbox 2546 2888 2657 2959; x_wconf 84' lang='lat' dir='ltr'><strong>Ego</strong></span> <span class='ocrx_word' id='word_1_539' title='bbox 2701 2886 2837 2941; x_wconf 89' lang='lat' dir='ltr'><strong>enim</strong></span> <span class='ocrx_word' id='word_1_540' title='bbox 2871 2884 2990 2954; x_wconf 85' lang='lat' dir='ltr'><strong>jam</strong></span> <span class='ocrx_word' id='word_1_541' title='bbox 3017 2881 3234 2946; x_wconf 82' lang='lat' dir='ltr'><strong>delibor,</strong></span> <span class='ocrx_word' id='word_1_542' title='bbox 3275 2889 3324 2933; x_wconf 90' lang='lat' dir='ltr'><strong>et</strong></span> <span class='ocrx_word' id='word_1_543' title='bbox 3365 2888 3574 2949; x_wconf 83' lang='lat' dir='ltr'><strong>tempus</strong></span> <span class='ocrx_word' id='word_1_544' title='bbox 3617 2873 3796 2929; x_wconf 84' lang='lat' dir='ltr'><strong>resolu-</strong></span> 
     </span>
    </p>
   </div>
   <div class='ocr_carea' id='block_1_70' title="bbox 2229 2972 3797 3047">
    <p class='ocr_par' dir='ltr' id='par_1_70' title="bbox 2229 2972 3797 3047">
     <span class='ocr_line' id='line_1_72' title="bbox 2229 2972 3797 3047; baseline -0.014 -8"><span class='ocrx_word' id='word_1_545' title='bbox 2229 2984 2385 3039; x_wconf 87' lang='lat' dir='ltr'><strong>tionis</strong></span> <span class='ocrx_word' id='word_1_546' title='bbox 2423 2997 2553 3036; x_wconf 70' lang='lat' dir='ltr'><strong>mea:</strong></span> <span class='ocrx_word' id='word_1_547' title='bbox 2577 2979 2722 3033; x_wconf 89' lang='lat' dir='ltr'><strong>adest</strong></span> <span class='ocrx_word' id='word_1_548' title='bbox 2753 2992 2771 3029; x_wconf 91' lang='lat'><strong><em>:</em></strong></span> <span class='ocrx_word' id='word_1_549' title='bbox 2795 2976 2885 3047; x_wconf 89' lang='lat' dir='ltr'><strong>qui</strong></span> <span class='ocrx_word' id='word_1_550' title='bbox 2922 2983 3183 3029; x_wconf 85' lang='lat' dir='ltr'><strong>certamen</strong></span> <span class='ocrx_word' id='word_1_551' title='bbox 3214 2972 3407 3025; x_wconf 86' lang='lat' dir='ltr'><strong>bonum</strong></span> <span class='ocrx_word' id='word_1_552' title='bbox 3435 2986 3505 3023; x_wconf 74' lang='lat' dir='ltr'><strong>ea;</strong></span> <span class='ocrx_word' id='word_1_553' title='bbox 3531 2976 3673 3039; x_wconf 83' lang='lat' dir='ltr'><strong>parte</strong></span> <span class='ocrx_word' id='word_1_554' title='bbox 3705 2980 3797 3018; x_wconf 79' lang='lat' dir='ltr'><strong>cer-</strong></span> 
     </span>
    </p>
   </div>
   <div class='ocr_carea' id='block_1_71' title="bbox 2230 3059 3794 3139">
    <p class='ocr_par' dir='ltr' id='par_1_71' title="bbox 2230 3059 3794 3139">
     <span class='ocr_line' id='line_1_73' title="bbox 2230 3059 3794 3139; baseline -0.012 -11"><span class='ocrx_word' id='word_1_555' title='bbox 2230 3074 2354 3139; x_wconf 89' lang='lat' dir='ltr'><strong>tavi,</strong></span> <span class='ocrx_word' id='word_1_556' title='bbox 2387 3088 2599 3127; x_wconf 83' lang='lat' dir='ltr'><strong>cursum</strong></span> <span class='ocrx_word' id='word_1_557' title='bbox 2634 3066 3011 3132; x_wconf 82' lang='lat' dir='ltr'><strong>consummaui,</strong></span> <span class='ocrx_word' id='word_1_558' title='bbox 3060 3064 3216 3134; x_wconf 84' lang='lat' dir='ltr'><strong>ﬁdem</strong></span> <span class='ocrx_word' id='word_1_559' title='bbox 3255 3063 3486 3116; x_wconf 80' lang='lat' dir='ltr'><strong>servavi.</strong></span> <span class='ocrx_word' id='word_1_560' title='bbox 3532 3059 3608 3113; x_wconf 85' lang='lat' dir='ltr'><strong>De</strong></span> <span class='ocrx_word' id='word_1_561' title='bbox 3631 3066 3794 3112; x_wconf 64' lang='lat' dir='ltr'><strong>cetera</strong></span> 
     </span>
    </p>
   </div>
   <div class='ocr_carea' id='block_1_72' title="bbox 2232 3150 3797 3239">
    <p class='ocr_par' dir='ltr' id='par_1_72' title="bbox 2232 3150 3797 3239">
     <span class='ocr_line' id='line_1_74' title="bbox 2232 3150 3797 3239; baseline -0.012 -17"><span class='ocrx_word' id='word_1_562' title='bbox 2232 3167 2457 3239; x_wconf 87' lang='lat' dir='ltr'><strong>reposita</strong></span> <span class='ocrx_word' id='word_1_563' title='bbox 2493 3175 2569 3220; x_wconf 88' lang='lat' dir='ltr'><strong>est</strong></span> <span class='ocrx_word' id='word_1_564' title='bbox 2608 3164 2738 3218; x_wconf 85' lang='lat' dir='ltr'><strong>mihi</strong></span> <span class='ocrx_word' id='word_1_565' title='bbox 2779 3178 2972 3216; x_wconf 86' lang='lat' dir='ltr'><strong>corona</strong></span> <span class='ocrx_word' id='word_1_566' title='bbox 2994 3158 3239 3230; x_wconf 76' lang='lat' dir='ltr'><strong>justitite,</strong></span> <span class='ocrx_word' id='word_1_567' title='bbox 3279 3173 3442 3227; x_wconf 81' lang='lat' dir='ltr'><strong>quam</strong></span> <span class='ocrx_word' id='word_1_568' title='bbox 3490 3154 3661 3209; x_wconf 76' lang='lat' dir='ltr'><strong>reddet</strong></span> <span class='ocrx_word' id='word_1_569' title='bbox 3687 3150 3797 3205; x_wconf 83' lang='lat' dir='ltr'><strong>mihi</strong></span> 
     </span>
    </p>
   </div>
   <div class='ocr_carea' id='block_1_73' title="bbox 2232 3240 3800 3322">
    <p class='ocr_par' dir='ltr' id='par_1_73' title="bbox 2232 3240 3800 3322">
     <span class='ocr_line' id='line_1_75' title="bbox 2232 3240 3800 3322; baseline -0.013 -8"><span class='ocrx_word' id='word_1_570' title='bbox 2232 3259 2490 3314; x_wconf 89' lang='lat' dir='ltr'><strong>Dominus</strong></span> <span class='ocrx_word' id='word_1_571' title='bbox 2518 3258 2575 3310; x_wconf 89' lang='lat' dir='ltr'><strong>in</strong></span> <span class='ocrx_word' id='word_1_572' title='bbox 2606 3254 2701 3309; x_wconf 88' lang='lat' dir='ltr'><strong>illa</strong></span> <span class='ocrx_word' id='word_1_573' title='bbox 2743 3254 2829 3307; x_wconf 87' lang='lat' dir='ltr'><strong>die</strong></span> <span class='ocrx_word' id='word_1_574' title='bbox 2863 3253 3043 3322; x_wconf 88' lang='lat' dir='ltr'><strong>justus</strong></span> <span class='ocrx_word' id='word_1_575' title='bbox 3065 3249 3235 3319; x_wconf 72' lang='lat' dir='ltr'><strong>judea:</strong></span> <span class='ocrx_word' id='word_1_576' title='bbox 3266 3262 3285 3300; x_wconf 85' lang='lat'><strong>.&#39;</strong></span> <span class='ocrx_word' id='word_1_577' title='bbox 3320 3264 3424 3302; x_wconf 86' lang='lat' dir='ltr'><strong>non</strong></span> <span class='ocrx_word' id='word_1_578' title='bbox 3467 3245 3633 3301; x_wconf 88' lang='lat' dir='ltr'><strong>solum</strong></span> <span class='ocrx_word' id='word_1_579' title='bbox 3667 3240 3800 3305; x_wconf 81' lang='lat' dir='ltr'><strong>mihi,</strong></span> 
     </span>
    </p>
   </div>
   <div class='ocr_carea' id='block_1_74' title="bbox 2235 3333 3795 3417">
    <p class='ocr_par' dir='ltr' id='par_1_74' title="bbox 2235 3333 3795 3417">
     <span class='ocr_line' id='line_1_76' title="bbox 2235 3333 3795 3417; baseline -0.013 -11"><span class='ocrx_word' id='word_1_580' title='bbox 2235 3355 2324 3406; x_wconf 86' lang='lat' dir='ltr'><strong>sed</strong></span> <span class='ocrx_word' id='word_1_581' title='bbox 2352 3360 2399 3404; x_wconf 90' lang='lat' dir='ltr'><strong>et</strong></span> <span class='ocrx_word' id='word_1_582' title='bbox 2422 3348 2663 3404; x_wconf 87' lang='lat' dir='ltr'><strong>omnibus</strong></span> <span class='ocrx_word' id='word_1_583' title='bbox 2692 3346 2781 3417; x_wconf 89' lang='lat' dir='ltr'><strong>qui</strong></span> <span class='ocrx_word' id='word_1_584' title='bbox 2808 3343 3104 3397; x_wconf 71' lang='lat' dir='ltr'><strong>dilexerunt</strong></span> <span class='ocrx_word' id='word_1_585' title='bbox 3133 3339 3397 3411; x_wconf 85' lang='lat' dir='ltr'><strong>justitiam</strong></span> <span class='ocrx_word' id='word_1_586' title='bbox 3429 3339 3547 3408; x_wconf 84' lang='lat' dir='ltr'><strong>ejus</strong></span> <span class='ocrx_word' id='word_1_587' title='bbox 3570 3335 3649 3407; x_wconf 86' lang='lat' dir='ltr'><strong>(Il</strong></span> <span class='ocrx_word' id='word_1_588' title='bbox 3678 3333 3795 3386; x_wconf 86' lang='lat' dir='ltr'><strong>Tim.</strong></span> 
     </span>
    </p>
   </div>
   <div class='ocr_carea' id='block_1_75' title="bbox 2238 3423 3798 3512">
    <p class='ocr_par' dir='ltr' id='par_1_75' title="bbox 2238 3423 3798 3512">
     <span class='ocr_line' id='line_1_77' title="bbox 2238 3423 3798 3512; baseline -0.012 -16"><span class='ocrx_word' id='word_1_589' title='bbox 2238 3440 2336 3512; x_wconf 82' lang='lat' dir='ltr'><strong>tv),</strong></span> <span class='ocrx_word' id='word_1_590' title='bbox 2376 3448 2431 3494; x_wconf 90' lang='lat' dir='ltr'><strong>et</strong></span> <span class='ocrx_word' id='word_1_591' title='bbox 2457 3439 2637 3512; x_wconf 71' lang='lat' dir='ltr'><strong>omnia</strong></span> <span class='ocrx_word' id='word_1_592' title='bbox 2665 3435 2844 3491; x_wconf 81' lang='lat' dir='ltr'><strong>Patris</strong></span> <span class='ocrx_word' id='word_1_593' title='bbox 2868 3433 3120 3489; x_wconf 88' lang='lat' dir='ltr'><strong>mandata</strong></span> <span class='ocrx_word' id='word_1_594' title='bbox 3144 3430 3409 3485; x_wconf 82' lang='lat' dir='ltr'><strong>fecerunt.</strong></span> <span class='ocrx_word' id='word_1_595' title='bbox 3466 3427 3615 3481; x_wconf 82' lang='lat' dir='ltr'><strong>Finis</strong></span> <span class='ocrx_word' id='word_1_596' title='bbox 3644 3423 3798 3481; x_wconf 78' lang='lat' dir='ltr'><strong>verbi:</strong></span> 
     </span>
    </p>
   </div>
   <div class='ocr_carea' id='block_1_76' title="bbox 2239 3503 3801 3594">
    <p class='ocr_par' dir='ltr' id='par_1_76' title="bbox 2239 3503 3801 3594">
     <span class='ocr_line' id='line_1_78' title="bbox 2239 3503 3801 3594; baseline -0.012 -9"><span class='ocrx_word' id='word_1_597' title='bbox 2239 3531 2415 3585; x_wconf 87' lang='lat' dir='ltr'><strong>omnia</strong></span> <span class='ocrx_word' id='word_1_598' title='bbox 2436 3529 2585 3594; x_wconf 67' lang='lat' dir='ltr'><strong>aridi,</strong></span> <span class='ocrx_word' id='word_1_599' title='bbox 2602 3503 2777 3582; x_wconf 70' lang='lat' dir='ltr'><strong>IDeum</strong></span> <span class='ocrx_word' id='word_1_600' title='bbox 2798 3526 2943 3589; x_wconf 87' lang='lat' dir='ltr'><strong>time,</strong></span> <span class='ocrx_word' id='word_1_601' title='bbox 2964 3534 3009 3577; x_wconf 88' lang='lat' dir='ltr'><strong>et</strong></span> <span class='ocrx_word' id='word_1_602' title='bbox 3031 3522 3281 3575; x_wconf 87' lang='lat' dir='ltr'><strong>mandata</strong></span> <span class='ocrx_word' id='word_1_603' title='bbox 3304 3519 3418 3590; x_wconf 88' lang='lat' dir='ltr'><strong>ejus</strong></span> <span class='ocrx_word' id='word_1_604' title='bbox 3444 3517 3676 3581; x_wconf 83' lang='lat' dir='ltr'><strong>custodi;</strong></span> <span class='ocrx_word' id='word_1_605' title='bbox 3697 3530 3801 3584; x_wconf 82' lang='lat' dir='ltr'><strong>quo-</strong></span> 
     </span>
    </p>
   </div>
   <div class='ocr_carea' id='block_1_77' title="bbox 2244 3604 3802 3679">
    <p class='ocr_par' dir='ltr' id='par_1_77' title="bbox 2244 3604 3802 3679">
     <span class='ocr_line' id='line_1_79' title="bbox 2244 3604 3802 3679; baseline -0.013 -4"><span class='ocrx_word' id='word_1_606' title='bbox 2244 3623 2385 3675; x_wconf 90' lang='lat' dir='ltr'><strong>niam</strong></span> <span class='ocrx_word' id='word_1_607' title='bbox 2433 3619 2602 3672; x_wconf 88' lang='lat' dir='ltr'><strong>omnis</strong></span> <span class='ocrx_word' id='word_1_608' title='bbox 2652 3617 2807 3670; x_wconf 88' lang='lat' dir='ltr'><strong>homo</strong></span> <span class='ocrx_word' id='word_1_609' title='bbox 2840 3631 2859 3669; x_wconf 90' lang='lat'><strong><em>:</em></strong></span> <span class='ocrx_word' id='word_1_610' title='bbox 2904 3614 3200 3667; x_wconf 82' lang='lat' dir='ltr'><strong>universum</strong></span> <span class='ocrx_word' id='word_1_611' title='bbox 3234 3626 3363 3679; x_wconf 88' lang='lat' dir='ltr'><strong>opus</strong></span> <span class='ocrx_word' id='word_1_612' title='bbox 3411 3607 3557 3662; x_wconf 84' lang='lat' dir='ltr'><strong>Deus</strong></span> <span class='ocrx_word' id='word_1_613' title='bbox 3602 3604 3802 3659; x_wconf 81' lang='lat' dir='ltr'><strong>adducet</strong></span> 
     </span>
    </p>
   </div>
   <div class='ocr_carea' id='block_1_78' title="bbox 2242 3691 3802 3781">
    <p class='ocr_par' dir='ltr' id='par_1_78' title="bbox 2242 3691 3802 3781">
     <span class='ocr_line' id='line_1_80' title="bbox 2242 3691 3802 3781; baseline -0.012 -16"><span class='ocrx_word' id='word_1_614' title='bbox 2242 3711 2297 3765; x_wconf 88' lang='lat' dir='ltr'><strong>in</strong></span> <span class='ocrx_word' id='word_1_615' title='bbox 2319 3710 2610 3781; x_wconf 85' lang='lat' dir='ltr'><strong>judicium,</strong></span> <span class='ocrx_word' id='word_1_616' title='bbox 2640 3708 2747 3762; x_wconf 84' lang='lat' dir='ltr'><strong>sive</strong></span> <span class='ocrx_word' id='word_1_617' title='bbox 2776 3706 2989 3769; x_wconf 88' lang='lat' dir='ltr'><strong>bonum,</strong></span> <span class='ocrx_word' id='word_1_618' title='bbox 3018 3704 3123 3757; x_wconf 84' lang='lat' dir='ltr'><strong>sive</strong></span> <span class='ocrx_word' id='word_1_619' title='bbox 3153 3699 3352 3755; x_wconf 87' lang='lat' dir='ltr'><strong>malum</strong></span> <span class='ocrx_word' id='word_1_620' title='bbox 3393 3700 3464 3753; x_wconf 90' lang='lat' dir='ltr'><strong>sit</strong></span> <span class='ocrx_word' id='word_1_621' title='bbox 3501 3696 3665 3770; x_wconf 86' lang='lat' dir='ltr'><strong>(Eccl.</strong></span> <span class='ocrx_word' id='word_1_622' title='bbox 3696 3691 3802 3766; x_wconf 81' lang='grc' dir='ltr'><strong>ω).</strong></span> 
     </span>
    </p>
   </div>
   <div class='ocr_carea' id='block_1_79' title="bbox 2321 3877 3291 3961">
    <p class='ocr_par' dir='ltr' id='par_1_79' title="bbox 2321 3877 3291 3961">
     <span class='ocr_line' id='line_1_81' title="bbox 2321 3877 3291 3961; baseline -0.015 -17"><span class='ocrx_word' id='word_1_623' title='bbox 2321 3890 2548 3961; x_wconf 71' lang='lat' dir='ltr'><strong>Eapficit</strong></span> <span class='ocrx_word' id='word_1_624' title='bbox 2588 3886 2827 3941; x_wconf 80' lang='lat' dir='ltr'><strong>doctrina</strong></span> <span class='ocrx_word' id='word_1_625' title='bbox 2855 3881 3022 3937; x_wconf 84' lang='lat' dir='ltr'><strong>sancti</strong></span> <span class='ocrx_word' id='word_1_626' title='bbox 3053 3877 3291 3933; x_wconf 87' lang='lat' dir='ltr'><strong>Orsiesii.</strong></span> 
     </span>
    </p>
   </div>
   <div class='ocr_carea' id='block_1_80' title="bbox 3200 4061 3795 4091">
    <p class='ocr_par' dir='ltr' id='par_1_80' title="bbox 3200 4061 3795 4091">
     <span class='ocr_line' id='line_1_82' title="bbox 3200 4061 3795 4091; baseline -0.018 1"><span class='ocrx_word' id='word_1_627' title='bbox 3200 4061 3795 4091; x_wconf 64' lang='lat'><strong>........______..——-—-</strong></span> 
     </span>
    </p>
   </div>
   <div class='ocr_carea' id='block_1_81' title="bbox 2080 4203 3040 4317">
    <p class='ocr_par' dir='ltr' id='par_1_81' title="bbox 2080 4203 3040 4317">
     <span class='ocr_line' id='line_1_83' title="bbox 2080 4203 3040 4317; baseline -0.01 1"><span class='ocrx_word' id='word_1_628' title='bbox 2080 4203 3040 4317; x_wconf 82' lang='lat' dir='ltr'><strong>ORIENTALIS</strong></span> 
     </span>
    </p>
   </div>
   <div class='ocr_carea' id='block_1_82' title="bbox 1048 4396 3326 4485">
    <p class='ocr_par' dir='ltr' id='par_1_82' title="bbox 1048 4396 3326 4485">
     <span class='ocr_line' id='line_1_84' title="bbox 1048 4396 3326 4485; baseline -0.013 1"><span class='ocrx_word' id='word_1_629' title='bbox 1048 4418 1602 4485; x_wconf 78' lang='lat' dir='ltr'><strong>ORIENTALIUM</strong></span> <span class='ocrx_word' id='word_1_630' title='bbox 1650 4411 1988 4476; x_wconf 79' lang='lat' dir='ltr'><strong>REGULIS</strong></span> <span class='ocrx_word' id='word_1_631' title='bbox 2029 4407 2447 4471; x_wconf 82' lang='lat' dir='ltr'><strong>COLLECTA</strong></span> <span class='ocrx_word' id='word_1_632' title='bbox 2497 4408 2543 4465; x_wconf 79' lang='grc' dir='ltr'>Α</span> <span class='ocrx_word' id='word_1_633' title='bbox 2594 4403 2900 4465; x_wconf 75' lang='lat' dir='ltr'><strong>VlGlLlO</strong></span> <span class='ocrx_word' id='word_1_634' title='bbox 2944 4396 3326 4461; x_wconf 77' lang='lat' dir='ltr'><strong>DIACONO.</strong></span> 
     </span>
    </p>
   </div>
   <div class='ocr_carea' id='block_1_83' title="bbox 1375 4622 3047 4705">
    <p class='ocr_par' dir='ltr' id='par_1_83' title="bbox 1375 4622 3047 4705">
     <span class='ocr_line' id='line_1_85' title="bbox 1375 4622 3047 4705; baseline -0.016 -1"><span class='ocrx_word' id='word_1_635' title='bbox 1375 4648 1465 4704; x_wconf 86' lang='lat' dir='ltr'><strong>DE</strong></span> <span class='ocrx_word' id='word_1_636' title='bbox 1505 4646 1782 4705; x_wconf 69' lang='lat' dir='ltr'><strong>REGULA</strong></span> <span class='ocrx_word' id='word_1_637' title='bbox 1822 4639 2192 4700; x_wconf 77' lang='lat' dir='ltr'><strong>ORIENTALI</strong></span> <span class='ocrx_word' id='word_1_638' title='bbox 2231 4634 2568 4694; x_wconf 78' lang='lat' dir='ltr'><strong>VETERUM</strong></span> <span class='ocrx_word' id='word_1_639' title='bbox 2608 4622 3047 4686; x_wconf 75' lang='lat' dir='ltr'><strong>TESTIMONIA.</strong></span> 
     </span>
    </p>
   </div>
   <div class='ocr_carea' id='block_1_84' title="bbox 1540 4814 2862 4898">
    <p class='ocr_par' dir='ltr' id='par_1_84' title="bbox 1540 4814 2862 4898">
     <span class='ocr_line' id='line_1_86' title="bbox 1540 4814 2862 4898; baseline -0.014 -11"><span class='ocrx_word' id='word_1_640' title='bbox 1540 4831 1842 4887; x_wconf 80' lang='lat' dir='ltr'><strong>Gennadius</strong></span> <span class='ocrx_word' id='word_1_641' title='bbox 1886 4830 2092 4886; x_wconf 83' lang='lat' dir='ltr'><strong>Massil.</strong></span> <span class='ocrx_word' id='word_1_642' title='bbox 2138 4828 2331 4898; x_wconf 85' lang='lat' dir='ltr'><strong>Script.</strong></span> <span class='ocrx_word' id='word_1_643' title='bbox 2377 4822 2551 4885; x_wconf 87' lang='lat' dir='ltr'><strong>Eccl.,</strong></span> <span class='ocrx_word' id='word_1_644' title='bbox 2608 4835 2721 4888; x_wconf 84' lang='lat' dir='ltr'><strong>cap.</strong></span> <span class='ocrx_word' id='word_1_645' title='bbox 2775 4814 2862 4870; x_wconf 83' lang='lat'><strong>5|.</strong></span> 
     </span>
    </p>
   </div>
   <div class='ocr_carea' id='block_1_85' title="bbox 646 4888 3808 5008">
    <p class='ocr_par' dir='ltr' id='par_1_85' title="bbox 646 4888 3808 5008">
     <span class='ocr_line' id='line_1_87' title="bbox 646 4888 3808 5008; baseline -0.009 -13"><span class='ocrx_word' id='word_1_646' title='bbox 646 4937 875 5008; x_wconf 8' lang='lat' dir='ltr'><strong>Vigiliuﬁs</strong></span> <span class='ocrx_word' id='word_1_647' title='bbox 900 4933 1162 4989; x_wconf 82' lang='lat' dir='ltr'><strong>diaconus</strong></span> <span class='ocrx_word' id='word_1_648' title='bbox 1194 4927 1496 4998; x_wconf 84' lang='lat' dir='ltr'><strong>composuit</strong></span> <span class='ocrx_word' id='word_1_649' title='bbox 1521 4942 1587 4980; x_wconf 78' lang='lat' dir='ltr'><strong>ex</strong></span> <span class='ocrx_word' id='word_1_650' title='bbox 1616 4925 1908 4979; x_wconf 83' lang='lat' dir='ltr'><strong>traditione</strong></span> <span class='ocrx_word' id='word_1_651' title='bbox 1940 4923 2186 4984; x_wconf 84' lang='lat' dir='ltr'><strong>Patrum,</strong></span> <span class='ocrx_word' id='word_1_652' title='bbox 2216 4916 2603 4973; x_wconf 84' lang='lat' dir='ltr'><strong>monachorum</strong></span> <span class='ocrx_word' id='word_1_653' title='bbox 2636 4907 2896 4976; x_wconf 69' lang='lat' dir='ltr'><strong>regulam.</strong></span> <span class='ocrx_word' id='word_1_654' title='bbox 2923 4915 3043 4971; x_wconf 70' lang='grc' dir='ltr'><strong>(ιυεε</strong></span> <span class='ocrx_word' id='word_1_655' title='bbox 3086 4898 3140 4952; x_wconf 73' lang='grc' dir='ltr'><strong>ίιι</strong></span> <span class='ocrx_word' id='word_1_656' title='bbox 3166 4894 3414 4978; x_wconf 67' lang='grc' dir='ltr'><strong>ορειιρὺίρ</strong></span> <span class='ocrx_word' id='word_1_657' title='bbox 3443 4892 3511 4946; x_wconf 71' lang='lat' dir='ltr'><strong>ad</strong></span> <span class='ocrx_word' id='word_1_658' title='bbox 3537 4888 3808 4960; x_wconf 58' lang='lat' dir='ltr'><strong>meedum</strong></span> 
     </span>
     <span class='ocr_line' id='line_1_88' title="bbox 1254 4961 3808 5008; baseline 0 0"><span class='ocrx_word' id='word_1_659' title='bbox 1254 4999 1266 5008; x_wconf 92' lang='lat'><strong>.</strong></span> <span class='ocrx_word' id='word_1_660' title='bbox 1341 5000 1353 5008; x_wconf 89' lang='lat'><strong>.</strong></span> <span class='ocrx_word' id='word_1_661' title='bbox 1499 4997 1514 5008; x_wconf 89' lang='lat'><strong>.</strong></span> <span class='ocrx_word' id='word_1_662' title='bbox 1636 4996 1646 5007; x_wconf 92' lang='lat'><strong>.</strong></span> <span class='ocrx_word' id='word_1_663' title='bbox 1695 5004 1702 5008; x_wconf 32' lang='grc' dir='ltr'><strong>Α</strong></span> <span class='ocrx_word' id='word_1_664' title='bbox 1820 5002 1830 5008; x_wconf 87' lang='grc'><strong>.</strong></span> <span class='ocrx_word' id='word_1_665' title='bbox 2019 5004 2029 5008; x_wconf 86' lang='grc'><strong>-</strong></span> <span class='ocrx_word' id='word_1_666' title='bbox 2126 5006 2167 5008; x_wconf 41' lang='grc' dir='ltr'>η</span> <span class='ocrx_word' id='word_1_667' title='bbox 2199 5003 2366 5008; x_wconf 65' lang='lat'><strong>,_--__-</strong></span> <span class='ocrx_word' id='word_1_668' title='bbox 2442 4984 2605 5008; x_wconf 76' lang='lat'><strong>....:....</strong></span> <span class='ocrx_word' id='word_1_669' title='bbox 2643 4975 2956 5008; x_wconf 67' lang='grc' dir='ltr'><strong>...ηηηοιίηω</strong></span> <span class='ocrx_word' id='word_1_670' title='bbox 2983 4968 3339 5008; x_wconf 70' lang='lat' dir='ltr'><strong>nmfnccmnm</strong></span> <span class='ocrx_word' id='word_1_671' title='bbox 3380 4979 3431 5008; x_wconf 88' lang='lat' dir='ltr'><strong>In</strong></span> <span class='ocrx_word' id='word_1_672' title='bbox 3476 4977 3538 5008; x_wconf 71' lang='lat' dir='ltr'><strong>se</strong></span> <span class='ocrx_word' id='word_1_673' title='bbox 3564 4961 3808 5008; x_wconf 78' lang='lat' dir='ltr'><strong>tenentem</strong></span> 
     </span>
    </p>
   </div>
   <div class='ocr_carea' id='block_1_86' title="bbox 571 4996 2392 5071">
    <p class='ocr_par' dir='ltr' id='par_1_86' title="bbox 571 4996 2392 5071">
     <span class='ocr_line' id='line_1_89' title="bbox 571 4996 2392 5071; baseline -0.013 -7"><span class='ocrx_word' id='word_1_674' title='bbox 571 4996 800 5071; x_wconf 77' lang='lat' dir='ltr'><strong>frater</strong></span> <span class='ocrx_word' id='word_1_675' title='bbox 838 5007 893 5062; x_wconf 92' lang='lat' dir='ltr'><strong>in</strong></span> <span class='ocrx_word' id='word_1_676' title='bbox 933 5010 1203 5061; x_wconf 86' lang='lat' dir='ltr'><strong>conventu</strong></span> <span class='ocrx_word' id='word_1_677' title='bbox 1254 4996 1468 5068; x_wconf 62' lang='lat' dir='ltr'><strong>legitur,</strong></span> <span class='ocrx_word' id='word_1_678' title='bbox 1499 4996 1746 5051; x_wconf 85' lang='lat' dir='ltr'><strong>breviato</strong></span> <span class='ocrx_word' id='word_1_679' title='bbox 1784 5002 1838 5049; x_wconf 94' lang='lat' dir='ltr'><strong>ct</strong></span> <span class='ocrx_word' id='word_1_680' title='bbox 1884 5004 2072 5063; x_wconf 89' lang='lat' dir='ltr'><strong>aperto</strong></span> <span class='ocrx_word' id='word_1_681' title='bbox 2119 5003 2392 5053; x_wconf 85' lang='lat' dir='ltr'><strong>sermone,</strong></span> 
     </span>
    </p>
   </div>
   <div class='ocr_carea' id='block_1_87' title="bbox 574 5078 932 5149">
    <p class='ocr_par' dir='ltr' id='par_1_87' title="bbox 574 5078 932 5149">
     <span class='ocr_line' id='line_1_90' title="bbox 574 5078 932 5149; baseline -0.014 -13"><span class='ocrx_word' id='word_1_682' title='bbox 574 5078 932 5149; x_wconf 53' lang='lat' dir='ltr'><strong>disciplinam:</strong></span> 
     </span>
    </p>
   </div>
   <div class='ocr_carea' id='block_1_88' title="bbox 2442 4961 3809 5041">
    <p class='ocr_par' dir='ltr' id='par_1_88' title="bbox 2442 4961 3809 5041">
     <span class='ocr_line' id='line_1_91' title="bbox 2442 4961 3809 5041; baseline -0.026 -2"><span class='ocrx_word' id='word_1_683' title='bbox 2442 4961 2609 5039; x_wconf 66' lang='lat' dir='ltr'><strong>totius</strong></span> <span class='ocrx_word' id='word_1_684' title='bbox 2638 4961 2959 5033; x_wconf 62' lang='lat' dir='ltr'><strong>monastieai</strong></span> <span class='ocrx_word' id='word_1_685' title='bbox 2983 4965 3339 5041; x_wconf 78' lang='lat' dir='ltr'><strong>professionis</strong></span> <span class='ocrx_word' id='word_1_686' title='bbox 3377 4963 3434 5018; x_wconf 90' lang='lat' dir='ltr'><strong>in</strong></span> <span class='ocrx_word' id='word_1_687' title='bbox 3476 4977 3538 5018; x_wconf 89' lang='lat' dir='ltr'><strong>se</strong></span> <span class='ocrx_word' id='word_1_688' title='bbox 3564 4961 3809 5015; x_wconf 80' lang='lat' dir='ltr'><strong>tenentem</strong></span> 
     </span>
    </p>
   </div>
   <div class='ocr_carea' id='block_1_89' title="bbox 656 5093 3812 5204">
    <p class='ocr_par' dir='ltr' id='par_1_89' title="bbox 656 5093 3812 5204">
     <span class='ocr_line' id='line_1_92' title="bbox 656 5093 3812 5204; baseline -0.018 -1"><span class='ocrx_word' id='word_1_689' title='bbox 656 5093 1231 5204; x_wconf 51' lang='lat' dir='ltr'><strong>gliprigllignlienedictus</strong></span> <span class='ocrx_word' id='word_1_690' title='bbox 1254 5140 1478 5195; x_wconf 74' lang='lat' dir='ltr'><strong>Anianm</strong></span> <span class='ocrx_word' id='word_1_691' title='bbox 1500 5136 1669 5192; x_wconf 85' lang='lat' dir='ltr'><strong>abbas</strong></span> <span class='ocrx_word' id='word_1_692' title='bbox 1691 5132 2004 5190; x_wconf 73' lang='lat' dir='ltr'><strong>Concordia:</strong></span> <span class='ocrx_word' id='word_1_693' title='bbox 2028 5129 2358 5203; x_wconf 67' lang='lat' dir='ltr'><strong>[tegularum</strong></span> <span class='ocrx_word' id='word_1_694' title='bbox 2381 5125 2549 5183; x_wconf 88' lang='lat' dir='ltr'><strong>multa</strong></span> <span class='ocrx_word' id='word_1_695' title='bbox 2570 5117 2882 5184; x_wconf 87' lang='lat' dir='ltr'><strong>Orientalis,</strong></span> <span class='ocrx_word' id='word_1_696' title='bbox 2910 5114 3023 5170; x_wconf 89' lang='lat' dir='ltr'><strong>sive</strong></span> <span class='ocrx_word' id='word_1_697' title='bbox 3052 5105 3407 5166; x_wconf 89' lang='lat' dir='ltr'><strong>Orientalium</strong></span> <span class='ocrx_word' id='word_1_698' title='bbox 3441 5101 3634 5173; x_wconf 70' lang='lat' dir='ltr'><strong>regula:</strong></span> <span class='ocrx_word' id='word_1_699' title='bbox 3658 5093 3812 5165; x_wconf 69' lang='lat' dir='ltr'><strong>capita</strong></span> 
     </span>
    </p>
   </div>
   <div class='ocr_carea' id='block_1_90' title="bbox 575 5219 785 5281">
    <p class='ocr_par' dir='ltr' id='par_1_90' title="bbox 575 5219 785 5281">
     <span class='ocr_line' id='line_1_93' title="bbox 575 5219 785 5281; baseline 0.01 -10"><span class='ocrx_word' id='word_1_700' title='bbox 575 5219 785 5281; x_wconf 72' lang='lat' dir='ltr'><strong>luserit.</strong></span> 
     </span>
    </p>
   </div>
   <div class='ocr_carea' id='block_1_91' title="bbox 650 5232 3811 5357">
    <p class='ocr_par' dir='ltr' id='par_1_91' title="bbox 650 5232 3811 5357">
     <span class='ocr_line' id='line_1_94' title="bbox 650 5232 3811 5357; baseline -0.017 -13"><span class='ocrx_word' id='word_1_701' title='bbox 650 5232 981 5357; x_wconf 48' lang='lat' dir='ltr'><strong>Erillragdus</strong></span> <span class='ocrx_word' id='word_1_702' title='bbox 1008 5281 1414 5357; x_wconf 72' lang='lat' dir='ltr'><strong>quoque_abbas</strong></span> <span class='ocrx_word' id='word_1_703' title='bbox 1442 5279 1496 5357; x_wconf 72' lang='lat' dir='ltr'><strong>in</strong></span> <span class='ocrx_word' id='word_1_704' title='bbox 1525 5275 1861 5357; x_wconf 70' lang='lat' dir='ltr'><strong>expositione</strong></span> <span class='ocrx_word' id='word_1_705' title='bbox 1892 5273 2109 5357; x_wconf 53' lang='lat' dir='ltr'><strong>Regulae</strong></span> <span class='ocrx_word' id='word_1_706' title='bbox 2137 5268 2309 5325; x_wconf 86' lang='lat' dir='ltr'><strong>sancti</strong></span> <span class='ocrx_word' id='word_1_707' title='bbox 2348 5263 2644 5328; x_wconf 87' lang='lat' dir='ltr'><strong>Benedicti,</strong></span> <span class='ocrx_word' id='word_1_708' title='bbox 2677 5276 2797 5330; x_wconf 88' lang='lat' dir='ltr'><strong>cap.</strong></span> <span class='ocrx_word' id='word_1_709' title='bbox 2831 5257 2921 5322; x_wconf 74' lang='lat'><strong>28,</strong></span> <span class='ocrx_word' id='word_1_710' title='bbox 2960 5251 3220 5324; x_wconf 78' lang='lat' dir='ltr'><strong>Regulam</strong></span> <span class='ocrx_word' id='word_1_711' title='bbox 3258 5244 3623 5305; x_wconf 87' lang='lat' dir='ltr'><strong>Orientalem,</strong></span> <span class='ocrx_word' id='word_1_712' title='bbox 3655 5232 3811 5315; x_wconf 75' lang='lat' dir='ltr'><strong>capite</strong></span> 
     </span>
    </p>
   </div>
   <div class='ocr_carea' id='block_1_92' title="bbox 582 5344 2097 5425">
    <p class='ocr_par' dir='ltr' id='par_1_92' title="bbox 582 5344 2097 5425">
     <span class='ocr_line' id='line_1_95' title="bbox 582 5344 2097 5425; baseline -0.015 -8"><span class='ocrx_word' id='word_1_713' title='bbox 582 5368 761 5417; x_wconf 74' lang='lat' dir='ltr'><strong>autem</strong></span> <span class='ocrx_word' id='word_1_714' title='bbox 798 5344 887 5420; x_wconf 50' lang='lat' dir='ltr'><strong>MU,</strong></span> <span class='ocrx_word' id='word_1_715' title='bbox 919 5344 1176 5425; x_wconf 69' lang='lat' dir='ltr'><strong>Regulam</strong></span> <span class='ocrx_word' id='word_1_716' title='bbox 1209 5351 1430 5425; x_wconf 84' lang='lat' dir='ltr'><strong>Patrum</strong></span> <span class='ocrx_word' id='word_1_717' title='bbox 1460 5344 1815 5425; x_wconf 78' lang='lat' dir='ltr'><strong>Orientalium</strong></span> <span class='ocrx_word' id='word_1_718' title='bbox 1846 5344 2097 5425; x_wconf 68' lang='lat' dir='ltr'><strong>appellat.</strong></span> 
     </span>
    </p>
   </div>
   <div class='ocr_carea' id='block_1_93' title="bbox 650 5377 3806 5491">
    <p class='ocr_par' dir='ltr' id='par_1_93' title="bbox 650 5377 3806 5491">
     <span class='ocr_line' id='line_1_96' title="bbox 656 5377 2097 5425; baseline -0.012 -12"><span class='ocrx_word' id='word_1_719' title='bbox 656 5377 761 5413; x_wconf 82' lang='lat' dir='ltr'><strong>tem</strong></span> <span class='ocrx_word' id='word_1_720' title='bbox 798 5377 887 5420; x_wconf 76' lang='grc' dir='ltr'><strong>οι,</strong></span> <span class='ocrx_word' id='word_1_721' title='bbox 920 5377 1176 5425; x_wconf 65' lang='lat' dir='ltr'><strong>Regulam</strong></span> <span class='ocrx_word' id='word_1_722' title='bbox 1210 5377 1430 5406; x_wconf 78' lang='lat' dir='ltr'><strong>rutrum</strong></span> <span class='ocrx_word' id='word_1_723' title='bbox 1460 5377 1815 5405; x_wconf 72' lang='lat' dir='ltr'><strong>unumunum</strong></span> <span class='ocrx_word' id='word_1_724' title='bbox 1846 5377 2097 5413; x_wconf 71' lang='grc' dir='ltr'><strong>ανγυιιαι.</strong></span> 
     </span>
     <span class='ocr_line' id='line_1_97' title="bbox 650 5377 3806 5491; baseline -0.015 -8"><span class='ocrx_word' id='word_1_725' title='bbox 650 5429 882 5485; x_wconf 78' lang='lat' dir='ltr'><strong>Annales</strong></span> <span class='ocrx_word' id='word_1_726' title='bbox 910 5425 1260 5479; x_wconf 83' lang='lat' dir='ltr'><strong>Trevirenses</strong></span> <span class='ocrx_word' id='word_1_727' title='bbox 1290 5422 1341 5475; x_wconf 92' lang='lat' dir='ltr'><strong>in</strong></span> <span class='ocrx_word' id='word_1_728' title='bbox 1370 5420 1626 5491; x_wconf 79' lang='lat' dir='ltr'><strong>Apologia</strong></span> <span class='ocrx_word' id='word_1_729' title='bbox 1666 5414 1979 5472; x_wconf 85' lang='lat' dir='ltr'><strong>monasterii</strong></span> <span class='ocrx_word' id='word_1_730' title='bbox 2010 5411 2182 5469; x_wconf 89' lang='lat' dir='ltr'><strong>sancti</strong></span> <span class='ocrx_word' id='word_1_731' title='bbox 2211 5406 2488 5464; x_wconf 74' lang='lat' dir='ltr'><strong>Maximini</strong></span> <span class='ocrx_word' id='word_1_732' title='bbox 2518 5413 2661 5476; x_wconf 86' lang='lat' dir='ltr'><strong>part.</strong></span> <span class='ocrx_word' id='word_1_733' title='bbox 2696 5417 2759 5468; x_wconf 87' lang='grc' dir='ltr'>ιι,</span> <span class='ocrx_word' id='word_1_734' title='bbox 2791 5414 2910 5469; x_wconf 89' lang='lat' dir='ltr'><strong>cap.</strong></span> <span class='ocrx_word' id='word_1_735' title='bbox 2944 5395 2993 5448; x_wconf 87' lang='lat' dir='ltr'><strong>l.</strong></span> <span class='ocrx_word' id='word_1_736' title='bbox 3040 5392 3107 5447; x_wconf 87' lang='lat' dir='ltr'><strong>Et</strong></span> <span class='ocrx_word' id='word_1_737' title='bbox 3137 5391 3279 5461; x_wconf 80' lang='lat' dir='ltr'><strong>apud</strong></span> <span class='ocrx_word' id='word_1_738' title='bbox 3302 5383 3611 5456; x_wconf 72' lang='lat' dir='ltr'><strong>Cbrisloph.</strong></span> <span class='ocrx_word' id='word_1_739' title='bbox 3636 5377 3806 5431; x_wconf 68' lang='grc' dir='ltr'><strong>Βῐοῖο·</strong></span> 
     </span>
    </p>
   </div>
   <div class='ocr_carea' id='block_1_94' title="bbox 582 5492 1394 5555">
    <p class='ocr_par' dir='ltr' id='par_1_94' title="bbox 582 5492 1394 5555">
     <span class='ocr_line' id='line_1_98' title="bbox 582 5492 1394 5555; baseline -0.012 0"><span class='ocrx_word' id='word_1_740' title='bbox 582 5514 698 5555; x_wconf 83' lang='lat' dir='ltr'><strong>rum</strong></span> <span class='ocrx_word' id='word_1_741' title='bbox 731 5499 824 5553; x_wconf 92' lang='lat' dir='ltr'><strong>lib.</strong></span> <span class='ocrx_word' id='word_1_742' title='bbox 853 5514 922 5552; x_wconf 81' lang='lat' dir='ltr'><strong>vn</strong></span> <span class='ocrx_word' id='word_1_743' title='bbox 961 5494 1155 5549; x_wconf 77' lang='lat' dir='ltr'><strong>Annal.</strong></span> <span class='ocrx_word' id='word_1_744' title='bbox 1187 5492 1394 5546; x_wconf 87' lang='lat' dir='ltr'><strong>Trevir.</strong></span> 
     </span>
    </p>
   </div>
   <div class='ocr_carea' id='block_1_95' title="bbox 653 5535 3297 5632">
    <p class='ocr_par' dir='ltr' id='par_1_95' title="bbox 653 5535 3297 5632">
     <span class='ocr_line' id='line_1_99' title="bbox 653 5535 3297 5632; baseline -0.014 -9"><span class='ocrx_word' id='word_1_745' title='bbox 653 5535 842 5624; x_wconf 54' lang='lat' dir='ltr'><strong>Erelcuta</strong></span> <span class='ocrx_word' id='word_1_746' title='bbox 872 5535 971 5620; x_wconf 66' lang='lat' dir='ltr'><strong>l‘liit</strong></span> <span class='ocrx_word' id='word_1_747' title='bbox 1002 5535 1198 5621; x_wconf 70' lang='lat' dir='ltr'><strong>ibidem</strong></span> <span class='ocrx_word' id='word_1_748' title='bbox 1230 5535 1418 5632; x_wconf 48' lang='lat' dir='ltr'><strong>religio</strong></span> <span class='ocrx_word' id='word_1_749' title='bbox 1445 5560 1754 5617; x_wconf 83' lang='lat' dir='ltr'><strong>Christiana</strong></span> <span class='ocrx_word' id='word_1_750' title='bbox 1800 5554 2095 5610; x_wconf 81' lang='lat' dir='ltr'><strong>monastiea</strong></span> <span class='ocrx_word' id='word_1_751' title='bbox 2129 5550 2227 5606; x_wconf 90' lang='lat' dir='ltr'><strong>sub</strong></span> <span class='ocrx_word' id='word_1_752' title='bbox 2260 5548 2465 5619; x_wconf 73' lang='lat' dir='ltr'><strong>Regula</strong></span> <span class='ocrx_word' id='word_1_753' title='bbox 2497 5541 2853 5603; x_wconf 84' lang='lat' dir='ltr'><strong>Orientalium</strong></span> <span class='ocrx_word' id='word_1_754' title='bbox 2891 5535 3297 5591; x_wconf 59' lang='lat' dir='ltr'><strong>Monacbornm.</strong></span> 
     </span>
    </p>
   </div>
  </div>
