3942 6190
176 406 264 464 ιῖτ

836 408 1064 466 CODEX
1102 408 1553 467 REGULARUM.
1594 440 1664 449 —
1702 407 1884 463 PARS
1921 408 1962 463 I.
2005 406 2309 463 REGUL/E
2344 406 2448 463 PP.
2490 407 2767 463 ORIENT.

3307 407 3411 461 NR

941 614 1377 674 OBSERVATIO
1414 612 1686 670 CRITICA
1725 613 1792 668 IN
1833 614 2167 670 REGULAM
2205 616 2642 685 SEQUENTE“.

189 870 199 880 ο
231 797 513 880 fluensque
535 803 661 880 octo
682 794 902 867 Regulae
938 794 1293 880 Qrientalipm
1334 794 1557 880 Ifatrum
1589 799 1842 880 exhibita:
1863 808 1991 855 sunt
2018 800 2201 880 inhoc
2222 798 2381 880 Lucae
2414 797 2677 880 Holstenii
2702 798 2920 880 gudice,
2948 813 3013 852 ex
3043 795 3239 880 quibus
3269 794 3417 876 Vigi-

170 868 275 950 lius
290 865 554 950 diaconus
605 866 747 950 hanc
772 865 1161 950 monachorum
1197 865 1455 950 {tegulam
1483 871 1808 950 composuit,
1839 885 1960 950 qua:
1987 870 2140 950 pr‘oin
2172 869 2364 950 merito
2392 878 2447 922 et
2473 866 2773 950 Orientalis
2807 869 2911 950 diei
2942 865 3140 947 poteSt,
3171 865 3418 950 quamvis

172 939 216 993 in
239 936 536 1018 OcCidente.
554 936 758 1004 scripta
778 936 1044 1018 videatur.
1077 936 1297 1018 fraudat
1312 936 1699 1018 quidembanc
1728 936 2004 1018 Regulam
2025 938 2365 1002 Gennadius,
2393 939 2700 1018 asserilque
2722 939 2865 1018 illam
2887 936 3132 1018 breviato
3153 941 3417 1018 etaperto

172 1019 402 1062 sermone
440 1005 607 1076 totius
632 1002 944 1076 monastica:
971 1002 1684 1076 professionis'disciplinam
1737 1002 2039 1073 continere,
2079 1023 2145 1062 ex
2191 1022 2297 1076 qua
2339 1009 2497 1075 proin
2548 1002 2769 1063 sanctus
2815 1006 3158 1076 Benedictus,
3189 1002 3415 1076 Arriana:

172 1078 337 1158 abbas,
365 1074 839 1158 suteltegularum
865 1073 1180 1158 Cpn’eo‘rdi‘aa
1219 1076 1402 1158 multa.
1417 1073 1671 1158 inseruit;
1699 1078 2157 1158 quemadmodum
2181 1073 2604 1158 et‘Suiaragdu's
2620 1117 2636 1143 ,
2688 1077 2873 1158 S‘aucti
2906 1073 3183 1158 Michaelis
3212 1073 3264 1125 in
3314 1073 3418 1153 Lo-

172 1144 423 1218 tbaringia
443 1142 644 1218 abbas,
670 1145 733 1218 in
766 1159 864 1218 sua
892 1143 1106 1218 Regula:
1128 1144 1491 1218 Benedictinze
1517 1142 1882 1214 Expositione.
1921 1149 2150 1202 Constat
2172 1153 2353 1218 autem
2404 1142 2520 1201 haec
2564 1146 2767 1218 Regula
2804 1162 2946 1218 xnvn
2979 1142 3267 1218 capitibus,
3299 1142 3420 1218 qui:

172 1218 254 1297 bus
276 1211 573 1297 includitpr
597 1214 857 1297 quidquid
883 1215 951 1268 ad
976 1211 1177 1268 bonum
1218 1216 1477 1297 cujusque
1505 1211 1821 1297 monasterii
1849 1218 2093 1297 regimen
2110 1216 2366 1297 pertinet,
2388 1225 2448 1297 et
2477 1231 2596 1297 quae
2623 1211 2689 1271 ei
2710 1215 2914 1297 Regula
2941 1211 3122 1297 sancti
3134 1211 3418 1297 Pacquii

172 1287 476 1357 plerumque
497 1282 826 1349 desumitur;
858 1300 980 1357 eum
1007 1299 1245 1357 persaepe
1269 1282 1467 1357 ibidem
1491 1282 1936 1357 proprizesancti
1958 1282 2262 1357 Pachumii
2281 1282 2566 1357 sententia:
2604 1282 2967 1357 reperiantur.
3005 1282 3152 1357 Vixit

3192 1281 3417 1349 quidem

175 1349 397 1437 Vigilius'
424 1354 685 1434 diaconus
714 1354 912 1437 saeculo
958 1349 1298 1437 quinto,_s_ed
1346 1349 1627 1437 ignorantur
1654 1354 2293 1437 _cujus‘_ecclesizelfuerit
2320 1356 2607 1437 diaconus,
2646 1349 2894 1425 quamvis
2929 1353 3070 1434 apud
3097 1350 3283 1432 Gallos
3328 1349 3423 1403 llo-

175 1420 327 1504 misse
343 1424 607 1504 hsupponi
636 1420 831 1504 possit,
862 1420 992 1504 cum
1010 1423 1252 1504 nonnulli
1275 1420 1608 1504 contendant
1654 1420 1796 1504 hanc
1823 1425 2086 1504 Regulam
2109 1424 2461 1490 Orientalem,
2493 1426 2562 1480 ab
2586 1420 2703 1494 ipso
2732 1420 3110 1494 compositam,
3143 1420 3198 1473 in
3224 1434 3415 1473 mona-

173 1496 316 1550 sterio
342 1491 535 1548 Sancti
558 1491 834 1547 Maximini
864 1493 905 1547 Τ
914 1494 1205 1549 revireusis
1228 1494 1416 1548 eodem
1444 1495 1642 1549 saeculo
1671 1494 1840 1550 fuisse
1868 1491 2232 1550 observatam.

877 1703 1315 1788 INCIPIT
1386 1701 1879 1788 REGULA
1943 1703 2687 1787 OBIEN'I‘ALIS.

226 1904 263 1958 l.
298 1900 375 1958 Ut
408 1914 584 1970 neque
622 1900 868 1955 seniores
900 1900 953 1953 in
990 1901 1236 1972 regendis
1266 1900 1525 1959 fratribus
1553 1905 1732 1960 inani-
1766 1909 1815 1968 Α
1840 1903 2155 1959 monasterii
2180 1903 2270 1973 qui
2303 1902 2560 1958 fratribus
2588 1903 2905 1973 prrepositus
2930 1910 3033 1967 est,
3064 1903 3305 1960 referens
3351 1907 3417 1960 ad

172 2003 240 2048 ter
259 1993 533 2055 laborent,
550 2005 724 2058 neque
742 1989 1033 2058 disciplina
1059 1989 1338 2060 juniorum
1364 1992 1735 2064 vacillet,qu:e

171 2083 362 2138 abbatis
382 2081 798 2136 conversatione
828 2079 1063 2134 stabilita
1092 2080 1245 2136 firma
1282 2082 1371 2145 sit,
1400 2093 1613 2154 oportet
1640 2087 1737 2140 ab-

172 2175 326 2228 batem
359 2170 893 2240 irreprehensibilcm
925 2185 1066 2235 esse,
1095 2185 1369 2238 severum,
1414 2175 1731 2243 patientem,

134 2270 143 2279 ‘
170 2264 410 2336 jejunum,
435 2265 609 2334 pium,
631 2263 920 2318 humilem:
942 2271 1002 2318 ut
1027 2264 1263 2322 doctoris
1282 2275 1337 2321 et
1357 2266 1536 2322 Patris
1557 2269 1735 2323 locum

172 2357 372 2428 impleat
399 2356 642 2427 seipsum
670 2353 898 2409 formam
920 2355 1168 2424 prmbeus
1190 2354 1455 2410 bonorum
1484 2372 1731 2427 operum.

172 2449 239 2503 Ad
284 2448 442 2518 cujus
483 2444 883 2502 ordinationem
925 2460 1115 2500 omnes
1164 2443 1365 2500 fratres
1412 2445 1731 2516 respiciant;

172 2540 284 2593 nihil
306 2540 431 2593 sine
458 2535 685 2593 consilio
708 2543 762 2591 et
787 2536 1110 2591 auctoritate
1139 2535 1308 2604 ipsius
1330 2534 1611 2591 facientes.
1630 2535 1734 2603 Qui

173 2632 426 2687 sustinens
456 2629 769 2684 monasterii
794 2629 1145 2684 necessitates
1174 2629 1239 2684 de
1259 2629 1513 2683 omnibus
1532 2644 1652 2698 qua:
1680 2629 1736 2683 in

172 2723 488 2778 monasterio
519 2730 651 2776 sunt
691 2721 861 2776 libere
883 2720 1179 2790 judicahit;
1223 2719 1422 2773 nullius
1448 2733 1738 2789 personam

170 2815 448 2884 accipiens,
470 2827 573 2867 nec
595 2810 686 2866 ulli
709 2810 937 2881 gratiam
962 2817 1246 2878 prtestans,
1262 2824 1359 2864 seu
1385 2822 1740 2878 unumquem-

168 2922 258 2975 que
274 2904 580 2961 secundum
613 2905 806 2959 merita
831 2902 1162 2973 quotidiana:
1207 2900 1636 2957 conversationis
1682 2900 1738 2954 in

168 2997 387 3051 veritate
401 2976 689 3064 judicans,
709 2992 1016 3059 admoneat,
1044 2992 1317 3057 hortetur,
1345 2990 1590 3061 castiget,
1616 2984 1740 3044 eou-

168 3086 397 3153 demnet,
419 3085 504 3141 vel
533 3084 814 3154 suscipiat,
845 3083 892 3137 si
936 3083 1012 3136 ita
1035 3081 1166 3137 utile
1189 3082 1428 3147 videtur,
1458 3080 1739 3137 venientes

168 3177 224 3230 ad
258 3176 684 3243 monasterium;
725 3174 807 3230 vel
834 3174 1037 3246 ejiciat,
1065 3173 1111 3229 si
1133 3174 1204 3228 ita
1228 3172 1526 3229 necessitas
1549 3171 1734 3237 fuerit,

169 3270 290 3326 male
322 3270 668 3326 habitantes.

223 3362 282 3417 Il.
318 3362 392 3418 lu
419 3360 747 3417 monasterio
777 3359 1020 3414 seniores
1045 3357 1153 3413 sint
1193 3356 1301 3411 duo
1324 3396 1340 3423 ,
1386 3355 1455 3411 ad
1492 3369 1627 3425 quos
1656 3352 1742 3408 vel

167 3464 429 3524 prasente
455 3455 651 3510 abbate
676 3451 759 3509 vel
790 3452 1010 3507 absente
1037 3448 1275 3505 omnium
1307 3445 1535 3501 fratrum
1583 3444 1743 3500 disci-

166 3549 296 3618 plina
331 3556 399 3603 et
448 3547 630 3603 omnis
676 3560 808 3601 cura
844 3540 1156 3598 monasterii
1212 3538 1517 3609 pertineat:
1552 3536 1744 3591 dantes

169 3642 258 3695 sibi
279 3643 434 3697 vices
457 3655 555 3711 per
581 3637 720 3702 dies,
751 3643 807 3691 et
842 3633 1142 3690 dividentes
1171 3631 1312 3685 inter
1340 3644 1399 3684 se
1448 3627 1659 3698 pondus
1680 3640 1778 3703 ac‘

169 3730 541 3786 necessitatem
583 3725 926 3790 monasterii;
961 3739 1029 3780 ex
1079 3721 1276 3792 quibus
1331 3734 1466 3774 unus
1504 3726 1745 3786 tempore

171 3836 257 3875 suo
277 3835 521 3892 praesens
550 3818 604 3872 in
639 3815 967 3871 monasterio
989 3826 1201 3882 semper
1225 3809 1351 3874 erit,
1384 3808 1450 3862 ad
1478 3814 1743 3877 praestan-

170 3909 283 3965 dum
305 3908 497 3964 abbati
548 3907 821 3970 solatium,
850 3902 936 3959 vel
986 3900 1304 3972 obsequium
1339 3896 1746 3952 advenientibus

170 4000 457 4065 fratribus;
482 4008 538 4055 et
566 3999 633 4053 ad
664 3995 1061 4068 procedendum
1081 4034 1097 4058 ,
1146 3991 1239 4046 ubi
1277 3986 1571 4044 necessitas
1601 3999 1746 4040 com-

171 4093 345 4147 munis
376 4089 633 4161 exegerit,
662 4096 823 4157 atque
865 4082 1198 4154 diligentiam
1227 4080 1371 4135 circa
1399 4076 1575 4132 omnia
1621 4090 1745 4145 qum

175 4182 233 4234 ad
253 4181 628 4251 quotidianam
659 4176 961 4233 custodiam
988 4181 1044 4228 ct
1070 4169 1532 4228 conversationem
1561 4181 1749 4220 mona-

175 4271 316 4325 sterii
357 4270 634 4341 pertinent
659 4265 1014 4322 adhibendam
1042 4280 1056 4316 :
1089 4268 1148 4315 ut
1191 4272 1524 4330 qumcunque
1550 4257 1617 4309 ad
1653 4256 1749 4310 ob-

175 4363 414 4431 sequium
436 4372 704 4429 usumque
729 4354 1040 4411 monasterii
1075 4352 1317 4407 facienda
1340 4358 1487 4413 sunt,
1514 4348 1631 4403 sine
1659 4362 1749 4402 ne~

176 4451 424 4523 gligentia
472 4459 527 4506 et
573 4448 792 4520 querela
836 4446 1060 4500 faciant.
1118 4442 1272 4498 Alius
1335 4456 1458 4496 cum
1493 4439 1749 4493 fratribus

178 4544 306 4611 erit,
366 4551 631 4613 tempore;
654 4557 752 4597 suo
813 4539 1059 4596 exiturus
1112 4552 1235 4592 cum
1276 4534 1407 4605 ipsis
1450 4533 1519 4587 ad
1565 4531 1789 4587 omnia-

179 4648 335 4701 opera
363 4642 418 4687 et
437 4647 657 4689 omnem
703 4629 1080 4685 necessitatem
1106 4667 1121 4692 ,
1173 4624 1464 4694 providens
1515 4636 1583 4676 ne
1619 4619 1749 4691 quid
1775 4627 1820 4691 C

178 4732 357 4793 contra
379 4723 721 4795 disciplinam
768 4720 990 4776 faciant.
1028 4718 1131 4787 Qui
1171 4716 1519 4772 considerans
1561 4728 1751 4769 omnes

179 4821 323 4868 actus
352 4814 710 4886 singulorum,
740 4813 785 4867 si
816 4828 936 4882 qua:
966 4817 1155 4866 contra
1194 4807 1460 4862 rationem
1498 4803 1641 4859 facta
1669 4803 1751 4857 vi-

179 4900 331 4966 derit,
361 4904 451 4957 sed
479 4918 579 4974 per
606 4917 666 4958 se
696 4901 968 4964 emendet,
997 4899 1082 4953 vel
1107 4897 1287 4953 abbati
1316 4894 1531 4951 indicet.

242 4990 329 5046 Ill.
366 4993 457 5048 Ille
486 5009 617 5049 vero
642 5033 657 5060 ,
698 4992 791 5063 qui
827 4990 1122 5051 secundum
1154 4988 1401 5044 ordinem
1453 4984 1750 5055 disciplina:

177 5082 511 5139 ordinatione
542 5084 758 5139 abbatis
785 5098 851 5137 ex
877 5080 1104 5138 consilio
1127 5088 1181 5134 et
1205 5077 1480 5134 voluntate
1507 5075 1750 5131 omnium

1835 1997 2088 2051 abbatem
2133 1996 2335 2061 omnia,
2362 1994 2443 2049 vel
2484 1994 2753 2064 praecipue
2797 1992 2884 2047 illa
2930 2010 3051 2064 qua:
3077 2010 3173 2064 per
3201 2010 3259 2050 se
3311 2012 3417 2050 non

1835 2087 2070 2143 voluerit
2093 2088 2385 2157 explicare.

1905 2178 1993 2233 ιν.
2036 2178 2479 2233 Commendatum
2503 2174 2719 2245 aliquod
2742 2175 2906 2229 etiam
2926 2190 2955 2228 a
2979 2190 3236 2246 germano
3253 2174 3422 2233 fratre

1836 2271 2016 2327 nullus
2051 2271 2318 2342 accipiat:
2352 2268 2484 2322 nihil
2511 2268 2562 2321 in
2589 2267 2726 2323 cella
2774 2282 2870 2322 sua
2902 2267 3105 2336 absque
3134 2266 3417 2337 Praepositi

1828 2360 2075 2430 iussione
2104 2362 2370 2432 quiSpiam
2394 2361 2611 2423 haheat,
2656 2374 2756 2414 nec
2790 2373 2949 2428 poma
2990 2358 3213 2428 quidem
3266 2359 3415 2414 vilis-

1836 2456 1997 2520 sima,
2028 2461 2084 2508 et
2111 2461 2308 2508 caetera
2335 2449 2724 2519 hujuscemodi.

1912 2544 1974 2598 V.
2016 2541 2316 2613 Operantcs
2345 2555 2475 2594 vero
2523 2538 2720 2594 fratres
2757 2538 2892 2593 nihil
2930 2537 3221 2608 loquantur
3256 2552 3424 2594 saecu-

1836 2631 1949 2687 lare
1977 2651 1988 2686 :
2021 2631 2115 2686 sed
2137 2637 2231 2684 aut
2254 2629 2582 2686 meditantur
2605 2642 2692 2694 ea,
2720 2642 2841 2697 quae
2891 2638 3078 2682 sancta
3110 2636 3238 2681 sunt
3263 2667 3281 2693 ,
3329 2636 3426 2680 aut

1839 2734 1989 2782 certe
2011 2723 2265 2778 silebunt.

1912 2815 1997 2871 Vl.
2039 2814 2140 2882 Qui
2189 2821 2368 2867 autem
2399 2812 2691 2881 coquinat,
2749 2819 3040 2880 antequam
3075 2809 3271 2866 fratres
3306 2811 3427 2864 ruli-

1839 2905 2000 2968 ciant,
2029 2919 2134 2958 non
2159 2903 2398 2975 gustabit
2421 2903 2735 2972 quidquam.

1909 2993 2019 3050 VII.
2056 2992 2226 3048 Nemo
2251 2994 2305 3047 in
2333 2992 2468 3061 cella
2498 3000 2590 3046 aut
2616 2992 2673 3046 in
2711 2991 2871 3047 domo
2899 3007 2996 3063 sua
3044 2991 3243 3047 habeat
3271 2991 3427 3060 quid-

1839 3101 2000 3158 quam
2026 3093 2222 3156 praeter
2249 3100 2333 3151 ea,
2367 3099 2490 3154 quae
2538 3083 2592 3139 in
2639 3083 2915 3139 communi
2945 3083 3259 3139 monasterii
3303 3083 3421 3153 lege

1841 3184 2111 3249 praecepta
2136 3184 2281 3231 sunt.

1767 3280 1815 3340 Β
1841 3246 1859 3249 —
1913 3269 2044 3324 Vill.
2084 3267 2326 3338 Cumque
2370 3266 2439 3323 ad
2480 3265 2857 3321 dormiendum
2904 3279 2962 3320 se
3002 3264 3424 3328 collocaverint,
3496 3246 3503 3249 ’

1840 3362 1982 3418 alter
2010 3362 2167 3416 alteri
2203 3375 2310 3415 non
2338 3359 2609 3430 loquatur.
2644 3358 2845 3415 Cellam
2874 3358 3121 3423 alterius,
3144 3359 3246 3413 nisi
3276 3360 3429 3429 prius

1841 3451 1907 3507 ad
1929 3451 2127 3507 ostium
2150 3449 2436 3518 percutiat,
2467 3448 2695 3503 introire
2735 3463 2840 3502 non
2873 3447 3087 3501 audeat.

1909 3539 2000 3594 IX.
2043 3538 2247 3593 Mutare
2276 3537 2342 3591 de
2370 3537 2455 3591 his
2477 3551 2597 3604 quae
2625 3552 2655 3589 a
2684 3533 2983 3604 Praeposito
3010 3534 3280 3602 acceperit
3298 3549 3421 3587 cum

1842 3627 2015 3683 altero
2045 3642 2152 3681 non
2188 3623 2428 3680 audebit.
2457 3622 2566 3677 Nec
2590 3623 2818 3691 accipiet
2845 3622 3039 3676 melius
3075 3630 3130 3674 et
3155 3620 3306 3674 dabit
3326 3621 3421 3673 de-

1843 3716 2033 3780 terius,
2055 3723 2149 3768 aut
2168 3730 2198 3768 e
2225 3712 2497 3768 contrario
2539 3711 2675 3765 dans
2705 3710 2897 3765 melius
2919 3718 2975 3764 et
3013 3708 3252 3764 deterius
3280 3710 3423 3765 acci-

1842 3808 2019 3878 piens.
2046 3804 2215 3860 Ncmo
2243 3804 2311 3858 ab
2340 3802 2511 3857 altero
2534 3801 2763 3871 accipiat
2802 3798 3102 3869 quidpiam,
3128 3799 3234 3854 nisi
3281 3799 3427 3854 Prae-

1842 3898 2053 3968 positus
2069 3895 2313 3969 jusserit.
2882 3958 2885 3965 ί

1914 4010 1981 4065 Χ.
2022 4009 2214 4066 Clausa
2236 4006 2369 4062 cella
2398 4005 2574 4060 nullus
2603 4004 2835 4059 dormiat
2857 4044 2871 4068 ,
2918 4018 3021 4059 nec
3040 4003 3240 4059 habeat
3267 4005 3421 4059 cubi-

1845 4099 2024 4155 culum
2060 4098 2202 4167 quod
2239 4096 2416 4151 claudi
2480 4094 2668 4165 possit,
2700 4094 2802 4147 nisi
2839 4094 2980 4148 forte
3006 4094 3152 4148 aetati
3197 4094 3427 4164 alicujus

1846 4189 1929 4245 vel
1952 4188 2256 4243 infirmitati
2289 4186 2449 4241 Pater
2476 4185 2791 4240 monasterii
2814 4186 3165 4240 concesserit.

1916 4300 2006 4356 XI.
2046 4298 2270 4354 Nemea
2302 4305 2447 4353 terra
2492 4296 2661 4353 solvat
2713 4294 3007 4350 funiculum
3055 4294 3259 4362 absque
3298 4295 3416 4364 jus-

1848 4392 2003 4448 sione
2029 4389 2226 4445 Patris.
2253 4389 2357 4457 Qui
2404 4389 2457 4443 in
2508 4389 2837 4444 monasterio
2885 4385 3112 4441 fratrum
3164 4386 3447 4445 invenerit,

1847 4480 2156 4551 quidpiam,
2187 4478 2485 4548 suspendat
2520 4486 2581 4532 ut
2610 4478 2760 4531 tollat
2785 4477 2878 4547 qui
2910 4475 3241 4547 cognoverit.

1919 4590 2033 4645 XII.
2068 4590 2152 4645 Ad
2196 4590 2477 4647 collectam
2504 4599 2561 4644 ct
2613 4588 2681 4643 ad
2721 4588 3053 4659 psallendum
3100 4586 3278 4642 nullus
3325 4586 3429 4641 sibi

1851 4684 2166 4738 occasiones
2190 4682 2450 4746 inveniat,
2465 4678 2661 4750 quibus
2680 4693 2739 4733 se
2758 4678 2903 4733 dicat
2922 4686 3262 4747 occupatum,
3279 4676 3449 4749 quasi.

1853 4774 1935 4830 ire
1960 4789 2065 4829 non
2094 4772 2285 4842 possit.
2334 4771 2401 4825 Et
2432 4771 2477 4825 si
2504 4771 2557 4824 in
2587 4769 2932 4833 monasterio,
2960 4768 3045 4823 vel
3069 4768 3123 4822 in
3153 4783 3303 4839 agro,
3340 4776 3434 4821 aut

1853 4867 1910 4921 in
1939 4866 2158 4930 itinere,
2188 4871 2280 4918 aut
2318 4863 2372 4917 in
2395 4860 2634 4931 quolibet
2663 4860 2963 4915 ministerio
2997 4858 3193 4924 fuerit,
3238 4859 3431 4913 orandi

1854 4965 1910 5012 et
1928 4955 2198 5027 psallendi
2230 4962 2439 5024 tempus
2470 4968 2575 5007 non
2597 4952 2997 5022 pnetermittat.

1925 5068 2060 5124 XIII.
2101 5068 2202 5136 Qui
2226 5067 2476 5123 minister
2522 5073 2631 5129 est,
2676 5065 2869 5118 habeat
2919 5062 3159 5117 studium
3204 5060 3437 5132 nequid

1854 5159 2036 5230 operis
2066 5165 2253 5228 pereat
2274 5157 2329 5210 in
2363 5153 2713 5210 monasterio.
2739 5152 2795 5205 In
2826 5150 3188 5221 qualicunque
3213 5149 3457 5205 omnino:

1858 5259 1997 5313 arte,
2021 5263 2139 5317 qua:
2164 5253 2447 5301 exercetur
2478 5260 2509 5298 a
2539 5243 2821 5308 fratribus,
2850 5241 2896 5296 si
2933 5240 3063 5310 quid
3089 5240 3347 5312 perierit,
3381 5246 3452 5300 et»

1859 5354 1957 5410 per
1978 5336 2354 5407 negligentiam
2380 5334 2545 5388 fuerit
2577 5333 2917 5403 dissipatum,
2946 5331 3254 5403 iucrepetur
3273 5348 3304 5387 a
3330 5330 3429 5386 Pa-

1861 5443 1944 5488 tre
1971 5431 2220 5486 minister
2246 5443 2502 5499 operum;
2541 5434 2596 5480 et
2620 5426 2735 5494 ipse
2764 5425 2961 5480 iterum
3003 5424 3246 5493 increpet
3272 5423 3451 5485 alium

1861 5524 1952 5594 qui
1984 5537 2118 5592 opus
2150 5518 2472 5589 perdiderit,
2525 5518 2789 5572 duntaxat
2827 5516 2982 5587 juxta
3010 5515 3341 5569 voluntatem
3385 5522 3449 5571 et

1862 5611 2254 5683 prtescicntiam
2284 5607 2543 5678 principis
2570 5646 2584 5670 ,
2642 5607 2846 5675 absque
2883 5620 2990 5675 quo
3042 5604 3222 5660 nullus
3261 5605 3447 5659 increa

1863 5704 2022 5774 patuli
2052 5703 2273 5755 fratrem
2301 5698 2513 5754 habebit
2538 5706 2877 5768 potestatem.

1933 5794 2072 5849 XIV.
2120 5792 2177 5848 Si
2227 5792 2475 5847 inventus
2525 5789 2689 5845 fuerit
2732 5803 2871 5844 unus
2905 5803 2933 5841 a
2963 5785 3214 5841 fratribus
3240 5782 3448 5858 aliquid

181 5169 403 5228 fratrum
429 5173 691 5229 fratribus
712 5172 1033 5243 przepositus
1054 5177 1155 5235 est,
1172 5181 1387 5223 omnem
1403 5166 1470 5221 ad
1492 5180 1551 5220 se
1566 5176 1753 5220 curam

178 5262 240 5315 de
264 5264 547 5335 disciplina
578 5264 806 5319 fratrum
855 5272 912 5319 et
940 5260 1269 5331 diligentiam
1318 5255 1633 5314 monasterii
1673 5269 1758 5309 rc-

180 5352 422 5421 vocabit;
453 5354 661 5410 habens
692 5360 1014 5425 potestatem
1041 5351 1237 5405 abbate
1265 5347 1488 5402 absente
1530 5343 1759 5398 faciendi

182 5442 363 5495 omnia
384 5458 500 5513 qua:
531 5443 703 5498 abbas
750 5455 990 5513 praesens
1020 5439 1167 5494 facit.
1200 5436 1293 5491 ille
1332 5441 1513 5490 autem
1560 5434 1763 5504 patien-

184 5532 309 5588 tiam
340 5574 357 5597 .
408 5535 904 5599 mansuetudinem,
942 5531 1331 5594 humilitatem,
1387 5525 1711 5582 charitatem
1740 5563 1754 5587 ,

183 5625 514 5694 aequitatem,
551 5627 671 5682 sine
711 5639 1065 5695 personarum
1117 5620 1429 5690 acceptione
1480 5615 1754 5679 servabit;

184 5714 253 5766 ita
279 5702 468 5784 agens,
489 5726 550 5771 ut
576 5732 677 5771 nec
705 5715 884 5770 abbati
911 5714 1127 5769 taedium
1152 5719 1402 5782 generet,
1437 5724 1535 5762 nec
1564 5708 1758 5760 fratres

186 5805 600 5874 intemperantia
633 5808 777 5865 illius
804 5809 1066 5865 laborent.
1096 5805 1221 5861 Ilzt'c
1247 5806 1293 5858 0'.
1317 5802 1553 5858 servabit
1580 5800 1758 5856 senior
