3942 6190
455 340 459 345 “
495 364 595 419 ιῖο

1451 356 1509 413 S.
1550 354 1910 413 BENEDICTI
1947 351 2237 408 ABBATIS
2277 351 2687 408 ANIANENSIS

3630 348 3747 405 ιεθ

489 494 586 548 per
609 473 1010 531 contentionem
1050 438 1255 543 agens,
1310 473 1394 527 vel
1421 471 1817 527 contradicens.
1842 467 2061 536 majoris
2088 467 2136 525 Α
2235 465 2417 521 XVIII.
2459 465 2517 520 Si
2551 465 2918 534 deprehensus
2964 462 3129 518 fuerit
3176 461 3368 532 aliquis
3412 476 3442 517 e
3484 461 3749 521 fratribus

489 563 738 636 imperio,
766 562 1067 632 increpabit
1087 560 1243 629 juxta
1274 578 1580 616 mensuram
1608 561 1813 631 peccati
1853 559 1954 613 sui.

561 654 676 708 XV.
720 652 823 720 Qui
867 652 1154 715 mentitur,
1206 660 1301 705 aut
1333 651 1456 705 odio
1502 665 1826 720 quemquam
1868 648 2069 701 habere

489 745 654 799 fuerit
686 743 1091 813 deprehensus,
1142 752 1233 796 aut
1286 742 1619 804 inobediens,
1651 750 1743 793 aut
1780 740 1898 809 plus
1942 738 2067 807 joco

489 851 650 904 quam
683 836 970 889 honestum
1005 841 1089 888 est
1116 833 1347 895 deditus,
1377 841 1471 885 aut
1504 831 1711 885 otiosus
1732 870 1747 893 ,
1797 836 1891 882 aut
1934 827 2069 880 dure

490 926 856 995 respondens,
914 932 1009 977 aut
1053 923 1258 977 habens
1317 922 1755 977 consuetudinem
1813 918 2069 972 fratribus

491 1018 810 1073 detrahendi
837 1016 919 1070 vel
946 1016 1029 1070 his
1055 1016 1146 1083 qui
1174 1014 1306 1069 foris
1335 1021 1475 1075 sunt,
1492 1022 1546 1066 ct
1565 1012 1785 1066 omnino
1808 1008 2069 1079 quidquid

493 1117 680 1162 contra
704 1106 964 1176 Regulam
1008 1104 1412 1175 Scripturarum
1455 1112 1539 1159 est
1563 1112 1615 1158 et
1644 1102 1957 1157 monasterii
1990 1101 2071 1154 di-

493 1198 809 1267 sciplinam,
852 1204 908 1251 et
949 1196 1178 1252 audierit
1226 1198 1387 1251 Pater
1415 1196 1751 1261 monasterii,
1777 1194 2073 1249 vindicabit

388 1346 393 1353 ‘
487 1289 639 1359 juxta
672 1303 980 1342 mensuram
1010 1304 1252 1358 Opusquc
1276 1288 1506 1357 peccati.

566 1379 704 1434 XVI.
746 1381 802 1434 Si
834 1397 1021 1436 omnes
1073 1380 1269 1435 fratres
1309 1380 1543 1434 viderint
1591 1380 1946 1449 Praepositum
1998 1379 2075 1433 ui-

494 1471 662 1524 mium
695 1471 1070 1539 negligentem,
1099 1478 1193 1523 aut
1218 1470 1349 1523 dure
1368 1471 1737 1540 increpantem
1777 1470 1997 1533 fratres,
2019 1478 2075 1523 et

494 1574 805 1613 mensuram
826 1560 1137 1613 monasterii
1164 1561 1536 1625 excedentem,
1565 1559 1804 1614 referant
1836 1562 1936 1614 hoc
1973 1558 2074 1612 Pa-

494 1649 586 1712 tri,
610 1657 667 1703 et
693 1649 761 1703 ab
782 1663 847 1703 eo
872 1649 1201 1719 increpetur.
1225 1649 1343 1718 Ipse
1372 1659 1552 1704 autem
1590 1649 1914 1719 Praepositus
1940 1649 2075 1703 nihil

496 1738 681 1804 faciat,
707 1739 810 1793 nisi
838 1741 981 1809 quod
1011 1739 1415 1808 Paterjusserit
1440 1758 1451 1791 :
1480 1740 1717 1793 maxime
1741 1740 1793 1793 in
1828 1755 1885 1793 re
1910 1755 2068 1793 nova.

2167 555 2400 612 libenter
2422 573 2545 613 cum
2576 558 2760 627 pueris
2788 557 2965 612 ridere
2993 564 3047 611 et
3071 556 3275 615 ludere.
3290 564 3346 609 et
3370 556 3571 611 habere
3608 559 3747 613 ami-

2167 646 2321 699 citias
2346 648 2520 702 aetatis
2551 647 2798 710 infirmae,
2830 648 2988 701 tertio
3008 654 3449 711 commoneatur,
3500 657 3558 701 ut
3594 664 3750 703 rece-

2168 732 2261 787 dat
2292 735 2361 788 ab
2387 751 2573 790 eorum
2603 736 3019 800 necessitudine,
3043 744 3098 791 et
3138 751 3346 792 memor
3375 737 3448 790 sit
3490 738 3753 793 honesta-

2172 823 2260 889 tis,
2292 833 2347 879 et
2376 826 2589 881 timoris
2620 827 2715 881 Dei
2740 845 2752 879 :
2783 827 2829 881 si
2859 842 2965 879 non
2987 826 3302 891 cessaverit,
3325 827 3667 896 corripiatur,
3690 838 3756 883 ut

2169 923 2362 993 dignus
2390 930 2473 977 est
2505 922 2846 991 correptione
2889 919 3249 974 severissima.

2239 1011 2378 1066 XIX.
2419 1012 2518 1079 Qui
2550 1019 2902 1064 contemnunt
2938 1018 3207 1078 praecepta
3239 1007 3526 1076 majorum,
3563 1017 3617 1063 et
3645 1007 3761 1065 Re-

2169 1100 2321 1173 guias
2347 1100 2680 1164 monasterii,
2710 1116 2830 1169 quin
2855 1099 2948 1152 Dei
2978 1106 3250 1168 praecepto
3270 1099 3578 1153 constituta:
3603 1106 3759 1159 sunt,

2169 1205 2225 1252 et
2258 1196 2652 1265 parvipendunt
2680 1195 2954 1249 seniorum
2985 1192 3610 1261 consilia,corripi-.mtur
3635 1194 3757 1262 juxv

2172 1296 2222 1341 ta
2249 1287 2492 1341 ordinem
2516 1286 2868 1341 constitutum
2890 1324 2905 1347 ,
2933 1284 3105 1337 donec
3135 1282 3499 1352 corrigantur.

2242 1376 2361 1429 XX.
2402 1374 2647 1444 Majores,
2677 1374 2769 1442 qui
2819 1388 2944 1427 cum
2978 1370 3237 1425 fratribus
3266 1371 3553 1424 mittuntur
3580 1371 3754 1435 foras,

2171 1466 2405 1534 qaandiu
2438 1465 2510 1517 ibi
2540 1464 2757 1527 fuerint,
2792 1463 3069 1517 habebunt
3101 1462 3191 1531 jus
3220 1460 3644 1529 Praepositorum
3665 1502 3681 1526 ,
3707 1471 3763 1516 et

2173 1569 2362 1608 eorum
2388 1562 2643 1623 regentur
2665 1552 2911 1606 arbitrio.
2958 1553 3238 1606 Docebunt
3284 1550 3478 1605 fratres
3504 1567 3603 1621 per
3634 1568 3765 1606 con-

2174 1643 2393 1696 stitutos
2445 1642 2595 1705 dies;
2638 1650 2693 1695 et
2723 1644 2768 1695 si
2801 1640 2940 1695 forte
2973 1641 3117 1694 inter
3149 1655 3243 1694 eos
3263 1650 3443 1693 ortum
3469 1638 3636 1693 fuerit
3664 1639 3765 1693 ali-

2177 1734 2307 1802 quid
2335 1732 2645 1798 simultatis,
2676 1731 2896 1786 audient
2936 1731 3036 1801 ipsi
3090 1731 3356 1800 majores,
3406 1738 3460 1783 et
3496 1730 3768 1799 dijudica-

497 1831 629 1897 ρυω
680 1845 748 1885 εχ
779 1846 930 1885 more
970 1831 1273 1897 descendit,
1303 1832 1538 1887 servabit
1585 1831 1843 1902 Regulam
1890 1847 2073 1886 mana-
2101 1799 2149 1857 Β
2177 1823 2308 1877 bunt
2340 1837 2576 1887 causam,
2608 1830 2663 1876 et
2710 1822 2926 1893 dignum
2957 1820 3111 1890 culpa
3146 1820 3532 1888 increpabant;
3564 1819 3658 1873 vel
3701 1819 3768 1872 ad

489 1922 669 1976 sterii.

567 2010 727 2066 XVII.
768 2010 1096 2080 Praepositus
1120 2028 1249 2068 vero
1278 2029 1385 2067 non
1413 2013 1731 2077 inebrietur,
1764 2028 1863 2068 nec
1890 2012 2075 2066 sedeat

495 2106 555 2159 in
585 2105 964 2161 humilioribus
992 2105 1145 2161 locis.
1175 2106 1253 2161 Ne
1296 2114 1509 2176 rumpat
1540 2107 1750 2161 vincula
1786 2123 1904 2175 quae
1935 2106 2076 2159 Deus

495 2196 552 2249 in
579 2194 716 2250 caalo
742 2195 981 2249 condidit
1011 2204 1068 2249 ut
1102 2198 1150 2249 0‘
1176 2206 1457 2251 serventur
1490 2198 1542 2251 in
1578 2198 1755 2252 terris.
1794 2197 1871 2251 Ne
1900 2197 2079 2268 lugeat

499 2285 556 2339 in
578 2285 666 2340 die
690 2284 827 2340 festo
855 2285 1067 2340 Domini
1098 2286 1423 2353 Salvatoris;
1460 2289 1765 2343 dominetur
1786 2290 1935 2343 carni
1968 2303 2079 2343 suae

495 2373 641 2441 iuxta
670 2390 976 2428 mensuram
1003 2374 1347 2432 Sanctorum.
1402 2376 1516 2432 Non
1550 2378 1858 2433 inveniatur
1901 2378 1952 2431 in
1986 2393 2081 2432 ex-

500 2464 663 2518 celsis
688 2463 973 2527 cubilibus,
1011 2464 1228 2520 imitans
1274 2482 1478 2520 morem
1507 2468 1809 2536 gentilium.
1864 2468 1980 2521 Non
2010 2467 2082 2523 sit

502 2555 734 2624 duplicis
763 2554 905 2610 ﬁdei.
930 2555 1046 2609 Non
1074 2566 1332 2626 sequatur
1368 2560 1548 2613 cordis
1578 2561 1661 2613 sui
1701 2561 2077 2632 cogitationes,

501 2644 598 2699 sed
624 2644 794 2714 legem
834 2645 949 2700 Dei.
976 2644 1093 2701 Non
1129 2647 1347 2702 resistat
1400 2648 1802 2704 sublimioribus
1856 2650 2082 2703 tumenti

438 2788 451 2793 _
504 2734 687 2790 animo
729 2736 1105 2805 potestatibus.
1150 2737 1228 2792 Ne
1268 2736 1483 2799 fremat.
1516 2752 1616 2792 nec
1672 2737 1869 2791 birriat
1913 2738 2083 2793 iratus

501 2839 667 2893 super
687 2825 1034 2891 humiliores;
1083 2840 1183 2880 nec
1213 2827 1509 2881 transferat
1542 2827 1800 2881 terminos
1845 2824 2079 2895 Reguhe.

500 2913 619 2968 Non
647 2914 718 2968 sit
741 2913 1138 2979 fraudulentus,
1161 2931 1338 2986 neque
1370 2916 1424 2970 in
1464 2916 1883 2987 cogitationibus
1906 2926 2087 2972 verset

503 3005 687 3070 dolos;
731 3020 831 3060 nec
860 3005 1097 3077 negligat
1125 3015 1406 3076 peceatum
1434 3007 1626 3063 anima:
1654 3022 1793 3071 sum;
1834 3024 1934 3064 nec
1960 3010 2082 3063 vin-

2178 1912 2463 1982 imperium
2491 1929 2677 1967 eorum
2724 1913 2907 1967 statim
2935 1926 3128 1982 pacem
3174 1910 3331 1980 pleno
3361 1913 3523 1966 corde
3570 1926 3769 1966 conso-

2179 2003 2347 2058 cient.

2250 2093 2389 2147 XX‘I.
2429 2093 2484 2148 Si
2518 2095 2640 2164 quis
2681 2094 2847 2149 frater
2878 2104 3064 2150 contra
3098 2094 3453 2165 Prmpositum
3482 2110 3649 2148 suum
3678 2093 3773 2147 ba-

2179 2187 2358 2241 buerit
2382 2187 2680 2252 tristitiam,
2707 2196 2800 2242 aut
2830 2188 2941 2258 ipse
2967 2188 3295 2257 Prtcpositus
3316 2195 3504 2242 contra
3534 2186 3767 2241 fratrem

2179 2278 2415 2348 aliquam
2454 2280 2863 2347 querimoniam,
2887 2282 3129 2350 probatae
3171 2280 3365 2358 fratres
3395 2282 3771 2336 conversatio-

2181 2370 2264 2423 nis
2286 2377 2339 2422 et
2362 2369 2484 2425 fidei
2518 2386 2613 2426 eos
2652 2373 2839 2426 audire
2868 2372 3085 2438 debent,
3118 2381 3170 2427 et
3216 2373 3288 2443 dij
3302 2372 3597 2427 udicabunt
3640 2373 3775 2426 inter

2180 2476 2293 2515 eos.
2320 2460 2377 2516 Si
2405 2473 2585 2520 tamen
2614 2463 2810 2517 absens
2857 2471 2940 2518 est
2969 2463 3132 2518 Pater
3159 2464 3508 2529 monasterii,
3561 2464 3659 2518 vel
3686 2462 3776 2517 ali-

2183 2553 2307 2605 cubi
2350 2551 2646 2623 profectus,
2676 2554 2910 2623 primum
2938 2555 3153 2625 quidem
3181 2555 3574 2625 exspectabunt
3608 2571 3733 2610 eum
3758 2573 3771 2607 :

2183 2646 2263 2700 sin
2290 2652 2467 2698 autem
2494 2645 2695 2699 diutius
2718 2646 2903 2701 vident
2926 2646 3059 2701 foris
3078 2647 3369 2708 demorari,
3394 2656 3518 2701 tunc
3548 2647 3777 2699 audient

2187 2732 2327 2789 inter
2346 2734 2702 2805 Prwpositum
2752 2746 2806 2791 et
2838 2735 3089 2802 fratrem;
3121 2753 3187 2791 ne
3212 2737 3302 2791 diu
3330 2751 3597 2805 suspenso
3643 2734 3775 2804 judi-

2184 2824 2269 2879 cio
2296 2825 2514 2879 tristitia
2564 2826 2739 2895 major
2767 2829 2997 2892 oriatur,
3027 2837 3085 2882 ut
3106 2837 3160 2883 et
3187 2829 3275 2883 ille
3320 2830 3412 2898 qui
3442 2828 3779 2897 Prmpositus

2186 2923 2286 2979 est,
2320 2923 2373 2970 et
2396 2915 2483 2969 ille
2503 2917 2593 2985 qui
2622 2916 2896 2985 subjectus
2916 2926 3021 2985 est,
3043 2929 3098 2973 et
3126 2919 3199 2972 illi
3227 2920 3320 2989 qui
3346 2919 3600 2981 audiunt,
3622 2918 3772 2987 juxta

2186 3006 2435 3060 timorem
2463 3005 2554 3061 Dei
2584 3017 2777 3061 cuncta
2810 3007 3029 3075 faciant,
3060 3018 3112 3063 et
3150 3024 3256 3064 non
3284 3010 3411 3064 dent
3438 3009 3491 3062 in
3539 3008 3657 3064 ullo
3687 3023 3775 3064 oc-

508 3103 666 3151 catur
692 3095 874 3151 carnis
903 3096 1136 3152 luxuria.
1166 3097 1280 3152 Non
1320 3098 1560 3153 ambulet
1586 3098 1934 3168 negligenter.
1965 3099 2083 3154 Non
2113 3136 2157 3199 Ο
2190 3097 2461 3151 casionem
2491 3096 2792 3151 discordias

442 3238 447 3241 _
506 3183 761 3252 loquatur
779 3184 1001 3239 verbum
1013 3185 1266 3240 otiosum.
1294 3185 1409 3240 Non
1439 3197 1602 3257 ponat
1630 3188 1940 3242 scandalum
1956 3198 2086 3244 ante

503 3275 671 3345 pedes
698 3274 848 3329 caeci.
897 3272 1016 3330 Non
1045 3276 1237 3331 doceat
1264 3277 1591 3334 voluntatem
1618 3279 1854 3334 animam
1908 3295 2084 3335 suam.

509 3362 629 3418 Non
661 3364 964 3420 resolvatur
990 3366 1103 3421 risu
1154 3367 1438 3424 stultorum
1469 3385 1532 3425 ac
1562 3368 1707 3439 joco.
1771 3370 1887 3426 Non
1916 3373 2092 3442 capia-

507 3467 599 3511 tur
625 3472 721 3513 cor
746 3457 863 3529 ejus
905 3458 973 3513 ab
997 3460 1084 3514 his
1109 3461 1199 3530 qui
1232 3462 1408 3532 inepta
1463 3463 1760 3534 loquuntur
1793 3473 1848 3522 et
1890 3466 2087 3521 dulcia.

508 3544 625 3600 Non
654 3546 901 3601 vincatur
936 3548 1279 3617 muneribus;
1314 3566 1420 3606 non
1463 3554 1808 3624 parvulorum
1839 3571 2090 3612 sermone

520 3636 767 3692 ducatur.
803 3636 920 3693 Non
954 3638 1171 3694 deficiat
1202 3640 1257 3696 in
1287 3642 1650 3700 tribulatione.
1696 3644 1811 3700 Non
1863 3653 2091 3699 mortem

511 3726 719 3791 timeat,
772 3727 869 3785 sed
921 3727 1121 3795 Deum;
1164 3746 1272 3787 non
1327 3735 1711 3803 praevaricator
1761 3736 1833 3791 sit
1874 3744 2095 3808 propter

513 3815 885 3873 imminentem
913 3818 1183 3876 timorem.
1214 3821 1329 3877 Non
1363 3824 1633 3896 relinquat
1675 3841 1863 3882 verum
1912 3829 2094 3883 lumen

512 3916 737 3977 propter
765 3910 1009 3966 modicos
1028 3911 1199 3968 cibos.
1225 3912 1341 3969 Non
1370 3924 1524 3971 nutet
1549 3931 1614 3971 ac
1642 3917 1860 3972 fluctuet
1888 3920 1940 3973 in
1971 3933 2096 3989 ope-

515 3997 669 4052 ribus
696 3999 827 4053 suis.
847 3999 964 4055 Non
1002 4010 1175 4055 mutet
1198 4006 1541 4071 sententiam,
1574 4008 1669 4061 sed
1696 4008 1884 4063 firmus
1910 4009 1981 4063 sit
2011 4024 2098 4063 so-

516 4084 721 4153 lidique
748 4087 984 4153 decreti;
1024 4087 1236 4155 justus,
1286 4102 1481 4148 cuncta
1536 4096 1919 4162 considerans;
1955 4095 2099 4164 judi-

520 4188 653 4228 cans
682 4174 737 4228 in
766 4175 994 4232 veritate
1015 4178 1220 4248 absque
1259 4184 1496 4251 appetitu
1522 4184 1735 4256 gloriae;
1779 4186 2099 4243 manifestus

520 4260 635 4318 Deo
660 4271 715 4319 et
739 4264 1066 4334 hominibus,
1098 4275 1153 4323 et
1196 4284 1228 4324 a
1280 4268 1467 4328 fraude
1512 4275 1718 4343 procul.
1773 4275 1850 4332 Ne
1890 4278 2100 4347 ignoret

519 4355 988 4413 conversationem
1033 4373 1287 4424 suorum,
1332 4375 1432 4417 nec
1480 4364 1549 4419 ad
1581 4379 1768 4421 eorum
1813 4367 2099 4424 scientiam

520 4460 698 4502 caecus
724 4447 943 4503 existat.
968 4448 1107 4503 Nulli
1135 4459 1331 4506 noceat
1362 4468 1460 4523 per
1492 4454 1830 4525 superbiam;
1868 4474 1970 4515 nec
2016 4476 2101 4516 se-

517 4544 721 4606 quatur
752 4538 1221 4607 concupiscentias
1271 4542 1572 4600 oculorum.
1609 4546 1904 4604 Veritatem
1958 4566 2097 4606 nun-

516 4641 681 4697 quam
706 4634 1028 4696 prretereat:
1060 4631 1237 4687 oderit
1283 4629 1617 4702 injustitiam.
1643 4637 1949 4696 Secundum
1973 4657 2098 4713 per-

520 4732 708 4771 sonam
738 4732 1010 4787 nunquam
1050 4716 1256 4787 judicet
1281 4738 1382 4793 pro
1423 4728 1735 4783 muneribus
1760 4769 1775 4794 ,
1824 4745 1926 4786 nec
1968 4747 2099 4787 con-

520 4805 739 4860 demnet
772 4806 1008 4862 animam
1029 4808 1371 4867 innocentem
1398 4829 1497 4884 per
1525 4819 1853 4888 superbiam.
1882 4820 1998 4877 Non
2024 4822 2099 4877 rio

521 4899 645 4954 deat
689 4898 832 4954 inter
888 4915 1120 4969 pueros:
1154 4918 1261 4959 non
1319 4906 1533 4962 deserat
1581 4913 1865 4967 veritatem
1906 4913 2099 4969 timore

520 4998 826 5059 superatus.
860 4989 976 5045 Non
1006 4993 1269 5063 despiciat
1314 5011 1439 5061 eos,
1472 5000 1563 5069 qui
1603 4999 1842 5072 indigent
1886 5004 2102 5059 miseri-

521 5080 727 5135 cordia.
786 5080 906 5135 Non
959 5082 1175 5140 deserat
1231 5087 1499 5157 justitiam
1555 5100 1777 5161 propter
1832 5092 2106 5149 lassitudi-

522 5186 680 5238 nem;
711 5188 777 5227 ne
797 5175 988 5242 perdat
1017 5168 1426 5234 animam'suam
1449 5191 1668 5250 propter
1688 5186 2100 5242 verecundiam:

523 5276 593 5315 ne
631 5263 889 5333 respiciat
939 5265 1103 5336 dapes
1153 5267 1398 5324 lautioris
1447 5285 1694 5326 mensze:
1736 5288 1837 5328 nec
1877 5274 2100 5344 pulchra

523 5354 847 5408 vestimenta
878 5354 1174 5421 desideret;
1229 5374 1327 5414 nec
1376 5376 1434 5417 se
1474 5362 1730 5433 negligat,
1758 5364 1850 5418 sed
1899 5378 2110 5435 semper

525 5440 783 5510 dijudicet
834 5445 1190 5515 cogitationes
1245 5463 1389 5504 suas.
1444 5449 1558 5507 Non
1596 5452 1893 5507 inebrietur
1938 5454 2107 5527 _vino,

527 5531 621 5586 sed
658 5532 948 5587 humilitati
990 5533 1234 5603 junctam
1280 5539 1474 5594 habeat
1528 5541 1831 5597 veritatem.
1882 5543 2108 5611 Quando

525 5619 754 5690 judicat,
788 5636 1045 5694 sequatur
1084 5640 1353 5700 prater-pta
1404 5631 1668 5701 majorum
1694 5642 1746 5690 et
1778 5634 1949 5707 legent
1977 5636 2068 5691 Dei
2090 5680 2103 5701 ,

530 5730 650 5785 quze
673 5717 724 5772 in
758 5724 867 5776 toto
896 5722 1026 5776 orbe
1056 5722 1347 5791 praedicata
1376 5732 1479 5779 est.

2259 3186 2380 3240 XX.
2422 3186 2609 3240 Nullus
2656 3187 2902 3241 mittatur
2947 3186 3090 3242 foras
3116 3189 3183 3243 ad
3223 3188 3437 3257 aliquod
3491 3188 3777 3259 negotium

2188 3276 2351 3333 solus.
2382 3276 2527 3332 Missi
2557 3293 2686 3332 vero
2710 3294 2814 3332 non
2854 3279 3072 3349 singuli,
3095 3280 3188 3333 sed
3216 3280 3327 3333 bini
3358 3279 3440 3333 vel
3478 3281 3628 3335 terni
3658 3295 3771 3333 am—

2188 3368 2377 3424 bulent
2409 3387 2421 3422 :
2452 3377 2511 3423 ut
2540 3369 2667 3423 dum
2701 3385 2759 3424 se
2786 3370 3014 3425 invicem
3046 3371 3355 3425 custodiunt
3394 3378 3449 3424 et
3490 3369 3775 3424 consolan-

2190 3466 2300 3524 tur,
2331 3467 2385 3512 et
2412 3460 2652 3513 seniores
2686 3475 2873 3515 eorum
2900 3460 2966 3514 de
3008 3461 3235 3515 honesta
3263 3476 3451 3515 eorum
3480 3476 3772 3515 Conversa-

2191 3549 2338 3603 tione
2365 3550 2540 3603 securi
2565 3549 2693 3615 sint,
2720 3558 2775 3604 et
2803 3549 2878 3602 illi
2903 3565 3009 3603 non
3045 3550 3437 3620 periclitentur.
3466 3549 3776 3605 Observan—

2194 3647 2277 3694 tes
2304 3648 2484 3694 tamen
2516 3641 2637 3705 hoc,
2670 3648 2729 3693 ut
2782 3656 2888 3694 non
2937 3656 2995 3695 se
3029 3641 3259 3695 invicem
3296 3639 3490 3694 fabulis
3523 3640 3776 3696 inanibus

2194 3713 2495 3797 destruant,
2527 3748 2699 3802 neque
2728 3732 3071 3804 negligentia:
3086 3732 3216 3786 dent
3240 3731 3420 3785 locum
3448 3731 3778 3787 destructioa

2196 3822 2310 3887 nis;
2340 3822 2434 3877 sed
2466 3822 2832 3891 unusquisque
2858 3822 2912 3876 in
2946 3831 3066 3877 actu
3094 3836 3191 3877 suo
3236 3829 3473 3877 attentus
3499 3822 3599 3888 sit,
3629 3830 3779 3891 prout

2198 3920 2408 3981 tempus
2445 3910 2629 3965 fuerit.

2268 4001 2453 4056 XXIII.
2494 4001 2717 4068 Quando
2752 4010 2931 4057 autem
2962 4002 3162 4057 reversi
3196 4001 3394 4057 fuerint
3427 4004 3479 4057 in
3504 4002 3785 4058 monastei

2199 4091 2371 4157 rium,
2415 4091 2459 4145 si
2506 4099 2630 4145 ante
2657 4091 2854 4146 ostium
2905 4092 3136 4146 viderint
3174 4092 3408 4162 aliquem
3446 4104 3776 4161 quaerentem

2200 4196 2419 4236 suorum
2441 4180 2701 4244 amnium,
2734 4181 2799 4235 de
2841 4182 2927 4236 his
2962 4182 3051 4251 qui
3083 4183 3134 4236 in
3184 4185 3515 4238 monasterio
3541 4199 3775 4240 commo-

2202 4279 2407 4328 rantur,
2437 4285 2542 4324 non
2569 4269 2822 4325 valebunt
2869 4272 2949 4327 ire
2991 4273 3057 4327 ad
3087 4288 3229 4338 eum,
3260 4280 3314 4328 et
3364 4274 3652 4335 nuntiare,
3696 4271 3771 4325 vel

2201 4374 2446 4415 evocare.
2500 4358 2567 4413 Et
2613 4361 2831 4415 omnino
2878 4362 3137 4431 quidquid
3188 4361 3321 4417 foris
3367 4364 3680 4434 gesserint,
3725 4362 3774 4414 in

2204 4448 2532 4503 monasterio
2560 4464 2780 4503 narrare
2804 4466 2911 4504 non
2948 4459 3295 4520 praesumant.

2275 4536 2462 4592 XXIV.
2505 4537 2768 4593 Omnibus
2815 4540 2918 4593 erit
2968 4548 3206 4610 potestas
3234 4540 3441 4609 legendi
3492 4556 3668 4613 usque
3713 4540 3773 4595 ad

2204 4629 2393 4683 horam
2422 4630 2634 4683 tertiam
2663 4648 2674 4683 :
2707 4630 2751 4684 si
2780 4638 2961 4686 tamen
2988 4632 3132 4686 nulla
3160 4626 3324 4688 causa
3355 4635 3648 4700 exstiterit,
3678 4648 3773 4703 qua

2202 4735 2426 4775 necesse
2463 4720 2715 4775 sitetiam
2738 4721 2940 4791 aliquid
2981 4721 3117 4778 fieri.
3150 4723 3280 4779 Post
3304 4725 3492 4779 horam
3525 4741 3655 4780 vero
3679 4733 3775 4778 ter-

2203 4812 2335 4866 tiam
2365 4810 2408 4866 si
2440 4826 2558 4880 quae
2604 4819 2805 4866 statuta
2858 4820 3003 4877 sunt,
3044 4814 3183 4868 sicut
3232 4816 3490 4886 scriptum
3520 4824 3632 4880 est,
3686 4826 3775 4882 per

2203 4904 2531 4973 superbiam,
2556 4903 2639 4957 vel
2677 4903 3075 4974 negligentiam,
3103 4904 3186 4960 vel
3234 4905 3497 4961 desidiam
3556 4908 3772 4962 interce—

2204 4993 2418 5048 dentem
2443 5008 2550 5047 non
2585 4993 2926 5056 custodierit,
2949 4993 3085 5047 sciat
3118 5009 3174 5048 se
3205 5009 3327 5048 cum
3369 4994 3423 5048 in
3475 4995 3580 5049 hoc
3602 5006 3774 5049 errore

2204 5083 2573 5155 deprehensus
2603 5082 2798 5148 fuerit,
2857 5083 3174 5155 culpabilem
3219 5084 3611 5153 judicandum;
3657 5084 3772 5153 quia

2201 5189 2303 5244 per
2325 5189 2481 5230 suum
2509 5189 2750 5229 errorem
2774 5181 2829 5228 et
2865 5173 2999 5229 alios
3020 5174 3073 5228 in
3102 5174 3292 5229 vitium
3318 5177 3503 5245 mittit.

2271 5264 2437 5318 XXV.
2478 5262 2693 5319 Cellarii
2739 5278 2869 5318 vero
2905 5278 3034 5317 cura
3084 5264 3173 5329 sit,
3211 5273 3270 5317 ut
3318 5265 3692 5319 abstinentiam
3721 5269 3771 5319 ct

2210 5356 2557 5411 sobrietatem
2587 5353 2810 5408 studens
2836 5353 2979 5408 illata
3015 5355 3070 5408 in
3095 5356 3425 5410 monasterio
3449 5355 3516 5410 ad
3542 5362 3774 5423 sumptus

2208 5452 2438 5506 fratrum
2455 5450 2740 5520 diligenter
2754 5459 2809 5505 et
2834 5449 3063 5505 fideliter
3091 5460 3298 5505 servet:
3316 5451 3449 5506 nihil
3464 5449 3770 5517 suscipiens,

2209 5557 2307 5596 nec
2336 5540 2624 5610 quidquam
2653 5538 2870 5593 tradens
2896 5540 3015 5594 sine
3039 5541 3360 5596 auctoritate
3402 5540 3483 5595 vel
3510 5539 3771 5594 seniorum

2209 5634 2453 5690 consilio.
2506 5632 2605 5699 Qui
2648 5633 2809 5687 etiam
2846 5633 3026 5688 omnia
3056 5634 3328 5699 utensilia,
3355 5649 3473 5704 quze
3516 5634 3568 5686 in
3599 5645 3773 5685 mona—

2212 5726 2375 5782 sterio
2405 5733 2549 5789 sunt,
2591 5724 2642 5778 iul
2678 5731 2777 5788 cst,
2840 5732 3039 5780 vestem
3062 5768 3076 5792 ,
3112 5742 3228 5795 vas,
3277 5726 3692 5783 ferramentum,
3722 5727 3769 5770 ct
