3942 6190
205 270 309 325 481

906 249 1136 307 CODEX
1169 244 1623 304 REGULARUM.
1667 273 1734 283 —
1773 242 1799 295 I

1917 238 1951 295 S
1985 239 2026 293 I.
2071 236 2375 292 REGULAE
2418 236 2520 290 ΡΙ).
2562 236 2832 292 ORIENT.

3380 239 3486 293 4&2

201 371 474 444 quidquid
504 350 695 423 usibus
736 361 1066 434 qnotidianis
1092 359 1458 417 necessarium
1487 366 1592 422 est,
1621 365 1802 412 custo-
1829 353 1881 412 Λ
1906 348 2352 444 ηθςιίξδωξίαμξει
2380 349 2582 444 desidia
2604 349 2783 419 aliqua
2805 367 2871 404 ex
2903 351 2988 444 his
3016 353 3484 422 pneteriiiiserint.

201 468 359 529 dial;
390 470 448 517 et
495 468 935 525 unamquamque
965 468 1077 507 rem
1114 454 1429 522 proferens,
1477 466 1599 505 cum
1640 450 1804 503 fuerit

199 550 607 612 necessarium,
626 546 695 600 ab
709 544 981 599 eoiterum
1004 541 1070 595 ad
1094 542 1480 610 reponendum,
1496 540 1581 593 cui
1603 538 1803 593 utendo

198 640 640 712 consignaverit,
667 642 1005 704 recepturus.
1056 630 1138 684 Ad
1162 631 1362 684 victum
1400 642 1532 682 vero
1570 626 1802 682 fratrum

198 734 454 806 proferat
472 744 539 805 ac
567 726 750 782 tradat
776 720 1195 792 scptimanariis,
1211 720 1279 774 ad
1297 719 1629 774 condiendos
1649 717 1801 772 cibos

201 826 301 882 det
331 819 641 879 necessaria
687 815 982 872 secundum
1009 813 1335 882 quotidiana:
1379 826 1632 882 expensm
1671 826 1803 866 con-

204 912 578 975 suetudinem,
615 921 792 976 neque
826 903 1068 974 profuse,
1101 916 1278 973 neque
1303 918 1496 968 avare;
1552 918 1621 958 ne
1664 902 1800 957 vitio

204 1008 380 1078 ipsius
410 1003 500 1058 vel
526 996 842 1056 monasterii
864 994 1168 1049 substantia
1200 1002 1473 1064 gravetur,
1494 992 1578 1047 vel
1607 992 1801 1047 fratres

203 1097 489 1167 patiantur
510 1090 788 1162 iniuriam.
821 1085 928 1141 Sed
955 1091 1010 1140 et
1038 1085 1418 1140 necessitatem
1462 1083 1801 1139 inﬁrmorum

204 1187 440 1242 fratrum
478 1198 546 1237 ac
574 1181 815 1235 laborem
863 1174 1235 1239 considerans,
1264 1173 1397 1228 nihil
1424 1173 1800 1244 aegrotantium

204 1275 495 1334 desideriis
521 1282 681 1345 neget
709 1285 775 1325 ex
804 1267 911 1333 his,
939 1282 1060 1337 qua:
1086 1266 1377 1330 habuerit,
1404 1272 1664 1334 quantum
1697 1264 1800 1318 illis

202 1383 430 1426 necesse
460 1366 644 1421 fuerit.
660 1361 1088 1417 Advenientibus
1105 1357 1336 1413 diversis
1361 1356 1622 1421 fratribus
1644 1370 1802 1411 escas

201 1459 441 1531 parabit.
470 1456 600 1511 Ilzec
628 1454 732 1509 erit
776 1467 909 1508 cura
956 1449 1195 1505 custodis
1225 1442 1461 1515 cellarii,
1512 1463 1801 1504 recurrens

202 1566 422 1622 semper
466 1547 537 1603 ad
576 1546 856 1601 seniorum
901 1540 1226 1606 consilium,
1284 1546 1341 1594 et
1396 1539 1680 1609 requirens
1732 1537 1802 1594 de

200 1642 485 1705 omnibus,
518 1638 604 1693 vel
648 1636 920 1708 praecipue
946 1634 1013 1689 de
1044 1633 1130 1688 bis
1179 1646 1300 1702 qua:
1323 1631 1544 1702 proprio
1575 1645 1674 1685 suo
1719 1630 1801 1684 in-

202 1732 426 1787 tellectu
453 1744 561 1784 non
590 1726 830 1799 potuerit
858 1722 1173 1794 adimplere.

255 1820 470 1877 'XXVI.
511 1817 730 1875 Ostiarii
762 1832 893 1871 cura
953 1815 1060 1879 sit,
1105 1823 1171 1869 ut
1206 1827 1396 1869 omnes
1449 1812 1799 1869 advenientes

200 1918 349 1971 intra
374 1914 570 1984 ianuas
590 1912 853 1980 recipiat;
889 1910 1026 1964 dans
1054 1909 1135 1964 eis
1161 1923 1483 1978 responsum
1508 1908 1796 1963 honestum

200 2023 328 2062 cum
350 2004 657 2060 humilitate
694 2014 752 2058 et
778 2001 1105 2065 reverentia,
1131 2015 1196 2055 ac
1224 2000 1406 2054 statim
1434 2001 1694 2055 nuntians
1714 1999 1800 2054 vel

201 2098 409 2161 abbati,
442 2094 526 2151 vel
556 2094 895 2159 senioribus,
917 2093 1039 2163 quis
1063 2090 1297 2154 venerit,
1327 2098 1381 2145 et
1407 2086 1534 2160 quid
1559 2090 1796 2160 petierit.

201 2189 317 2244 Nec
339 2187 480 2243 ullus
508 2197 892 2241 extraneorum
923 2183 1160 2253 patiatur
1189 2181 1472 2251 iniuriam;
1507 2196 1682 2250 neque
1704 2180 1801 2234 ha-

200 2281 334 2335 beat
361 2293 486 2332 cum
517 2276 698 2346 aliquo
730 2276 797 2330 de
836 2273 1096 2327 fratribus
1121 2270 1501 2326 necessitatem
1534 2285 1599 2325 ac
1626 2268 1799 2324 facul-

201 2379 374 2425 tatem
405 2368 676 2438 loquendi,
714 2366 918 2435 absque
965 2362 1189 2418 scientia
1231 2361 1443 2416 abbatis
1495 2359 1579 2415 vel
1623 2360 1801 2415 senio—

202 2476 327 2516 rum
355 2457 665 2530 praasentia.
697 2456 756 2511 Si
795 2456 924 2525 quid
949 2469 1080 2509 vero
1107 2454 1409 2524 cuicunque
1442 2454 1509 2508 de
1538 2451 1802 2507 fratribus

201 2554 431 2609 missum
462 2550 885 2616 mandatumque
914 2544 1096 2612 fuerit,
1126 2545 1261 2600 nihil
1289 2545 1357 2599 ad
1392 2545 1567 2615 ipsum
1608 2557 1801 2613 perve-

204 2646 320 2700 niat
357 2645 672 2713 priusquam
696 2640 877 2695 abbati
908 2640 992 2694 vel
1020 2638 1323 2694 senioribus
1346 2637 1632 2693 indicetur.
1661 2636 1801 2690 Ante

202 2735 390 2790 omnia
416 2732 674 2787 ostiarius
690 2729 1002 2784 monasterii
1029 2729 1147 2783 haec
1170 2727 1501 2792 obscrvabit,
1524 2742 1592 2779 ne
1613 2740 1803 2796 quem-

202 2841 372 2894 quam
406 2825 474 2878 de
502 2822 764 2877 fratribus
795 2819 928 2875 foris
952 2818 1180 2889 ianuam
1218 2819 1369 2874 exire
1396 2819 1693 2888 permittat.

276 2916 493 2973 XXVII.
537 2915 594 2970 Si
628 2916 751 2986 quis
802 2914 1096 2970 accesserit
1153 2913 1221 2968 ad
1263 2914 1459 2968 ostium
1488 2912 1674 2966 volens
1703 2925 1802 2966 sa:-

202 3011 327 3067 cqu
354 3009 698 3075 renuntiare,
727 3018 782 3063 et
809 3007 1036 3062 fratrum
1062 3007 1344 3078 aggregari
1373 3021 1601 3060 numero
1620 3046 1635 3069 ,
1694 3020 1800 3059 non

201 3102 405 3157 habeat
429 3071 736 3153 libertatem
768 3098 1038 3163 intrandi;
1071 3071 1164 3154 sed
1204 3071 1355 3166 p‘rius
1387 3097 1668 3150 nuntietur
1695 3094 1797 3148 Pa-
1830 3071 1874 3133 Ο

205 3198 273 3251 tri
299 3194 641 3257 monasterii,
672 3201 729 3246 et
769 3192 1010 3246 manebit
1035 3190 1223 3260 paucis
1267 3190 1454 3245 diebus
1496 3188 1629 3242 foris
1671 3198 1797 3242 ante

199 3289 423 3358 ianuam
451 3328 466 3351 ,
524 3302 591 3340 ac
650 3285 930 3340 docebitur
978 3283 1280 3337 orationem
1310 3280 1647 3336 Dominicam
1676 3318 1689 3343 ,
1744 3287 1796 3332 ct

204 3380 445 3449 psalmos
468 3385 704 3446 quantos
754 3374 990 3445 potuerit
1024 3374 1233 3428 discere
1260 3389 1275 3437 ;
1314 3379 1368 3426 et
1400 3370 1689 3441 diligenter
1715 3369 1798 3425 sui

205 3473 639 3543 experimentum
669 3470 836 3533 dabit,
861 3483 929 3521 ne
965 3466 1103 3521 forte
1130 3465 1255 3520 mali
1284 3464 1556 3534 quidpiam
1584 3463 1795 3525 fecerit,

208 3574 265 3618 ut
287 3564 537 3617 turbatus
558 3561 627 3615 ad
660 3561 848 3614 horam
876 3558 1072 3611 timore
1095 3556 1423 3619 discesserit,
1454 3562 1549 3608 aut
1582 3554 1682 3608 sub
1703 3553 1800 3606 ali-

208 3668 314 3722 qua
336 3659 609 3722 potestate
640 3650 742 3713 sit;
783 3657 838 3702 et
867 3656 1048 3702 utrum
1074 3646 1247 3715 possit
1271 3645 1582 3699 renuntiare
1605 3657 1802 3723 paren-

210 3745 355 3799 tibus
395 3744 533 3807 suis,
556 3751 611 3796 et
651 3740 924 3812 propriam
956 3747 1305 3794 contemnere
1348 3735 1679 3790 facultatem.
1742 3733 1797 3787 Si

211 3849 333 3888 eum
354 3834 593 3888 viderint
616 3840 799 3902 aptum
822 3831 889 3885 ad
918 3830 1121 3893 omnia,
1150 3837 1279 3882 tunc
1307 3826 1588 3882 docebitur
1615 3834 1671 3880 et
1714 3840 1802 3879 re-

214 3924 381 3994 liquas
412 3921 732 3978 monasterii
788 3919 1133 3989 disciplinas;
1178 3933 1298 3988 qurc
1342 3916 1520 3971 facere
1573 3917 1798 3980 debeat,

216 4017 514 4085 quibusque
542 4014 770 4076 servire,
797 4014 908 4067 sive
932 4015 984 4066 in
1014 4011 1237 4066 collecta
1261 4010 1499 4064 omnium
1528 4009 1755 4064 fratrum
1781 4050 1796 4072 ,

217 4108 326 4163 sive
340 4108 394 4162 in
410 4108 574 4161 domo
598 4106 686 4161 cui
714 4105 1005 4167 tradendus
1029 4111 1133 4167 est,
1153 4103 1266 4157 sive
1295 4103 1546 4157 vescendi
1571 4103 1759 4157 ordine
1784 4120 1797 4155 :

214 4208 271 4251 ut
295 4199 591 4253 instructus
618 4206 779 4265 atque
804 4194 1076 4265 perfectus
1099 4195 1150 4248 in
1176 4193 1323 4248 omni
1347 4209 1510 4262 opere
1530 4193 1673 4247 bono
1695 4192 1803 4247 fra-

217 4291 388 4344 tribus
417 4289 719 4358 copuletur.
749 4287 874 4342 IIa:c
895 4287 1204 4341 obscrvabit
1232 4295 1413 4341 custos
1433 4284 1632 4354 ianum,
1663 4284 1803 4340 refe-

218 4396 338 4436 rens
361 4381 568 4445 omnia,
600 4381 740 4435 sicut
788 4380 1035 4448 superius
1077 4380 1336 4448 scriptum
1376 4389 1480 4446 est,
1509 4387 1565 4433 et
1593 4395 1801 4434 annun-

219 4472 356 4526 tians
384 4471 716 4525 senioribus.

287 4564 526 4619 XXVIII.
568 4546 951 4634 Septimanarii
978 4565 1046 4618 ad
1095 4564 1247 4619 cibos
1285 4566 1568 4634 parandos,
1602 4564 1687 4619 vel
1734 4565 1803 4619 ad

218 4655 504 4709 luminaria
533 4656 928 4720 concinnanda,
954 4654 1040 4709 vel
1088 4654 1156 4708 ad
1199 4655 1401 4709 nitores
1422 4654 1719 4716 faciendos,
1751 4662 1807 4707 et

221 4758 333 4811 qua:
374 4746 441 4798 ad
485 4744 804 4813 obsequium
852 4761 1092 4813 ususque
1133 4744 1446 4798 monasterii
1492 4744 1802 4812 pertinent,

221 4848 432 4904 semper
458 4836 637 4905 parati
663 4836 790 4890 sint.
820 4836 930 4890 Hos
979 4836 1124 4889 nulla
1164 4834 1269 4889 alia
1313 4834 1608 4889 necessitas
1647 4848 1807 4889 occu-

223 4933 328 4992 pet,
355 4924 453 4979 sed
496 4925 549 4977 in
600 4925 704 4978 hoc
758 4925 995 4979 studium
1034 4925 1379 4995 impendant,
1405 4934 1601 4978 utrem
1630 4939 1810 4979 susce-

225 5024 366 5084 ptam
403 5015 616 5069 utiliter
642 5023 696 5068 et
724 5006 1009 5087 diligenter
1034 5016 1315 5086 impleant.
1346 5014 1413 5069 Et
1436 5015 1482 5069 si
1511 5016 1639 5085 quid
1668 5016 1807 5071 forte

226 5105 493 5170 nesciunt,
523 5105 592 5160 de
617 5105 702 5159 his
743 5121 862 5174 quae
893 5122 1054 5176 agere
1098 5106 1328 5168 debent,
1359 5105 1475 5160 sine
1505 5104 1809 5160 dissimula-

228 5193 369 5247 tione
394 5194 644 5249 seniores
662 5180 798 5249 suos
835 5210 1048 5264 semper
1070 5196 1424 5265 interrogent.

293 5283 488 5337 XX'IX.
531 5282 597 5337 lIi
645 5285 825 5354 itaque
854 5285 1047 5354 quibus
1086 5284 1399 5354 disciplina,
1451 5285 1532 5339 vel
1560 5285 1763 5339 utilitas
1789 5326 1804 5352 ,

228 5372 308 5428 vel
361 5374 581 5445 opinio,
645 5374 727 5428 vel
784 5375 1100 5445 obsequium
1162 5375 1478 5429 monasterii
1526 5375 1805 5443 creditur,

230 5464 399 5521 oﬂicia
445 5468 551 5523 sibi
581 5466 815 5535 iniuncta
845 5468 1074 5523 ﬁdeliter
1111 5469 1418 5523 custodiant
1444 5477 1498 5522 et
1531 5467 1806 5536 impleant.

235 5553 339 5610 llos
380 5556 531 5610 enim
557 5571 743 5612 errare
782 5574 889 5612 non
937 5559 1109 5621 decet,
1136 5558 1223 5626 qui
1254 5556 1321 5611 ad
1366 5571 1555 5612 omnes
1597 5571 1810 5612 errores

236 5649 605 5704 emendandos
630 5651 902 5722 praépositi
928 5659 1070 5705 sunt.
1103 5648 1205 5716 Qui
1242 5650 1286 5705 si
1316 5649 1399 5703 vel
1427 5649 1696 5717 superbia,
1725 5649 1806 5703 vel

1904 451 2024 505 quae
2053 438 2106 492 in
2135 437 2337 508 Regula
2353 438 2726 503 continentur;
2776 454 2872 507 per
2902 439 3155 510 ipsosque
3186 442 3484 503 destructio

1903 542 2025 583 esse
2060 529 2319 598 coeperit,
2367 543 2466 597 per
2489 544 2627 598 quos
2670 530 2831 585 debet
2866 530 3150 585 aediﬁcatio
3193 546 3444 588 crescere
3471 572 3487 595 ,

1902 618 2153 675 omnibus
2178 619 2739 686 condemnationibus,
2769 635 2906 690 quas
2957 620 3164 691 Regula
3211 623 3485 687 continet,

1903 707 2276 776 subiacebunt.

1972 799 2140 854 XXX.
2180 800 2325 855 Inter
2349 814 2538 855 omnes
2582 799 2779 855 fratres
2824 802 2929 856 hoc
2953 801 3365 868 observabitur,
3403 803 3489 858 vel

1901 890 2215 946 obedientes
2235 890 2541 945 senioribus
2557 890 2691 954 suis,
2710 899 2765 944 et
2787 891 3094 946 deferentes
3106 893 3211 947 sibi
3233 893 3486 957 invicem,

1900 980 2140 1035 habeant
2188 980 2525 1049 patientiam,
2560 980 2983 1035 moderationem
3019 1021 3035 1047 ,
3092 982 3486 1045 humilitatem,

1901 1072 2251 1135 charitatem,
2291 1084 2483 1140 pacem
2528 1068 2648 1123 sine
2692 1068 2949 1140 figmento
2972 1078 3026 1124 et
3068 1072 3386 1138 mendacio,
3435 1082 3492 1126 et

1902 1162 2309 1225 maledictione,
2358 1167 2414 1214 et
2441 1160 2793 1225 verbositate,
2822 1170 2878 1215 et
2930 1161 3147 1231 iurandi
3198 1174 3489 1219 consuetu-

1900 1251 2047 1315 dine,
2081 1251 2153 1305 ita
2189 1259 2249 1304 ut
2272 1264 2431 1305 nemo
2470 1264 2628 1304 suum
2671 1251 2965 1320 quidquam
3024 1251 3283 1318 vindicet,
3315 1268 3491 1323 neque

1902 1340 2042 1395 ullus
2079 1340 2278 1410 aliquid
2301 1338 2647 1410 peculiariter
2699 1347 2950 1410 usurpet;
2984 1340 3077 1397 sed
3108 1342 3349 1397 habeant
3371 1358 3488 1397 oni-

1899 1430 1991 1484 nia
2015 1430 2343 1485 communia.

1972 1519 2164 1574 XXXI.
2209 1518 2339 1574 Sine
2367 1518 2644 1575 seniorum
2685 1519 2853 1575 verbo
2879 1528 2934 1576 et
2961 1521 3288 1578 auctoritate
3313 1525 3493 1580 nullus

1900 1608 2130 1664 fratrum
2158 1609 2449 1679 quidquam
2478 1617 2599 1680 agat
2626 1626 2639 1662 :
2669 1624 2846 1678 neque
2883 1611 3117 1680 accipiat
3136 1611 3364 1682 aliquid,
3388 1630 3486 1669 ne—

1827 1725 1876 1785 B
1903 1716 2007 1772 que
2029 1701 2148 1767 det;
2179 1715 2355 1771 neque
2391 1715 2619 1771 usquam
2645 1714 2866 1770 prorsus
2901 1701 3179 1771 procedat.

1972 1791 2190 1847 XXXII.
2230 1790 2364 1845 Cum
2388 1806 2517 1845 vero
2570 1791 2790 1845 inventa
2824 1789 2988 1847 fuerit
3031 1793 3186 1863 culpa
3211 1833 3226 1860 ,
3279 1793 3369 1850 ille
3395 1796 3490 1865 qui

1900 1883 2183 1954 culpabilis
2205 1883 2501 1948 invenitur,
2525 1881 2853 1951 corripiatur
2871 1883 2940 1937 ab
2969 1883 3166 1939 abbate
3201 1887 3483 1940 secretius.

1900 1975 2052 2043 Quod
2081 1977 2127 2031 si
2153 1991 2259 2031 non
2291 1974 2494 2031 sufﬁcit
2517 1960 2584 2029 ad
2603 1974 3058 2042 emendationem,
3088 1978 3415 2047 corripiatur
3458 1995 3491 2031 ει

1899 2068 2088 2135 paucis
2114 2067 2440 2122 senioribus.
2497 2065 2651 2132 Quod
2707 2066 2755 2120 si
2810 2081 2913 2122 nec
2959 2068 3039 2122 sic
3085 2069 3487 2131 emendaverit,

1899 2158 2400 2214 excommunicetur
2417 2197 2432 2219 ,
2461 2165 2516 2211 et
2546 2172 2652 2211 non
2670 2162 2961 2212 manducet
2985 2158 3300 2227 quidquam.
3319 2158 3416 2213 Cui
3443 2163 3491 2213 si

1898 2262 2002 2302 nec
2027 2248 2131 2302 hoc
2158 2246 2374 2315 quidem
2400 2246 2686 2316 profucrit,
2706 2246 2757 2300 in
2772 2246 3013 2316 quolibet
3042 2246 3162 2302 loco
3190 2246 3378 2313 fuerit,
3396 2266 3492 2319 po-

1900 2346 2138 2393 stremus
2152 2338 2292 2392 inter
2301 2353 2489 2392 omnes
2504 2338 2557 2391 in
2580 2336 2841 2408 psallendi
2859 2337 3048 2393 ordine
3061 2347 3313 2408 ponatur.
3331 2339 3485 2407 Quod

1900 2432 1946 2485 si
1970 2432 2023 2485 in
2053 2430 2320 2501 pravitate
2345 2438 2673 2500 perseverat,
2691 2431 2854 2485 etiam
2880 2430 3145 2501 psallendi
3176 2431 3227 2486 ei
3262 2430 3493 2486 facultas

1901 2522 2199 2578 auferatur.
2216 2522 2387 2589 Quem
2402 2523 2446 2577 si
2470 2522 2553 2577 vel
2571 2524 2683 2578 haec
2702 2522 2950 2580 confusio
2975 2539 3081 2580 non
3102 2526 3489 2588 commoverit,

1900 2613 2236 2667 abstineatur
2255 2627 2286 2666 a
2312 2624 2578 2667 conventu
2594 2612 2851 2680 fratrum;
2884 2614 3143 2670 itautncc
3155 2630 3375 2680 mensaz,
3394 2631 3494 2669 nec

1900 2703 2078 2757 Missa:
2111 2703 2346 2767 intersit,
2375 2719 2549 2773 neque
2574 2717 2697 2758 cum
2722 2719 2788 2758 eo
2817 2704 2959 2759 ullus
2979 2703 3152 2759 frater
3171 2705 3236 2759 de
3254 2704 3489 2775 iuniori-

1899 2808 2001 2862 pus
2024 2793 2384 2864 colloquatur.
2414 2794 2792 2851 Abstincbitur
2820 2803 3003 2850 autem
3033 2794 3260 2859 tamdiu,
3312 2809 3487 2865 quan-

1899 2884 1990 2939 diu
2021 2883 2105 2937 vel
2129 2883 2366 2952 qualitas
2392 2883 2562 2954 culpa:
2590 2884 2915 2953 poposcerit,
2950 2885 3247 2939 secundum
3277 2884 3493 2938 abbatis

1900 2988 1964 3027 ac
1993 2974 2270 3028 seniorum
2301 2973 2614 3038 arbitrium;
2643 2972 2729 3028 vel
2783 2989 2842 3028 se
2873 2988 2940 3027 ex
2981 2975 3143 3028 corde
3190 2988 3289 3043 pro
3335 2973 3490 3046 culpa

1906 3064 2177 3132 ptenitcns
2200 3063 2581 3129 humiliaverit,
2596 3072 2651 3117 et
2668 3064 2881 3118 veniam
2904 3064 3104 3119 erroris
3129 3064 3213 3118 sui
3241 3064 3493 3119 omnibus

1901 3157 2261 3226 praesentibus
2297 3155 2534 3225 petierit.
2580 3155 2734 3222 Quod
2779 3144 2907 3211 siin
2946 3155 3169 3211 fratrem
3213 3158 3493 3225 peccavit,

1900 3247 2062 3300 etiam
2089 3246 2158 3299 ab
2180 3262 2246 3301 eo
2272 3245 2443 3301 fratre
2469 3247 2681 3301 veniam
2704 3255 2872 3316 petat,
2896 3247 2982 3301 cui
3012 3247 3267 3318 iniuriam
3295 3246 3443 3303 fecit.

1972 3337 2206 3391 XXXIII.
2249 3335 2307 3391 Si
2331 3338 2451 3407 quis
2473 3338 2649 3392 errori
2673 3337 2790 3408 eius
2818 3337 3178 3402 consenserit,
3205 3346 3262 3391 et
3288 3353 3487 3393 secun-

1901 3429 2029 3484 dum
2054 3429 2308 3483 duritiam
2347 3430 2490 3485 illius
2543 3431 2715 3501 magis
2742 3430 3024 3484 consilium
3051 3430 3295 3497 dederit,
3346 3439 3401 3485 ut
3432 3446 3493 3487 se

1903 3522 2111 3576 tardius
2144 3522 2412 3587 humiliet,
2441 3524 2575 3577 sciat
2606 3539 2683 3588 se,
2711 3538 2835 3576 cum
2882 3521 2936 3574 in
2968 3522 3070 3576 hoc
3096 3536 3282 3576 errore
3328 3521 3493 3576 fuerit

1901 3615 2288 3685 deprehensus,
2320 3614 2481 3668 simili
2506 3615 2665 3668 modo
2688 3612 3008 3681 culpabilem
3044 3612 3415 3679 iudicandum.

1975 3704 2213 3760 XXXIV.
2254 3704 2367 3758 lloc
2394 3704 2556 3757 etiam
2584 3703 2887 3757 addendum
2919 3702 3038 3768 fuit,
3064 3710 3124 3755 ut
3156 3702 3357 3766 frater,
3392 3702 3484 3770 qui

1900 3815 1999 3869 pro
2036 3798 2276 3867 qualibet
2297 3795 2452 3864 culpa
2493 3795 2736 3864 arguitur
2771 3794 2857 3848 vel
2888 3794 3198 3863 increpatur
3219 3833 3235 3859 ,
3282 3794 3491 3862 patien-

1903 3893 2031 3945 tiam
2057 3889 2276 3952 babeat,
2303 3896 2358 3941 et
2383 3901 2487 3940 non
2530 3886 2852 3952 respondeat
2876 3884 3121 3955 arguenti
3143 3898 3201 3939 se
3226 3900 3239 3936 :
3265 3884 3358 3938 sed
3387 3885 3490 3938 lin-

1901 3984 2074 4038 tuiliet
2101 3997 2159 4037 se
2187 3982 2240 4035 in
2270 3979 2522 4036 omnibus
2567 3984 2621 4032 et
2648 3978 2917 4032 emendet.

1973 4091 2192 4147 XXXV.
2234 4089 2291 4146 Si
2316 4104 2445 4145 vero
2474 4088 2635 4144 fuerit
2673 4088 2869 4156 aliquis
2895 4096 3003 4143 tam
3031 4088 3230 4154 durus,
3276 4095 3333 4142 et
3379 4095 3490 4142 tam

1904 4185 2111 4240 alienus
2142 4200 2171 4237 a
2210 4183 2402 4237 timore
2447 4182 2684 4247 Domini,
2716 4189 2772 4235 ut
2809 4189 2887 4234 tot
2939 4180 3386 4251 castigationibus
3435 4189 3492 4235 ct

1903 4285 1983 4333 tot
2008 4275 2419 4333 remissionibus
2452 4290 2560 4329 non
2588 4274 2869 4337 emendet,
2918 4272 3235 4343 proiiciatur
3263 4274 3329 4327 de
3376 4288 3493 4329 me-

1904 4367 2163 4431 nastcrio,
2186 4374 2241 4420 ct
2264 4365 2412 4421 velut
2430 4374 2718 4420 extraneus
2744 4365 3037 4419 habeatur:
3069 4378 3137 4417 ne
3166 4362 3296 4417 vitio
3320 4363 3492 4433 ipsius

1842 4458 1875 4510 ζ’
1905 4459 1996 4513 alii
2031 4458 2432 4528 periclitentur.

1974 4570 2213 4626 XXXVI.
2254 4569 2408 4637 Quod
2435 4570 2483 4624 si
2515 4570 2710 4640 aliquis
2740 4569 2950 4625 locutus
2997 4567 3176 4627 fuerit,
3201 4565 3285 4622 vel
3307 4564 3488 4621 riserit

1906 4663 1960 4716 in
1994 4663 2280 4727 vescendo,
2310 4661 2637 4730 increpetur,
2664 4668 2719 4714 ct
2738 4668 2860 4730 agat
2888 4657 3281 4728 pmnitentiam.

1976 4770 2243 4825 XXXVII.
2286 4770 2342 4824 Si
2372 4771 2495 4839 quis
2523 4770 2590 4824 ad
2635 4768 3066 4824 manducandum
3095 4767 3300 4822 tardius
3327 4779 3489 4821 vene-

1909 4861 1983 4915 rit
2013 4859 2217 4929 absque
2258 4859 2478 4927 maioris
2498 4859 2742 4927 imperio,
2770 4857 3017 4912 similiter
3067 4863 3191 4925 agat
3219 4853 3486 4923 poeniten-

1913 4955 2064 5018 tiam,
2093 4961 2186 5007 aut
2208 4953 2276 5006 ad
2297 4952 2488 5007 cellam
2520 4966 2670 5005 suam
2686 4950 2903 5019 jejunus
2927 4956 3249 5005 revertatur.

1980 5066 2267 5122 XXXVIII.
2310 5065 2368 5122 Si
2402 5066 2605 5137 aliquid
2627 5063 2991 5119 necessarium
3020 5060 3181 5117 fuerit
3203 5063 3257 5116 in
3274 5076 3486 5129 mensa,

1909 5175 2070 5216 nemo
2103 5158 2320 5213 audebit
2348 5157 2515 5227 loqui,
2546 5156 2642 5211 sed
2668 5154 3100 5209 ministrantibus
3125 5153 3339 5224 signum
3365 5153 3484 5209 soni

1912 5250 2080 5306 dabit.
2113 5248 2340 5303 Ministri
2368 5262 2499 5301 vero
2524 5246 2724 5315 absque
2752 5244 2836 5298 bis
2858 5259 2978 5314 qua:
3000 5244 3052 5297 in
3074 5257 3358 5300 commune
3376 5241 3486 5298 fra-

1910 5345 2086 5400 tribus
2128 5350 2429 5414 prcharata
2459 5348 2623 5405 sunt,
2663 5338 2795 5392 nihil
2832 5337 2975 5392 aliud
3023 5338 3336 5404 comedunt,
3386 5349 3486 5391 nec

1913 5444 2150 5491 mutatos
2178 5435 2328 5489 cibos
2354 5432 2454 5487 sibi
2481 5430 2716 5485 audeant
2739 5443 3061 5501 praeparare.

1984 5546 2223 5602 XXXIX.
2266 5543 2432 5601 Nemo
2467 5542 2585 5612 plus
2610 5542 2765 5597 alteri
2794 5542 2943 5596 dabit
2970 5555 3128 5610 quam
3152 5539 3290 5594 alter
3333 5549 3484 5596 acce-

1916 5645 2020 5715 pit;
2048 5644 2189 5712 quod
2212 5643 2254 5697 si
2284 5638 2593 5695 obtenditur
2620 5637 2924 5701 inﬁrmitas,
2949 5634 3269 5704 Przrposittts
3293 5630 3484 5687 domu:
