3942 6190
490 219 595 273 433
1495 212 1553 269 S.
1598 213 1956 269 BENEDICTI
1999 212 2291 267 ABBATIS
2330 208 2741 266 ANIANENSIS
3637 211 3739 267 184

492 336 679 398 perget
702 327 766 380 ad
798 325 1070 380 lllilllall‘OS
1103 323 1502 394 a‘grotantium,
1526 324 1595 379 ab
1627 323 1713 377 bis
1731 339 1851 392 quae
1879 337 2065 375 neces-
2094 327 2139 383 Λ
2238 318 2417 373 XLIII.
2459 318 2646 373 Nullus
2670 319 2737 373 de
2776 316 2934 372 horto
2964 314 3114 370 tollat
3134 312 3302 379 olera,
3330 313 3433 370 nisi
3461 313 3531 370 ab
3556 316 3742 372 hortu-

493 416 634 468 saria
659 424 781 469 sunt
817 414 1064 482 accipiet.
2170 411 2293 464 lano
2313 410 2596 478 acceperit.

568 505 676 559 XL.
717 503 1032 569 Quando'ad
1058 502 1256 556 ostium
1278 500 1592 556 monasterii
1613 500 1777 570 aliqui
1798 502 2065 564 venerint,
2244 502 2425 556 XLIV.
2466 501 2635 556 Nemo
2659 501 2811 555 alteri
2833 499 3083 570 loquatur
3104 499 3158 553 in
3189 496 3461 564 tenebris;
3489 498 3663 554 nullus
3687 500 3745 556 in

494 596 538 649 si
561 594 742 648 clerici
774 592 972 646 fuerint
997 600 1089 646 aut
1110 592 1384 657 monachi,
1407 590 1599 661 majori
1644 593 1850 649 honore
1890 594 2068 648 susci—
2169 593 2384 662 psiatbo
2413 607 2534 647 cum
2560 592 2731 647 altero
2757 591 3020 654 dormiat;
3075 604 3294 646 manum
3333 589 3560 645 alterius
3588 606 3744 645 nemo

492 686 706 756 pientur
732 686 747 735 ε
779 683 1137 752 lavabuntque
1179 684 1344 752 pedes
1379 698 1585 745 eorum,
1611 683 1765 753 juxta
1795 683 2069 755 Evangelii
2170 693 2380 748 teneat;
2423 685 2518 739 sed
2546 684 2661 738 sive
2706 684 2937 747 steterit,
2967 683 3080 738 sive
3107 682 3481 748 ambulaverit,
3506 683 3621 738 sive
3664 698 3747 737 se-

492 783 838 843 przeceptum,
868 782 924 828 et
954 772 1270 843 przehehunt
1320 772 1400 827 eis
1438 773 1619 827 omnia
1646 787 1766 841 qua:
1792 782 1916 843 apta
1946 781 2072 828 sunt
2170 774 2330 839 derit,
2364 789 2471 828 uno
2492 775 2677 830 cubito
2707 774 2871 829 distet
2894 775 2962 828 ab
2986 772 3176 828 altero.

493 864 613 917 usui
645 864 1050 918 monachorum.
1402 900 1411 903 -
2244 868 2403 922 XLV.
2448 865 2505 922 Si
2560 868 2683 938 quis
2716 866 2899 921 tulerit
2942 881 3056 920 rem
3111 880 3218 920 non
3278 879 3463 929 suam,
3519 872 3752 934 ponetur

566 953 698 1007 XLI.
742 954 798 1008 Si
852 954 975 1023 quis
1036 953 1103 1007 ad
1161 954 1360 1008 ostium
1437 952 1749 1007 monasterii
1827 952 2067 1017 venerit.
2173 971 2338 1026 super
2363 958 2616 1012 humeros
2641 954 2785 1024 ejus;
2817 964 2872 1010 et
2897 954 3111 1025 sicagat
3138 953 3511 1024 paenitentiam
3537 952 3752 1023 publice

496 1046 681 1100 dicens
729 1045 865 1099 velle
918 1060 976 1099 se
1016 1045 1201 1099 videre
1244 1043 1463 1100 fratrem
1522 1060 1678 1100 suum
1712 1044 1795 1099 vel
1847 1045 2070 1114 propin-
2176 1048 2231 1101 in
2259 1046 2503 1102 collecta.

497 1153 682 1205 quum,
704 1135 908 1203 janitor
955 1137 1221 1191 nuntiabit
1270 1137 1477 1202 abbati,
1507 1144 1563 1190 et
1608 1136 1955 1213 permittente
2005 1149 2071 1190 eo
2246 1136 2427 1192 XLVI.
2470 1136 2526 1191 Si
2566 1136 2892 1206 Prrepositus
2917 1135 3113 1206 injuste
3132 1132 3491 1202 judicaverit,
3539 1133 3761 1204 injusti-

497 1228 722 1295 acripiet
750 1226 999 1281 comitem
1024 1267 1039 1293 ,
1091 1226 1244 1295 cujus
1291 1227 1426 1282 ﬁdes
1479 1226 1706 1297 probata
1732 1236 1848 1294 est;
1902 1236 1958 1283 et
1984 1227 2064 1282 sic
2173 1228 2264 1283 tite
2288 1227 2357 1282 ab
2381 1228 2502 1282 aliis
2530 1226 2996 1282 condemnabitur.

388 1308 407 1328 '
499 1318 739 1370 mittetur
760 1319 825 1371 ad
857 1317 1076 1372 fratrem
1103 1319 1393 1373 videndum
1432 1319 1514 1373 vel
1547 1320 1872 1389 proximum.
2244 1317 2447 1373 XLVII.
2487 1317 2588 1384 Qui
2611 1316 2879 1372 consentit
2915 1314 3170 1384 peccatis,
3196 1322 3254 1369 et
3299 1310 3542 1368 defendit
3589 1310 3756 1365 alium

570 1405 725 1457 XLII.
767 1404 822 1459 Si
865 1408 1194 1477 prepinquus
1229 1408 1455 1477 alicujus
1474 1418 1722 1464 mortuus
1752 1410 1933 1474 fuerit,
1955 1427 2077 1481 pro-
2173 1410 2594 1478 delir.quentem,
2625 1409 2945 1463 male-dictus
2965 1407 3070 1462 erit
3119 1406 3258 1475 apud
3290 1407 3459 1461 Deum
3479 1412 3537 1458 et
3581 1403 3753 1458 bonni

498 1497 752 1564 sequendi
786 1495 945 1551 fimus
975 1513 1080 1552 non
1134 1498 1351 1553 habebit
1393 1498 1663 1554 licentiam
1692 1540 1706 1561 ,
1763 1502 1864 1556 nisi
1914 1501 2075 1558 Pater
2173 1516 2290 1563 nes,
2314 1500 2638 1569 corripietur
2671 1498 3037 1567 increpatione
3071 1496 3432 1551 severissima.

500 1588 813 1643 monasterii
842 1588 1178 1658 praeceperit.
2110 1583 2156 1642 Β
2574 1590 2801 1659 Explica
2832 1587 3029 1659 Regula
3059 1586 3362 1642 Orientalis.

1364 1890 1365 1893 ~
1415 1824 2087 1940 SANGTI
2158 1822 2841 1938 ΒΔειῑιιι

1522 2032 1895 2089 (ΖΑΞΞΑΒΕΛΕ
1935 2032 2389 2091 (ΖΑΡΡΔΒΟΟΙᾸΞ.
2429 2032 2736 2091 EPISCOPI

1153 2187 1796 2317 REGULA
1888 2190 2093 2312 AD
2187 2187 3089 2316 MONACHOS.
3178 2374 3191 2387 ‘

983 2499 1087 2558 DE
1130 2496 1189 2557 S.
1238 2495 1554 2557 BASILIO
1596 2495 1941 2569 EJUSQUE
1982 2493 2299 2555 REGULA
2342 2492 2723 2554 VETERUM
2769 2491 3282 2553 TESTIMONIA.

1360 2677 1418 2732 8.
1461 2676 1742 2750 Gregorius
1782 2680 2082 2748 Nazianz.,
2123 2693 2258 2738 erat.
2296 2682 2398 2748 20,
2438 2684 2494 2737 in
2523 2682 2583 2737 S.
2625 2680 2902 2736 Basiliam.

582 2774 715 2846 Quis
751 2770 922 2841 magis
943 2784 1106 2846 quam
1132 2768 1222 2846 ille
1252 2777 1348 2822 aut
1370 2768 1738 2846 virginitatem
1761 2773 1954 2846 coluit,
1990 2783 2081 2828 aut
2115 2774 2263 2829 carni
2286 2774 2449 2846 leges
2487 2774 2771 2846 imposuit;
2798 2773 2958 2841 idque
2974 2788 3089 2846 non
3128 2788 3227 2846 suo
3253 2783 3464 2846 tantum
3496 2778 3772 2846 exemplo,

498 2838 790 2919 sedfetiam
824 2838 988 2912 opera
1019 2840 1141 2893 aliis
1181 2839 1458 2919 impensa?
1480 2838 1646 2919 Qujus
1668 2852 1796 2896 sunt
1825 2843 2055 2919 virginut

2215 2838 2390 2907 nobis:
2419 2853 2473 2898 et
2506 2838 2712 2919 scripto
2749 2838 3138 2919 comprehensa
3162 2844 3496 2919 llegularum
3521 2838 3772 2911 statu-ta;

509 2917 706 3037 quibuls)
746 2921 801 2966 et
834 2910 1027 2967 sensus
1070 2923 1258 2963 omnes
1305 2910 1629 2978 castigabat,
1660 2919 1714 2965 et
1738 2910 1977 2968 membra
2017 2915 2198 2970 omnia
2238 2910 2710 2983 componeban'et
2757 2910 2939 2967 veram
2980 2910 3345 2984 virginitat'en'i
3392 2930 3626 2972 servare
3679 2919 3773 2972 ad-

509 3000 671 3037 mone
710 2991 786 3036 at.
2376 2994 2399 3025 κ

508 2999 786 3040 monebat.

1118 3088 1121 3093 .
1493 3046 1778 3118 Gregorius
1814 3053 1984 3122 presb.
2008 3094 2021 3118 ,

1493 3046 1778 3118 Gregorius
1814 3053 1984 3122 presb.
2008 3094 2021 3118 ,
2066 3062 2201 3106 ornt.
2236 3054 2300 3109 de
2331 2999 2399 3109 Sf
2425 3051 2579 3123 (ἶνες.
2613 3051 2750 3107 Naz.

580 3150 681 3205 llic
720 3166 885 3220 porro
923 3155 1320 3220 commorantes
1347 3146 1652 3220 (Gregorius
1693 3155 1742 3220 et
1772 3144 2026 3220 iiasih'us)
2055 3153 2110 3199 et
2145 3144 2795 3220 mutua__exsti_muliitione
2827 3148 3079 3220 virtutem
3110 3148 3395 3219 augebant,
3421 3158 3476 3205 et
3503 3151 3636 3206 vitae
3662 3165 3774 3205 mm

515 3215 739 3291 nasticze
776 3221 921 3291 leges
948 3220 1052 3291 piis
1074 3217 1299 3291 ADcoque
1336 3215 1546 3291 devotis
1584 3215 1893 3291 hominibus
1924 3223 2085 3291 atque
2119 3231 2149 3269 a
2180 3217 2362 3270 mundi
2395 3217 2656 3291 societate
2679 3215 3271 3291 disjunctisferebant,
3294 3220 3547 3291 Lycurgi
3565 3221 3772 3291 legibus

519 3285 873 3357 placidiores,
903 3285 1117 3343 Sblonis
1146 3287 1449 3409 graviores,
1478 3286 1673 3340 Minois
1692 3285 1980 3353 :equiores.
2013 3287 2123 3340 lmo
2147 3301 2275 3339 vero
2306 3294 2365 3339 ut
2390 3287 2456 3341 de
2495 3286 2579 3340 his
2602 3287 2733 3341 viris
2762 3285 3052 3343 sublimius
3076 3288 3277 3358 aliquid
3299 3285 3503 3354 dicam,
3534 3285 3771 3362 Moysem

519 3359 812 3409 imitantur.
851 3360 1101 3409 nubeuue
1128 3356 1347 3409 O)lCCli.
1384 3365 1548 3409 atque
1577 3364 1636 3408 ut
1660 3371 1689 3409 a
1728 3354 2074 3409 tumultuaria
2116 3364 2172 3409 et
2201 3356 2508 3409 turbulenta
2547 3356 2647 3409 bac
2677 3358 2785 3409 vita
2816 3357 3001 3409 procul
3026 3372 3085 3409 se
3115 3369 3475 3409 removerent.
3525 3360 3586 3409 in
3625 3375 3771 3409 mon—

510 3354 812 3423 i'niitantur,
851 3360 1101 3427 nnbeque
1120 3354 1347 3427 obtecti,
1384 3365 1548 3427 atque
1577 3364 1636 3427 ut
1660 3371 1689 3409 a
1728 3354 2074 3427 tumultuaria
2116 3364 2172 3411 et
2201 3356 2508 3411 turbulenta
2547 3356 2647 3411 bac
2677 3358 2785 3411 vita
2816 3357 3001 3427 procul
3026 3372 3085 3412 se
3115 3354 3475 3424 removerent,
3525 3360 3586 3413 in
3624 3354 3773 3414 iuon-

514 3438 623 3483 tem
661 3429 993 3492 secedentes,
1018 3423 1352 3496 ’legislatoris
1377 3423 1554 3479 ofti’cio
1597 3423 1976 3495 fungebantur.

1522 3513 1578 3569 S.
1609 3513 1991 3584 Hieronymus,
2024 3513 2221 3585 Script.
2264 3514 2436 3579 Eccl.,
2473 3533 2590 3587 cap.
2622 3516 2740 3570 116.

586 3606 817 3665 Basilius
857 3607 1117 3664 Caesarea:
1144 3604 1524 3676 Cappadocia,
1555 3620 1674 3674 qute
1697 3604 1853 3676 prius
1892 3603 2108 3658 Mazaca
2134 3603 2455 3676 vocabatur,
2486 3605 2788 3675 episcopus,
2814 3606 3062 3676 egregios
3081 3616 3268 3662 contra
3292 3608 3626 3666 Eunomium
3668 3609 3775 3665 ela-

515 3682 729 3736 boravit
765 3680 959 3742 libros,
995 3685 1052 3732 et
1079 3677 1145 3731 de
1167 3674 1372 3746 Spiritu
1403 3683 1596 3729 sancto
1623 3674 1897 3739 volumen,
1924 3682 1979 3727 et
2009 3674 2329 3740 asceticum,
2360 3682 2415 3727 et
2444 3674 2637 3730 breves
2658 3674 3260 3746 variosque—tractatus.

1587 3765 1814 3834 Ruﬁnus
1837 3805 1853 3830 ,
1893 3763 2036 3818 Hist.
2065 3765 2218 3831 cccl.,
2245 3765 2336 3819 lib.
2374 3782 2445 3831 ιι,
2478 3782 2593 3836 cap.
2621 3767 2675 3821 9.

581 3866 816 3921 Basilius
854 3863 1011 3919 Ponti
1036 3863 1199 3918 urbes
1223 3870 1277 3916 et
1302 3874 1432 3915 rura
1457 3858 1806 3930 circumiens,
1839 3857 2052 3930 desides
2093 3858 2269 3927 gentis
2300 3858 2445 3930 illius
2467 3858 2694 3930 animos,
2721 3868 2776 3915 et
2819 3875 3008 3929 parum
3040 3861 3107 3916 de
3156 3875 3251 3930 spe
3283 3860 3463 3916 futura
3505 3862 3774 3920 sollicitos

515 3938 795 3992 stimulare
820 3934 1019 3997 verbis,
1054 3942 1107 3987 et
1143 3932 1525 4001 prredicatione
1563 3928 1912 4001 succendere,
1945 3927 2249 4001 canumque
2297 3928 2365 3981 ab
2396 3928 2496 4001 bis
2519 3927 2691 4001 longae
2747 3927 3085 4001 negligentiae
3118 3927 3305 4001 erepit
3331 3932 3557 3987 abolere
3581 3974 3597 3999 ,
3651 3936 3773 3988 sub-

512 4008 730 4076 egitque
748 4045 762 4068 ,
787 4002 1010 4076 abjectis
1039 3997 1275 4076 inanium
1316 4014 1498 4076 rerum
1526 4008 1580 4052 et
1601 3997 2139 4076 smculariumcuris,
2162 3997 2359 4051 suimet
2388 3998 2635 4051 notitiam
2665 3997 2930 4068 recipere,
2956 4002 3008 4053 in
3036 3997 3394 4076 unu'm’coire,
3429 3997 3769 4076 monasteria

516 4065 866 4134 construere,
882 4071 1104 4140 psalmis
1131 4078 1185 4140 et
1216 4068 1430 4137 hymnis
1463 4076 1519 4121 et
1549 4067 1890 4140 orationibus
1935 4066 2122 4140 docuit
2158 4082 2361 4140 vacare
2377 4084 2398 4140 ;_
2424 4082 2721 4140 pauperum
2764 4065 2951 4140 curam
2993 4067 3202 4139 gerere,
3243 4072 3431 4139 eisque
3456 4065 3772 4128 habitacula

522 4146 769 4210 honesta,
802 4148 859 4210 et
886 4136 1092 4210 quaead
1122 4136 1323 4210 victum
1353 4136 1655 4210 necessaria
1683 4144 1810 4190 sunt
1834 4136 2097 4203 pmbere,
2120 4136 2358 4210 virgines
2388 4136 2690 4210 instituere,
2715 4139 2962 4210 pudicam
2985 4136 3297 4210 (iustamque
3324 4136 3490 4195 {nam
3515 4144 3774 4198 omnibus

515 4225 653 4284 pene
698 4205 1110 4284 desiderabilem
1141 4206 1335 4284 facere.
1361 4205 1608 4284 ltabrevi
1636 4213 1938 4284 permutata
1964 4213 2049 4259 est
2080 4205 2248 4262 totius
2270 4207 2561 4277 provincia:
2592 4205 2757 4263 facies
2778 4248 2792 4273 ,
2836 4218 2895 4263 ut
2924 4209 2977 4263 in
3005 4211 3158 4264 arido
3190 4205 3245 4264 et
3274 4210 3553 4281 squalenti
3581 4226 3772 4281 campo

521 4274 797 4335 videretur
829 4292 982 4348 seges
1014 4275 1242 4330 fecunda
1274 4290 1339 4329 ac
1366 4274 1486 4329 laeta
1513 4274 1668 4328 vinea
1708 4274 2031 4329 surrexisse.

592 4366 661 4442 Et
685 4382 807 4442 mea:
829 4365 1091 4419 :Exstant
1115 4377 1327 4442 quoque
1351 4361 1635 4442 utriusque
1655 4361 1868 4442 ingenii
1880 4373 2226 4442 monumenta
2245 4366 2529 4442 magnifica
2554 4375 2901 4442 tractatuum,
2918 4384 3055 4442 quos
3070 4385 3133 4442 ex
3163 4378 3403 4441 tempore
3425 4373 3478 4427 in
3502 4373 3771 4429 Ecclesiis

524 4436 936 4514 declamabant:
967 4449 1031 4487 ex
1058 4432 1253 4514 quih‘us
1282 4448 1389 4485 non
1416 4432 1582 4514 denas
1607 4432 1789 4514 ferme
1825 4432 2156 4514 singulorum
2186 4432 2552 4514 omtiﬁpculas
2580 4432 2984 4514 _trans_fudinius
3009 4441 3062 4494 in
3086 4432 3369 4514 Latinum;
3401 4442 3592 4514 Basilii
3639 4460 3773 4514 pra:-

526 4518 671 4563 terea
709 4505 957 4561 lnstituta
988 4502 1373 4557 monachorum
1408 4519 1419 4554 :
1445 4509 1718 4571 optantes,
1748 4502 1790 4556 si
1813 4502 2127 4574 poterimus,
2158 4513 2213 4561 et
2234 4505 2330 4561 Dei
2359 4505 2513 4560 favor
2530 4506 2813 4577 adjuverit,
2843 4524 3030 4564 eorum
3058 4511 3213 4580 plura
3257 4502 3579 4570 transferre.

1502 4589 1850 4657 Sozomenus,
1895 4591 2035 4648 Hist.
2076 4594 2258 4662 Eccl.,
2288 4597 2379 4649 lib.
2418 4612 2509 4659 ιιι,
2550 4615 2667 4669 cap.
2702 4599 2783 4653 15.

591 4690 744 4760 Apud
765 4688 1071 4766 Armenios,
1096 4686 1469 4766 Paphlagones
1492 4684 1736 4766 et_Ponti
1764 4686 1966 4742 incolas
1996 4688 2600 4766 Eustachius__Ecclesi:_e
2635 4690 2895 4766 Sebastim
2934 4692 2994 4766 in
3013 4693 3269 4766 Armenia
3296 4695 3527 4751 antistes
3564 4698 3772 4766 primus

524 4756 692 4815 vitain
723 4758 1077 4831 monasticam
1105 4756 1328 4831 ejusque
1349 4756 1666 4831 exercitium
1687 4765 2011 4831 accuratum
2042 4759 2515 4831 cmpissedicitur,
2560 4761 2628 4814 ita
2659 4772 2718 4814 ut
2741 4762 2935 4816 librum
2967 4765 3032 4818 de
3059 4763 3325 4821 lnstitutis
3350 4756 3770 4831 monacham,

520 4832 613 4901 qui
652 4828 844 4901 Basilii
861 4826 1196 4901 Cappadocis
1221 4826 1816 4901 nomineuinscribitur,
1844 4829 1914 4901 ab
1951 4826 2446 4901 boc__conscriptum
2483 4832 2723 4885 nonnulli
2753 4831 3040 4887 atlirment.

595 4900 675 4954 lla
701 4908 757 4955 et
784 4896 1117 4968 Nicephorus
1143 4896 1349 4951 Callist.
1372 4936 1387 4962 ,
1428 4896 1520 4951 lib.
1563 4911 1638 4960 ιχ,
1675 4912 1795 4968 cap.
1841 4896 1937 4961 16,
1970 4907 2026 4952 et
2052 4897 2144 4953 lib.
2170 4896 2311 4963 xm,
2342 4913 2463 4970 cap.
2492 4901 2582 4955 29.

1604 4986 1823 5041 ΡΙιοιὶιιδ
1862 4984 1928 5041 Ρ.
1971 4987 2080 5042 CP.
2118 4988 2366 5044 Biblioth.
2394 4990 2513 5045 cod.
2556 4991 2676 5046 191.

588 5081 716 5152 Legi
756 5080 927 5137 sancti
948 5079 1136 5153 Basilii
1170 5077 1407 5153 episcopi
1455 5074 1714 5153 Caesarem
1741 5076 2093 5153 cappadocize
2123 5078 2390 5153 Ascetica,
2418 5088 2477 5133 ut
2508 5091 2725 5146 vocant,
2757 5082 2966 5138 duobus
3000 5083 3153 5139 libris
3180 5084 3596 5153 comprehensa.
3633 5086 3771 5143 Utile

517 5146 809 5223 saneropus
828 5153 873 5223 si
898 5151 1040 5218 quod
1070 5146 1214 5223 aliud
1237 5149 1410 5223 cuivis
1438 5146 1911 5223 pietatisstudiuso
1937 5156 1991 5201 et
2016 5157 2224 5223 ίιξιθιδιιςιΔ
2245 5150 2381 5203 bona
2404 5154 2770 5223 consectanti;
2806 5155 3037 5209 maxime
3063 5170 3194 5209 vero
3216 5146 3414 5223 his-qui
3442 5155 3497 5209 in
3519 5157 3775 5213 coenobio

512 5216 790 5292 religiosa:
811 5216 935 5293 vitai
965 5219 1229 5293 exercitio
1259 5216 1594 5293 incumbunt.
1627 5216 1879 5293 Guntiuet
1905 5226 2087 5293 autem
2110 5218 2384 5293 variarum
2425 5216 2780 5289 quaestionum
2806 5237 2869 5277 ex
2903 5226 3073 5293 sacris
3102 5225 3318 5290 litteris,
3340 5216 3467 5293 quae
3493 5228 3562 5281 ad
3594 5242 3773 5282 mores

503 5286 922 5361 componendas
959 5288 1185 5352 faciant,
1225 5288 1530 5343 succinctas
1562 5301 1687 5342 cum
1715 5286 2091 5358 explanatione
2115 5288 2427 5343 solutiones.

1885 5376 2035 5430 Idem
2053 5415 2071 5443 ,
2110 5378 2225 5430 cod.
2270 5378 2389 5432 111.

560 5471 721 5552 :Legi
756 5470 995 5540 ejusdem
1022 5469 1192 5552 sancti
1226 5469 1406 5552 Basilii
1437 5468 1703 5535 Ascetica,
1737 5469 1836 5523 hoc
1863 5477 1966 5534 est,
1991 5468 2299 5523 monasticze
2327 5469 2449 5525 vitze
2483 5471 2910 5542 praeceptiones;
2950 5488 3015 5528 cx
3045 5489 3273 5543 quarum
3302 5477 3639 5548 praescripto
3683 5476 3770 5544 qui

515 5539 753 5606 ﬁxerit,
788 5539 951 5613 regno
977 5539 1182 5595 ctelesti
1204 5541 1469 5608 potietur.
