3942 6190
489 195 591 250 £87

1504 178 1563 231 S.
1604 168 1963 227 BENEDICTI
2003 160 2293 219 ABBATIS
2334 152 2744 212 ANIANENSIS

3622 140 3729 213 tss

495 288 2904 337 Μ

594 399 994 484 INCIPIT
1065 393 1470 471 REGULA
1545 383 1907 465 SANCTI
1987 374 2361 456 BASILII
2439 370 2895 449 EPISCOPI
2975 363 3628 444 CAPPADOCIIE

1720 512 1849 587 AD
1925 500 2502 584 MONACHOS.
3110 516 3118 525 ί

557 777 864 832 Humanum
898 780 1067 840 genus
1118 762 1346 832 diligens
1393 759 1566 821 Deus,
1606 765 1662 812 et
1719 755 1919 810 docens
1962 750 2061 804 ho—
2087 746 2141 806 Α
2163 750 2330 797 stram
2350 737 2515 792 verba
2542 737 2656 792 hmc
2677 744 2802 789 ante
2834 731 3067 788 tribunal
3087 729 3286 840 Cbristi
3307 747 3322 795 ;
3342 730 3575 801 Arguam
3600 736 3734 788 enim

489 867 689 923 minem
718 838 1001 917 scientiam
1030 850 1203 924 (Psal.
1247 847 1424 918 xcm),
1476 847 1562 902 bis
1610 845 1828 914 quidem
1868 838 2064 909 quibus

489 953 715 1010 docendi
768 945 993 1004 contulit
1032 941 1282 1014 gratiam,
1321 936 1580 1008 praecepit
1624 948 1720 1005 per
1751 929 2066 1007 Apostolum

493 1044 578 1116 (II
627 1042 761 1095 Tim.
807 1036 925 1105 ιιι),
979 1043 1296 1102 permanere
1336 1028 1391 1081 in
1429 1024 1673 1079 doctrina
1727 1039 1740 1073 :
1794 1021 1879 1074 his
1937 1033 2066 1073 vero

493 1112 582 1204 qui
619 1127 874 1186 aediﬁcari
934 1123 1130 1179 divinis
1184 1116 1611 1174 institutionibus
1649 1112 1924 1181 indigent,
1970 1124 2069 1179 per

494 1225 730 1294 bloysem
802 1221 1134 1288 protestatur
1160 1251 1176 1276 ,
1243 1210 1480 1264 dicens:
1534 1204 1808 1273 Interroga
1868 1208 2068 1269 patrem

494 1288 663 1380 tuu'm,
708 1321 757 1366 et
810 1305 1141 1364 annuntiabit
1190 1302 1317 1364 tibi;
1365 1297 1687 1370 presbyteros
1726 1302 1876 1355 tuos,
1912 1298 1959 1343 et
1989 1288 2071 1342 di-

493 1418 607 1464 ccnt
651 1406 744 1460 tibi
773 1402 963 1474 (Deut.
1012 1394 1205 1465 χχχιι).
1246 1392 1476 1460 Propter
1515 1386 1658 1457 quod
1701 1396 1925 1439 necesse
1963 1387 2070 1443 est,

462 1513 595 1553 'nos
652 1470 867 1565 quidem
926 1487 1124 1558 quibus
1185 1479 1545 1537 ministerium
1602 1473 1752 1530 verbi
1805 1470 2101 1527 creditum.

493 1597 615 1653 est,
674 1587 727 1638 in
779 1580 925 1636 omni
966 1586 1210 1646 tempore
1261 1581 1480 1642 paratos
1527 1581 1651 1623 esse
1701 1572 1757 1619 et
1795 1568 2074 1633 promptos

495 1677 564 1733 ad
612 1671 1021 1729 instructionem
1074 1662 1568 1736 perfectionemque
1610 1655 1913 1710 animarum
1952 1665 1968 1703 :
2019 1656 2076 1703 et

495 1767 743 1838 quasdam
791 1761 1008 1833 quidem
1067 1757 1123 1810 in
1177 1750 1450 1809 communi
1502 1745 1759 1802 Ecclesiae
1805 1739 2075 1797 auditorio

499 1830 662 1914 simul
709 1830 961 1909 omnibus
1017 1848 1085 1902 de
1137 1841 1425 1916 praeceptis
1470 1835 1684 1892 Domini
1734 1830 2072 1893 contestari;

500 1946 747 2017 quasdam
796 1955 923 1995 vero
987 1934 1250 1993 secretius
1306 1925 1721 2002 perfectioribus
1774 1921 2076 1993 quibusque

499 2012 798 2098 disserere,
833 2041 887 2088 et
935 2026 1334 2100 inquirentibus
1381 2017 1752 2081 manifestare,
1793 2023 1956 2084 atque
1995 2012 2077 2065 in-

502 2140 782 2198 terrogare
805 2122 1111 2178 volentibus
1156 2118 1221 2171 de
1267 2115 1372 2171 fide
1422 2120 1479 2168 et
1518 2110 1749 2166 veritate
1795 2102 2071 2175 Evangelii

502 2219 718 2276 Domini
746 2215 918 2271 nostri
945 2211 1073 2267 Jesu
1101 2207 1325 2273 Christi,
1350 2214 1405 2260 et
1434 2205 1501 2259 de
1525 2198 1932 2259 conversatione
1960 2211 2078 2264 pcr—

499 2313 662 2375 fecta,
690 2309 900 2379 copiam
930 2303 1101 2359 nostri
1151 2298 1420 2356 sermonis
1468 2293 1888 2359 facultatemque
1940 2301 2079 2358 prm-

502 2404 663 2465 bere,
697 2413 804 2469 qua
848 2394 1020 2465 possit
1048 2407 1113 2447 ex
1149 2390 1235 2444 bis
1267 2385 1541 2458 perfectus
1580 2381 1717 2436 etlici
1747 2388 1804 2435 et
1829 2392 2081 2433 consum-

509 2504 688 2549 matus
721 2492 882 2545 homo
904 2487 1021 2541 Dei.
1048 2481 1215 2538 Vobis
1238 2487 1416 2535 autem
1438 2474 1691 2531 convenit
1709 2470 1911 2526 nullum
1942 2477 2079 2522 tem-

504 2598 609 2655 pus
635 2594 864 2636 vacuum
904 2573 1203 2647 prmterire,
1232 2585 1339 2640 quo
1384 2568 1563 2622 minus
1593 2565 1660 2620 ad
1687 2579 1755 2620 ea
1780 2577 1899 2633 quas
1935 2574 2083 2615 com-

505 2654 743 2730 muniter
771 2684 894 2725 cum
938 2666 1084 2723 omni
1133 2661 1371 2718 Ecclesia
1424 2657 1653 2722 discitis,
1703 2654 1869 2727 etiam
1900 2665 2082 2706 secre-

505 2764 613 2820 tius
637 2762 703 2816 de
737 2755 1182 2813 eminentioribus
1210 2759 1265 2806 et
1293 2746 1710 2821 perfectioribus
1743 2741 2034 2814 inquiratis
2063 2756 2079 2795 :
2136 2760 2143 2768 υ

506 2861 569 2907 ut
590 2864 749 2907 omne
772 2860 948 2902 aevum
979 2844 1104 2898 vitae
1130 2850 1322 2896 vestrae
1360 2839 1414 2893 in
1458 2834 1776 2904 inquirendo
1801 2833 1867 2886 de
1892 2831 2083 2886 melio-

510 2940 662 2995 ribus
687 2945 745 2992 et
762 2930 1128 3006 percontando
1150 2929 1217 2983 de
1236 2925 1545 2981 utilioribus
1578 2920 1913 2990 transigatis.
1947 2916 2085 2984 Quo-

514 3031 662 3085 niam
690 3040 819 3095 ergo
847 3031 905 3079 et
940 3022 995 3076 in
1029 3021 1135 3075 hoc
1168 3033 1267 3073 nos
1295 3013 1837 3085 congregavit'Deus,
1870 3016 1930 3063 ut
1954 3024 2085 3078 pau-

509 3119 678 3174 lulmn
712 3116 840 3187 quid
883 3129 913 3167 a
943 3111 1203 3167 molestiis
1248 3106 1519 3179 segregati
1563 3105 1837 3159 turbarum
1881 3100 2084 3156 silentii

511 3221 737 3278 agamus
762 3214 818 3259 et
837 3201 1065 3272 quietis;
1095 3214 1269 3268 neque
1308 3199 1364 3251 in
1389 3194 1535 3249 aliud
1564 3209 1700 3263 opus
1728 3192 1965 3247 animum
1994 3191 2086 3245 de-

512 3313 633 3356 mus
651 3336 668 3363 ,
705 3310 878 3366 neque
901 3294 1176 3349 residuum
1196 3289 1456 3361 temporis
1486 3302 1677 3345 somno
1702 3300 1893 3341 rursus
1918 3293 1972 3337 et
2002 3298 2088 3337 re-

513 3389 756 3446 missioni
784 3399 1059 3457 corporea:
1085 3383 1489 3453 mancipemus;
1520 3379 1613 3435 sed
1642 3378 1697 3432 in
1737 3374 2086 3446 inquisitione

514 3490 572 3537 et
608 3479 967 3538 sollicitudine
994 3476 1230 3531 medium
1273 3473 1448 3528 noctis
1475 3473 1613 3536 hoc,
1660 3468 1804 3539 quod
1843 3474 2089 3537 superest

517 3573 783 3643 spatium,
828 3569 1137 3639 exigamus,
1180 3562 1537 3633 adimplentes
1563 3559 1693 3614 illud
1718 3557 1861 3627 quod
1886 3557 2090 3611 dictum

515 3672 597 3717 est
635 3677 731 3732 per
763 3662 979 3715 beatum
1020 3655 1189 3710 David
1221 3653 1454 3708 :Beatus
1482 3651 1572 3723 qui
1620 3650 1676 3704 in
1718 3648 1827 3718 lege
1877 3643 2092 3700 Domini

517 3753 854 3808 meditabitur
896 3750 982 3802 die
1026 3764 1089 3802 ac
1125 3754 1272 3799 nocte
1329 3741 1514 3816 (Psal.
1569 3747 1641 3812 ι).
1685 3738 1743 3794 Si
1790 3738 1918 3810 quid
1963 3751 2093 3807 ergo

521 3843 889 3913 unusquisque
915 3848 1149 3894 vestrum
1198 3838 1384 3891 deesse
1434 3835 1535 3891 sibi
1567 3835 1635 3888 ad
1664 3833 1950 3888 scientiam
1991 3847 2093 3900 pu-

522 3944 621 3999 tat,
649 3934 713 3987 ad
740 3945 1076 3986 communem
1119 3930 1170 3984 id
1208 3929 1449 3997 proferat
1477 3926 1901 3996 inquisitionem.
1941 3923 2096 3977 Faci-

524 4026 627 4080 lius
651 4025 795 4078 enim
822 4023 1068 4091 pluribus
1094 4020 1253 4074 simul
1283 4018 1704 4081 conferentibus,
1731 4017 1778 4071 si
1806 4016 1936 4085 quid
1960 4014 2097 4069 ditii-

525 4115 629 4171 cile
666 4113 752 4167 vel
778 4114 1048 4167 obtectum
1087 4111 1298 4164 videtur
1337 4123 1476 4172 esse,
1510 4109 1792 4171 clarescet,
1820 4108 1930 4161 Deo
1980 4109 2098 4160 sine

525 4205 688 4261 dubio
708 4203 1013 4258 inveniendi
1043 4201 1271 4273 gratiam
1293 4201 1657 4268 qumrentibus
1682 4199 1962 4268 largiente.
1983 4198 2099 4253 Sic-

525 4304 588 4353 ut
621 4310 753 4364 ergo
800 4296 956 4349 nobis
994 4292 1288 4348 necessitas
1318 4291 1582 4356 imminet,
1611 4299 1664 4344 et
1692 4293 1985 4346 secundum
2031 4293 2098 4346 il-

523 4386 615 4442 lud
635 4384 898 4456 Apostoli,
917 4400 990 4438 me
1019 4384 1146 4436 mihi
1176 4383 1297 4447 erit,
1323 4381 1369 4436 si
1400 4398 1502 4436 non
1526 4381 1867 4451 evangelizcm
1887 4381 1937 4453 (1
1972 4380 2096 4436 Cor.

526 4476 638 4546 1x);
672 4476 748 4529 ita
773 4475 934 4528 etiam
965 4473 1149 4537 vobis,
1184 4473 1228 4528 si
1257 4473 1326 4528 ab
1345 4473 1767 4542 interrogatione
1794 4482 1849 4527 et
1874 4475 2102 4542 inquisi-

530 4565 675 4618 tione
701 4563 948 4626 cessetis,
983 4562 1067 4616 vel
1104 4563 1149 4617 si
1201 4563 1537 4616 remissiores
1564 4578 1629 4617 ac
1658 4563 2003 4621 resolutiores
2034 4567 2100 4621 ad

528 4668 590 4708 ea
616 4651 881 4722 implenda
909 4668 1027 4722 quae
1048 4660 1193 4707 recta
1223 4654 1437 4708 inventa
1464 4652 1686 4719 fuerint,
1713 4654 1888 4711 simile
1918 4656 2104 4711 discri-

531 4761 654 4801 men
701 4745 980 4815 impendit.
1018 4744 1311 4815 Propterea
1355 4744 1497 4800 enim
1536 4754 1592 4800 et
1638 4745 1896 4800 Dominus
1926 4747 2098 4801 dixit:

531 4835 658 4904 quia
699 4849 866 4887 sermo
914 4850 1063 4905 quem
1106 4833 1307 4887 locutus
1355 4851 1471 4887 sum
1523 4834 1688 4899 vobis,
1723 4834 1811 4889 ille
1837 4836 2100 4905 judicabit

532 4942 619 4979 vos
661 4926 715 4979 in
742 4926 1016 4979 novissimo
1042 4925 1125 4978 die
1162 4924 1341 4997 (Joan.
1367 4925 1485 4996 xu).
1533 4926 1600 4979 Et
1631 4928 1826 4982 iterum
1867 4948 1878 4980 :
1913 4928 2104 4983 Servus

534 5021 623 5091 qui
650 5021 899 5090 ignorarit
938 5021 1254 5077 voluntatem
1280 5022 1479 5075 domini
1502 5022 1605 5087 sui,
1654 5032 1702 5075 et
1735 5039 1836 5075 non
1865 5022 1984 5090 fecit
2025 5022 2108 5074 di—

533 5127 669 5181 gna,
699 5111 865 5180 plagis
894 5111 1156 5181 vapulabit
1201 5113 1383 5181 paucis
1409 5124 1426 5161 :
1455 5113 1544 5179 qui
1573 5120 1745 5165 autem
1791 5111 2103 5181 cognoverit,

535 5210 584 5255 et
608 5202 784 5271 fecerit
829 5212 1010 5256 contra
1038 5203 1351 5256 voluntatem
1383 5203 1604 5267 domini,
1635 5202 1896 5271 vapulabit
1941 5201 2106 5272 pluri-

538 5293 635 5345 mis
665 5291 812 5363 (Luc.
847 5292 966 5364 xu).
991 5293 1218 5349 Oremus
1252 5309 1382 5365 ergo
1411 5293 1835 5347 misericordiam
1870 5292 2106 5357 Domini,

538 5389 600 5436 ut
624 5391 678 5435 et
705 5382 859 5438 nobis
882 5383 1029 5437 verbi
1069 5383 1394 5451 inculpabile
1428 5383 1629 5436 tribuat
1654 5384 2031 5441 ministerium,
2055 5393 2112 5437 et

540 5472 693 5526 vobis
722 5471 1054 5529 fructuosum
1079 5475 1338 5529 doctrina:
1370 5475 1631 5529 concedat
1669 5484 1939 5529 eventum.
1972 5474 2112 5528 Tan-

543 5573 705 5630 quam
751 5580 878 5639 ergo
909 5566 1142 5623 scientes
1171 5567 1297 5636 quia
1346 5567 1565 5623 stabunt
1604 5576 1729 5621 ante
1780 5567 1970 5622 faciem
2022 5581 2117 5620 ve-

2166 840 2251 896 te,
2289 830 2485 901 inquit,
2535 836 2583 882 et
2620 836 2847 880 statuam
2873 840 2933 878 ea
2961 832 3082 877 ante
3121 822 3309 891 [aciem
3354 832 3500 877 tuam
3551 824 3734 895 (Psal.

2163 922 2349 993 xux);
2394 921 2468 975 ita
2505 927 2561 974 et
2609 916 2873 973 intendite
2911 915 3149 969 animum
3191 914 3477 985 vigilanter
3518 916 3587 969 ad
3624 917 3736 970 lucc

2166 1026 2287 1081 quae.
2316 1011 2590 1071 dicuntur,
2635 1014 2691 1063 et
2719 1007 2784 1061 ad
2811 1021 2946 1075 opus
2971 1004 3192 1075 dignum
3235 1020 3356 1073 quae
3381 1005 3635 1069 audistis,
3667 1008 3739 1059 fe-

2166 1103 2435 1157 stinanter
2466 1098 2754 1155 adducite:
2788 1096 2928 1162 Quia
2976 1096 3234 1149 nescimus
3261 1112 3364 1165 qua
3389 1096 3495 1159 die,
3532 1097 3608 1150 vel
3639 1114 3737 1166 qua

2166 1194 2299 1248 hora
2346 1191 2603 1247 Dominus
2633 1197 2812 1243 noster
2856 1187 3020 1241 veniet
3050 1184 3282 1250 (Matth.
3332 1186 3524 1251 xxiv).

2379 1301 2594 1358 PRIMA
2628 1293 3143 1355 INTERROGATIO
3182 1296 3545 1353 FRATRUM.

2173 1396 2436 1463 Quoniam
2464 1394 2606 1447 dedit
2644 1392 2792 1446 nobis
2827 1406 3000 1463 sermo
3047 1400 3169 1463 tuus
3204 1399 3516 1463 potestatem
3559 1400 3615 1444 ut
3662 1393 3739 1445 in-

2241 1476 2565 1534 terrogemus
2585 1503 2600 1527 ,
2645 1463 2814 1523 primo
2859 1460 3091 1514 omnium
3120 1460 3310 1534 doceri
3352 1476 3653 1534 qutrsumus
3697 1463 3740 1515 si

2242 1529 2602 1604 ordo'aliquis
2632 1539 2710 1604 est
2738 1530 3177 1604 et_cons_equentia
3206 1530 3262 1583 in
3295 1529 3573 1604 mandatis
3609 1531 3737 1604 Dei;

2244 1613 2300 1657 ut
2334 1597 2723 1671 alind'quidem
2761 1599 2826 1653 sit
2868 1597 3093 1669 primum
3114 1638 3128 1662 ,
3163 1611 3210 1653 et
3252 1597 3401 1671 aliud
3424 1600 3738 1671 secundum,

2243 1683 2293 1728 et
2318 1674 2394 1726 sic
2437 1669 2535 1742 per
2556 1669 2791 1742 ordinem
2822 1677 3009 1722 caetera
3032 1682 3050 1720 :
3077 1685 3146 1742 an
3172 1670 3349 1721 omnia
3375 1670 3631 1742 mandata
3666 1671 3734 1723 ita

2244 1743 2344 1796 sibi
2386 1737 2603 1796 invicem
2633 1739 2950 1802 coluereant,
2995 1746 3046 1791 et
3094 1738 3198 1791 sint
3243 1737 3498 1807 aequalia,
3527 1750 3582 1792 ut
3612 1741 3741 1793 unde

2244 1811 2464 1865 voluerit
2494 1809 2831 1881 -quis_pos_sit
2875 1806 3086 1861 initium
3135 1806 3359 1873 sumere,
3399 1816 3650 1879 tanquam
3692 1810 3741 1863 in

2245 1882 2460 1935 modum
2483 1878 2669 1933 circuli
2698 1878 2775 1932 vel
2796 1893 3026 1932 corona.

2248 1974 2565 2029 Rssroasxo.
2607 1972 2965 2042 Interrogatio
3009 1978 3191 2025 vestra
3248 1971 3477 2041 antiqua
3531 1979 3650 2036 est,
3693 1980 3744 2025 et

2099 2085 2148 2144 Β
2177 2067 2307 2123 olim
2331 2067 2605 2137 proposita
2630 2066 2684 2119 in
2715 2064 3023 2136 Evangelia,
3053 2065 3107 2119 in
3144 2079 3210 2120 eo
3239 2080 3362 2119 cum
3388 2065 3653 2120 accedens
3679 2066 3740 2118 ad

2176 2155 2463 2210 Dominum
2502 2155 2721 2223 quidam
2767 2154 2899 2225 legis
2926 2155 3115 2210 doctor
3147 2154 3225 2207 ait
3256 2171 3269 2207 :
3297 2153 3577 2224 Magister,
3617 2154 3742 2225 quod

2174 2257 2248 2303 est
2270 2247 2579 2301 mandatum
2617 2246 2843 2316 primum
2886 2247 2942 2298 in
2969 2244 3120 2315 lege?
3143 2245 3210 2299 Et
3238 2244 3506 2300 Dominus
3542 2259 3744 2315 respon-

2178 2341 2256 2396 dit
2288 2355 2303 2395 :
2332 2338 2531 2408 Diliges
2585 2336 2869 2403 Dominum
2914 2335 3083 2391 Deum
3128 2346 3276 2390 tuum
3322 2352 3390 2391 ea:
3443 2345 3556 2391 toto
3604 2335 3744 2390 corde

2179 2441 2288 2497 tuo,
2319 2442 2367 2482 et
2407 2444 2472 2482 ca:
2514 2436 2624 2481 tota
2655 2426 2831 2480 anima
2888 2434 3000 2491 tua,
3040 2434 3089 2480 et
3116 2442 3182 2480 ea:
3229 2426 3351 2479 totis
3380 2426 3580 2479 viribus
3619 2426 3743 2487 tuis;

2179 2522 2275 2575 hoc
2317 2528 2393 2574 est
2432 2518 2660 2589 primum
2699 2526 2748 2571 et
2774 2518 3062 2570 maximum
3092 2515 3424 2569 mandatum.
3462 2515 3741 2570 Secundum

2179 2626 2298 2665 vero
2355 2607 2524 2663 simile
2570 2607 2692 2661 huic
2742 2623 2761 2661 :
2816 2606 3015 2677 Diliges
3056 2606 3357 2678 proximum
3415 2615 3568 2660 tuum
3622 2606 3744 2659 sicut

2180 2702 2401 2757 tcivsum
2426 2699 2641 2771 (Matth.
2691 2698 2848 2771 ιλιι).
2881 2698 3001 2770 Ipse
3045 2713 3175 2767 ergo
3210 2700 3475 2754 Dominus
3515 2699 3742 2754 ordinem

2182 2791 2452 2846 mandatis
2508 2789 2767 2861 imposuit
2818 2805 2832 2843 :
2876 2789 3112 2860 primum
3156 2789 3343 2844 dicens
3396 2798 3457 2843 ct
3509 2803 3745 2859 magnum

2183 2895 2304 2936 esse
2350 2880 2683 2945 mandatum,
2736 2878 2906 2933 Deum
2958 2894 3025 2933 ex
3059 2886 3170 2933 toto
3213 2878 3375 2933 corde
3434 2890 3493 2933 et
3536 2893 3600 2933 ex
3646 2885 3742 2942 tota

2182 2977 2367 3023 mente
2412 2967 2667 3037 diligere;
2718 2964 3015 3022 secundum
3066 2980 3196 3021 vero
3242 2966 3437 3022 ordine
3476 2976 3531 3022 et
3578 2979 3748 3021 conse-

2186 3059 2425 3128 quentia,
2450 3066 2505 3112 et
2544 3058 2687 3127 quod
2720 3057 2792 3112 illi
2816 3064 2960 3111 esset
3000 3056 3177 3112 simile
3203 3071 3299 3127 per
3343 3057 3624 3120 virtutem,
3649 3056 3746 3109 imo

2187 3148 2331 3217 quod
2368 3146 2497 3201 illud
2526 3147 2770 3218 expleret
2801 3155 2856 3201 et
2906 3147 3048 3217 quod
3076 3148 3336 3216 penderet
3364 3164 3433 3202 ex
3464 3147 3654 3218 primo,
3678 3145 3747 3199 di-

2187 3236 2354 3307 ligere
2381 3239 2686 3308 proximum
2716 3238 2860 3293 sicut
2888 3238 3144 3307 seipsum.
3169 3236 3278 3292 Sed
3305 3245 3360 3291 et
3384 3238 3455 3293 de
3481 3238 3596 3292 aliis
3622 3235 3746 3291 simi-

2190 3326 2315 3382 liter
2350 3327 2404 3381 in
2446 3328 2649 3383 sanctis
2698 3327 2996 3396 Scripturis
3040 3327 3321 3392 invenies;
3382 3338 3441 3383 et
3497 3335 3744 3387 servatur,

2113 3431 2159 3495 C
2188 3426 2250 3471 ut
2276 3432 2378 3488 ego
2405 3418 2661 3483 arbitror,
2703 3419 2756 3471 in
2786 3418 3039 3472 omnibus
3069 3418 3340 3473 mandatis
3374 3420 3511 3475 ordo
3550 3418 3745 3489 quidam

2192 3520 2247 3565 ct
2274 3511 2652 3580 consequentia
2691 3519 3103 3581 pueceptorum.

2666 3621 3180 3680 INTERROGATIO
3218 3624 3283 3679 II.

2198 3713 2459 3787 Quoniam
2509 3714 2671 3787 igitur
2707 3715 2771 3787 de
2815 3716 3069 3787 charitate
3123 3715 3220 3770 Dei
3266 3720 3498 3787 primum
3541 3718 3615 3771 ais
3655 3731 3750 3770 esse

2267 3783 2596 3854 rttartdatum,
2652 3783 2772 3838 inde
2816 3786 2961 3838 nobis
2994 3787 3219 3854 primum
3267 3783 3505 3842 omnium
3550 3788 3744 3841 dissere.

2272 3852 2411 3905 Nam
2434 3856 2559 3927 quia
2586 3864 2785 3927 oportet
2815 3852 3031 3927 diligere
3061 3857 3377 3927 audivimus,
3405 3858 3656 3927 quomodo
3682 3864 3748 3906 ta-

2270 3938 2384 3976 men
2423 3925 2520 3976 hoc
2548 3924 2707 3993 possit
2735 3924 2941 3995 impleri
2986 3926 3344 3979 desideramus
3372 3924 3654 3981 addiscere.

2271 4016 2585 4071 Rssroxsro.
2635 4015 2909 4085 Optimum
2947 4019 3257 4087 sumpsistis
3302 4020 3572 4074 sermonis
3612 4031 3748 4073 exor-

2201 4108 2369 4171 dium,
2406 4115 2460 4161 et
2488 4109 2763 4178 pr0posito
2789 4118 2974 4165 nostro
2993 4110 3148 4165 valde
3174 4111 3519 4167 conveniens.
3546 4111 3647 4165 Deo
3664 4110 3751 4162 ita-

2201 4217 2305 4270 que
2326 4200 2574 4268 juvante,
2606 4217 2705 4257 nos
2730 4202 2873 4272 quod
2913 4203 3114 4267 dicitis,
3161 4202 3443 4259 faciemus.
3489 4201 3746 4258 Sciendum

2203 4298 2326 4343 ante
2361 4292 2543 4346 omnia
2568 4298 2648 4345 est
2680 4292 2823 4361 quod
2846 4293 3159 4347 mandatum
3180 4294 3322 4349 istud
3357 4310 3525 4348 unum
3558 4290 3747 4363 quidem

2203 4380 2417 4434 videtur
2441 4396 2591 4445 esse;
2632 4382 2729 4436 sed
2755 4383 2995 4436 omnium
3018 4384 3072 4436 in
3104 4399 3163 4438 se
3201 4384 3575 4459 mandatorum
3604 4382 3749 4434 virtu-

2204 4480 2311 4524 tem
2351 4472 2727 4540 complectitur
2762 4480 2817 4527 et
2862 4476 3203 4545 constringit,
3256 4475 3371 4545 ipso
3424 4476 3641 4530 Domino
3683 4471 3748 4523 di-

2205 4572 2402 4618 ccntc:
2443 4562 2581 4627 Quia
2630 4565 2685 4616 in
2726 4565 2805 4618 Itis
2856 4565 3058 4619 duobus
3098 4567 3361 4621 mandatis
3408 4570 3640 4623 universa
3679 4561 3749 4613 Ιειῑ

2204 4654 2386 4724 pendet
2417 4664 2465 4707 et
2493 4656 2756 4724 propheta:
2792 4655 3005 4724 (Matth.
3038 4658 3196 4729 xm).
3234 4658 3311 4714 Ne
3342 4669 3518 4717 tamen
3552 4671 3641 4711 nos
3670 4667 3748 4718 per

2129 4774 2182 4833 Β
2209 4744 2419 4813 singula
2463 4746 2732 4800 discutere
2782 4748 3161 4818 aggrediamur
3204 4749 3452 4804 ordinem
3505 4744 3747 4803 mandau-

2210 4850 2363 4899 rum;
2397 4835 2632 4904 alioquin
2661 4837 2966 4891 videbimur
2992 4848 3163 4893 totum
3196 4854 3332 4908 opus
3358 4838 3679 4892 introducere
3702 4830 3747 4882 in

2209 4934 2393 4994 partes
2430 4944 2440 4977 ε
2471 4926 2563 4979 sed
2594 4933 2852 4994 quantum
2875 4927 2942 4980 ad
2972 4928 3302 4996 propositum
3325 4927 3537 4991 sufﬁcit,
3566 4933 3616 4978 et
3636 4916 3747 4991 pri“

2211 5030 2338 5069 sens
2380 5015 2519 5068 ratio
2543 5016 2799 5083 postulat,
2841 5016 3176 5085 inquiremus
3216 5037 3227 5071 :
3266 5017 3393 5072 illud
3438 5026 3560 5072 ante
3594 5009 3744 5067 omnia

2212 5105 2577 5175 designantes,
2632 5108 2773 5176 quod
2842 5109 3081 5162 omnium
3155 5110 3527 5165 mandatorum
3578 5117 3682 5176 quit?
3723 5112 3745 5151 ³

2213 5196 2323 5250 Deo
2353 5197 2661 5283 accepimus
2689 5199 2915 5253 virtutes
2941 5197 2995 5252 in
3026 5201 3429 5272 nobismetipsis
3470 5200 3645 5255 insitas
3677 5204 3741 5262 ge-

2222 5291 2410 5345 rimus.
2457 5291 2573 5358 Quo
2602 5292 2811 5346 scilicet
2854 5309 3030 5363 neque
3076 5293 3360 5352 difﬁcultas
3390 5297 3442 5350 in
3494 5291 3636 5349 nobis
3657 5284 3746 5343 sit.

2216 5388 2469 5450 tanquam
2495 5397 2687 5436 novum
2711 5382 2910 5452 aliquid
2931 5395 2984 5438 et
2999 5383 3231 5440 alienum
3254 5402 3283 5441 a
3300 5387 3451 5441 nobis
3470 5384 3746 5453 expetatur:

2218 5487 2391 5541 neque
2442 5489 2655 5527 rursum
2683 5475 2932 5530 elationis
2979 5476 3093 5531 dari
3123 5478 3279 5532 nobis
3322 5478 3496 5547 aliqua
3537 5470 3748 5526 videatur

2219 5566 2449 5630 occasio,
2502 5567 2548 5621 si
2577 5576 2827 5637 putemus
2870 5582 2975 5623 nos
3010 5567 3132 5640 plus
3176 5570 3379 5641 aliquid
3426 5564 3609 5624 offerre
3636 5559 3744 5612 Deo'
