  <div class='ocr_page' id='page_1' title='image "/cluster/home/n/w/nwhite01/storage/ocr_20150623/103/hvd.32044054759691/250.png"; bbox 0 0 3942 6190; ppageno 0'>
   <div class='ocr_carea' id='block_1_1' title="bbox 262 222 364 277">
    <p class='ocr_par' dir='ltr' id='par_1_1' title="bbox 262 222 364 277">
     <span class='ocr_line' id='line_1_1' title="bbox 262 222 364 277; baseline -0.078 0"><span class='ocrx_word' id='word_1_1' title='bbox 262 222 364 277; x_wconf 67' lang='lat'><strong>48:1</strong></span> 
     </span>
    </p>
   </div>
   <div class='ocr_carea' id='block_1_2' title="bbox 904 213 2853 289">
    <p class='ocr_par' dir='ltr' id='par_1_2' title="bbox 904 213 2853 289">
     <span class='ocr_line' id='line_1_2' title="bbox 904 213 2853 289; baseline -0.002 -17"><span class='ocrx_word' id='word_1_2' title='bbox 904 215 1130 272; x_wconf 81' lang='lat' dir='ltr'><strong>CODEX</strong></span> <span class='ocrx_word' id='word_1_3' title='bbox 1171 214 1635 272; x_wconf 77' lang='lat' dir='ltr'><strong>REGULARUM.</strong></span> <span class='ocrx_word' id='word_1_4' title='bbox 1675 245 1745 254; x_wconf 91' lang='lat'><strong><em>—</em></strong></span> <span class='ocrx_word' id='word_1_5' title='bbox 1783 214 1964 289; x_wconf 54' lang='lat' dir='ltr'><strong>PARS</strong></span> <span class='ocrx_word' id='word_1_6' title='bbox 2003 215 2043 269; x_wconf 86' lang='lat' dir='ltr'><strong>l.</strong></span> <span class='ocrx_word' id='word_1_7' title='bbox 2088 213 2392 271; x_wconf 71' lang='lat' dir='ltr'><strong>REGULA‘I</strong></span> <span class='ocrx_word' id='word_1_8' title='bbox 2432 214 2535 269; x_wconf 88' lang='lat' dir='ltr'><strong>PP.</strong></span> <span class='ocrx_word' id='word_1_9' title='bbox 2577 214 2853 271; x_wconf 70' lang='lat' dir='ltr'><strong>ORIENT.</strong></span> 
     </span>
    </p>
   </div>
   <div class='ocr_carea' id='block_1_3' title="bbox 3414 221 3520 280">
    <p class='ocr_par' dir='ltr' id='par_1_3' title="bbox 3414 221 3520 280">
     <span class='ocr_line' id='line_1_3' title="bbox 3414 221 3520 280; baseline 0.047 -5"><span class='ocrx_word' id='word_1_10' title='bbox 3414 221 3520 280; x_wconf 62' lang='lat'><strong>490</strong></span> 
     </span>
    </p>
   </div>
   <div class='ocr_carea' id='block_1_4' title="bbox 258 324 3521 403">
    <p class='ocr_par' dir='ltr' id='par_1_4' title="bbox 258 324 3521 403">
     <span class='ocr_line' id='line_1_4' title="bbox 258 324 3521 403; baseline 0 -15"><span class='ocrx_word' id='word_1_11' title='bbox 258 348 423 403; x_wconf 85' lang='lat' dir='ltr'><strong>quam</strong></span> <span class='ocrx_word' id='word_1_12' title='bbox 451 332 522 386; x_wconf 90' lang='lat' dir='ltr'><strong>ab</strong></span> <span class='ocrx_word' id='word_1_13' title='bbox 550 331 669 401; x_wconf 87' lang='lat' dir='ltr'><strong>ipso</strong></span> <span class='ocrx_word' id='word_1_14' title='bbox 716 330 769 384; x_wconf 92' lang='lat' dir='ltr'><strong>in</strong></span> <span class='ocrx_word' id='word_1_15' title='bbox 821 337 1015 383; x_wconf 89' lang='lat' dir='ltr'><strong>natura</strong></span> <span class='ocrx_word' id='word_1_16' title='bbox 1051 335 1253 383; x_wconf 70' lang='lat' dir='ltr'><strong>nostra:</strong></span> <span class='ocrx_word' id='word_1_17' title='bbox 1296 327 1588 382; x_wconf 89' lang='lat' dir='ltr'><strong>creationis</strong></span> <span class='ocrx_word' id='word_1_18' title='bbox 1637 325 1843 395; x_wconf 81' lang='lat' dir='ltr'><strong>aceepi-</strong></span> <span class='ocrx_word' id='word_1_19' title='bbox 1868 327 1920 386; x_wconf 76' lang='grc' dir='ltr'><strong>Α</strong></span> <span class='ocrx_word' id='word_1_20' title='bbox 1946 324 2119 394; x_wconf 90' lang='lat' dir='ltr'><strong>ipsum</strong></span> <span class='ocrx_word' id='word_1_21' title='bbox 2148 327 2192 381; x_wconf 87' lang='lat' dir='ltr'><strong>si</strong></span> <span class='ocrx_word' id='word_1_22' title='bbox 2222 328 2433 382; x_wconf 88' lang='lat' dir='ltr'><strong>accidat</strong></span> <span class='ocrx_word' id='word_1_23' title='bbox 2470 327 2648 393; x_wconf 91' lang='lat' dir='ltr'><strong>nobis,</strong></span> <span class='ocrx_word' id='word_1_24' title='bbox 2678 327 2882 383; x_wconf 90' lang='lat' dir='ltr'><strong>alienos</strong></span> <span class='ocrx_word' id='word_1_25' title='bbox 2907 328 3046 384; x_wconf 86' lang='lat' dir='ltr'><strong>eiIici</strong></span> <span class='ocrx_word' id='word_1_26' title='bbox 3077 344 3175 385; x_wconf 88' lang='lat' dir='ltr'><strong>nos</strong></span> <span class='ocrx_word' id='word_1_27' title='bbox 3199 346 3228 384; x_wconf 90' lang='lat' dir='ltr'><strong>a</strong></span> <span class='ocrx_word' id='word_1_28' title='bbox 3257 332 3521 388; x_wconf 82' lang='lat' dir='ltr'><strong>cbaritato</strong></span> 
     </span>
    </p>
   </div>
   <div class='ocr_carea' id='block_1_5' title="bbox 260 416 1843 493">
    <p class='ocr_par' dir='ltr' id='par_1_5' title="bbox 260 416 1843 493">
     <span class='ocr_line' id='line_1_5' title="bbox 260 416 1843 493; baseline -0.005 -16"><span class='ocrx_word' id='word_1_29' title='bbox 260 438 405 478; x_wconf 85' lang='lat' dir='ltr'><strong>mus.</strong></span> <span class='ocrx_word' id='word_1_30' title='bbox 435 419 708 488; x_wconf 75' lang='lat' dir='ltr'><strong>Quoniam</strong></span> <span class='ocrx_word' id='word_1_31' title='bbox 755 419 969 489; x_wconf 79' lang='lat' dir='ltr'><strong>quidem</strong></span> <span class='ocrx_word' id='word_1_32' title='bbox 1000 434 1063 473; x_wconf 89' lang='lat' dir='ltr'><strong>ea</strong></span> <span class='ocrx_word' id='word_1_33' title='bbox 1107 432 1228 488; x_wconf 75' lang='lat' dir='ltr'><strong>qua:</strong></span> <span class='ocrx_word' id='word_1_34' title='bbox 1266 417 1425 493; x_wconf 75' lang='lat' dir='ltr'><strong>nobis</strong></span> <span class='ocrx_word' id='word_1_35' title='bbox 1468 432 1498 471; x_wconf 87' lang='lat' dir='ltr'><strong>a</strong></span> <span class='ocrx_word' id='word_1_36' title='bbox 1542 417 1654 472; x_wconf 89' lang='lat' dir='ltr'><strong>Deo</strong></span> <span class='ocrx_word' id='word_1_37' title='bbox 1682 416 1843 470; x_wconf 88' lang='lat' dir='ltr'><strong>insita</strong></span> 
     </span>
    </p>
   </div>
   <div class='ocr_carea' id='block_1_6' title="bbox 261 507 1841 580">
    <p class='ocr_par' dir='ltr' id='par_1_6' title="bbox 261 507 1841 580">
     <span class='ocr_line' id='line_1_6' title="bbox 261 507 1841 580; baseline -0.006 -12"><span class='ocrx_word' id='word_1_38' title='bbox 261 521 439 576; x_wconf 60' lang='lat' dir='ltr'><strong>sunt;</strong></span> <span class='ocrx_word' id='word_1_39' title='bbox 460 512 506 567; x_wconf 90' lang='lat' dir='ltr'><strong>si</strong></span> <span class='ocrx_word' id='word_1_40' title='bbox 538 519 688 566; x_wconf 92' lang='lat' dir='ltr'><strong>recte</strong></span> <span class='ocrx_word' id='word_1_41' title='bbox 716 519 773 564; x_wconf 91' lang='lat' dir='ltr'><strong>et</strong></span> <span class='ocrx_word' id='word_1_42' title='bbox 812 516 1190 580; x_wconf 73' lang='lat' dir='ltr'><strong>competenter</strong></span> <span class='ocrx_word' id='word_1_43' title='bbox 1218 522 1534 563; x_wconf 80' lang='lat' dir='ltr'><strong>moveamus</strong></span> <span class='ocrx_word' id='word_1_44' title='bbox 1579 507 1635 560; x_wconf 92' lang='lat' dir='ltr'><strong>in</strong></span> <span class='ocrx_word' id='word_1_45' title='bbox 1685 521 1841 575; x_wconf 90' lang='lat' dir='ltr'><strong>opus,</strong></span> 
     </span>
    </p>
   </div>
   <div class='ocr_carea' id='block_1_7' title="bbox 260 597 1845 660">
    <p class='ocr_par' dir='ltr' id='par_1_7' title="bbox 260 597 1845 660">
     <span class='ocr_line' id='line_1_7' title="bbox 260 597 1845 660; baseline -0.008 1"><span class='ocrx_word' id='word_1_46' title='bbox 260 606 367 660; x_wconf 84' lang='lat' dir='ltr'><strong>hoc</strong></span> <span class='ocrx_word' id='word_1_47' title='bbox 392 611 476 658; x_wconf 87' lang='lat' dir='ltr'><strong>est</strong></span> <span class='ocrx_word' id='word_1_48' title='bbox 514 600 813 655; x_wconf 88' lang='lat' dir='ltr'><strong>secundum</strong></span> <span class='ocrx_word' id='word_1_49' title='bbox 848 599 1102 654; x_wconf 73' lang='lat' dir='ltr'><strong>virtutem</strong></span> <span class='ocrx_word' id='word_1_50' title='bbox 1130 599 1334 653; x_wconf 80' lang='lat' dir='ltr'><strong>vivere.</strong></span> <span class='ocrx_word' id='word_1_51' title='bbox 1364 597 1423 653; x_wconf 90' lang='lat' dir='ltr'><strong>Si</strong></span> <span class='ocrx_word' id='word_1_52' title='bbox 1471 612 1603 652; x_wconf 91' lang='lat' dir='ltr'><strong>vero</strong></span> <span class='ocrx_word' id='word_1_53' title='bbox 1636 607 1845 651; x_wconf 67' lang='lat' dir='ltr'><strong>natura:</strong></span> 
     </span>
    </p>
   </div>
   <div class='ocr_carea' id='block_1_8' title="bbox 260 685 1845 758">
    <p class='ocr_par' dir='ltr' id='par_1_8' title="bbox 260 685 1845 758">
     <span class='ocr_line' id='line_1_8' title="bbox 260 685 1845 758; baseline -0.006 -10"><span class='ocrx_word' id='word_1_54' title='bbox 260 690 523 748; x_wconf 89' lang='lat' dir='ltr'><strong>beneﬁcia</strong></span> <span class='ocrx_word' id='word_1_55' title='bbox 554 703 988 758; x_wconf 87' lang='lat' dir='ltr'><strong>corrumpamus,</strong></span> <span class='ocrx_word' id='word_1_56' title='bbox 1023 688 1126 742; x_wconf 89' lang='lat' dir='ltr'><strong>hoc</strong></span> <span class='ocrx_word' id='word_1_57' title='bbox 1180 693 1265 741; x_wconf 89' lang='lat' dir='ltr'><strong>est</strong></span> <span class='ocrx_word' id='word_1_58' title='bbox 1317 686 1371 740; x_wconf 91' lang='lat' dir='ltr'><strong>in</strong></span> <span class='ocrx_word' id='word_1_59' title='bbox 1420 685 1685 740; x_wconf 90' lang='lat' dir='ltr'><strong>malitiam</strong></span> <span class='ocrx_word' id='word_1_60' title='bbox 1722 700 1845 739; x_wconf 88' lang='lat' dir='ltr'><strong>ver-</strong></span> 
     </span>
    </p>
   </div>
   <div class='ocr_carea' id='block_1_9' title="bbox 262 775 1843 853">
    <p class='ocr_par' dir='ltr' id='par_1_9' title="bbox 262 775 1843 853">
     <span class='ocr_line' id='line_1_9' title="bbox 262 775 1843 853; baseline -0.006 -16"><span class='ocrx_word' id='word_1_61' title='bbox 262 797 409 853; x_wconf 83' lang='lat' dir='ltr'><strong>gere.</strong></span> <span class='ocrx_word' id='word_1_62' title='bbox 432 779 530 835; x_wconf 82' lang='lat' dir='ltr'><strong>Est</strong></span> <span class='ocrx_word' id='word_1_63' title='bbox 551 792 684 849; x_wconf 88' lang='lat' dir='ltr'><strong>ergo</strong></span> <span class='ocrx_word' id='word_1_64' title='bbox 724 777 850 832; x_wconf 89' lang='lat' dir='ltr'><strong>mali</strong></span> <span class='ocrx_word' id='word_1_65' title='bbox 884 778 986 832; x_wconf 86' lang='lat' dir='ltr'><strong>ista</strong></span> <span class='ocrx_word' id='word_1_66' title='bbox 1017 776 1279 842; x_wconf 90' lang='lat' dir='ltr'><strong>deﬁnitio,</strong></span> <span class='ocrx_word' id='word_1_67' title='bbox 1313 791 1421 831; x_wconf 89' lang='lat' dir='ltr'><strong>nou</strong></span> <span class='ocrx_word' id='word_1_68' title='bbox 1442 784 1592 831; x_wconf 89' lang='lat' dir='ltr'><strong>recte</strong></span> <span class='ocrx_word' id='word_1_69' title='bbox 1621 775 1698 829; x_wconf 93' lang='lat' dir='ltr'><strong>uti</strong></span> <span class='ocrx_word' id='word_1_70' title='bbox 1726 789 1843 829; x_wconf 91' lang='lat' dir='ltr'><strong>mo-</strong></span> 
     </span>
    </p>
   </div>
   <div class='ocr_carea' id='block_1_10' title="bbox 262 860 1846 928">
    <p class='ocr_par' dir='ltr' id='par_1_10' title="bbox 262 860 1846 928">
     <span class='ocr_line' id='line_1_10' title="bbox 262 860 1846 928; baseline -0.004 -2"><span class='ocrx_word' id='word_1_71' title='bbox 262 874 406 928; x_wconf 88' lang='lat' dir='ltr'><strong>tibus</strong></span> <span class='ocrx_word' id='word_1_72' title='bbox 438 870 609 927; x_wconf 81' lang='lat' dir='ltr'><strong>animi</strong></span> <span class='ocrx_word' id='word_1_73' title='bbox 651 884 681 923; x_wconf 89' lang='lat' dir='ltr'><strong>a</strong></span> <span class='ocrx_word' id='word_1_74' title='bbox 726 869 836 924; x_wconf 88' lang='lat' dir='ltr'><strong>Deo</strong></span> <span class='ocrx_word' id='word_1_75' title='bbox 861 869 1017 923; x_wconf 92' lang='lat' dir='ltr'><strong>nobis</strong></span> <span class='ocrx_word' id='word_1_76' title='bbox 1046 868 1244 924; x_wconf 85' lang='lat' dir='ltr'><strong>insitis.</strong></span> <span class='ocrx_word' id='word_1_77' title='bbox 1273 868 1341 927; x_wconf 84' lang='lat' dir='ltr'><strong>Et</strong></span> <span class='ocrx_word' id='word_1_78' title='bbox 1365 860 1581 925; x_wconf 79' lang='lat' dir='ltr'><strong>rursum</strong></span> <span class='ocrx_word' id='word_1_79' title='bbox 1628 866 1846 920; x_wconf 87' lang='lat' dir='ltr'><strong>virtutis</strong></span> 
     </span>
    </p>
   </div>
   <div class='ocr_carea' id='block_1_11' title="bbox 258 957 1843 1027">
    <p class='ocr_par' dir='ltr' id='par_1_11' title="bbox 258 957 1843 1027">
     <span class='ocr_line' id='line_1_11' title="bbox 258 957 1843 1027; baseline -0.005 -8"><span class='ocrx_word' id='word_1_80' title='bbox 258 964 364 1021; x_wconf 90' lang='lat' dir='ltr'><strong>ista</strong></span> <span class='ocrx_word' id='word_1_81' title='bbox 404 961 674 1024; x_wconf 88' lang='lat' dir='ltr'><strong>deﬁnitio,</strong></span> <span class='ocrx_word' id='word_1_82' title='bbox 706 971 853 1015; x_wconf 86' lang='lat' dir='ltr'><strong>recte</strong></span> <span class='ocrx_word' id='word_1_83' title='bbox 874 959 973 1023; x_wconf 89' lang='lat' dir='ltr'><strong>uti,</strong></span> <span class='ocrx_word' id='word_1_84' title='bbox 999 959 1054 1012; x_wconf 88' lang='lat' dir='ltr'><strong>id</strong></span> <span class='ocrx_word' id='word_1_85' title='bbox 1089 968 1173 1015; x_wconf 86' lang='lat' dir='ltr'><strong>est</strong></span> <span class='ocrx_word' id='word_1_86' title='bbox 1202 960 1500 1017; x_wconf 90' lang='lat' dir='ltr'><strong>secundum</strong></span> <span class='ocrx_word' id='word_1_87' title='bbox 1526 957 1843 1027; x_wconf 84' lang='lat' dir='ltr'><strong>mandatum</strong></span> 
     </span>
    </p>
   </div>
   <div class='ocr_carea' id='block_1_12' title="bbox 256 1040 1843 1117">
    <p class='ocr_par' dir='ltr' id='par_1_12' title="bbox 256 1040 1843 1117">
     <span class='ocr_line' id='line_1_12' title="bbox 256 1040 1843 1117; baseline -0.006 -7"><span class='ocrx_word' id='word_1_88' title='bbox 256 1053 376 1117; x_wconf 82' lang='lat' dir='ltr'><strong>Dei,</strong></span> <span class='ocrx_word' id='word_1_89' title='bbox 423 1058 480 1106; x_wconf 87' lang='lat' dir='ltr'><strong>et</strong></span> <span class='ocrx_word' id='word_1_90' title='bbox 513 1050 812 1107; x_wconf 86' lang='lat' dir='ltr'><strong>secundum</strong></span> <span class='ocrx_word' id='word_1_91' title='bbox 853 1040 1471 1113; x_wconf 76' lang='lat' dir='ltr'><strong>conscientiam,‘animi</strong></span> <span class='ocrx_word' id='word_1_92' title='bbox 1529 1048 1766 1103; x_wconf 87' lang='lat' dir='ltr'><strong>motibus</strong></span> <span class='ocrx_word' id='word_1_93' title='bbox 1812 1063 1843 1101; x_wconf 91' lang='lat' dir='ltr'><strong>a</strong></span> 
     </span>
    </p>
   </div>
   <div class='ocr_carea' id='block_1_13' title="bbox 259 1138 1845 1211">
    <p class='ocr_par' dir='ltr' id='par_1_13' title="bbox 259 1138 1845 1211">
     <span class='ocr_line' id='line_1_13' title="bbox 259 1138 1845 1211; baseline -0.003 -15"><span class='ocrx_word' id='word_1_94' title='bbox 259 1144 373 1203; x_wconf 88' lang='lat' dir='ltr'><strong>Deo</strong></span> <span class='ocrx_word' id='word_1_95' title='bbox 401 1142 600 1198; x_wconf 88' lang='lat' dir='ltr'><strong>insitis.</strong></span> <span class='ocrx_word' id='word_1_96' title='bbox 634 1141 768 1198; x_wconf 92' lang='lat' dir='ltr'><strong>Cum</strong></span> <span class='ocrx_word' id='word_1_97' title='bbox 792 1155 929 1211; x_wconf 85' lang='lat' dir='ltr'><strong>ergo</strong></span> <span class='ocrx_word' id='word_1_98' title='bbox 958 1141 1074 1196; x_wconf 75' lang='lat' dir='ltr'><strong>bzec</strong></span> <span class='ocrx_word' id='word_1_99' title='bbox 1097 1141 1171 1193; x_wconf 90' lang='lat' dir='ltr'><strong>ita</strong></span> <span class='ocrx_word' id='word_1_100' title='bbox 1192 1154 1253 1193; x_wconf 88' lang='lat' dir='ltr'><strong>se</strong></span> <span class='ocrx_word' id='word_1_101' title='bbox 1282 1140 1537 1205; x_wconf 83' lang='lat' dir='ltr'><strong>habeant,</strong></span> <span class='ocrx_word' id='word_1_102' title='bbox 1570 1140 1711 1195; x_wconf 88' lang='lat' dir='ltr'><strong>idem</strong></span> <span class='ocrx_word' id='word_1_103' title='bbox 1741 1138 1845 1192; x_wconf 90' lang='lat' dir='ltr'><strong>hoc</strong></span> 
     </span>
    </p>
   </div>
   <div class='ocr_carea' id='block_1_14' title="bbox 256 1228 1843 1297">
    <p class='ocr_par' dir='ltr' id='par_1_14' title="bbox 256 1228 1843 1297">
     <span class='ocr_line' id='line_1_14' title="bbox 256 1228 1843 1297; baseline -0.003 -7"><span class='ocrx_word' id='word_1_104' title='bbox 256 1234 599 1290; x_wconf 76' lang='lat' dir='ltr'><strong>inveniemus</strong></span> <span class='ocrx_word' id='word_1_105' title='bbox 635 1232 799 1286; x_wconf 89' lang='lat' dir='ltr'><strong>etiam</strong></span> <span class='ocrx_word' id='word_1_106' title='bbox 839 1231 907 1286; x_wconf 89' lang='lat' dir='ltr'><strong>de</strong></span> <span class='ocrx_word' id='word_1_107' title='bbox 929 1230 1198 1285; x_wconf 86' lang='lat' dir='ltr'><strong>charitate</strong></span> <span class='ocrx_word' id='word_1_108' title='bbox 1227 1238 1513 1297; x_wconf 43' lang='lat' dir='ltr'><strong>constare,</strong></span> <span class='ocrx_word' id='word_1_109' title='bbox 1534 1228 1843 1287; x_wconf 78' lang='lat' dir='ltr'><strong>Mandatum</strong></span> 
     </span>
    </p>
   </div>
   <div class='ocr_carea' id='block_1_15' title="bbox 256 1320 1845 1395">
    <p class='ocr_par' dir='ltr' id='par_1_15' title="bbox 256 1320 1845 1395">
     <span class='ocr_line' id='line_1_15' title="bbox 256 1320 1845 1395; baseline -0.005 -15"><span class='ocrx_word' id='word_1_110' title='bbox 256 1325 570 1395; x_wconf 84' lang='lat' dir='ltr'><strong>accepimus</strong></span> <span class='ocrx_word' id='word_1_111' title='bbox 619 1323 844 1393; x_wconf 75' lang='lat' dir='ltr'><strong>diligere</strong></span> <span class='ocrx_word' id='word_1_112' title='bbox 895 1323 1086 1391; x_wconf 89' lang='lat' dir='ltr'><strong>Deum.</strong></span> <span class='ocrx_word' id='word_1_113' title='bbox 1130 1320 1446 1376; x_wconf 89' lang='lat' dir='ltr'><strong>Dilectionis</strong></span> <span class='ocrx_word' id='word_1_114' title='bbox 1490 1321 1746 1375; x_wconf 88' lang='lat' dir='ltr'><strong>virtutem</strong></span> <span class='ocrx_word' id='word_1_115' title='bbox 1788 1320 1845 1374; x_wconf 93' lang='lat' dir='ltr'><strong>in</strong></span> 
     </span>
    </p>
   </div>
   <div class='ocr_carea' id='block_1_16' title="bbox 256 1410 1846 1484">
    <p class='ocr_par' dir='ltr' id='par_1_16' title="bbox 256 1410 1846 1484">
     <span class='ocr_line' id='line_1_16' title="bbox 256 1410 1846 1484; baseline -0.004 -13"><span class='ocrx_word' id='word_1_116' title='bbox 256 1414 372 1484; x_wconf 87' lang='lat' dir='ltr'><strong>ipsa</strong></span> <span class='ocrx_word' id='word_1_117' title='bbox 399 1412 584 1467; x_wconf 79' lang='lat' dir='ltr'><strong>statim</strong></span> <span class='ocrx_word' id='word_1_118' title='bbox 618 1412 795 1483; x_wconf 83' lang='lat' dir='ltr'><strong>prima</strong></span> <span class='ocrx_word' id='word_1_119' title='bbox 843 1411 1153 1469; x_wconf 88' lang='lat' dir='ltr'><strong>conditione</strong></span> <span class='ocrx_word' id='word_1_120' title='bbox 1179 1426 1210 1464; x_wconf 89' lang='lat' dir='ltr'><strong>a</strong></span> <span class='ocrx_word' id='word_1_121' title='bbox 1257 1410 1369 1466; x_wconf 89' lang='lat' dir='ltr'><strong>Deo</strong></span> <span class='ocrx_word' id='word_1_122' title='bbox 1401 1412 1582 1466; x_wconf 89' lang='lat' dir='ltr'><strong>anima</strong></span> <span class='ocrx_word' id='word_1_123' title='bbox 1613 1410 1717 1466; x_wconf 85' lang='lat' dir='ltr'><strong>sibi</strong></span> <span class='ocrx_word' id='word_1_124' title='bbox 1765 1411 1846 1464; x_wconf 89' lang='lat' dir='ltr'><strong>in-</strong></span> 
     </span>
    </p>
   </div>
   <div class='ocr_carea' id='block_1_17' title="bbox 256 1501 1846 1573">
    <p class='ocr_par' dir='ltr' id='par_1_17' title="bbox 256 1501 1846 1573">
     <span class='ocr_line' id='line_1_17' title="bbox 256 1501 1846 1573; baseline -0.001 -15"><span class='ocrx_word' id='word_1_125' title='bbox 256 1505 419 1559; x_wconf 88' lang='lat' dir='ltr'><strong>sitam</strong></span> <span class='ocrx_word' id='word_1_126' title='bbox 463 1503 645 1573; x_wconf 87' lang='lat' dir='ltr'><strong>gerit:</strong></span> <span class='ocrx_word' id='word_1_127' title='bbox 682 1503 735 1557; x_wconf 92' lang='lat' dir='ltr'><strong>in</strong></span> <span class='ocrx_word' id='word_1_128' title='bbox 785 1516 893 1572; x_wconf 90' lang='lat' dir='ltr'><strong>quo</strong></span> <span class='ocrx_word' id='word_1_129' title='bbox 920 1516 1262 1572; x_wconf 80' lang='lat' dir='ltr'><strong>nequaquam</strong></span> <span class='ocrx_word' id='word_1_130' title='bbox 1308 1503 1652 1557; x_wconf 74' lang='lat' dir='ltr'><strong>extrinsecus</strong></span> <span class='ocrx_word' id='word_1_131' title='bbox 1692 1501 1846 1556; x_wconf 89' lang='lat' dir='ltr'><strong>testi-</strong></span> 
     </span>
    </p>
   </div>
   <div class='ocr_carea' id='block_1_18' title="bbox 254 1593 1843 1664">
    <p class='ocr_par' dir='ltr' id='par_1_18' title="bbox 254 1593 1843 1664">
     <span class='ocr_line' id='line_1_18' title="bbox 254 1593 1843 1664; baseline -0.001 -15"><span class='ocrx_word' id='word_1_132' title='bbox 254 1596 442 1655; x_wconf 87' lang='lat' dir='ltr'><strong>monio</strong></span> <span class='ocrx_word' id='word_1_133' title='bbox 470 1594 1214 1664; x_wconf 82' lang='lat' dir='ltr'><strong>indigemuszunusquisque</strong></span> <span class='ocrx_word' id='word_1_134' title='bbox 1263 1594 1411 1648; x_wconf 91' lang='lat' dir='ltr'><strong>enim</strong></span> <span class='ocrx_word' id='word_1_135' title='bbox 1440 1593 1499 1647; x_wconf 93' lang='lat' dir='ltr'><strong>in</strong></span> <span class='ocrx_word' id='word_1_136' title='bbox 1551 1594 1843 1664; x_wconf 85' lang='lat' dir='ltr'><strong>semetipso</strong></span> 
     </span>
    </p>
   </div>
   <div class='ocr_carea' id='block_1_19' title="bbox 1946 414 3523 493">
    <p class='ocr_par' dir='ltr' id='par_1_19' title="bbox 1946 414 3523 493">
     <span class='ocr_line' id='line_1_19' title="bbox 1946 414 3523 493; baseline 0.006 -25"><span class='ocrx_word' id='word_1_137' title='bbox 1946 414 2083 469; x_wconf 89' lang='lat' dir='ltr'><strong>Dei?</strong></span> <span class='ocrx_word' id='word_1_138' title='bbox 2119 416 2270 483; x_wconf 89' lang='lat' dir='ltr'><strong>Quod</strong></span> <span class='ocrx_word' id='word_1_139' title='bbox 2301 418 2346 472; x_wconf 92' lang='lat' dir='ltr'><strong>si</strong></span> <span class='ocrx_word' id='word_1_140' title='bbox 2372 416 2686 488; x_wconf 89' lang='lat' dir='ltr'><strong>parentibus</strong></span> <span class='ocrx_word' id='word_1_141' title='bbox 2708 418 2848 472; x_wconf 88' lang='lat' dir='ltr'><strong>inest</strong></span> <span class='ocrx_word' id='word_1_142' title='bbox 2870 420 3130 476; x_wconf 86' lang='lat' dir='ltr'><strong>naturalis</strong></span> <span class='ocrx_word' id='word_1_143' title='bbox 3150 420 3374 476; x_wconf 82' lang='lat' dir='ltr'><strong>affectus</strong></span> <span class='ocrx_word' id='word_1_144' title='bbox 3395 438 3523 493; x_wconf 85' lang='lat' dir='ltr'><strong>erga</strong></span> 
     </span>
    </p>
   </div>
   <div class='ocr_carea' id='block_1_20' title="bbox 1944 507 3526 575">
    <p class='ocr_par' dir='ltr' id='par_1_20' title="bbox 1944 507 3526 575">
     <span class='ocr_line' id='line_1_20' title="bbox 1944 507 3526 575; baseline 0.005 -18"><span class='ocrx_word' id='word_1_145' title='bbox 1944 517 2039 558; x_wconf 91' lang='lat' dir='ltr'><strong>eos</strong></span> <span class='ocrx_word' id='word_1_146' title='bbox 2071 519 2207 573; x_wconf 89' lang='lat' dir='ltr'><strong>quos</strong></span> <span class='ocrx_word' id='word_1_147' title='bbox 2242 513 2581 575; x_wconf 82' lang='lat' dir='ltr'><strong>genuerunt;</strong></span> <span class='ocrx_word' id='word_1_148' title='bbox 2622 515 2679 559; x_wconf 92' lang='lat' dir='ltr'><strong>et</strong></span> <span class='ocrx_word' id='word_1_149' title='bbox 2707 521 2812 560; x_wconf 93' lang='lat' dir='ltr'><strong>non</strong></span> <span class='ocrx_word' id='word_1_150' title='bbox 2857 507 3029 562; x_wconf 90' lang='lat' dir='ltr'><strong>solum</strong></span> <span class='ocrx_word' id='word_1_151' title='bbox 3059 509 3162 565; x_wconf 89' lang='lat' dir='ltr'><strong>hoc</strong></span> <span class='ocrx_word' id='word_1_152' title='bbox 3190 510 3245 564; x_wconf 88' lang='lat' dir='ltr'><strong>in</strong></span> <span class='ocrx_word' id='word_1_153' title='bbox 3291 510 3526 565; x_wconf 85' lang='lat' dir='ltr'><strong>homini-</strong></span> 
     </span>
    </p>
   </div>
   <div class='ocr_carea' id='block_1_21' title="bbox 1944 592 3521 655">
    <p class='ocr_par' dir='ltr' id='par_1_21' title="bbox 1944 592 3521 655">
     <span class='ocr_line' id='line_1_21' title="bbox 1944 592 3521 655; baseline 0.006 -9"><span class='ocrx_word' id='word_1_154' title='bbox 1944 592 2082 655; x_wconf 84' lang='lat' dir='ltr'><strong>bus,</strong></span> <span class='ocrx_word' id='word_1_155' title='bbox 2123 610 2308 648; x_wconf 89' lang='lat' dir='ltr'><strong>verum</strong></span> <span class='ocrx_word' id='word_1_156' title='bbox 2349 597 2512 649; x_wconf 85' lang='lat' dir='ltr'><strong>etiam</strong></span> <span class='ocrx_word' id='word_1_157' title='bbox 2560 595 2613 649; x_wconf 92' lang='lat' dir='ltr'><strong>in</strong></span> <span class='ocrx_word' id='word_1_158' title='bbox 2658 596 2822 651; x_wconf 87' lang='lat' dir='ltr'><strong>mutis</strong></span> <span class='ocrx_word' id='word_1_159' title='bbox 2862 598 3185 654; x_wconf 83' lang='lat' dir='ltr'><strong>animalibus</strong></span> <span class='ocrx_word' id='word_1_160' title='bbox 3216 600 3521 655; x_wconf 78' lang='lat' dir='ltr'><strong>invenitur:</strong></span> 
     </span>
    </p>
   </div>
   <div class='ocr_carea' id='block_1_22' title="bbox 1944 685 3527 758">
    <p class='ocr_par' dir='ltr' id='par_1_22' title="bbox 1944 685 3527 758">
     <span class='ocr_line' id='line_1_22' title="bbox 1944 685 3527 758; baseline 0.007 -21"><span class='ocrx_word' id='word_1_161' title='bbox 1944 685 2122 739; x_wconf 79' lang='lat' dir='ltr'><strong>videte</strong></span> <span class='ocrx_word' id='word_1_162' title='bbox 2159 702 2227 741; x_wconf 92' lang='lat' dir='ltr'><strong>ne</strong></span> <span class='ocrx_word' id='word_1_163' title='bbox 2253 686 2595 741; x_wconf 84' lang='lat' dir='ltr'><strong>inveniamur</strong></span> <span class='ocrx_word' id='word_1_164' title='bbox 2623 688 2707 742; x_wconf 88' lang='lat' dir='ltr'><strong>vel</strong></span> <span class='ocrx_word' id='word_1_165' title='bbox 2751 690 3049 758; x_wconf 81' lang='lat' dir='ltr'><strong>pecudibus</strong></span> <span class='ocrx_word' id='word_1_166' title='bbox 3086 692 3412 758; x_wconf 88' lang='lat' dir='ltr'><strong>hebetiores,</strong></span> <span class='ocrx_word' id='word_1_167' title='bbox 3441 695 3527 750; x_wconf 86' lang='lat' dir='ltr'><strong>vel</strong></span> 
     </span>
    </p>
   </div>
   <div class='ocr_carea' id='block_1_23' title="bbox 1944 763 3522 852">
    <p class='ocr_par' dir='ltr' id='par_1_23' title="bbox 1944 763 3522 852">
     <span class='ocr_line' id='line_1_23' title="bbox 1944 763 3522 852; baseline 0.006 -24"><span class='ocrx_word' id='word_1_168' title='bbox 1944 774 2137 831; x_wconf 89' lang='lat' dir='ltr'><strong>belluis</strong></span> <span class='ocrx_word' id='word_1_169' title='bbox 2158 763 2296 832; x_wconf 62' lang='lat' dir='ltr'><strong>ieris</strong></span> <span class='ocrx_word' id='word_1_170' title='bbox 2338 778 2715 843; x_wconf 87' lang='lat' dir='ltr'><strong>immaniores,</strong></span> <span class='ocrx_word' id='word_1_171' title='bbox 2756 780 2831 849; x_wconf 19' lang='lat' dir='ltr'><strong>si,</strong></span> <span class='ocrx_word' id='word_1_172' title='bbox 2852 780 3000 834; x_wconf 91' lang='lat' dir='ltr'><strong>nullo</strong></span> <span class='ocrx_word' id='word_1_173' title='bbox 3046 797 3174 852; x_wconf 86' lang='lat' dir='ltr'><strong>erga</strong></span> <span class='ocrx_word' id='word_1_174' title='bbox 3204 781 3522 838; x_wconf 83' lang='lat' dir='ltr'><strong>Genitorem</strong></span> 
     </span>
    </p>
   </div>
   <div class='ocr_carea' id='block_1_24' title="bbox 1944 866 3529 940">
    <p class='ocr_par' dir='ltr' id='par_1_24' title="bbox 1944 866 3529 940">
     <span class='ocr_line' id='line_1_24' title="bbox 1944 866 3529 940; baseline 0.004 -19"><span class='ocrx_word' id='word_1_175' title='bbox 1944 867 2381 938; x_wconf 88' lang='lat' dir='ltr'><strong>constringamur</strong></span> <span class='ocrx_word' id='word_1_176' title='bbox 2430 866 2649 923; x_wconf 81' lang='lat' dir='ltr'><strong>aﬂ‘ectu.</strong></span> <span class='ocrx_word' id='word_1_177' title='bbox 2703 869 2874 935; x_wconf 87' lang='lat' dir='ltr'><strong>Quem</strong></span> <span class='ocrx_word' id='word_1_178' title='bbox 2924 871 3137 925; x_wconf 90' lang='lat' dir='ltr'><strong>etiamsi</strong></span> <span class='ocrx_word' id='word_1_179' title='bbox 3184 880 3419 940; x_wconf 90' lang='lat' dir='ltr'><strong>quantus</strong></span> <span class='ocrx_word' id='word_1_180' title='bbox 3472 882 3529 928; x_wconf 88' lang='lat' dir='ltr'><strong>ct</strong></span> 
     </span>
    </p>
   </div>
   <div class='ocr_carea' id='block_1_25' title="bbox 1945 954 3530 1026">
    <p class='ocr_par' dir='ltr' id='par_1_25' title="bbox 1945 954 3530 1026">
     <span class='ocr_line' id='line_1_25' title="bbox 1945 954 3530 1026; baseline 0.006 -19"><span class='ocrx_word' id='word_1_181' title='bbox 1945 955 2121 1024; x_wconf 88' lang='lat' dir='ltr'><strong>qualis</strong></span> <span class='ocrx_word' id='word_1_182' title='bbox 2165 954 2419 1010; x_wconf 67' lang='lat' dir='ltr'><strong>sit&#39;scire</strong></span> <span class='ocrx_word' id='word_1_183' title='bbox 2463 972 2571 1011; x_wconf 90' lang='lat' dir='ltr'><strong>non</strong></span> <span class='ocrx_word' id='word_1_184' title='bbox 2613 972 2930 1026; x_wconf 88' lang='lat' dir='ltr'><strong>possumus,</strong></span> <span class='ocrx_word' id='word_1_185' title='bbox 2971 974 3037 1012; x_wconf 84' lang='lat' dir='ltr'><strong>ex</strong></span> <span class='ocrx_word' id='word_1_186' title='bbox 3067 960 3171 1015; x_wconf 89' lang='lat' dir='ltr'><strong>hoc</strong></span> <span class='ocrx_word' id='word_1_187' title='bbox 3201 969 3378 1017; x_wconf 86' lang='lat' dir='ltr'><strong>tamen</strong></span> <span class='ocrx_word' id='word_1_188' title='bbox 3413 962 3530 1017; x_wconf 89' lang='lat' dir='ltr'><strong>solo</strong></span> 
     </span>
    </p>
   </div>
   <div class='ocr_carea' id='block_1_26' title="bbox 1945 1045 3529 1121">
    <p class='ocr_par' dir='ltr' id='par_1_26' title="bbox 1945 1045 3529 1121">
     <span class='ocr_line' id='line_1_26' title="bbox 1945 1045 3529 1121; baseline 0.007 -24"><span class='ocrx_word' id='word_1_189' title='bbox 1945 1045 2087 1112; x_wconf 76' lang='lat' dir='ltr'><strong>quod</strong></span> <span class='ocrx_word' id='word_1_190' title='bbox 2115 1060 2183 1099; x_wconf 79' lang='lat' dir='ltr'><strong>ex</strong></span> <span class='ocrx_word' id='word_1_191' title='bbox 2214 1045 2331 1115; x_wconf 89' lang='lat' dir='ltr'><strong>ipso</strong></span> <span class='ocrx_word' id='word_1_192' title='bbox 2360 1061 2571 1112; x_wconf 91' lang='lat' dir='ltr'><strong>sumus,</strong></span> <span class='ocrx_word' id='word_1_193' title='bbox 2620 1048 2869 1102; x_wconf 88' lang='lat' dir='ltr'><strong>venerari</strong></span> <span class='ocrx_word' id='word_1_194' title='bbox 2917 1056 2972 1102; x_wconf 90' lang='lat' dir='ltr'><strong>et</strong></span> <span class='ocrx_word' id='word_1_195' title='bbox 3019 1049 3242 1121; x_wconf 81' lang='lat' dir='ltr'><strong>diligere</strong></span> <span class='ocrx_word' id='word_1_196' title='bbox 3286 1053 3529 1121; x_wconf 88' lang='lat' dir='ltr'><strong>parentis</strong></span> 
     </span>
    </p>
   </div>
   <div class='ocr_carea' id='block_1_27' title="bbox 1945 1128 3633 1213">
    <p class='ocr_par' dir='ltr' id='par_1_27' title="bbox 1945 1128 3633 1213">
     <span class='ocr_line' id='line_1_27' title="bbox 1945 1128 3633 1213; baseline 0.007 -23"><span class='ocrx_word' id='word_1_197' title='bbox 1945 1137 2203 1193; x_wconf 84' lang='lat' dir='ltr'><strong>debemus</strong></span> <span class='ocrx_word' id='word_1_198' title='bbox 2225 1136 2440 1204; x_wconf 80' lang='lat' dir='ltr'><strong>aﬂ&#39;ectu,</strong></span> <span class='ocrx_word' id='word_1_199' title='bbox 2457 1148 2617 1209; x_wconf 90' lang='lat' dir='ltr'><strong>atque</strong></span> <span class='ocrx_word' id='word_1_200' title='bbox 2632 1140 3004 1196; x_wconf 88' lang='lat' dir='ltr'><strong>indesinenter</strong></span> <span class='ocrx_word' id='word_1_201' title='bbox 3030 1157 3158 1213; x_wconf 86' lang='lat' dir='ltr'><strong>erga</strong></span> <span class='ocrx_word' id='word_1_202' title='bbox 3184 1140 3304 1209; x_wconf 85' lang='lat' dir='ltr'><strong>ejus</strong></span> <span class='ocrx_word' id='word_1_203' title='bbox 3326 1160 3530 1200; x_wconf 84' lang='lat' dir='ltr'><strong>memo—</strong></span> <span class='ocrx_word' id='word_1_204' title='bbox 3630 1128 3633 1133; x_wconf 28' lang='lat' dir='ltr'><strong>I</strong></span> 
     </span>
    </p>
   </div>
   <div class='ocr_carea' id='block_1_28' title="bbox 1946 1227 3531 1307">
    <p class='ocr_par' dir='ltr' id='par_1_28' title="bbox 1946 1227 3531 1307">
     <span class='ocr_line' id='line_1_28' title="bbox 1946 1227 3531 1307; baseline 0.006 -27"><span class='ocrx_word' id='word_1_205' title='bbox 1946 1227 2080 1281; x_wconf 88' lang='lat' dir='ltr'><strong>riam</strong></span> <span class='ocrx_word' id='word_1_206' title='bbox 2107 1230 2362 1298; x_wconf 89' lang='lat' dir='ltr'><strong>pendere,</strong></span> <span class='ocrx_word' id='word_1_207' title='bbox 2391 1231 2533 1286; x_wconf 85' lang='lat' dir='ltr'><strong>sicut</strong></span> <span class='ocrx_word' id='word_1_208' title='bbox 2561 1247 2689 1302; x_wconf 88' lang='lat' dir='ltr'><strong>erga</strong></span> <span class='ocrx_word' id='word_1_209' title='bbox 2718 1232 3005 1303; x_wconf 87' lang='lat' dir='ltr'><strong>genitrices</strong></span> <span class='ocrx_word' id='word_1_210' title='bbox 3032 1249 3159 1289; x_wconf 88' lang='lat' dir='ltr'><strong>suas</strong></span> <span class='ocrx_word' id='word_1_211' title='bbox 3185 1232 3387 1290; x_wconf 80' lang='lat' dir='ltr'><strong>faciunt</strong></span> <span class='ocrx_word' id='word_1_212' title='bbox 3407 1251 3531 1307; x_wconf 81' lang='lat' dir='ltr'><strong>par-</strong></span> 
     </span>
    </p>
   </div>
   <div class='ocr_carea' id='block_1_29' title="bbox 1946 1318 3532 1398">
    <p class='ocr_par' dir='ltr' id='par_1_29' title="bbox 1946 1318 3532 1398">
     <span class='ocr_line' id='line_1_29' title="bbox 1946 1318 3532 1398; baseline 0.009 -27"><span class='ocrx_word' id='word_1_213' title='bbox 1946 1318 2073 1373; x_wconf 87' lang='lat' dir='ltr'><strong>vuli.</strong></span> <span class='ocrx_word' id='word_1_214' title='bbox 2099 1319 2206 1376; x_wconf 89' lang='lat' dir='ltr'><strong>Sed</strong></span> <span class='ocrx_word' id='word_1_215' title='bbox 2227 1322 2398 1377; x_wconf 90' lang='lat' dir='ltr'><strong>multo</strong></span> <span class='ocrx_word' id='word_1_216' title='bbox 2422 1324 2653 1394; x_wconf 88' lang='lat' dir='ltr'><strong>amplius</strong></span> <span class='ocrx_word' id='word_1_217' title='bbox 2677 1325 2952 1395; x_wconf 90' lang='lat' dir='ltr'><strong>multoque</strong></span> <span class='ocrx_word' id='word_1_218' title='bbox 2973 1328 3304 1398; x_wconf 87' lang='lat' dir='ltr'><strong>promptius;</strong></span> <span class='ocrx_word' id='word_1_219' title='bbox 3330 1337 3532 1397; x_wconf 89' lang='lat' dir='ltr'><strong>quanto</strong></span> 
     </span>
    </p>
   </div>
   <div class='ocr_carea' id='block_1_30' title="bbox 1945 1411 3534 1487">
    <p class='ocr_par' dir='ltr' id='par_1_30' title="bbox 1945 1411 3534 1487">
     <span class='ocr_line' id='line_1_30' title="bbox 1945 1411 3534 1487; baseline 0.007 -22"><span class='ocrx_word' id='word_1_220' title='bbox 1945 1420 2001 1465; x_wconf 88' lang='lat' dir='ltr'><strong>et</strong></span> <span class='ocrx_word' id='word_1_221' title='bbox 2028 1411 2420 1468; x_wconf 89' lang='lat' dir='ltr'><strong>immensorum</strong></span> <span class='ocrx_word' id='word_1_222' title='bbox 2449 1430 2549 1469; x_wconf 93' lang='lat' dir='ltr'><strong>nos</strong></span> <span class='ocrx_word' id='word_1_223' title='bbox 2580 1416 2966 1472; x_wconf 88' lang='lat' dir='ltr'><strong>beneﬁciorum</strong></span> <span class='ocrx_word' id='word_1_224' title='bbox 3000 1416 3116 1487; x_wconf 85' lang='lat' dir='ltr'><strong>ejus</strong></span> <span class='ocrx_word' id='word_1_225' title='bbox 3145 1420 3407 1475; x_wconf 79' lang='lat' dir='ltr'><strong>obnoxios</strong></span> <span class='ocrx_word' id='word_1_226' title='bbox 3429 1420 3534 1476; x_wconf 88' lang='lat' dir='ltr'><strong>sei-</strong></span> 
     </span>
    </p>
   </div>
   <div class='ocr_carea' id='block_1_31' title="bbox 1946 1499 3531 1577">
    <p class='ocr_par' dir='ltr' id='par_1_31' title="bbox 1946 1499 3531 1577">
     <span class='ocr_line' id='line_1_31' title="bbox 1946 1499 3531 1577; baseline 0.006 -23"><span class='ocrx_word' id='word_1_227' title='bbox 1946 1516 2085 1554; x_wconf 86' lang='lat' dir='ltr'><strong>mus.</strong></span> <span class='ocrx_word' id='word_1_228' title='bbox 2118 1499 2272 1567; x_wconf 85' lang='lat' dir='ltr'><strong>Quod</strong></span> <span class='ocrx_word' id='word_1_229' title='bbox 2302 1502 2477 1571; x_wconf 90' lang='lat' dir='ltr'><strong>ipsum</strong></span> <span class='ocrx_word' id='word_1_230' title='bbox 2520 1504 2678 1558; x_wconf 86' lang='lat' dir='ltr'><strong>no‘..is</strong></span> <span class='ocrx_word' id='word_1_231' title='bbox 2721 1520 3007 1559; x_wconf 85' lang='lat' dir='ltr'><strong>commune</strong></span> <span class='ocrx_word' id='word_1_232' title='bbox 3035 1521 3157 1561; x_wconf 91' lang='lat' dir='ltr'><strong>esse</strong></span> <span class='ocrx_word' id='word_1_233' title='bbox 3196 1517 3327 1577; x_wconf 92' lang='lat' dir='ltr'><strong>puto</strong></span> <span class='ocrx_word' id='word_1_234' title='bbox 3367 1511 3531 1565; x_wconf 85' lang='lat' dir='ltr'><strong>etiam</strong></span> 
     </span>
    </p>
   </div>
   <div class='ocr_carea' id='block_1_32' title="bbox 1946 1593 3531 1667">
    <p class='ocr_par' dir='ltr' id='par_1_32' title="bbox 1946 1593 3531 1667">
     <span class='ocr_line' id='line_1_32' title="bbox 1946 1593 3531 1667; baseline 0.005 -22"><span class='ocrx_word' id='word_1_235' title='bbox 1946 1606 2069 1646; x_wconf 91' lang='lat' dir='ltr'><strong>cum</strong></span> <span class='ocrx_word' id='word_1_236' title='bbox 2096 1593 2306 1648; x_wconf 61' lang='lat' dir='ltr'><strong>caeteris</strong></span> <span class='ocrx_word' id='word_1_237' title='bbox 2331 1593 2687 1653; x_wconf 82' lang='lat' dir='ltr'><strong>animalibus:</strong></span> <span class='ocrx_word' id='word_1_238' title='bbox 2719 1595 3086 1651; x_wconf 89' lang='lat' dir='ltr'><strong>meminerunt</strong></span> <span class='ocrx_word' id='word_1_239' title='bbox 3113 1612 3346 1667; x_wconf 88' lang='lat' dir='ltr'><strong>namque</strong></span> <span class='ocrx_word' id='word_1_240' title='bbox 3368 1600 3531 1653; x_wconf 84' lang='lat' dir='ltr'><strong>etiam</strong></span> 
     </span>
    </p>
   </div>
   <div class='ocr_carea' id='block_1_33' title="bbox 249 1669 3532 1754">
    <p class='ocr_par' dir='ltr' id='par_1_33' title="bbox 249 1669 3532 1754">
     <span class='ocr_line' id='line_1_33' title="bbox 249 1669 3532 1754; baseline 0.001 -14"><span class='ocrx_word' id='word_1_241' title='bbox 249 1695 309 1740; x_wconf 81' lang='lat' dir='ltr'><strong>et</strong></span> <span class='ocrx_word' id='word_1_242' title='bbox 330 1701 399 1740; x_wconf 79' lang='lat' dir='ltr'><strong>ex</strong></span> <span class='ocrx_word' id='word_1_243' title='bbox 429 1685 723 1754; x_wconf 87' lang='lat' dir='ltr'><strong>semetipso</strong></span> <span class='ocrx_word' id='word_1_244' title='bbox 751 1686 944 1742; x_wconf 86' lang='lat' dir='ltr'><strong>horum</strong></span> <span class='ocrx_word' id='word_1_245' title='bbox 970 1700 1092 1754; x_wconf 67' lang='lat' dir='ltr'><strong>quae</strong></span> <span class='ocrx_word' id='word_1_246' title='bbox 1138 1684 1371 1740; x_wconf 88' lang='lat' dir='ltr'><strong>dicimus</strong></span> <span class='ocrx_word' id='word_1_247' title='bbox 1409 1684 1576 1738; x_wconf 89' lang='lat' dir='ltr'><strong>sumit</strong></span> <span class='ocrx_word' id='word_1_248' title='bbox 1619 1685 1842 1739; x_wconf 89' lang='lat' dir='ltr'><strong>indicia.</strong></span> <span class='ocrx_word' id='word_1_249' title='bbox 1874 1669 1918 1727; x_wconf 75' lang='grc' dir='ltr'><strong>Β</strong></span> <span class='ocrx_word' id='word_1_250' title='bbox 1949 1680 2062 1745; x_wconf 91' lang='lat' dir='ltr'><strong>illa,</strong></span> <span class='ocrx_word' id='word_1_251' title='bbox 2092 1681 2138 1736; x_wconf 89' lang='lat' dir='ltr'><strong>si</strong></span> <span class='ocrx_word' id='word_1_252' title='bbox 2169 1683 2299 1752; x_wconf 85' lang='lat' dir='ltr'><strong>quid</strong></span> <span class='ocrx_word' id='word_1_253' title='bbox 2326 1682 2407 1741; x_wconf 89' lang='lat' dir='ltr'><strong>eis</strong></span> <span class='ocrx_word' id='word_1_254' title='bbox 2435 1685 2558 1753; x_wconf 88' lang='lat' dir='ltr'><strong>quis</strong></span> <span class='ocrx_word' id='word_1_255' title='bbox 2590 1684 2884 1740; x_wconf 89' lang='lat' dir='ltr'><strong>contulerit</strong></span> <span class='ocrx_word' id='word_1_256' title='bbox 2916 1684 3138 1739; x_wconf 90' lang='lat' dir='ltr'><strong>bonum.</strong></span> <span class='ocrx_word' id='word_1_257' title='bbox 3175 1685 3232 1741; x_wconf 90' lang='lat' dir='ltr'><strong>Si</strong></span> <span class='ocrx_word' id='word_1_258' title='bbox 3262 1687 3393 1742; x_wconf 87' lang='lat' dir='ltr'><strong>mihi</strong></span> <span class='ocrx_word' id='word_1_259' title='bbox 3428 1703 3532 1743; x_wconf 82' lang='lat' dir='ltr'><strong>non</strong></span> 
     </span>
    </p>
   </div>
   <div class='ocr_carea' id='block_1_34' title="bbox 253 1776 1848 1846">
    <p class='ocr_par' dir='ltr' id='par_1_34' title="bbox 253 1776 1848 1846">
     <span class='ocr_line' id='line_1_34' title="bbox 253 1776 1848 1846; baseline -0.004 -11"><span class='ocrx_word' id='word_1_260' title='bbox 253 1778 448 1835; x_wconf 86' lang='lat' dir='ltr'><strong>Omnis</strong></span> <span class='ocrx_word' id='word_1_261' title='bbox 490 1778 654 1837; x_wconf 80' lang='lat' dir='ltr'><strong>homo</strong></span> <span class='ocrx_word' id='word_1_262' title='bbox 682 1777 961 1837; x_wconf 79' lang='lat' dir='ltr'><strong>desiderat</strong></span> <span class='ocrx_word' id='word_1_263' title='bbox 991 1791 1155 1831; x_wconf 91' lang='lat' dir='ltr'><strong>omne</strong></span> <span class='ocrx_word' id='word_1_264' title='bbox 1193 1776 1336 1846; x_wconf 92' lang='lat' dir='ltr'><strong>quod</strong></span> <span class='ocrx_word' id='word_1_265' title='bbox 1380 1776 1582 1831; x_wconf 90' lang='lat' dir='ltr'><strong>bonum</strong></span> <span class='ocrx_word' id='word_1_266' title='bbox 1628 1784 1745 1840; x_wconf 86' lang='lat' dir='ltr'><strong>est,</strong></span> <span class='ocrx_word' id='word_1_267' title='bbox 1792 1785 1848 1830; x_wconf 87' lang='lat' dir='ltr'><strong>et</strong></span> 
     </span>
    </p>
   </div>
   <div class='ocr_carea' id='block_1_35' title="bbox 250 1869 1847 1940">
    <p class='ocr_par' dir='ltr' id='par_1_35' title="bbox 250 1869 1847 1940">
     <span class='ocr_line' id='line_1_35' title="bbox 250 1869 1847 1940; baseline -0.005 -9"><span class='ocrx_word' id='word_1_268' title='bbox 250 1871 453 1931; x_wconf 68' lang='lat' dir='ltr'><strong>aiiectu</strong></span> <span class='ocrx_word' id='word_1_269' title='bbox 502 1871 736 1940; x_wconf 83' lang='lat' dir='ltr'><strong>quodam</strong></span> <span class='ocrx_word' id='word_1_270' title='bbox 780 1870 1016 1925; x_wconf 90' lang='lat' dir='ltr'><strong>naturali</strong></span> <span class='ocrx_word' id='word_1_271' title='bbox 1080 1869 1507 1939; x_wconf 88' lang='lat' dir='ltr'><strong>eonstringimur</strong></span> <span class='ocrx_word' id='word_1_272' title='bbox 1557 1870 1628 1925; x_wconf 88' lang='lat' dir='ltr'><strong>ad</strong></span> <span class='ocrx_word' id='word_1_273' title='bbox 1684 1884 1847 1924; x_wconf 91' lang='lat' dir='ltr'><strong>omne</strong></span> 
     </span>
    </p>
   </div>
   <div class='ocr_carea' id='block_1_36' title="bbox 254 1958 1850 2030">
    <p class='ocr_par' dir='ltr' id='par_1_36' title="bbox 254 1958 1850 2030">
     <span class='ocr_line' id='line_1_36' title="bbox 254 1958 1850 2030; baseline 0.001 -17"><span class='ocrx_word' id='word_1_274' title='bbox 254 1961 397 2030; x_wconf 86' lang='lat' dir='ltr'><strong>quod</strong></span> <span class='ocrx_word' id='word_1_275' title='bbox 426 1961 631 2015; x_wconf 88' lang='lat' dir='ltr'><strong>bonum</strong></span> <span class='ocrx_word' id='word_1_276' title='bbox 663 1969 935 2030; x_wconf 90' lang='lat' dir='ltr'><strong>putamus.</strong></span> <span class='ocrx_word' id='word_1_277' title='bbox 966 1958 1074 2014; x_wconf 91' lang='lat' dir='ltr'><strong>Sed</strong></span> <span class='ocrx_word' id='word_1_278' title='bbox 1092 1968 1149 2014; x_wconf 93' lang='lat' dir='ltr'><strong>et</strong></span> <span class='ocrx_word' id='word_1_279' title='bbox 1169 1974 1301 2028; x_wconf 91' lang='lat' dir='ltr'><strong>erga</strong></span> <span class='ocrx_word' id='word_1_280' title='bbox 1332 1959 1770 2029; x_wconf 86' lang='lat' dir='ltr'><strong>consanguineos</strong></span> <span class='ocrx_word' id='word_1_281' title='bbox 1795 1967 1850 2014; x_wconf 89' lang='lat' dir='ltr'><strong>et</strong></span> 
     </span>
    </p>
   </div>
   <div class='ocr_carea' id='block_1_37' title="bbox 250 2051 1851 2123">
    <p class='ocr_par' dir='ltr' id='par_1_37' title="bbox 250 2051 1851 2123">
     <span class='ocr_line' id='line_1_37' title="bbox 250 2051 1851 2123; baseline 0 -17"><span class='ocrx_word' id='word_1_282' title='bbox 250 2054 436 2107; x_wconf 84' lang='lat' dir='ltr'><strong>carnis</strong></span> <span class='ocrx_word' id='word_1_283' title='bbox 471 2052 769 2123; x_wconf 80' lang='lat' dir='ltr'><strong>proximos,</strong></span> <span class='ocrx_word' id='word_1_284' title='bbox 800 2052 948 2106; x_wconf 89' lang='lat' dir='ltr'><strong>nullo</strong></span> <span class='ocrx_word' id='word_1_285' title='bbox 977 2052 1225 2118; x_wconf 91' lang='lat' dir='ltr'><strong>docente,</strong></span> <span class='ocrx_word' id='word_1_286' title='bbox 1259 2052 1314 2106; x_wconf 92' lang='lat' dir='ltr'><strong>in</strong></span> <span class='ocrx_word' id='word_1_287' title='bbox 1360 2065 1549 2106; x_wconf 90' lang='lat' dir='ltr'><strong>amore</strong></span> <span class='ocrx_word' id='word_1_288' title='bbox 1585 2051 1851 2107; x_wconf 89' lang='lat' dir='ltr'><strong>constrin-</strong></span> 
     </span>
    </p>
   </div>
   <div class='ocr_carea' id='block_1_38' title="bbox 252 2143 1848 2217">
    <p class='ocr_par' dir='ltr' id='par_1_38' title="bbox 252 2143 1848 2217">
     <span class='ocr_line' id='line_1_38' title="bbox 252 2143 1848 2217; baseline 0 -18"><span class='ocrx_word' id='word_1_289' title='bbox 252 2145 440 2217; x_wconf 81' lang='lat' dir='ltr'><strong>gimur</strong></span> <span class='ocrx_word' id='word_1_290' title='bbox 475 2162 488 2197; x_wconf 92' lang='lat'><strong>:</strong></span> <span class='ocrx_word' id='word_1_291' title='bbox 533 2144 621 2199; x_wconf 88' lang='lat' dir='ltr'><strong>his</strong></span> <span class='ocrx_word' id='word_1_292' title='bbox 657 2158 870 2214; x_wconf 91' lang='lat' dir='ltr'><strong>quoque</strong></span> <span class='ocrx_word' id='word_1_293' title='bbox 908 2160 1141 2215; x_wconf 88' lang='lat' dir='ltr'><strong>quorum</strong></span> <span class='ocrx_word' id='word_1_294' title='bbox 1186 2143 1440 2200; x_wconf 83' lang='lat' dir='ltr'><strong>affectum</strong></span> <span class='ocrx_word' id='word_1_295' title='bbox 1495 2152 1550 2199; x_wconf 91' lang='lat' dir='ltr'><strong>et</strong></span> <span class='ocrx_word' id='word_1_296' title='bbox 1587 2143 1848 2201; x_wconf 83' lang='lat' dir='ltr'><strong>beneﬁcia</strong></span> 
     </span>
    </p>
   </div>
   <div class='ocr_carea' id='block_1_39' title="bbox 250 2234 1849 2306">
    <p class='ocr_par' dir='ltr' id='par_1_39' title="bbox 250 2234 1849 2306">
     <span class='ocr_line' id='line_1_39' title="bbox 250 2234 1849 2306; baseline -0.002 -14"><span class='ocrx_word' id='word_1_297' title='bbox 250 2234 746 2306; x_wconf 83' lang='lat' dir='ltr'><strong>accepimus,omni</strong></span> <span class='ocrx_word' id='word_1_298' title='bbox 770 2235 962 2291; x_wconf 79' lang='lat' dir='ltr'><strong>ail‘ectu</strong></span> <span class='ocrx_word' id='word_1_299' title='bbox 985 2244 1040 2291; x_wconf 90' lang='lat' dir='ltr'><strong>et</strong></span> <span class='ocrx_word' id='word_1_300' title='bbox 1063 2234 1256 2291; x_wconf 72' lang='lat' dir='ltr'><strong>ofﬁciis</strong></span> <span class='ocrx_word' id='word_1_301' title='bbox 1274 2234 1613 2306; x_wconf 70' lang='lat' dir='ltr'><strong>copulantur,</strong></span> <span class='ocrx_word' id='word_1_302' title='bbox 1630 2235 1696 2289; x_wconf 86' lang='lat' dir='ltr'><strong>Et</strong></span> <span class='ocrx_word' id='word_1_303' title='bbox 1720 2234 1849 2304; x_wconf 87' lang='lat' dir='ltr'><strong>quid</strong></span> 
     </span>
    </p>
   </div>
   <div class='ocr_carea' id='block_1_40' title="bbox 248 2328 1850 2399">
    <p class='ocr_par' dir='ltr' id='par_1_40' title="bbox 248 2328 1850 2399">
     <span class='ocr_line' id='line_1_40' title="bbox 248 2328 1850 2399; baseline -0.002 -11"><span class='ocrx_word' id='word_1_304' title='bbox 248 2329 396 2389; x_wconf 76' lang='lat' dir='ltr'><strong>aliud</strong></span> <span class='ocrx_word' id='word_1_305' title='bbox 417 2337 529 2383; x_wconf 86' lang='lat' dir='ltr'><strong>tam</strong></span> <span class='ocrx_word' id='word_1_306' title='bbox 549 2329 747 2384; x_wconf 91' lang='lat' dir='ltr'><strong>bonum</strong></span> <span class='ocrx_word' id='word_1_307' title='bbox 775 2329 1005 2385; x_wconf 88' lang='lat' dir='ltr'><strong>habetur</strong></span> <span class='ocrx_word' id='word_1_308' title='bbox 1021 2345 1181 2399; x_wconf 78' lang='lat' dir='ltr'><strong>quam</strong></span> <span class='ocrx_word' id='word_1_309' title='bbox 1207 2329 1384 2384; x_wconf 85' lang='lat' dir='ltr'><strong>Deus?</strong></span> <span class='ocrx_word' id='word_1_310' title='bbox 1412 2328 1528 2384; x_wconf 89' lang='lat' dir='ltr'><strong>lmo</strong></span> <span class='ocrx_word' id='word_1_311' title='bbox 1553 2328 1681 2399; x_wconf 88' lang='lat' dir='ltr'><strong>quid</strong></span> <span class='ocrx_word' id='word_1_312' title='bbox 1703 2329 1850 2384; x_wconf 89' lang='lat' dir='ltr'><strong>aliud</strong></span> 
     </span>
    </p>
   </div>
   <div class='ocr_carea' id='block_1_41' title="bbox 250 2421 1892 2493">
    <p class='ocr_par' dir='ltr' id='par_1_41' title="bbox 250 2421 1892 2493">
     <span class='ocr_line' id='line_1_41' title="bbox 250 2421 1892 2493; baseline -0.002 -14"><span class='ocrx_word' id='word_1_313' title='bbox 250 2421 476 2487; x_wconf 88' lang='lat' dir='ltr'><strong>bonum,</strong></span> <span class='ocrx_word' id='word_1_314' title='bbox 491 2423 600 2478; x_wconf 87' lang='lat' dir='ltr'><strong>nisi</strong></span> <span class='ocrx_word' id='word_1_315' title='bbox 622 2422 767 2478; x_wconf 89' lang='lat' dir='ltr'><strong>solus</strong></span> <span class='ocrx_word' id='word_1_316' title='bbox 783 2424 957 2479; x_wconf 80' lang='lat' dir='ltr'><strong>Deus?</strong></span> <span class='ocrx_word' id='word_1_317' title='bbox 972 2422 1075 2491; x_wconf 90' lang='lat' dir='ltr'><strong>Qui</strong></span> <span class='ocrx_word' id='word_1_318' title='bbox 1095 2423 1295 2479; x_wconf 82' lang='lat' dir='ltr'><strong>decor?</strong></span> <span class='ocrx_word' id='word_1_319' title='bbox 1318 2423 1410 2493; x_wconf 89' lang='lat' dir='ltr'><strong>qui</strong></span> <span class='ocrx_word' id='word_1_320' title='bbox 1428 2422 1715 2493; x_wconf 81' lang='lat' dir='ltr'><strong>splendor?</strong></span> <span class='ocrx_word' id='word_1_321' title='bbox 1729 2437 1850 2491; x_wconf 77' lang='lat' dir='ltr'><strong>qua:</strong></span> <span class='ocrx_word' id='word_1_322' title='bbox 1882 2444 1892 2453; x_wconf 50' lang='grc' dir='ltr'><strong>κ</strong></span> 
     </span>
    </p>
   </div>
   <div class='ocr_carea' id='block_1_42' title="bbox 249 2514 1847 2587">
    <p class='ocr_par' dir='ltr' id='par_1_42' title="bbox 249 2514 1847 2587">
     <span class='ocr_line' id='line_1_42' title="bbox 249 2514 1847 2587; baseline -0.001 -19"><span class='ocrx_word' id='word_1_323' title='bbox 249 2515 620 2587; x_wconf 84' lang='lat' dir='ltr'><strong>pulchritudo,</strong></span> <span class='ocrx_word' id='word_1_324' title='bbox 659 2530 821 2585; x_wconf 91' lang='lat' dir='ltr'><strong>quam</strong></span> <span class='ocrx_word' id='word_1_325' title='bbox 853 2514 1176 2570; x_wconf 87' lang='lat' dir='ltr'><strong>naturaliter</strong></span> <span class='ocrx_word' id='word_1_326' title='bbox 1201 2515 1426 2586; x_wconf 77' lang='lat' dir='ltr'><strong>diligere</strong></span> <span class='ocrx_word' id='word_1_327' title='bbox 1460 2528 1847 2586; x_wconf 86' lang='lat' dir='ltr'><strong>provocamur,</strong></span> 
     </span>
    </p>
   </div>
   <div class='ocr_carea' id='block_1_43' title="bbox 250 2604 1850 2677">
    <p class='ocr_par' dir='ltr' id='par_1_43' title="bbox 250 2604 1850 2677">
     <span class='ocr_line' id='line_1_43' title="bbox 250 2604 1850 2677; baseline 0 -20"><span class='ocrx_word' id='word_1_328' title='bbox 250 2623 480 2677; x_wconf 86' lang='lat' dir='ltr'><strong>nsquam</strong></span> <span class='ocrx_word' id='word_1_329' title='bbox 506 2607 633 2662; x_wconf 89' lang='lat' dir='ltr'><strong>talis</strong></span> <span class='ocrx_word' id='word_1_330' title='bbox 668 2607 844 2677; x_wconf 86' lang='lat' dir='ltr'><strong>qualis</strong></span> <span class='ocrx_word' id='word_1_331' title='bbox 874 2608 926 2661; x_wconf 94' lang='lat' dir='ltr'><strong>in</strong></span> <span class='ocrx_word' id='word_1_332' title='bbox 950 2608 1062 2662; x_wconf 84' lang='lat' dir='ltr'><strong>Deo</strong></span> <span class='ocrx_word' id='word_1_333' title='bbox 1085 2615 1171 2663; x_wconf 92' lang='lat' dir='ltr'><strong>est</strong></span> <span class='ocrx_word' id='word_1_334' title='bbox 1199 2615 1254 2663; x_wconf 90' lang='lat' dir='ltr'><strong>et</strong></span> <span class='ocrx_word' id='word_1_335' title='bbox 1282 2621 1403 2663; x_wconf 86' lang='lat' dir='ltr'><strong>esse</strong></span> <span class='ocrx_word' id='word_1_336' title='bbox 1429 2604 1704 2661; x_wconf 84' lang='lat' dir='ltr'><strong>credenda</strong></span> <span class='ocrx_word' id='word_1_337' title='bbox 1729 2604 1850 2659; x_wconf 82' lang='lat' dir='ltr'><strong>est?</strong></span> 
     </span>
    </p>
   </div>
   <div class='ocr_carea' id='block_1_44' title="bbox 251 2695 1852 2768">
    <p class='ocr_par' dir='ltr' id='par_1_44' title="bbox 251 2695 1852 2768">
     <span class='ocr_line' id='line_1_44' title="bbox 251 2695 1852 2768; baseline -0.001 -18"><span class='ocrx_word' id='word_1_338' title='bbox 251 2697 382 2765; x_wconf 71' lang='lat' dir='ltr'><strong>Qua:</strong></span> <span class='ocrx_word' id='word_1_339' title='bbox 405 2712 641 2768; x_wconf 89' lang='lat' dir='ltr'><strong>usquam</strong></span> <span class='ocrx_word' id='word_1_340' title='bbox 666 2696 788 2752; x_wconf 87' lang='lat' dir='ltr'><strong>talis</strong></span> <span class='ocrx_word' id='word_1_341' title='bbox 803 2697 1009 2768; x_wconf 83' lang='lat' dir='ltr'><strong>gratia?</strong></span> <span class='ocrx_word' id='word_1_342' title='bbox 1030 2712 1151 2766; x_wconf 74' lang='lat' dir='ltr'><strong>qua:</strong></span> <span class='ocrx_word' id='word_1_343' title='bbox 1171 2697 1374 2754; x_wconf 90' lang='lat' dir='ltr'><strong>amoris</strong></span> <span class='ocrx_word' id='word_1_344' title='bbox 1396 2695 1635 2762; x_wconf 83' lang='lat' dir='ltr'><strong>ﬂamma,</strong></span> <span class='ocrx_word' id='word_1_345' title='bbox 1651 2709 1773 2765; x_wconf 72' lang='lat' dir='ltr'><strong>qua:</strong></span> <span class='ocrx_word' id='word_1_346' title='bbox 1794 2702 1852 2749; x_wconf 92' lang='lat' dir='ltr'><strong>et</strong></span> 
     </span>
    </p>
   </div>
   <div class='ocr_carea' id='block_1_45' title="bbox 248 2784 1846 2852">
    <p class='ocr_par' dir='ltr' id='par_1_45' title="bbox 248 2784 1846 2852">
     <span class='ocr_line' id='line_1_45' title="bbox 248 2784 1846 2852; baseline -0.002 -7"><span class='ocrx_word' id='word_1_347' title='bbox 248 2790 448 2847; x_wconf 73' lang='lat' dir='ltr'><strong>anima:</strong></span> <span class='ocrx_word' id='word_1_348' title='bbox 486 2796 702 2844; x_wconf 89' lang='lat' dir='ltr'><strong>secreta</strong></span> <span class='ocrx_word' id='word_1_349' title='bbox 725 2797 778 2843; x_wconf 88' lang='lat' dir='ltr'><strong>et</strong></span> <span class='ocrx_word' id='word_1_350' title='bbox 803 2789 1056 2843; x_wconf 90' lang='lat' dir='ltr'><strong>interiora</strong></span> <span class='ocrx_word' id='word_1_351' title='bbox 1073 2789 1383 2852; x_wconf 81' lang='lat' dir='ltr'><strong>succendat,</strong></span> <span class='ocrx_word' id='word_1_352' title='bbox 1405 2788 1546 2843; x_wconf 88' lang='lat' dir='ltr'><strong>sicut</strong></span> <span class='ocrx_word' id='word_1_353' title='bbox 1565 2802 1721 2843; x_wconf 90' lang='lat' dir='ltr'><strong>amor</strong></span> <span class='ocrx_word' id='word_1_354' title='bbox 1746 2784 1846 2842; x_wconf 84' lang='lat' dir='ltr'><strong>Dei</strong></span> 
     </span>
    </p>
   </div>
   <div class='ocr_carea' id='block_1_46' title="bbox 250 2878 1847 2950">
    <p class='ocr_par' dir='ltr' id='par_1_46' title="bbox 250 2878 1847 2950">
     <span class='ocr_line' id='line_1_46' title="bbox 250 2878 1847 2950; baseline 0 -13"><span class='ocrx_word' id='word_1_355' title='bbox 250 2878 602 2938; x_wconf 83' lang='lat' dir='ltr'><strong>inﬂammare</strong></span> <span class='ocrx_word' id='word_1_356' title='bbox 640 2880 800 2935; x_wconf 85' lang='lat' dir='ltr'><strong>debet</strong></span> <span class='ocrx_word' id='word_1_357' title='bbox 826 2880 1026 2935; x_wconf 91' lang='lat' dir='ltr'><strong>mentis</strong></span> <span class='ocrx_word' id='word_1_358' title='bbox 1058 2880 1294 2935; x_wconf 84' lang='lat' dir='ltr'><strong>arcana?</strong></span> <span class='ocrx_word' id='word_1_359' title='bbox 1324 2880 1591 2950; x_wconf 65' lang='lat' dir='ltr'><strong>praecipue</strong></span> <span class='ocrx_word' id='word_1_360' title='bbox 1611 2880 1657 2935; x_wconf 90' lang='lat' dir='ltr'><strong>si</strong></span> <span class='ocrx_word' id='word_1_361' title='bbox 1682 2881 1753 2935; x_wconf 88' lang='lat' dir='ltr'><strong>sit</strong></span> <span class='ocrx_word' id='word_1_362' title='bbox 1777 2879 1847 2937; x_wconf 83' lang='lat' dir='ltr'><strong>ab</strong></span> 
     </span>
    </p>
   </div>
   <div class='ocr_carea' id='block_1_47' title="bbox 252 2969 1845 3041">
    <p class='ocr_par' dir='ltr' id='par_1_47' title="bbox 252 2969 1845 3041">
     <span class='ocr_line' id='line_1_47' title="bbox 252 2969 1845 3041; baseline -0.001 -15"><span class='ocrx_word' id='word_1_363' title='bbox 252 2971 398 3026; x_wconf 83' lang='lat' dir='ltr'><strong>omni</strong></span> <span class='ocrx_word' id='word_1_364' title='bbox 427 2969 732 3039; x_wconf 86' lang='lat' dir='ltr'><strong>pollutione</strong></span> <span class='ocrx_word' id='word_1_365' title='bbox 764 2979 1032 3041; x_wconf 82' lang='lat' dir='ltr'><strong>purgata;</strong></span> <span class='ocrx_word' id='word_1_366' title='bbox 1082 2970 1127 3025; x_wconf 94' lang='lat' dir='ltr'><strong>si</strong></span> <span class='ocrx_word' id='word_1_367' title='bbox 1178 2970 1248 3025; x_wconf 90' lang='lat' dir='ltr'><strong>sit</strong></span> <span class='ocrx_word' id='word_1_368' title='bbox 1293 2970 1492 3024; x_wconf 89' lang='lat' dir='ltr'><strong>munda</strong></span> <span class='ocrx_word' id='word_1_369' title='bbox 1528 2971 1742 3032; x_wconf 85' lang='lat' dir='ltr'><strong>anima,</strong></span> <span class='ocrx_word' id='word_1_370' title='bbox 1788 2979 1845 3025; x_wconf 91' lang='lat' dir='ltr'><strong>ct</strong></span> 
     </span>
    </p>
   </div>
   <div class='ocr_carea' id='block_1_48' title="bbox 254 3058 1849 3128">
    <p class='ocr_par' dir='ltr' id='par_1_48' title="bbox 254 3058 1849 3128">
     <span class='ocr_line' id='line_1_48' title="bbox 254 3058 1849 3128; baseline -0.001 -13"><span class='ocrx_word' id='word_1_371' title='bbox 254 3075 377 3128; x_wconf 69' lang='lat' dir='ltr'><strong>qua:</strong></span> <span class='ocrx_word' id='word_1_372' title='bbox 405 3074 540 3114; x_wconf 91' lang='lat' dir='ltr'><strong>vero</strong></span> <span class='ocrx_word' id='word_1_373' title='bbox 568 3058 763 3115; x_wconf 80' lang='lat' dir='ltr'><strong>aﬂ&#39;ectu</strong></span> <span class='ocrx_word' id='word_1_374' title='bbox 789 3059 966 3115; x_wconf 86' lang='lat' dir='ltr'><strong>dicat:</strong></span> <span class='ocrx_word' id='word_1_375' title='bbox 1001 3058 1265 3124; x_wconf 76' lang='lat' dir='ltr'><strong>Quoniam</strong></span> <span class='ocrx_word' id='word_1_376' title='bbox 1290 3058 1563 3113; x_wconf 76' lang='lat' dir='ltr'><strong>vulnerata</strong></span> <span class='ocrx_word' id='word_1_377' title='bbox 1592 3060 1849 3113; x_wconf 81' lang='lat' dir='ltr'><strong>clmritale</strong></span> 
     </span>
    </p>
   </div>
   <div class='ocr_carea' id='block_1_49' title="bbox 250 3145 1850 3220">
    <p class='ocr_par' dir='ltr' id='par_1_49' title="bbox 250 3145 1850 3220">
     <span class='ocr_line' id='line_1_49' title="bbox 250 3145 1850 3220; baseline 0.003 -18"><span class='ocrx_word' id='word_1_378' title='bbox 250 3165 345 3217; x_wconf 77' lang='lat' dir='ltr'><strong>ego</strong></span> <span class='ocrx_word' id='word_1_379' title='bbox 372 3164 491 3203; x_wconf 80' lang='lat' dir='ltr'><strong>sum</strong></span> <span class='ocrx_word' id='word_1_380' title='bbox 543 3145 723 3219; x_wconf 88' lang='lat' dir='ltr'><strong>(Cant.</strong></span> <span class='ocrx_word' id='word_1_381' title='bbox 771 3147 878 3219; x_wconf 82' lang='lat' dir='ltr'><strong>in).</strong></span> <span class='ocrx_word' id='word_1_382' title='bbox 924 3147 1255 3203; x_wconf 80' lang='lat' dir='ltr'><strong>lneﬂ&#39;abilem</strong></span> <span class='ocrx_word' id='word_1_383' title='bbox 1285 3162 1509 3217; x_wconf 85' lang='lat' dir='ltr'><strong>prorsus</strong></span> <span class='ocrx_word' id='word_1_384' title='bbox 1546 3163 1646 3220; x_wconf 92' lang='lat' dir='ltr'><strong>ego</strong></span> <span class='ocrx_word' id='word_1_385' title='bbox 1674 3151 1850 3207; x_wconf 88' lang='lat' dir='ltr'><strong>sentio</strong></span> 
     </span>
    </p>
   </div>
   <div class='ocr_carea' id='block_1_50' title="bbox 252 3238 1847 3310">
    <p class='ocr_par' dir='ltr' id='par_1_50' title="bbox 252 3238 1847 3310">
     <span class='ocr_line' id='line_1_50' title="bbox 252 3238 1847 3310; baseline -0.001 -18"><span class='ocrx_word' id='word_1_386' title='bbox 252 3253 498 3292; x_wconf 86' lang='lat' dir='ltr'><strong>amorem</strong></span> <span class='ocrx_word' id='word_1_387' title='bbox 544 3238 664 3303; x_wconf 88' lang='lat' dir='ltr'><strong>Dei,</strong></span> <span class='ocrx_word' id='word_1_388' title='bbox 689 3246 744 3293; x_wconf 90' lang='lat' dir='ltr'><strong>et</strong></span> <span class='ocrx_word' id='word_1_389' title='bbox 770 3239 862 3308; x_wconf 86' lang='lat' dir='ltr'><strong>qui</strong></span> <span class='ocrx_word' id='word_1_390' title='bbox 907 3238 1098 3294; x_wconf 90' lang='lat' dir='ltr'><strong>sentiri</strong></span> <span class='ocrx_word' id='word_1_391' title='bbox 1122 3239 1296 3309; x_wconf 86' lang='lat' dir='ltr'><strong>magis</strong></span> <span class='ocrx_word' id='word_1_392' title='bbox 1324 3254 1488 3308; x_wconf 91' lang='lat' dir='ltr'><strong>quam</strong></span> <span class='ocrx_word' id='word_1_393' title='bbox 1520 3239 1627 3294; x_wconf 90' lang='lat' dir='ltr'><strong>dici</strong></span> <span class='ocrx_word' id='word_1_394' title='bbox 1655 3242 1847 3310; x_wconf 82' lang='lat' dir='ltr'><strong>possit.</strong></span> 
     </span>
    </p>
   </div>
   <div class='ocr_carea' id='block_1_51' title="bbox 250 3327 1850 3403">
    <p class='ocr_par' dir='ltr' id='par_1_51' title="bbox 250 3327 1850 3403">
     <span class='ocr_line' id='line_1_51' title="bbox 250 3327 1850 3403; baseline 0.003 -21"><span class='ocrx_word' id='word_1_395' title='bbox 250 3327 648 3389; x_wconf 84' lang='lat' dir='ltr'><strong>lnenarrabilis</strong></span> <span class='ocrx_word' id='word_1_396' title='bbox 677 3330 923 3399; x_wconf 65' lang='lat' dir='ltr'><strong>quaedam</strong></span> <span class='ocrx_word' id='word_1_397' title='bbox 949 3330 1040 3384; x_wconf 77' lang='lat' dir='ltr'><strong>lux</strong></span> <span class='ocrx_word' id='word_1_398' title='bbox 1065 3339 1187 3385; x_wconf 90' lang='lat' dir='ltr'><strong>est:</strong></span> <span class='ocrx_word' id='word_1_399' title='bbox 1231 3331 1398 3387; x_wconf 89' lang='lat' dir='ltr'><strong>etiam</strong></span> <span class='ocrx_word' id='word_1_400' title='bbox 1441 3331 1487 3386; x_wconf 90' lang='lat' dir='ltr'><strong>si</strong></span> <span class='ocrx_word' id='word_1_401' title='bbox 1532 3331 1774 3403; x_wconf 79' lang='lat' dir='ltr'><strong>fulgura,</strong></span> <span class='ocrx_word' id='word_1_402' title='bbox 1805 3335 1850 3393; x_wconf 85' lang='lat' dir='ltr'><strong>si</strong></span> 
     </span>
    </p>
   </div>
   <div class='ocr_carea' id='block_1_52' title="bbox 251 3420 1852 3494">
    <p class='ocr_par' dir='ltr' id='par_1_52' title="bbox 251 3420 1852 3494">
     <span class='ocr_line' id='line_1_52' title="bbox 251 3420 1852 3494; baseline 0.002 -19"><span class='ocrx_word' id='word_1_403' title='bbox 251 3429 543 3475; x_wconf 80' lang='lat' dir='ltr'><strong>coruscum</strong></span> <span class='ocrx_word' id='word_1_404' title='bbox 572 3420 845 3483; x_wconf 75' lang='lat' dir='ltr'><strong>adhibeat,</strong></span> <span class='ocrx_word' id='word_1_405' title='bbox 880 3421 966 3475; x_wconf 91' lang='lat' dir='ltr'><strong>vel</strong></span> <span class='ocrx_word' id='word_1_406' title='bbox 997 3430 1276 3491; x_wconf 90' lang='lat' dir='ltr'><strong>comparet</strong></span> <span class='ocrx_word' id='word_1_407' title='bbox 1301 3437 1515 3489; x_wconf 87' lang='lat' dir='ltr'><strong>sermo,</strong></span> <span class='ocrx_word' id='word_1_408' title='bbox 1543 3439 1651 3478; x_wconf 92' lang='lat' dir='ltr'><strong>non</strong></span> <span class='ocrx_word' id='word_1_409' title='bbox 1681 3426 1852 3494; x_wconf 75' lang='lat' dir='ltr'><strong>patie—</strong></span> 
     </span>
    </p>
   </div>
   <div class='ocr_carea' id='block_1_53' title="bbox 251 3513 1851 3587">
    <p class='ocr_par' dir='ltr' id='par_1_53' title="bbox 251 3513 1851 3587">
     <span class='ocr_line' id='line_1_53' title="bbox 251 3513 1851 3587; baseline 0.005 -22"><span class='ocrx_word' id='word_1_410' title='bbox 251 3519 480 3577; x_wconf 86' lang='lat' dir='ltr'><strong>tur,non</strong></span> <span class='ocrx_word' id='word_1_411' title='bbox 507 3513 733 3583; x_wconf 87' lang='lat' dir='ltr'><strong>recipiet</strong></span> <span class='ocrx_word' id='word_1_412' title='bbox 755 3515 989 3570; x_wconf 90' lang='lat' dir='ltr'><strong>auditus.</strong></span> <span class='ocrx_word' id='word_1_413' title='bbox 1015 3513 1072 3569; x_wconf 92' lang='lat' dir='ltr'><strong>Si</strong></span> <span class='ocrx_word' id='word_1_414' title='bbox 1097 3514 1309 3571; x_wconf 85' lang='lat' dir='ltr'><strong>luciferi</strong></span> <span class='ocrx_word' id='word_1_415' title='bbox 1338 3516 1596 3587; x_wconf 81' lang='lat' dir='ltr'><strong>fulgores,</strong></span> <span class='ocrx_word' id='word_1_416' title='bbox 1621 3519 1666 3573; x_wconf 91' lang='lat' dir='ltr'><strong>si</strong></span> <span class='ocrx_word' id='word_1_417' title='bbox 1687 3519 1851 3573; x_wconf 83' lang='lat' dir='ltr'><strong>Lume</strong></span> 
     </span>
    </p>
   </div>
   <div class='ocr_carea' id='block_1_54' title="bbox 252 3601 1851 3673">
    <p class='ocr_par' dir='ltr' id='par_1_54' title="bbox 252 3601 1851 3673">
     <span class='ocr_line' id='line_1_54' title="bbox 252 3601 1851 3673; baseline 0.006 -20"><span class='ocrx_word' id='word_1_418' title='bbox 252 3601 594 3671; x_wconf 82' lang='lat' dir='ltr'><strong>splendores,</strong></span> <span class='ocrx_word' id='word_1_419' title='bbox 627 3602 671 3656; x_wconf 90' lang='lat' dir='ltr'><strong>si</strong></span> <span class='ocrx_word' id='word_1_420' title='bbox 705 3602 880 3673; x_wconf 88' lang='lat' dir='ltr'><strong>ipsum</strong></span> <span class='ocrx_word' id='word_1_421' title='bbox 910 3603 1039 3659; x_wconf 91' lang='lat' dir='ltr'><strong>solis</strong></span> <span class='ocrx_word' id='word_1_422' title='bbox 1077 3604 1258 3660; x_wconf 89' lang='lat' dir='ltr'><strong>lumen</strong></span> <span class='ocrx_word' id='word_1_423' title='bbox 1288 3620 1566 3672; x_wconf 87' lang='lat' dir='ltr'><strong>assumas,</strong></span> <span class='ocrx_word' id='word_1_424' title='bbox 1609 3609 1677 3662; x_wconf 89' lang='lat' dir='ltr'><strong>ad</strong></span> <span class='ocrx_word' id='word_1_425' title='bbox 1705 3624 1851 3663; x_wconf 85' lang='lat' dir='ltr'><strong>com-</strong></span> 
     </span>
    </p>
   </div>
   <div class='ocr_carea' id='block_1_55' title="bbox 252 3693 1850 3764">
    <p class='ocr_par' dir='ltr' id='par_1_55' title="bbox 252 3693 1850 3764">
     <span class='ocr_line' id='line_1_55' title="bbox 252 3693 1850 3764; baseline 0.005 -17"><span class='ocrx_word' id='word_1_426' title='bbox 252 3693 595 3761; x_wconf 83' lang='lat' dir='ltr'><strong>parationem</strong></span> <span class='ocrx_word' id='word_1_427' title='bbox 618 3693 803 3764; x_wconf 74' lang='lat' dir='ltr'><strong>gloria:</strong></span> <span class='ocrx_word' id='word_1_428' title='bbox 826 3694 971 3750; x_wconf 90' lang='lat' dir='ltr'><strong>illius</strong></span> <span class='ocrx_word' id='word_1_429' title='bbox 992 3697 1224 3752; x_wconf 88' lang='lat' dir='ltr'><strong>obscura</strong></span> <span class='ocrx_word' id='word_1_430' title='bbox 1247 3706 1375 3757; x_wconf 74' lang='lat' dir='ltr'><strong>sunt</strong></span> <span class='ocrx_word' id='word_1_431' title='bbox 1389 3700 1660 3764; x_wconf 90' lang='lat' dir='ltr'><strong>omnia,ct</strong></span> <span class='ocrx_word' id='word_1_432' title='bbox 1682 3703 1850 3756; x_wconf 87' lang='lat' dir='ltr'><strong>multo</strong></span> 
     </span>
    </p>
   </div>
   <div class='ocr_carea' id='block_1_56' title="bbox 253 3786 1849 3860">
    <p class='ocr_par' dir='ltr' id='par_1_56' title="bbox 253 3786 1849 3860">
     <span class='ocr_line' id='line_1_56' title="bbox 253 3786 1849 3860; baseline 0.005 -22"><span class='ocrx_word' id='word_1_433' title='bbox 253 3786 500 3848; x_wconf 77' lang='lat' dir='ltr'><strong>ietriora,</strong></span> <span class='ocrx_word' id='word_1_434' title='bbox 530 3800 696 3854; x_wconf 89' lang='lat' dir='ltr'><strong>quam</strong></span> <span class='ocrx_word' id='word_1_435' title='bbox 724 3786 770 3840; x_wconf 91' lang='lat' dir='ltr'><strong>si</strong></span> <span class='ocrx_word' id='word_1_436' title='bbox 799 3802 941 3843; x_wconf 69' lang='lat' dir='ltr'><strong>caeca</strong></span> <span class='ocrx_word' id='word_1_437' title='bbox 980 3803 1088 3843; x_wconf 78' lang='lat' dir='ltr'><strong>nox</strong></span> <span class='ocrx_word' id='word_1_438' title='bbox 1117 3797 1174 3843; x_wconf 91' lang='lat' dir='ltr'><strong>et</strong></span> <span class='ocrx_word' id='word_1_439' title='bbox 1202 3790 1539 3850; x_wconf 87' lang='lat' dir='ltr'><strong>obscuritate</strong></span> <span class='ocrx_word' id='word_1_440' title='bbox 1569 3791 1849 3860; x_wconf 74' lang='lat' dir='ltr'><strong>profunrim</strong></span> 
     </span>
    </p>
   </div>
   <div class='ocr_carea' id='block_1_57' title="bbox 253 3874 1847 3947">
    <p class='ocr_par' dir='ltr' id='par_1_57' title="bbox 253 3874 1847 3947">
     <span class='ocr_line' id='line_1_57' title="bbox 253 3874 1847 3947; baseline 0.004 -19"><span class='ocrx_word' id='word_1_441' title='bbox 253 3874 499 3945; x_wconf 77' lang='lat' dir='ltr'><strong>caliginis</strong></span> <span class='ocrx_word' id='word_1_442' title='bbox 531 3891 710 3929; x_wconf 88' lang='lat' dir='ltr'><strong>mersa</strong></span> <span class='ocrx_word' id='word_1_443' title='bbox 758 3877 1135 3947; x_wconf 90' lang='lat' dir='ltr'><strong>limpidissimo</strong></span> <span class='ocrx_word' id='word_1_444' title='bbox 1182 3880 1469 3937; x_wconf 86' lang='lat' dir='ltr'><strong>meridiani</strong></span> <span class='ocrx_word' id='word_1_445' title='bbox 1499 3880 1630 3935; x_wconf 87' lang='lat' dir='ltr'><strong>solis</strong></span> <span class='ocrx_word' id='word_1_446' title='bbox 1659 3880 1847 3935; x_wconf 86' lang='lat' dir='ltr'><strong>lumini</strong></span> 
     </span>
    </p>
   </div>
   <div class='ocr_carea' id='block_1_58' title="bbox 252 3968 1844 4041">
    <p class='ocr_par' dir='ltr' id='par_1_58' title="bbox 252 3968 1844 4041">
     <span class='ocr_line' id='line_1_58' title="bbox 252 3968 1844 4041; baseline 0.005 -22"><span class='ocrx_word' id='word_1_447' title='bbox 252 3974 624 4036; x_wconf 87' lang='lat' dir='ltr'><strong>comparetur.</strong></span> <span class='ocrx_word' id='word_1_448' title='bbox 658 3968 830 4023; x_wconf 87' lang='lat' dir='ltr'><strong>Decor</strong></span> <span class='ocrx_word' id='word_1_449' title='bbox 856 3970 959 4029; x_wconf 89' lang='lat' dir='ltr'><strong>iste</strong></span> <span class='ocrx_word' id='word_1_450' title='bbox 984 3971 1273 4041; x_wconf 28' lang='lat' dir='ltr'><strong>corporeis.</strong></span> <span class='ocrx_word' id='word_1_451' title='bbox 1289 3971 1461 4026; x_wconf 88' lang='lat' dir='ltr'><strong>oculis</strong></span> <span class='ocrx_word' id='word_1_452' title='bbox 1483 3987 1590 4027; x_wconf 92' lang='lat' dir='ltr'><strong>non</strong></span> <span class='ocrx_word' id='word_1_453' title='bbox 1614 3972 1844 4036; x_wconf 80' lang='lat' dir='ltr'><strong>videtur,</strong></span> 
     </span>
    </p>
   </div>
   <div class='ocr_carea' id='block_1_59' title="bbox 253 4058 1848 4133">
    <p class='ocr_par' dir='ltr' id='par_1_59' title="bbox 253 4058 1848 4133">
     <span class='ocr_line' id='line_1_59' title="bbox 253 4058 1848 4133; baseline 0.008 -24"><span class='ocrx_word' id='word_1_454' title='bbox 253 4059 429 4112; x_wconf 86' lang='lat' dir='ltr'><strong>anima</strong></span> <span class='ocrx_word' id='word_1_455' title='bbox 462 4058 582 4114; x_wconf 89' lang='lat' dir='ltr'><strong>sola</strong></span> <span class='ocrx_word' id='word_1_456' title='bbox 616 4067 672 4114; x_wconf 89' lang='lat' dir='ltr'><strong>et</strong></span> <span class='ocrx_word' id='word_1_457' title='bbox 702 4069 884 4121; x_wconf 85' lang='lat' dir='ltr'><strong>mente.</strong></span> <span class='ocrx_word' id='word_1_458' title='bbox 913 4064 1262 4132; x_wconf 89' lang='lat' dir='ltr'><strong>conspicitur.</strong></span> <span class='ocrx_word' id='word_1_459' title='bbox 1292 4062 1394 4130; x_wconf 92' lang='lat' dir='ltr'><strong>Qui</strong></span> <span class='ocrx_word' id='word_1_460' title='bbox 1422 4065 1588 4120; x_wconf 89' lang='lat' dir='ltr'><strong>decor</strong></span> <span class='ocrx_word' id='word_1_461' title='bbox 1621 4066 1665 4120; x_wconf 95' lang='lat' dir='ltr'><strong>si</strong></span> <span class='ocrx_word' id='word_1_462' title='bbox 1696 4065 1848 4133; x_wconf 82' lang='lat' dir='ltr'><strong>cujus</strong></span> 
     </span>
    </p>
   </div>
   <div class='ocr_carea' id='block_1_60' title="bbox 253 4144 1843 4226">
    <p class='ocr_par' dir='ltr' id='par_1_60' title="bbox 253 4144 1843 4226">
     <span class='ocr_line' id='line_1_60' title="bbox 253 4144 1843 4226; baseline 0.009 -27"><span class='ocrx_word' id='word_1_463' title='bbox 253 4144 389 4203; x_wconf 83' lang='lat' dir='ltr'><strong>forte</strong></span> <span class='ocrx_word' id='word_1_464' title='bbox 412 4157 734 4207; x_wconf 81' lang='lat' dir='ltr'><strong>sanctorum</strong></span> <span class='ocrx_word' id='word_1_465' title='bbox 765 4159 1000 4205; x_wconf 89' lang='lat' dir='ltr'><strong>mentem</strong></span> <span class='ocrx_word' id='word_1_466' title='bbox 1042 4154 1390 4224; x_wconf 87' lang='lat' dir='ltr'><strong>animamque</strong></span> <span class='ocrx_word' id='word_1_467' title='bbox 1428 4157 1843 4226; x_wconf 75' lang='lat' dir='ltr'><strong>perstrinxerit,</strong></span> 
     </span>
    </p>
   </div>
   <div class='ocr_carea' id='block_1_61' title="bbox 254 4238 1841 4321">
    <p class='ocr_par' dir='ltr' id='par_1_61' title="bbox 254 4238 1841 4321">
     <span class='ocr_line' id='line_1_61' title="bbox 254 4238 1841 4321; baseline 0.007 -29"><span class='ocrx_word' id='word_1_468' title='bbox 254 4238 738 4309; x_wconf 79' lang='lat' dir='ltr'><strong>ﬂagrantissimum</strong></span> <span class='ocrx_word' id='word_1_469' title='bbox 768 4241 822 4298; x_wconf 90' lang='lat' dir='ltr'><strong>in</strong></span> <span class='ocrx_word' id='word_1_470' title='bbox 858 4243 938 4297; x_wconf 90' lang='lat' dir='ltr'><strong>eis</strong></span> <span class='ocrx_word' id='word_1_471' title='bbox 967 4245 1169 4300; x_wconf 89' lang='lat' dir='ltr'><strong>amoris</strong></span> <span class='ocrx_word' id='word_1_472' title='bbox 1209 4247 1291 4302; x_wconf 90' lang='lat' dir='ltr'><strong>sui</strong></span> <span class='ocrx_word' id='word_1_473' title='bbox 1330 4248 1606 4306; x_wconf 85' lang='lat' dir='ltr'><strong>stimulum</strong></span> <span class='ocrx_word' id='word_1_474' title='bbox 1637 4249 1841 4321; x_wconf 85' lang='lat' dir='ltr'><strong>deﬁgit.</strong></span> 
     </span>
    </p>
   </div>
   <div class='ocr_carea' id='block_1_62' title="bbox 252 4328 1842 4411">
    <p class='ocr_par' dir='ltr' id='par_1_62' title="bbox 252 4328 1842 4411">
     <span class='ocr_line' id='line_1_62' title="bbox 252 4328 1842 4411; baseline 0.009 -29"><span class='ocrx_word' id='word_1_475' title='bbox 252 4328 550 4401; x_wconf 84' lang='lat' dir='ltr'><strong>Propterea</strong></span> <span class='ocrx_word' id='word_1_476' title='bbox 601 4330 835 4401; x_wconf 89' lang='lat' dir='ltr'><strong>denique</strong></span> <span class='ocrx_word' id='word_1_477' title='bbox 878 4332 1029 4388; x_wconf 86' lang='lat' dir='ltr'><strong>velut</strong></span> <span class='ocrx_word' id='word_1_478' title='bbox 1076 4336 1277 4395; x_wconf 90' lang='lat' dir='ltr'><strong>amoris</strong></span> <span class='ocrx_word' id='word_1_479' title='bbox 1319 4337 1599 4407; x_wconf 87' lang='lat' dir='ltr'><strong>cujusdam</strong></span> <span class='ocrx_word' id='word_1_480' title='bbox 1631 4340 1842 4411; x_wconf 85' lang='lat' dir='ltr'><strong>ignibus</strong></span> 
     </span>
    </p>
   </div>
   <div class='ocr_carea' id='block_1_63' title="bbox 250 4419 1843 4496">
    <p class='ocr_par' dir='ltr' id='par_1_63' title="bbox 250 4419 1843 4496">
     <span class='ocr_line' id='line_1_63' title="bbox 250 4419 1843 4496; baseline 0.011 -27"><span class='ocrx_word' id='word_1_481' title='bbox 250 4419 559 4483; x_wconf 84' lang='lat' dir='ltr'><strong>tabescens,</strong></span> <span class='ocrx_word' id='word_1_482' title='bbox 589 4427 646 4475; x_wconf 91' lang='lat' dir='ltr'><strong>et</strong></span> <span class='ocrx_word' id='word_1_483' title='bbox 670 4430 993 4489; x_wconf 64' lang='lat' dir='ltr'><strong>praesentem</strong></span> <span class='ocrx_word' id='word_1_484' title='bbox 1023 4424 1189 4480; x_wconf 90' lang='lat' dir='ltr'><strong>vitam</strong></span> <span class='ocrx_word' id='word_1_485' title='bbox 1227 4429 1673 4496; x_wconf 87' lang='lat' dir='ltr'><strong>perhorrescens,</strong></span> <span class='ocrx_word' id='word_1_486' title='bbox 1699 4432 1843 4489; x_wconf 87' lang='lat' dir='ltr'><strong>dice-</strong></span> 
     </span>
    </p>
   </div>
   <div class='ocr_carea' id='block_1_64' title="bbox 252 4507 1844 4590">
    <p class='ocr_par' dir='ltr' id='par_1_64' title="bbox 252 4507 1844 4590">
     <span class='ocr_line' id='line_1_64' title="bbox 252 4507 1844 4590; baseline 0.009 -29"><span class='ocrx_word' id='word_1_487' title='bbox 252 4507 343 4562; x_wconf 87' lang='lat' dir='ltr'><strong>bat</strong></span> <span class='ocrx_word' id='word_1_488' title='bbox 374 4510 577 4580; x_wconf 86' lang='lat' dir='ltr'><strong>aliquis</strong></span> <span class='ocrx_word' id='word_1_489' title='bbox 604 4524 669 4563; x_wconf 77' lang='lat' dir='ltr'><strong>ex</strong></span> <span class='ocrx_word' id='word_1_490' title='bbox 701 4510 819 4567; x_wconf 85' lang='lat' dir='ltr'><strong>eis:</strong></span> <span class='ocrx_word' id='word_1_491' title='bbox 862 4509 1087 4575; x_wconf 83' lang='lat' dir='ltr'><strong>Quando</strong></span> <span class='ocrx_word' id='word_1_492' title='bbox 1116 4516 1339 4582; x_wconf 84' lang='lat' dir='ltr'><strong>veniam,</strong></span> <span class='ocrx_word' id='word_1_493' title='bbox 1363 4527 1411 4571; x_wconf 85' lang='lat' dir='ltr'><strong>et</strong></span> <span class='ocrx_word' id='word_1_494' title='bbox 1436 4520 1696 4590; x_wconf 83' lang='lat' dir='ltr'><strong>apparebo</strong></span> <span class='ocrx_word' id='word_1_495' title='bbox 1722 4531 1844 4576; x_wconf 77' lang='lat' dir='ltr'><strong>ante</strong></span> 
     </span>
    </p>
   </div>
   <div class='ocr_carea' id='block_1_65' title="bbox 254 4597 1841 4672">
    <p class='ocr_par' dir='ltr' id='par_1_65' title="bbox 254 4597 1841 4672">
     <span class='ocr_line' id='line_1_65' title="bbox 254 4597 1841 4672; baseline 0.009 -21"><span class='ocrx_word' id='word_1_496' title='bbox 254 4597 438 4669; x_wconf 80' lang='lat' dir='ltr'><strong>faciem</strong></span> <span class='ocrx_word' id='word_1_497' title='bbox 473 4598 572 4653; x_wconf 87' lang='lat' dir='ltr'><strong>Dei</strong></span> <span class='ocrx_word' id='word_1_498' title='bbox 609 4599 782 4671; x_wconf 83' lang='lat' dir='ltr'><strong>(Psal.</strong></span> <span class='ocrx_word' id='word_1_499' title='bbox 814 4601 959 4672; x_wconf 78' lang='lat' dir='ltr'><strong>xu)?</strong></span> <span class='ocrx_word' id='word_1_500' title='bbox 988 4603 1056 4657; x_wconf 88' lang='lat' dir='ltr'><strong>Et</strong></span> <span class='ocrx_word' id='word_1_501' title='bbox 1095 4605 1288 4660; x_wconf 85' lang='lat' dir='ltr'><strong>iterum</strong></span> <span class='ocrx_word' id='word_1_502' title='bbox 1318 4607 1535 4663; x_wconf 85' lang='lat' dir='ltr'><strong>dicebat</strong></span> <span class='ocrx_word' id='word_1_503' title='bbox 1565 4609 1727 4669; x_wconf 86' lang='lat' dir='ltr'><strong>istius</strong></span> <span class='ocrx_word' id='word_1_504' title='bbox 1750 4627 1841 4665; x_wconf 89' lang='lat' dir='ltr'><strong>ar-</strong></span> 
     </span>
    </p>
   </div>
   <div class='ocr_carea' id='block_1_66' title="bbox 254 4688 1839 4762">
    <p class='ocr_par' dir='ltr' id='par_1_66' title="bbox 254 4688 1839 4762">
     <span class='ocr_line' id='line_1_66' title="bbox 254 4688 1839 4762; baseline 0.008 -20"><span class='ocrx_word' id='word_1_505' title='bbox 254 4688 395 4744; x_wconf 78' lang='lat' dir='ltr'><strong>doris</strong></span> <span class='ocrx_word' id='word_1_506' title='bbox 434 4691 657 4762; x_wconf 84' lang='lat' dir='ltr'><strong>ignibus</strong></span> <span class='ocrx_word' id='word_1_507' title='bbox 686 4690 956 4762; x_wconf 77' lang='lat' dir='ltr'><strong>ﬂagrans:</strong></span> <span class='ocrx_word' id='word_1_508' title='bbox 998 4694 1170 4757; x_wconf 78' lang='lat' dir='ltr'><strong>Sitirit</strong></span> <span class='ocrx_word' id='word_1_509' title='bbox 1208 4699 1387 4753; x_wconf 88' lang='lat' dir='ltr'><strong>anima</strong></span> <span class='ocrx_word' id='word_1_510' title='bbox 1417 4716 1534 4754; x_wconf 86' lang='lat' dir='ltr'><strong>mea</strong></span> <span class='ocrx_word' id='word_1_511' title='bbox 1570 4710 1639 4755; x_wconf 89' lang='lat' dir='ltr'><strong>ad</strong></span> <span class='ocrx_word' id='word_1_512' title='bbox 1670 4701 1839 4759; x_wconf 86' lang='lat' dir='ltr'><strong>Deum</strong></span> 
     </span>
    </p>
   </div>
   <div class='ocr_carea' id='block_1_67' title="bbox 254 4782 1842 4865">
    <p class='ocr_par' dir='ltr' id='par_1_67' title="bbox 254 4782 1842 4865">
     <span class='ocr_line' id='line_1_67' title="bbox 254 4782 1842 4865; baseline 0.009 -32"><span class='ocrx_word' id='word_1_513' title='bbox 254 4782 417 4835; x_wconf 75' lang='lat' dir='ltr'><strong>rivum</strong></span> <span class='ocrx_word' id='word_1_514' title='bbox 448 4782 627 4855; x_wconf 84' lang='lat' dir='ltr'><strong>(Psal.</strong></span> <span class='ocrx_word' id='word_1_515' title='bbox 660 4786 831 4857; x_wconf 80' lang='lat' dir='ltr'><strong>xxvi).</strong></span> <span class='ocrx_word' id='word_1_516' title='bbox 864 4787 930 4841; x_wconf 86' lang='lat' dir='ltr'><strong>Et</strong></span> <span class='ocrx_word' id='word_1_517' title='bbox 960 4788 1345 4845; x_wconf 83' lang='lat' dir='ltr'><strong>insatiabiliter</strong></span> <span class='ocrx_word' id='word_1_518' title='bbox 1379 4793 1578 4847; x_wconf 88' lang='lat' dir='ltr'><strong>ardens</strong></span> <span class='ocrx_word' id='word_1_519' title='bbox 1604 4793 1722 4865; x_wconf 84' lang='lat' dir='ltr'><strong>ejus</strong></span> <span class='ocrx_word' id='word_1_520' title='bbox 1750 4795 1842 4849; x_wconf 86' lang='lat' dir='ltr'><strong>de—</strong></span> 
     </span>
    </p>
   </div>
   <div class='ocr_carea' id='block_1_68' title="bbox 251 4870 1838 4949">
    <p class='ocr_par' dir='ltr' id='par_1_68' title="bbox 251 4870 1838 4949">
     <span class='ocr_line' id='line_1_68' title="bbox 251 4870 1838 4949; baseline 0.009 -26"><span class='ocrx_word' id='word_1_521' title='bbox 251 4870 455 4927; x_wconf 77' lang='lat' dir='ltr'><strong>siderio</strong></span> <span class='ocrx_word' id='word_1_522' title='bbox 479 4875 695 4938; x_wconf 87' lang='lat' dir='ltr'><strong>orabat,</strong></span> <span class='ocrx_word' id='word_1_523' title='bbox 725 4884 788 4930; x_wconf 86' lang='lat' dir='ltr'><strong>ut</strong></span> <span class='ocrx_word' id='word_1_524' title='bbox 814 4877 1007 4935; x_wconf 79' lang='lat' dir='ltr'><strong>videret</strong></span> <span class='ocrx_word' id='word_1_525' title='bbox 1029 4878 1345 4934; x_wconf 81' lang='lat' dir='ltr'><strong>voluntatem</strong></span> <span class='ocrx_word' id='word_1_526' title='bbox 1380 4881 1616 4947; x_wconf 85' lang='lat' dir='ltr'><strong>Domini,</strong></span> <span class='ocrx_word' id='word_1_527' title='bbox 1643 4894 1690 4937; x_wconf 87' lang='lat' dir='ltr'><strong>et</strong></span> <span class='ocrx_word' id='word_1_528' title='bbox 1720 4902 1838 4949; x_wconf 82' lang='lat' dir='ltr'><strong>pro-</strong></span> 
     </span>
    </p>
   </div>
   <div class='ocr_carea' id='block_1_69' title="bbox 252 4965 1841 5046">
    <p class='ocr_par' dir='ltr' id='par_1_69' title="bbox 252 4965 1841 5046">
     <span class='ocr_line' id='line_1_69' title="bbox 252 4965 1841 5046; baseline 0.008 -31"><span class='ocrx_word' id='word_1_529' title='bbox 252 4970 512 5032; x_wconf 76' lang='lat' dir='ltr'><strong>tegeretur</strong></span> <span class='ocrx_word' id='word_1_530' title='bbox 536 4965 593 5019; x_wconf 85' lang='lat' dir='ltr'><strong>in</strong></span> <span class='ocrx_word' id='word_1_531' title='bbox 621 4965 811 5034; x_wconf 78' lang='lat' dir='ltr'><strong>templo</strong></span> <span class='ocrx_word' id='word_1_532' title='bbox 831 4978 1011 5023; x_wconf 84' lang='lat' dir='ltr'><strong>sancto</strong></span> <span class='ocrx_word' id='word_1_533' title='bbox 1034 4969 1148 5039; x_wconf 73' lang='lat' dir='ltr'><strong>ejus</strong></span> <span class='ocrx_word' id='word_1_534' title='bbox 1171 4970 1381 5043; x_wconf 64' lang='grc' dir='ltr'><strong>(Μήτι).</strong></span> <span class='ocrx_word' id='word_1_535' title='bbox 1414 4972 1492 5028; x_wconf 77' lang='lat' dir='ltr'><strong>ita</strong></span> <span class='ocrx_word' id='word_1_536' title='bbox 1517 4989 1647 5046; x_wconf 88' lang='lat' dir='ltr'><strong>ergo</strong></span> <span class='ocrx_word' id='word_1_537' title='bbox 1680 4985 1841 5030; x_wconf 86' lang='lat' dir='ltr'><strong>natu-</strong></span> 
     </span>
    </p>
   </div>
   <div class='ocr_carea' id='block_1_70' title="bbox 254 5054 1835 5129">
    <p class='ocr_par' dir='ltr' id='par_1_70' title="bbox 254 5054 1835 5129">
     <span class='ocr_line' id='line_1_70' title="bbox 254 5054 1835 5129; baseline 0.01 -26"><span class='ocrx_word' id='word_1_538' title='bbox 254 5054 444 5109; x_wconf 83' lang='lat' dir='ltr'><strong>raliter</strong></span> <span class='ocrx_word' id='word_1_539' title='bbox 466 5065 522 5108; x_wconf 86' lang='lat' dir='ltr'><strong>et</strong></span> <span class='ocrx_word' id='word_1_540' title='bbox 552 5058 986 5127; x_wconf 90' lang='lat' dir='ltr'><strong>concupiscimus</strong></span> <span class='ocrx_word' id='word_1_541' title='bbox 1020 5075 1140 5129; x_wconf 74' lang='lat' dir='ltr'><strong>qum</strong></span> <span class='ocrx_word' id='word_1_542' title='bbox 1166 5063 1309 5121; x_wconf 82' lang='lat' dir='ltr'><strong>bona</strong></span> <span class='ocrx_word' id='word_1_543' title='bbox 1332 5073 1457 5118; x_wconf 89' lang='lat' dir='ltr'><strong>sunt</strong></span> <span class='ocrx_word' id='word_1_544' title='bbox 1486 5072 1541 5122; x_wconf 86' lang='lat' dir='ltr'><strong>et</strong></span> <span class='ocrx_word' id='word_1_545' title='bbox 1568 5081 1835 5122; x_wconf 89' lang='lat' dir='ltr'><strong>amamus.</strong></span> 
     </span>
    </p>
   </div>
   <div class='ocr_carea' id='block_1_71' title="bbox 253 5140 1843 5216">
    <p class='ocr_par' dir='ltr' id='par_1_71' title="bbox 253 5140 1843 5216">
     <span class='ocr_line' id='line_1_71' title="bbox 253 5140 1843 5216; baseline 0.01 -21"><span class='ocrx_word' id='word_1_546' title='bbox 253 5140 397 5197; x_wconf 79' lang='lat' dir='ltr'><strong>Nihil</strong></span> <span class='ocrx_word' id='word_1_547' title='bbox 426 5155 629 5212; x_wconf 88' lang='lat' dir='ltr'><strong>autem,</strong></span> <span class='ocrx_word' id='word_1_548' title='bbox 660 5156 719 5201; x_wconf 89' lang='lat' dir='ltr'><strong>ut</strong></span> <span class='ocrx_word' id='word_1_549' title='bbox 745 5148 1012 5216; x_wconf 77' lang='lat' dir='ltr'><strong>diximus,</strong></span> <span class='ocrx_word' id='word_1_550' title='bbox 1059 5160 1168 5211; x_wconf 86' lang='lat' dir='ltr'><strong>tam</strong></span> <span class='ocrx_word' id='word_1_551' title='bbox 1208 5168 1484 5209; x_wconf 86' lang='lat' dir='ltr'><strong>summum</strong></span> <span class='ocrx_word' id='word_1_552' title='bbox 1529 5155 1729 5211; x_wconf 90' lang='lat' dir='ltr'><strong>bonum</strong></span> <span class='ocrx_word' id='word_1_553' title='bbox 1760 5165 1843 5211; x_wconf 90' lang='lat' dir='ltr'><strong>est</strong></span> 
     </span>
    </p>
   </div>
   <div class='ocr_carea' id='block_1_72' title="bbox 255 5234 1843 5312">
    <p class='ocr_par' dir='ltr' id='par_1_72' title="bbox 255 5234 1843 5312">
     <span class='ocr_line' id='line_1_72' title="bbox 255 5234 1843 5312; baseline 0.011 -27"><span class='ocrx_word' id='word_1_554' title='bbox 255 5249 417 5306; x_wconf 89' lang='lat' dir='ltr'><strong>quam</strong></span> <span class='ocrx_word' id='word_1_555' title='bbox 444 5234 589 5291; x_wconf 87' lang='lat' dir='ltr'><strong>Deus</strong></span> <span class='ocrx_word' id='word_1_556' title='bbox 613 5254 626 5290; x_wconf 95' lang='lat'><strong>:</strong></span> <span class='ocrx_word' id='word_1_557' title='bbox 657 5247 711 5292; x_wconf 91' lang='lat' dir='ltr'><strong>et</strong></span> <span class='ocrx_word' id='word_1_558' title='bbox 740 5237 860 5294; x_wconf 91' lang='lat' dir='ltr'><strong>ideo</strong></span> <span class='ocrx_word' id='word_1_559' title='bbox 878 5240 1059 5298; x_wconf 89' lang='lat' dir='ltr'><strong>debito</strong></span> <span class='ocrx_word' id='word_1_560' title='bbox 1086 5243 1320 5312; x_wconf 89' lang='lat' dir='ltr'><strong>quodam</strong></span> <span class='ocrx_word' id='word_1_561' title='bbox 1347 5245 1680 5302; x_wconf 78' lang='lat' dir='ltr'><strong>exsolvimus</strong></span> <span class='ocrx_word' id='word_1_562' title='bbox 1700 5247 1843 5304; x_wconf 89' lang='lat' dir='ltr'><strong>hanc</strong></span> 
     </span>
    </p>
   </div>
   <div class='ocr_carea' id='block_1_73' title="bbox 254 5325 1840 5408">
    <p class='ocr_par' dir='ltr' id='par_1_73' title="bbox 254 5325 1840 5408">
     <span class='ocr_line' id='line_1_73' title="bbox 254 5325 1840 5408; baseline 0.013 -33"><span class='ocrx_word' id='word_1_563' title='bbox 254 5339 420 5394; x_wconf 85' lang='lat' dir='ltr'><strong>quam</strong></span> <span class='ocrx_word' id='word_1_564' title='bbox 460 5325 528 5380; x_wconf 86' lang='lat' dir='ltr'><strong>ab</strong></span> <span class='ocrx_word' id='word_1_565' title='bbox 568 5341 635 5381; x_wconf 90' lang='lat' dir='ltr'><strong>eo</strong></span> <span class='ocrx_word' id='word_1_566' title='bbox 664 5329 972 5399; x_wconf 85' lang='lat' dir='ltr'><strong>accepimus</strong></span> <span class='ocrx_word' id='word_1_567' title='bbox 1001 5332 1341 5391; x_wconf 87' lang='lat' dir='ltr'><strong>charitatem.</strong></span> <span class='ocrx_word' id='word_1_568' title='bbox 1400 5334 1532 5402; x_wconf 62' lang='lat' dir='ltr'><strong>Quae</strong></span> <span class='ocrx_word' id='word_1_569' title='bbox 1567 5337 1755 5408; x_wconf 89' lang='lat' dir='ltr'><strong>utique</strong></span> <span class='ocrx_word' id='word_1_570' title='bbox 1796 5339 1840 5398; x_wconf 89' lang='lat' dir='ltr'><strong>si</strong></span> 
     </span>
    </p>
   </div>
   <div class='ocr_carea' id='block_1_74' title="bbox 254 5414 1845 5488">
    <p class='ocr_par' dir='ltr' id='par_1_74' title="bbox 254 5414 1845 5488">
     <span class='ocr_line' id='line_1_74' title="bbox 254 5414 1845 5488; baseline 0.011 -22"><span class='ocrx_word' id='word_1_571' title='bbox 254 5414 578 5483; x_wconf 81' lang='lat' dir='ltr'><strong>denegetur,</strong></span> <span class='ocrx_word' id='word_1_572' title='bbox 607 5426 665 5472; x_wconf 91' lang='lat' dir='ltr'><strong>et</strong></span> <span class='ocrx_word' id='word_1_573' title='bbox 690 5433 797 5472; x_wconf 87' lang='lat' dir='ltr'><strong>non</strong></span> <span class='ocrx_word' id='word_1_574' title='bbox 817 5420 1146 5488; x_wconf 76' lang='lat' dir='ltr'><strong>exsolvatur,</strong></span> <span class='ocrx_word' id='word_1_575' title='bbox 1170 5423 1265 5478; x_wconf 67' lang='lat' dir='ltr'><strong>irae</strong></span> <span class='ocrx_word' id='word_1_576' title='bbox 1284 5440 1384 5480; x_wconf 90' lang='lat' dir='ltr'><strong>nos</strong></span> <span class='ocrx_word' id='word_1_577' title='bbox 1405 5425 1845 5483; x_wconf 77' lang='lat' dir='ltr'><strong>inexcusabiliter</strong></span> 
     </span>
    </p>
   </div>
   <div class='ocr_carea' id='block_1_75' title="bbox 254 5506 1840 5583">
    <p class='ocr_par' dir='ltr' id='par_1_75' title="bbox 254 5506 1840 5583">
     <span class='ocr_line' id='line_1_75' title="bbox 254 5506 1840 5583; baseline 0.01 -26"><span class='ocrx_word' id='word_1_578' title='bbox 254 5506 525 5561; x_wconf 69' lang='lat' dir='ltr'><strong>obnoxios</strong></span> <span class='ocrx_word' id='word_1_579' title='bbox 546 5506 694 5564; x_wconf 83' lang='lat' dir='ltr'><strong>facit.</strong></span> <span class='ocrx_word' id='word_1_580' title='bbox 723 5508 788 5564; x_wconf 85' lang='lat' dir='ltr'><strong>Et</strong></span> <span class='ocrx_word' id='word_1_581' title='bbox 812 5510 941 5581; x_wconf 91' lang='lat' dir='ltr'><strong>quid</strong></span> <span class='ocrx_word' id='word_1_582' title='bbox 962 5512 1083 5567; x_wconf 90' lang='lat' dir='ltr'><strong>dico</strong></span> <span class='ocrx_word' id='word_1_583' title='bbox 1106 5513 1200 5569; x_wconf 86' lang='lat' dir='ltr'><strong>irae</strong></span> <span class='ocrx_word' id='word_1_584' title='bbox 1222 5516 1522 5571; x_wconf 76' lang='lat' dir='ltr'><strong>obnoxios?</strong></span> <span class='ocrx_word' id='word_1_585' title='bbox 1543 5515 1674 5583; x_wconf 77' lang='lat' dir='ltr'><strong>Qua:</strong></span> <span class='ocrx_word' id='word_1_586' title='bbox 1696 5519 1840 5573; x_wconf 91' lang='lat' dir='ltr'><strong>enim</strong></span> 
     </span>
    </p>
   </div>
   <div class='ocr_carea' id='block_1_76' title="bbox 256 5597 1839 5680">
    <p class='ocr_par' dir='ltr' id='par_1_76' title="bbox 256 5597 1839 5680">
     <span class='ocr_line' id='line_1_76' title="bbox 256 5597 1839 5680; baseline 0.008 -31"><span class='ocrx_word' id='word_1_587' title='bbox 256 5598 458 5665; x_wconf 62' lang='lat' dir='ltr'><strong>patcrit</strong></span> <span class='ocrx_word' id='word_1_588' title='bbox 486 5611 607 5652; x_wconf 85' lang='lat' dir='ltr'><strong>esse</strong></span> <span class='ocrx_word' id='word_1_589' title='bbox 631 5597 804 5667; x_wconf 87' lang='lat' dir='ltr'><strong>major</strong></span> <span class='ocrx_word' id='word_1_590' title='bbox 834 5601 937 5665; x_wconf 88' lang='lat' dir='ltr'><strong>ira,</strong></span> <span class='ocrx_word' id='word_1_591' title='bbox 969 5617 1087 5680; x_wconf 66' lang='lat' dir='ltr'><strong>qua:</strong></span> <span class='ocrx_word' id='word_1_592' title='bbox 1112 5603 1245 5659; x_wconf 90' lang='lat' dir='ltr'><strong>ultio</strong></span> <span class='ocrx_word' id='word_1_593' title='bbox 1276 5606 1514 5675; x_wconf 79' lang='lat' dir='ltr'><strong>gravior,</strong></span> <span class='ocrx_word' id='word_1_594' title='bbox 1551 5620 1712 5676; x_wconf 87' lang='lat' dir='ltr'><strong>quam</strong></span> <span class='ocrx_word' id='word_1_595' title='bbox 1740 5608 1839 5664; x_wconf 84' lang='lat' dir='ltr'><strong>hoc</strong></span> 
     </span>
    </p>
   </div>
   <div class='ocr_carea' id='block_1_77' title="bbox 548 5696 1023 5765">
    <p class='ocr_par' dir='ltr' id='par_1_77' title="bbox 548 5696 1023 5765">
     <span class='ocr_line' id='line_1_77' title="bbox 548 5696 1023 5765; baseline 0.002 -1"><span class='ocrx_word' id='word_1_596' title='bbox 548 5696 817 5764; x_wconf 74' lang='grc' dir='ltr'><strong>ΡΑτιιοι..</strong></span> <span class='ocrx_word' id='word_1_597' title='bbox 863 5698 1023 5765; x_wconf 78' lang='lat' dir='ltr'><strong>Clll.</strong></span> 
     </span>
    </p>
   </div>
   <div class='ocr_carea' id='block_1_78' title="bbox 1869 4380 1922 4439">
    <p class='ocr_par' dir='ltr' id='par_1_78' title="bbox 1869 4380 1922 4439">
     <span class='ocr_line' id='line_1_78' title="bbox 1869 4380 1922 4439; baseline 0 0"><span class='ocrx_word' id='word_1_598' title='bbox 1869 4380 1922 4439; x_wconf 92' lang='lat' dir='ltr'><strong>D</strong></span> 
     </span>
    </p>
   </div>
   <div class='ocr_carea' id='block_1_79' title="bbox 1950 1773 3534 1848">
    <p class='ocr_par' dir='ltr' id='par_1_79' title="bbox 1950 1773 3534 1848">
     <span class='ocr_line' id='line_1_79' title="bbox 1950 1773 3534 1848; baseline 0.005 -23"><span class='ocrx_word' id='word_1_599' title='bbox 1950 1773 2194 1839; x_wconf 86' lang='lat' dir='ltr'><strong>creditis,</strong></span> <span class='ocrx_word' id='word_1_600' title='bbox 2233 1775 2416 1829; x_wconf 86' lang='lat' dir='ltr'><strong>audite</strong></span> <span class='ocrx_word' id='word_1_601' title='bbox 2448 1775 2776 1845; x_wconf 86' lang='lat' dir='ltr'><strong>Prophetam</strong></span> <span class='ocrx_word' id='word_1_602' title='bbox 2821 1775 3129 1833; x_wconf 77' lang='lat' dir='ltr'><strong>dicentem:</strong></span> <span class='ocrx_word' id='word_1_603' title='bbox 3169 1775 3418 1848; x_wconf 80' lang='lat' dir='ltr'><strong>Cognovit</strong></span> <span class='ocrx_word' id='word_1_604' title='bbox 3445 1779 3534 1836; x_wconf 80' lang='lat' dir='ltr'><strong>bos</strong></span> 
     </span>
    </p>
   </div>
   <div class='ocr_carea' id='block_1_80' title="bbox 1949 1868 3537 1939">
    <p class='ocr_par' dir='ltr' id='par_1_80' title="bbox 1949 1868 3537 1939">
     <span class='ocr_line' id='line_1_80' title="bbox 1949 1868 3537 1939; baseline 0.005 -23"><span class='ocrx_word' id='word_1_605' title='bbox 1949 1880 2298 1933; x_wconf 73' lang='lat' dir='ltr'><strong>possessorem</strong></span> <span class='ocrx_word' id='word_1_606' title='bbox 2340 1883 2530 1932; x_wconf 85' lang='lat' dir='ltr'><strong>suum,</strong></span> <span class='ocrx_word' id='word_1_607' title='bbox 2560 1877 2608 1921; x_wconf 89' lang='lat' dir='ltr'><strong>et</strong></span> <span class='ocrx_word' id='word_1_608' title='bbox 2636 1868 2817 1925; x_wconf 77' lang='lat' dir='ltr'><strong>asinus</strong></span> <span class='ocrx_word' id='word_1_609' title='bbox 2854 1869 3166 1939; x_wconf 76' lang='lat' dir='ltr'><strong>prcrsepium</strong></span> <span class='ocrx_word' id='word_1_610' title='bbox 3206 1869 3407 1927; x_wconf 82' lang='lat' dir='ltr'><strong>domini</strong></span> <span class='ocrx_word' id='word_1_611' title='bbox 3452 1871 3537 1926; x_wconf 74' lang='lat' dir='ltr'><strong>sui</strong></span> 
     </span>
    </p>
   </div>
   <div class='ocr_carea' id='block_1_81' title="bbox 1953 1952 3534 2031">
    <p class='ocr_par' dir='ltr' id='par_1_81' title="bbox 1953 1952 3534 2031">
     <span class='ocr_line' id='line_1_81' title="bbox 1953 1952 3534 2031; baseline 0.007 -25"><span class='ocrx_word' id='word_1_612' title='bbox 1953 1952 2088 2023; x_wconf 85' lang='lat' dir='ltr'><strong>(lsa.</strong></span> <span class='ocrx_word' id='word_1_613' title='bbox 2122 1956 2185 2026; x_wconf 85' lang='grc' dir='ltr'><strong>ι).</strong></span> <span class='ocrx_word' id='word_1_614' title='bbox 2230 1956 2389 2014; x_wconf 81' lang='lat' dir='ltr'><strong>Absit</strong></span> <span class='ocrx_word' id='word_1_615' title='bbox 2414 1965 2594 2017; x_wconf 88' lang='lat' dir='ltr'><strong>autem</strong></span> <span class='ocrx_word' id='word_1_616' title='bbox 2635 1958 2702 2015; x_wconf 91' lang='lat' dir='ltr'><strong>de</strong></span> <span class='ocrx_word' id='word_1_617' title='bbox 2730 1958 2889 2015; x_wconf 88' lang='lat' dir='ltr'><strong>nobis</strong></span> <span class='ocrx_word' id='word_1_618' title='bbox 2916 1959 3021 2014; x_wconf 92' lang='lat' dir='ltr'><strong>dici</strong></span> <span class='ocrx_word' id='word_1_619' title='bbox 3058 1974 3122 2019; x_wconf 81' lang='lat' dir='ltr'><strong>ea</strong></span> <span class='ocrx_word' id='word_1_620' title='bbox 3153 1974 3274 2029; x_wconf 63' lang='lat' dir='ltr'><strong>quae</strong></span> <span class='ocrx_word' id='word_1_621' title='bbox 3298 1975 3534 2031; x_wconf 87' lang='lat' dir='ltr'><strong>sequun-</strong></span> 
     </span>
    </p>
   </div>
   <div class='ocr_carea' id='block_1_82' title="bbox 1952 2038 3537 2121">
    <p class='ocr_par' dir='ltr' id='par_1_82' title="bbox 1952 2038 3537 2121">
     <span class='ocr_line' id='line_1_82' title="bbox 1952 2038 3537 2121; baseline 0.004 -22"><span class='ocrx_word' id='word_1_622' title='bbox 1952 2055 2075 2105; x_wconf 83' lang='lat' dir='ltr'><strong>tur:</strong></span> <span class='ocrx_word' id='word_1_623' title='bbox 2113 2044 2253 2111; x_wconf 83' lang='lat' dir='ltr'><strong>Quia</strong></span> <span class='ocrx_word' id='word_1_624' title='bbox 2281 2046 2454 2102; x_wconf 81' lang='lat' dir='ltr'><strong>Israel</strong></span> <span class='ocrx_word' id='word_1_625' title='bbox 2495 2065 2576 2102; x_wconf 88' lang='lat' dir='ltr'><strong>me</strong></span> <span class='ocrx_word' id='word_1_626' title='bbox 2613 2064 2717 2106; x_wconf 77' lang='lat' dir='ltr'><strong>non</strong></span> <span class='ocrx_word' id='word_1_627' title='bbox 2757 2038 3023 2119; x_wconf 79' lang='lat' dir='ltr'><strong>cognovit,</strong></span> <span class='ocrx_word' id='word_1_628' title='bbox 3064 2060 3118 2104; x_wconf 84' lang='lat' dir='ltr'><strong>et</strong></span> <span class='ocrx_word' id='word_1_629' title='bbox 3141 2049 3365 2121; x_wconf 83' lang='lat' dir='ltr'><strong>populus</strong></span> <span class='ocrx_word' id='word_1_630' title='bbox 3391 2068 3537 2106; x_wconf 80' lang='lat' dir='ltr'><strong>meus</strong></span> 
     </span>
    </p>
   </div>
   <div class='ocr_carea' id='block_1_83' title="bbox 1951 2138 3539 2211">
    <p class='ocr_par' dir='ltr' id='par_1_83' title="bbox 1951 2138 3539 2211">
     <span class='ocr_line' id='line_1_83' title="bbox 1951 2138 3539 2211; baseline 0.001 -16"><span class='ocrx_word' id='word_1_631' title='bbox 1951 2154 2034 2195; x_wconf 83' lang='lat' dir='ltr'><strong>me</strong></span> <span class='ocrx_word' id='word_1_632' title='bbox 2058 2154 2161 2196; x_wconf 78' lang='lat' dir='ltr'><strong>non</strong></span> <span class='ocrx_word' id='word_1_633' title='bbox 2189 2138 2445 2197; x_wconf 70' lang='lat' dir='ltr'><strong>intellexit</strong></span> <span class='ocrx_word' id='word_1_634' title='bbox 2465 2139 2677 2211; x_wconf 84' lang='lat' dir='ltr'><strong>(lbid.).</strong></span> <span class='ocrx_word' id='word_1_635' title='bbox 2697 2139 2852 2207; x_wconf 92' lang='lat' dir='ltr'><strong>Quod</strong></span> <span class='ocrx_word' id='word_1_636' title='bbox 2879 2140 2923 2194; x_wconf 91' lang='lat' dir='ltr'><strong>si</strong></span> <span class='ocrx_word' id='word_1_637' title='bbox 2954 2140 3117 2197; x_wconf 91' lang='lat' dir='ltr'><strong>etiam</strong></span> <span class='ocrx_word' id='word_1_638' title='bbox 3146 2155 3239 2196; x_wconf 90' lang='lat' dir='ltr'><strong>eos</strong></span> <span class='ocrx_word' id='word_1_639' title='bbox 3260 2141 3352 2211; x_wconf 92' lang='lat' dir='ltr'><strong>qui</strong></span> <span class='ocrx_word' id='word_1_640' title='bbox 3375 2143 3539 2197; x_wconf 75' lang='lat' dir='ltr'><strong>bene-</strong></span> 
     </span>
    </p>
   </div>
   <div class='ocr_carea' id='block_1_84' title="bbox 1951 2226 3539 2304">
    <p class='ocr_par' dir='ltr' id='par_1_84' title="bbox 1951 2226 3539 2304">
     <span class='ocr_line' id='line_1_84' title="bbox 1951 2226 3539 2304; baseline 0.001 -24"><span class='ocrx_word' id='word_1_641' title='bbox 1951 2226 2060 2281; x_wconf 87' lang='lat' dir='ltr'><strong>ﬁcii</strong></span> <span class='ocrx_word' id='word_1_642' title='bbox 2090 2228 2294 2298; x_wconf 80' lang='lat' dir='ltr'><strong>aliquid</strong></span> <span class='ocrx_word' id='word_1_643' title='bbox 2326 2229 2480 2284; x_wconf 84' lang='lat' dir='ltr'><strong>nobis</strong></span> <span class='ocrx_word' id='word_1_644' title='bbox 2506 2229 2876 2296; x_wconf 82' lang='lat' dir='ltr'><strong>contulerunt,</strong></span> <span class='ocrx_word' id='word_1_645' title='bbox 2902 2230 3050 2285; x_wconf 89' lang='lat' dir='ltr'><strong>nullo</strong></span> <span class='ocrx_word' id='word_1_646' title='bbox 3090 2231 3319 2287; x_wconf 89' lang='lat' dir='ltr'><strong>docente</strong></span> <span class='ocrx_word' id='word_1_647' title='bbox 3361 2232 3539 2304; x_wconf 76' lang='lat' dir='ltr'><strong>diligi-r</strong></span> 
     </span>
    </p>
   </div>
   <div class='ocr_carea' id='block_1_85' title="bbox 1950 2321 3539 2394">
    <p class='ocr_par' dir='ltr' id='par_1_85' title="bbox 1950 2321 3539 2394">
     <span class='ocr_line' id='line_1_85' title="bbox 1950 2321 3539 2394; baseline 0.005 -22"><span class='ocrx_word' id='word_1_648' title='bbox 1950 2334 2093 2382; x_wconf 91' lang='lat' dir='ltr'><strong>mus,</strong></span> <span class='ocrx_word' id='word_1_649' title='bbox 2122 2326 2178 2374; x_wconf 91' lang='lat' dir='ltr'><strong>et</strong></span> <span class='ocrx_word' id='word_1_650' title='bbox 2204 2321 2353 2374; x_wconf 92' lang='lat' dir='ltr'><strong>omni</strong></span> <span class='ocrx_word' id='word_1_651' title='bbox 2392 2321 2604 2387; x_wconf 90' lang='lat' dir='ltr'><strong>studio,</strong></span> <span class='ocrx_word' id='word_1_652' title='bbox 2651 2330 2912 2392; x_wconf 89' lang='lat' dir='ltr'><strong>quantum</strong></span> <span class='ocrx_word' id='word_1_653' title='bbox 2939 2322 3057 2378; x_wconf 90' lang='lat' dir='ltr'><strong>ﬁeri</strong></span> <span class='ocrx_word' id='word_1_654' title='bbox 3086 2330 3297 2394; x_wconf 90' lang='lat' dir='ltr'><strong>potest,</strong></span> <span class='ocrx_word' id='word_1_655' title='bbox 3333 2324 3539 2383; x_wconf 80' lang='lat' dir='ltr'><strong>referre</strong></span> 
     </span>
    </p>
   </div>
   <div class='ocr_carea' id='block_1_86' title="bbox 1952 2408 3538 2485">
    <p class='ocr_par' dir='ltr' id='par_1_86' title="bbox 1952 2408 3538 2485">
     <span class='ocr_line' id='line_1_86' title="bbox 1952 2408 3538 2485; baseline 0.006 -25"><span class='ocrx_word' id='word_1_656' title='bbox 1952 2408 2154 2478; x_wconf 87' lang='lat' dir='ltr'><strong>gratias</strong></span> <span class='ocrx_word' id='word_1_657' title='bbox 2188 2408 2455 2474; x_wconf 88' lang='lat' dir='ltr'><strong>nitimur;</strong></span> <span class='ocrx_word' id='word_1_658' title='bbox 2495 2411 2764 2479; x_wconf 91' lang='lat' dir='ltr'><strong>quomodo</strong></span> <span class='ocrx_word' id='word_1_659' title='bbox 2806 2409 3133 2468; x_wconf 85' lang='lat' dir='ltr'><strong>suiIiciemus</strong></span> <span class='ocrx_word' id='word_1_660' title='bbox 3171 2414 3399 2485; x_wconf 89' lang='lat' dir='ltr'><strong>gratiam</strong></span> <span class='ocrx_word' id='word_1_661' title='bbox 3447 2430 3538 2477; x_wconf 82' lang='lat' dir='ltr'><strong>re-</strong></span> 
     </span>
    </p>
   </div>
   <div class='ocr_carea' id='block_1_87' title="bbox 1951 2496 3539 2579">
    <p class='ocr_par' dir='ltr' id='par_1_87' title="bbox 1951 2496 3539 2579">
     <span class='ocr_line' id='line_1_87' title="bbox 1951 2496 3539 2579; baseline 0.006 -27"><span class='ocrx_word' id='word_1_662' title='bbox 1951 2496 2096 2554; x_wconf 81' lang='lat' dir='ltr'><strong>ferre</strong></span> <span class='ocrx_word' id='word_1_663' title='bbox 2125 2499 2405 2556; x_wconf 89' lang='lat' dir='ltr'><strong>beneﬁciis</strong></span> <span class='ocrx_word' id='word_1_664' title='bbox 2442 2501 2560 2569; x_wconf 89' lang='lat' dir='ltr'><strong>Dei,</strong></span> <span class='ocrx_word' id='word_1_665' title='bbox 2606 2519 2727 2572; x_wconf 64' lang='lat' dir='ltr'><strong>qua:</strong></span> <span class='ocrx_word' id='word_1_666' title='bbox 2766 2512 2918 2559; x_wconf 91' lang='lat' dir='ltr'><strong>tanta</strong></span> <span class='ocrx_word' id='word_1_667' title='bbox 2964 2513 3122 2571; x_wconf 88' lang='lat' dir='ltr'><strong>sunt,</strong></span> <span class='ocrx_word' id='word_1_668' title='bbox 3173 2515 3234 2565; x_wconf 87' lang='lat' dir='ltr'><strong>ut</strong></span> <span class='ocrx_word' id='word_1_669' title='bbox 3279 2506 3539 2579; x_wconf 79' lang='lat' dir='ltr'><strong>eﬂ‘ugiant</strong></span> 
     </span>
    </p>
   </div>
   <div class='ocr_carea' id='block_1_88' title="bbox 1953 2591 3539 2667">
    <p class='ocr_par' dir='ltr' id='par_1_88' title="bbox 1953 2591 3539 2667">
     <span class='ocr_line' id='line_1_88' title="bbox 1953 2591 3539 2667; baseline 0.007 -23"><span class='ocrx_word' id='word_1_670' title='bbox 1953 2605 2282 2667; x_wconf 82' lang='lat' dir='ltr'><strong>numerum;</strong></span> <span class='ocrx_word' id='word_1_671' title='bbox 2324 2602 2381 2647; x_wconf 90' lang='lat' dir='ltr'><strong>et</strong></span> <span class='ocrx_word' id='word_1_672' title='bbox 2407 2591 2566 2658; x_wconf 88' lang='lat' dir='ltr'><strong>talia,</strong></span> <span class='ocrx_word' id='word_1_673' title='bbox 2606 2601 2668 2648; x_wconf 91' lang='lat' dir='ltr'><strong>ut</strong></span> <span class='ocrx_word' id='word_1_674' title='bbox 2713 2593 2941 2649; x_wconf 88' lang='lat' dir='ltr'><strong>suﬁiciat</strong></span> <span class='ocrx_word' id='word_1_675' title='bbox 2987 2611 3154 2653; x_wconf 87' lang='lat' dir='ltr'><strong>unum</strong></span> <span class='ocrx_word' id='word_1_676' title='bbox 3203 2597 3422 2667; x_wconf 88' lang='lat' dir='ltr'><strong>aliquod</strong></span> <span class='ocrx_word' id='word_1_677' title='bbox 3470 2613 3539 2655; x_wconf 79' lang='lat' dir='ltr'><strong>ex</strong></span> 
     </span>
    </p>
   </div>
   <div class='ocr_carea' id='block_1_89' title="bbox 1952 2662 3539 2751">
    <p class='ocr_par' dir='ltr' id='par_1_89' title="bbox 1952 2662 3539 2751">
     <span class='ocr_line' id='line_1_89' title="bbox 1952 2662 3539 2751; baseline 0.004 -15"><span class='ocrx_word' id='word_1_678' title='bbox 1952 2662 2207 2736; x_wconf 74' lang='lat' dir='ltr'><strong>omnibus</strong></span> <span class='ocrx_word' id='word_1_679' title='bbox 2245 2696 2345 2751; x_wconf 91' lang='lat' dir='ltr'><strong>per</strong></span> <span class='ocrx_word' id='word_1_680' title='bbox 2381 2689 2547 2737; x_wconf 88' lang='lat' dir='ltr'><strong>totam</strong></span> <span class='ocrx_word' id='word_1_681' title='bbox 2579 2683 2745 2737; x_wconf 87' lang='lat' dir='ltr'><strong>vitam</strong></span> <span class='ocrx_word' id='word_1_682' title='bbox 2787 2692 3031 2743; x_wconf 85' lang='lat' dir='ltr'><strong>nostram</strong></span> <span class='ocrx_word' id='word_1_683' title='bbox 3069 2662 3408 2743; x_wconf 37' lang='lat' dir='ltr'><strong>eﬁicere&#39;nos</strong></span> <span class='ocrx_word' id='word_1_684' title='bbox 3437 2688 3539 2746; x_wconf 88' lang='lat' dir='ltr'><strong>ob-</strong></span> 
     </span>
    </p>
   </div>
   <div class='ocr_carea' id='block_1_90' title="bbox 1953 2773 3540 2853">
    <p class='ocr_par' dir='ltr' id='par_1_90' title="bbox 1953 2773 3540 2853">
     <span class='ocr_line' id='line_1_90' title="bbox 1953 2773 3540 2853; baseline 0.003 -25"><span class='ocrx_word' id='word_1_685' title='bbox 1953 2773 2145 2830; x_wconf 73' lang='lat' dir='ltr'><strong>noxios</strong></span> <span class='ocrx_word' id='word_1_686' title='bbox 2191 2773 2479 2846; x_wconf 84' lang='lat' dir='ltr'><strong>largitori?</strong></span> <span class='ocrx_word' id='word_1_687' title='bbox 2515 2773 2650 2830; x_wconf 87' lang='lat' dir='ltr'><strong>Nam</strong></span> <span class='ocrx_word' id='word_1_688' title='bbox 2696 2776 2889 2853; x_wconf 66' lang='lat' dir='ltr'><strong>omitto</strong></span> <span class='ocrx_word' id='word_1_689' title='bbox 2931 2785 3129 2837; x_wconf 82' lang='lat' dir='ltr'><strong>caetera</strong></span> <span class='ocrx_word' id='word_1_690' title='bbox 3177 2778 3382 2851; x_wconf 78' lang='lat' dir='ltr'><strong>omnia,</strong></span> <span class='ocrx_word' id='word_1_691' title='bbox 3417 2793 3540 2849; x_wconf 78' lang='lat' dir='ltr'><strong>quae</strong></span> 
     </span>
    </p>
   </div>
   <div class='ocr_carea' id='block_1_91' title="bbox 1953 2863 3539 2937">
    <p class='ocr_par' dir='ltr' id='par_1_91' title="bbox 1953 2863 3539 2937">
     <span class='ocr_line' id='line_1_91' title="bbox 1953 2863 3539 2937; baseline 0.005 -20"><span class='ocrx_word' id='word_1_692' title='bbox 1953 2863 2171 2935; x_wconf 87' lang='lat' dir='ltr'><strong>quidem</strong></span> <span class='ocrx_word' id='word_1_693' title='bbox 2221 2873 2279 2919; x_wconf 85' lang='lat' dir='ltr'><strong>et</strong></span> <span class='ocrx_word' id='word_1_694' title='bbox 2323 2865 2442 2934; x_wconf 91' lang='lat' dir='ltr'><strong>ipsa</strong></span> <span class='ocrx_word' id='word_1_695' title='bbox 2485 2881 2682 2937; x_wconf 88' lang='lat' dir='ltr'><strong>magna</strong></span> <span class='ocrx_word' id='word_1_696' title='bbox 2727 2874 2851 2922; x_wconf 88' lang='lat' dir='ltr'><strong>sunt</strong></span> <span class='ocrx_word' id='word_1_697' title='bbox 2878 2875 2934 2923; x_wconf 87' lang='lat' dir='ltr'><strong>et</strong></span> <span class='ocrx_word' id='word_1_698' title='bbox 2975 2868 3252 2937; x_wconf 67' lang='lat' dir='ltr'><strong>praeclara,</strong></span> <span class='ocrx_word' id='word_1_699' title='bbox 3284 2885 3473 2926; x_wconf 86' lang='lat' dir='ltr'><strong>verum</strong></span> <span class='ocrx_word' id='word_1_700' title='bbox 3505 2887 3539 2934; x_wconf 72' lang='grc' dir='ltr'><strong>ει</strong></span> 
     </span>
    </p>
   </div>
   <div class='ocr_carea' id='block_1_92' title="bbox 1958 2954 3542 3030">
    <p class='ocr_par' dir='ltr' id='par_1_92' title="bbox 1958 2954 3542 3030">
     <span class='ocr_line' id='line_1_92' title="bbox 1958 2954 3542 3030; baseline 0.004 -21"><span class='ocrx_word' id='word_1_701' title='bbox 1958 2954 2254 3024; x_wconf 88' lang='lat' dir='ltr'><strong>majoribus</strong></span> <span class='ocrx_word' id='word_1_702' title='bbox 2280 2964 2337 3017; x_wconf 85' lang='lat' dir='ltr'><strong>et</strong></span> <span class='ocrx_word' id='word_1_703' title='bbox 2368 2956 2704 3023; x_wconf 86' lang='lat' dir='ltr'><strong>melioribus,</strong></span> <span class='ocrx_word' id='word_1_704' title='bbox 2732 2957 2882 3010; x_wconf 86' lang='lat' dir='ltr'><strong>velut</strong></span> <span class='ocrx_word' id='word_1_705' title='bbox 2902 2958 3069 3014; x_wconf 71' lang='lat' dir='ltr'><strong>stelize</strong></span> <span class='ocrx_word' id='word_1_706' title='bbox 3090 2960 3335 3028; x_wconf 68' lang='lat' dir='ltr'><strong>quaadam</strong></span> <span class='ocrx_word' id='word_1_707' title='bbox 3361 2960 3542 3030; x_wconf 54' lang='lat' dir='ltr'><strong>splen:</strong></span> 
     </span>
    </p>
   </div>
   <div class='ocr_carea' id='block_1_93' title="bbox 1874 3018 3541 3123">
    <p class='ocr_par' dir='ltr' id='par_1_93' title="bbox 1874 3018 3541 3123">
     <span class='ocr_line' id='line_1_93' title="bbox 1874 3018 3541 3123; baseline 0.002 -18"><span class='ocrx_word' id='word_1_708' title='bbox 1874 3018 1923 3085; x_wconf 64' lang='grc' dir='ltr'><strong>θ</strong></span> <span class='ocrx_word' id='word_1_709' title='bbox 1954 3018 2252 3106; x_wconf 79' lang='lat' dir='ltr'><strong>didioribus</strong></span> <span class='ocrx_word' id='word_1_710' title='bbox 2280 3049 2412 3109; x_wconf 85' lang='lat' dir='ltr'><strong>solis</strong></span> <span class='ocrx_word' id='word_1_711' title='bbox 2442 3048 2609 3109; x_wconf 80' lang='lat' dir='ltr'><strong>radiis</strong></span> <span class='ocrx_word' id='word_1_712' title='bbox 2634 3018 3000 3120; x_wconf 77' lang='lat' dir='ltr'><strong>obteguntur;</strong></span> <span class='ocrx_word' id='word_1_713' title='bbox 3033 3018 3291 3121; x_wconf 73' lang='lat' dir='ltr'><strong>quoniam</strong></span> <span class='ocrx_word' id='word_1_714' title='bbox 3321 3018 3541 3123; x_wconf 77' lang='lat' dir='ltr'><strong>quidem</strong></span> 
     </span>
    </p>
   </div>
   <div class='ocr_carea' id='block_1_94' title="bbox 1953 3143 3576 3215">
    <p class='ocr_par' dir='ltr' id='par_1_94' title="bbox 1953 3143 3576 3215">
     <span class='ocr_line' id='line_1_94' title="bbox 1953 3143 3576 3215; baseline 0.002 -18"><span class='ocrx_word' id='word_1_715' title='bbox 1953 3159 2053 3198; x_wconf 85' lang='lat' dir='ltr'><strong>nec</strong></span> <span class='ocrx_word' id='word_1_716' title='bbox 2082 3153 2296 3214; x_wconf 87' lang='lat' dir='ltr'><strong>tempus</strong></span> <span class='ocrx_word' id='word_1_717' title='bbox 2320 3144 2476 3200; x_wconf 86' lang='lat' dir='ltr'><strong>nobis</strong></span> <span class='ocrx_word' id='word_1_718' title='bbox 2506 3151 2590 3200; x_wconf 89' lang='lat' dir='ltr'><strong>est</strong></span> <span class='ocrx_word' id='word_1_719' title='bbox 2609 3144 2840 3215; x_wconf 91' lang='lat' dir='ltr'><strong>amplius</strong></span> <span class='ocrx_word' id='word_1_720' title='bbox 2867 3143 3097 3201; x_wconf 86' lang='lat' dir='ltr'><strong>dilatare</strong></span> <span class='ocrx_word' id='word_1_721' title='bbox 3125 3160 3450 3209; x_wconf 87' lang='lat' dir='ltr'><strong>sermonem,</strong></span> <span class='ocrx_word' id='word_1_722' title='bbox 3481 3154 3542 3201; x_wconf 89' lang='lat' dir='ltr'><strong>ut</strong></span> <span class='ocrx_word' id='word_1_723' title='bbox 3572 3206 3576 3214; x_wconf 32' lang='grc' dir='ltr'>λ</span> 
     </span>
    </p>
   </div>
   <div class='ocr_carea' id='block_1_95' title="bbox 1951 3235 3538 3310">
    <p class='ocr_par' dir='ltr' id='par_1_95' title="bbox 1951 3235 3538 3310">
     <span class='ocr_line' id='line_1_95' title="bbox 1951 3235 3538 3310; baseline 0.001 -20"><span class='ocrx_word' id='word_1_724' title='bbox 1951 3235 2221 3305; x_wconf 88' lang='lat' dir='ltr'><strong>possimus</strong></span> <span class='ocrx_word' id='word_1_725' title='bbox 2246 3237 2411 3291; x_wconf 88' lang='lat' dir='ltr'><strong>etiam</strong></span> <span class='ocrx_word' id='word_1_726' title='bbox 2446 3236 2512 3291; x_wconf 92' lang='lat' dir='ltr'><strong>de</strong></span> <span class='ocrx_word' id='word_1_727' title='bbox 2546 3237 2788 3293; x_wconf 87' lang='lat' dir='ltr'><strong>minimis</strong></span> <span class='ocrx_word' id='word_1_728' title='bbox 2813 3237 2994 3292; x_wconf 89' lang='lat' dir='ltr'><strong>divina</strong></span> <span class='ocrx_word' id='word_1_729' title='bbox 3032 3253 3158 3310; x_wconf 85' lang='lat' dir='ltr'><strong>erga</strong></span> <span class='ocrx_word' id='word_1_730' title='bbox 3184 3253 3284 3294; x_wconf 90' lang='lat' dir='ltr'><strong>nos</strong></span> <span class='ocrx_word' id='word_1_731' title='bbox 3311 3254 3538 3295; x_wconf 71' lang='lat' dir='ltr'><strong>enuch</strong></span> 
     </span>
    </p>
   </div>
   <div class='ocr_carea' id='block_1_96' title="bbox 1957 3325 3543 3399">
    <p class='ocr_par' dir='ltr' id='par_1_96' title="bbox 1957 3325 3543 3399">
     <span class='ocr_line' id='line_1_96' title="bbox 1957 3325 3543 3399; baseline 0.001 -20"><span class='ocrx_word' id='word_1_732' title='bbox 1957 3342 2080 3390; x_wconf 78' lang='lat' dir='ltr'><strong>rare</strong></span> <span class='ocrx_word' id='word_1_733' title='bbox 2107 3326 2390 3383; x_wconf 88' lang='lat' dir='ltr'><strong>beneﬁcia.</strong></span> <span class='ocrx_word' id='word_1_734' title='bbox 2423 3325 2695 3385; x_wconf 82' lang='lat' dir='ltr'><strong>Sileamus</strong></span> <span class='ocrx_word' id='word_1_735' title='bbox 2720 3328 2887 3399; x_wconf 88' lang='lat' dir='ltr'><strong>igitur</strong></span> <span class='ocrx_word' id='word_1_736' title='bbox 2911 3329 3259 3398; x_wconf 86' lang='lat' dir='ltr'><strong>quotidianos</strong></span> <span class='ocrx_word' id='word_1_737' title='bbox 3292 3330 3420 3387; x_wconf 85' lang='lat' dir='ltr'><strong>solis</strong></span> <span class='ocrx_word' id='word_1_738' title='bbox 3451 3347 3543 3385; x_wconf 57' lang='lat' dir='ltr'><strong>or.</strong></span> 
     </span>
    </p>
   </div>
   <div class='ocr_carea' id='block_1_97' title="bbox 1954 3418 3535 3491">
    <p class='ocr_par' dir='ltr' id='par_1_97' title="bbox 1954 3418 3535 3491">
     <span class='ocr_line' id='line_1_97' title="bbox 1954 3418 3535 3491; baseline 0.003 -19"><span class='ocrx_word' id='word_1_739' title='bbox 1954 3426 2128 3482; x_wconf 88' lang='lat' dir='ltr'><strong>tus,et</strong></span> <span class='ocrx_word' id='word_1_740' title='bbox 2148 3420 2307 3475; x_wconf 89' lang='lat' dir='ltr'><strong>unius</strong></span> <span class='ocrx_word' id='word_1_741' title='bbox 2326 3418 2590 3488; x_wconf 90' lang='lat' dir='ltr'><strong>lampadis</strong></span> <span class='ocrx_word' id='word_1_742' title='bbox 2613 3419 2821 3491; x_wconf 80' lang='lat' dir='ltr'><strong>fulgore</strong></span> <span class='ocrx_word' id='word_1_743' title='bbox 2844 3420 3200 3476; x_wconf 86' lang='lat' dir='ltr'><strong>illuminatum</strong></span> <span class='ocrx_word' id='word_1_744' title='bbox 3225 3423 3535 3478; x_wconf 86' lang='lat' dir='ltr'><strong>universum</strong></span> 
     </span>
    </p>
   </div>
   <div class='ocr_carea' id='block_1_98' title="bbox 1951 3510 3537 3581">
    <p class='ocr_par' dir='ltr' id='par_1_98' title="bbox 1951 3510 3537 3581">
     <span class='ocr_line' id='line_1_98' title="bbox 1951 3510 3537 3581; baseline 0.002 -18"><span class='ocrx_word' id='word_1_745' title='bbox 1951 3510 2231 3565; x_wconf 86' lang='lat' dir='ltr'><strong>mundum.</strong></span> <span class='ocrx_word' id='word_1_746' title='bbox 2268 3510 2537 3565; x_wconf 88' lang='lat' dir='ltr'><strong>Sileamus</strong></span> <span class='ocrx_word' id='word_1_747' title='bbox 2565 3510 2708 3566; x_wconf 74' lang='lat' dir='ltr'><strong>luna:</strong></span> <span class='ocrx_word' id='word_1_748' title='bbox 2749 3511 3041 3576; x_wconf 89' lang='lat' dir='ltr'><strong>circuitus,</strong></span> <span class='ocrx_word' id='word_1_749' title='bbox 3074 3512 3218 3567; x_wconf 84' lang='lat' dir='ltr'><strong>aeris</strong></span> <span class='ocrx_word' id='word_1_750' title='bbox 3257 3523 3537 3581; x_wconf 88' lang='lat' dir='ltr'><strong>permuta-</strong></span> 
     </span>
    </p>
   </div>
   <div class='ocr_carea' id='block_1_99' title="bbox 1953 3600 3538 3669">
    <p class='ocr_par' dir='ltr' id='par_1_99' title="bbox 1953 3600 3538 3669">
     <span class='ocr_line' id='line_1_99' title="bbox 1953 3600 3538 3669; baseline 0.003 -17"><span class='ocrx_word' id='word_1_751' title='bbox 1953 3601 2129 3661; x_wconf 87' lang='lat' dir='ltr'><strong>tiones</strong></span> <span class='ocrx_word' id='word_1_752' title='bbox 2156 3601 2691 3669; x_wconf 81' lang='lat' dir='ltr'><strong>vicissitudinesque;</strong></span> <span class='ocrx_word' id='word_1_753' title='bbox 2720 3600 2924 3655; x_wconf 86' lang='lat' dir='ltr'><strong>imbres</strong></span> <span class='ocrx_word' id='word_1_754' title='bbox 2950 3616 3017 3654; x_wconf 84' lang='lat' dir='ltr'><strong>ex</strong></span> <span class='ocrx_word' id='word_1_755' title='bbox 3038 3601 3291 3667; x_wconf 91' lang='lat' dir='ltr'><strong>nubibus,</strong></span> <span class='ocrx_word' id='word_1_756' title='bbox 3316 3601 3538 3657; x_wconf 82' lang='lat' dir='ltr'><strong>ﬁumina</strong></span> 
     </span>
    </p>
   </div>
   <div class='ocr_carea' id='block_1_100' title="bbox 1955 3676 3540 3763">
    <p class='ocr_par' dir='ltr' id='par_1_100' title="bbox 1955 3676 3540 3763">
     <span class='ocr_line' id='line_1_100' title="bbox 1955 3676 3540 3763; baseline 0.005 -18"><span class='ocrx_word' id='word_1_757' title='bbox 1955 3691 2239 3761; x_wconf 80' lang='lat' dir='ltr'><strong>fontesque</strong></span> <span class='ocrx_word' id='word_1_758' title='bbox 2291 3693 2359 3747; x_wconf 86' lang='lat' dir='ltr'><strong>de</strong></span> <span class='ocrx_word' id='word_1_759' title='bbox 2407 3699 2593 3757; x_wconf 89' lang='lat' dir='ltr'><strong>terra;</strong></span> <span class='ocrx_word' id='word_1_760' title='bbox 2652 3691 2966 3746; x_wconf 88' lang='lat' dir='ltr'><strong>latitudines</strong></span> <span class='ocrx_word' id='word_1_761' title='bbox 3014 3702 3177 3763; x_wconf 92' lang='lat' dir='ltr'><strong>atque</strong></span> <span class='ocrx_word' id='word_1_762' title='bbox 3226 3676 3540 3753; x_wconf 74' lang='lat' dir='ltr'><strong>altitudines</strong></span> 
     </span>
    </p>
   </div>
   <div class='ocr_carea' id='block_1_101' title="bbox 1956 3783 3538 3846">
    <p class='ocr_par' dir='ltr' id='par_1_101' title="bbox 1956 3783 3538 3846">
     <span class='ocr_line' id='line_1_101' title="bbox 1956 3783 3538 3846; baseline 0.003 -8"><span class='ocrx_word' id='word_1_763' title='bbox 1956 3783 2164 3839; x_wconf 86' lang='lat' dir='ltr'><strong>maris:</strong></span> <span class='ocrx_word' id='word_1_764' title='bbox 2199 3783 2609 3838; x_wconf 82' lang='lat' dir='ltr'><strong>universitatem</strong></span> <span class='ocrx_word' id='word_1_765' title='bbox 2652 3790 2842 3846; x_wconf 81' lang='lat' dir='ltr'><strong>terrae,</strong></span> <span class='ocrx_word' id='word_1_766' title='bbox 2886 3798 2951 3838; x_wconf 89' lang='lat' dir='ltr'><strong>ac</strong></span> <span class='ocrx_word' id='word_1_767' title='bbox 2996 3785 3309 3841; x_wconf 89' lang='lat' dir='ltr'><strong>nativitates</strong></span> <span class='ocrx_word' id='word_1_768' title='bbox 3350 3801 3538 3842; x_wconf 90' lang='lat' dir='ltr'><strong>eorum</strong></span> 
     </span>
    </p>
   </div>
   <div class='ocr_carea' id='block_1_102' title="bbox 1951 3873 3537 3945">
    <p class='ocr_par' dir='ltr' id='par_1_102' title="bbox 1951 3873 3537 3945">
     <span class='ocr_line' id='line_1_102' title="bbox 1951 3873 3537 3945; baseline 0.004 -18"><span class='ocrx_word' id='word_1_769' title='bbox 1951 3874 2305 3928; x_wconf 86' lang='lat' dir='ltr'><strong>animantium</strong></span> <span class='ocrx_word' id='word_1_770' title='bbox 2328 3888 2448 3942; x_wconf 63' lang='lat' dir='ltr'><strong>quae</strong></span> <span class='ocrx_word' id='word_1_771' title='bbox 2472 3874 2528 3928; x_wconf 87' lang='lat' dir='ltr'><strong>in</strong></span> <span class='ocrx_word' id='word_1_772' title='bbox 2552 3873 2708 3943; x_wconf 88' lang='lat' dir='ltr'><strong>aquis</strong></span> <span class='ocrx_word' id='word_1_773' title='bbox 2739 3874 3033 3945; x_wconf 85' lang='lat' dir='ltr'><strong>gignuntur</strong></span> <span class='ocrx_word' id='word_1_774' title='bbox 3052 3914 3067 3939; x_wconf 92' lang='lat'><strong>,</strong></span> <span class='ocrx_word' id='word_1_775' title='bbox 3117 3883 3173 3930; x_wconf 91' lang='lat' dir='ltr'><strong>ct</strong></span> <span class='ocrx_word' id='word_1_776' title='bbox 3209 3890 3330 3945; x_wconf 80' lang='lat' dir='ltr'><strong>quze</strong></span> <span class='ocrx_word' id='word_1_777' title='bbox 3359 3876 3537 3933; x_wconf 82' lang='lat' dir='ltr'><strong>coale-</strong></span> 
     </span>
    </p>
   </div>
   <div class='ocr_carea' id='block_1_103' title="bbox 1950 3962 3537 4031">
    <p class='ocr_par' dir='ltr' id='par_1_103' title="bbox 1950 3962 3537 4031">
     <span class='ocr_line' id='line_1_103' title="bbox 1950 3962 3537 4031; baseline 0.001 -14"><span class='ocrx_word' id='word_1_778' title='bbox 1950 3970 2112 4017; x_wconf 88' lang='lat' dir='ltr'><strong>scunt</strong></span> <span class='ocrx_word' id='word_1_779' title='bbox 2137 3962 2222 4017; x_wconf 87' lang='lat' dir='ltr'><strong>vel</strong></span> <span class='ocrx_word' id='word_1_780' title='bbox 2250 3962 2500 4020; x_wconf 87' lang='lat' dir='ltr'><strong>oriuntur</strong></span> <span class='ocrx_word' id='word_1_781' title='bbox 2538 3963 2592 4017; x_wconf 89' lang='lat' dir='ltr'><strong>in</strong></span> <span class='ocrx_word' id='word_1_782' title='bbox 2624 3965 2804 4031; x_wconf 87' lang='lat' dir='ltr'><strong>terris,</strong></span> <span class='ocrx_word' id='word_1_783' title='bbox 2837 3963 3040 4020; x_wconf 89' lang='lat' dir='ltr'><strong>nostris</strong></span> <span class='ocrx_word' id='word_1_784' title='bbox 3088 3964 3408 4021; x_wconf 89' lang='lat' dir='ltr'><strong>ministeriis</strong></span> <span class='ocrx_word' id='word_1_785' title='bbox 3454 3965 3537 4021; x_wconf 84' lang='lat' dir='ltr'><strong>vel</strong></span> 
     </span>
    </p>
   </div>
   <div class='ocr_carea' id='block_1_104' title="bbox 1950 4052 3536 4126">
    <p class='ocr_par' dir='ltr' id='par_1_104' title="bbox 1950 4052 3536 4126">
     <span class='ocr_line' id='line_1_104' title="bbox 1950 4052 3536 4126; baseline 0.005 -21"><span class='ocrx_word' id='word_1_786' title='bbox 1950 4052 2136 4108; x_wconf 88' lang='lat' dir='ltr'><strong>usibus</strong></span> <span class='ocrx_word' id='word_1_787' title='bbox 2161 4053 2432 4123; x_wconf 85' lang='lat' dir='ltr'><strong>deputata.</strong></span> <span class='ocrx_word' id='word_1_788' title='bbox 2468 4052 2593 4111; x_wconf 73' lang='lat' dir='ltr'><strong>llzec</strong></span> <span class='ocrx_word' id='word_1_789' title='bbox 2620 4070 2750 4126; x_wconf 82' lang='lat' dir='ltr'><strong>ergo</strong></span> <span class='ocrx_word' id='word_1_790' title='bbox 2776 4056 2961 4111; x_wconf 88' lang='lat' dir='ltr'><strong>omnia</strong></span> <span class='ocrx_word' id='word_1_791' title='bbox 2982 4064 3040 4112; x_wconf 92' lang='lat' dir='ltr'><strong>et</strong></span> <span class='ocrx_word' id='word_1_792' title='bbox 3064 4066 3260 4112; x_wconf 71' lang='lat' dir='ltr'><strong>caetera</strong></span> <span class='ocrx_word' id='word_1_793' title='bbox 3289 4057 3536 4114; x_wconf 81' lang='lat' dir='ltr'><strong>innume—</strong></span> 
     </span>
    </p>
   </div>
   <div class='ocr_carea' id='block_1_105' title="bbox 1950 4143 3533 4219">
    <p class='ocr_par' dir='ltr' id='par_1_105' title="bbox 1950 4143 3533 4219">
     <span class='ocr_line' id='line_1_105' title="bbox 1950 4143 3533 4219; baseline 0.005 -22"><span class='ocrx_word' id='word_1_794' title='bbox 1950 4143 2141 4197; x_wconf 88' lang='lat' dir='ltr'><strong>rabilia</strong></span> <span class='ocrx_word' id='word_1_795' title='bbox 2188 4144 2583 4214; x_wconf 67' lang='lat' dir='ltr'><strong>prmtermitto:</strong></span> <span class='ocrx_word' id='word_1_796' title='bbox 2633 4146 2738 4201; x_wconf 88' lang='lat' dir='ltr'><strong>hoc</strong></span> <span class='ocrx_word' id='word_1_797' title='bbox 2785 4145 2993 4213; x_wconf 90' lang='lat' dir='ltr'><strong>solum,</strong></span> <span class='ocrx_word' id='word_1_798' title='bbox 3043 4149 3187 4219; x_wconf 91' lang='lat' dir='ltr'><strong>quod</strong></span> <span class='ocrx_word' id='word_1_799' title='bbox 3232 4164 3302 4205; x_wconf 91' lang='lat' dir='ltr'><strong>ne</strong></span> <span class='ocrx_word' id='word_1_800' title='bbox 3330 4150 3533 4206; x_wconf 85' lang='lat' dir='ltr'><strong>volenti</strong></span> 
     </span>
    </p>
   </div>
   <div class='ocr_carea' id='block_1_106' title="bbox 1949 4235 3526 4310">
    <p class='ocr_par' dir='ltr' id='par_1_106' title="bbox 1949 4235 3526 4310">
     <span class='ocr_line' id='line_1_106' title="bbox 1949 4235 3526 4310; baseline 0.004 -21"><span class='ocrx_word' id='word_1_801' title='bbox 1949 4235 2163 4303; x_wconf 88' lang='lat' dir='ltr'><strong>quidem</strong></span> <span class='ocrx_word' id='word_1_802' title='bbox 2186 4236 2465 4306; x_wconf 78' lang='lat' dir='ltr'><strong>praeterire</strong></span> <span class='ocrx_word' id='word_1_803' title='bbox 2483 4236 2738 4306; x_wconf 70' lang='lat' dir='ltr'><strong>possibile</strong></span> <span class='ocrx_word' id='word_1_804' title='bbox 2759 4247 2863 4303; x_wconf 87' lang='lat' dir='ltr'><strong>est,</strong></span> <span class='ocrx_word' id='word_1_805' title='bbox 2886 4239 3049 4294; x_wconf 89' lang='lat' dir='ltr'><strong>silere</strong></span> <span class='ocrx_word' id='word_1_806' title='bbox 3078 4255 3184 4295; x_wconf 91' lang='lat' dir='ltr'><strong>non</strong></span> <span class='ocrx_word' id='word_1_807' title='bbox 3209 4256 3526 4310; x_wconf 86' lang='lat' dir='ltr'><strong>possumus:</strong></span> 
     </span>
    </p>
   </div>
   <div class='ocr_carea' id='block_1_107' title="bbox 1950 4327 3532 4400">
    <p class='ocr_par' dir='ltr' id='par_1_107' title="bbox 1950 4327 3532 4400">
     <span class='ocr_line' id='line_1_107' title="bbox 1950 4327 3532 4400; baseline 0.004 -19"><span class='ocrx_word' id='word_1_808' title='bbox 1950 4336 2005 4381; x_wconf 87' lang='lat' dir='ltr'><strong>et</strong></span> <span class='ocrx_word' id='word_1_809' title='bbox 2029 4327 2278 4397; x_wconf 86' lang='lat' dir='ltr'><strong>quamvis</strong></span> <span class='ocrx_word' id='word_1_810' title='bbox 2304 4328 2533 4383; x_wconf 87' lang='lat' dir='ltr'><strong>reticere</strong></span> <span class='ocrx_word' id='word_1_811' title='bbox 2561 4330 2792 4398; x_wconf 89' lang='lat' dir='ltr'><strong>gratiam</strong></span> <span class='ocrx_word' id='word_1_812' title='bbox 2818 4346 2926 4385; x_wconf 92' lang='lat' dir='ltr'><strong>non</strong></span> <span class='ocrx_word' id='word_1_813' title='bbox 2956 4331 3331 4400; x_wconf 84' lang='lat' dir='ltr'><strong>sitpossibile,</strong></span> <span class='ocrx_word' id='word_1_814' title='bbox 3364 4335 3532 4390; x_wconf 83' lang='lat' dir='ltr'><strong>multo</strong></span> 
     </span>
    </p>
   </div>
   <div class='ocr_carea' id='block_1_108' title="bbox 1950 4400 3530 4495">
    <p class='ocr_par' dir='ltr' id='par_1_108' title="bbox 1950 4400 3530 4495">
     <span class='ocr_line' id='line_1_108' title="bbox 1950 4400 3530 4495; baseline 0.007 -26"><span class='ocrx_word' id='word_1_815' title='bbox 1950 4424 2128 4473; x_wconf 90' lang='lat' dir='ltr'><strong>tamen</strong></span> <span class='ocrx_word' id='word_1_816' title='bbox 2152 4400 2548 4488; x_wconf 45' lang='lat' dir='ltr'><strong>impossibiliu&#39;s</strong></span> <span class='ocrx_word' id='word_1_817' title='bbox 2570 4426 2655 4474; x_wconf 88' lang='lat' dir='ltr'><strong>est</strong></span> <span class='ocrx_word' id='word_1_818' title='bbox 2675 4428 2734 4474; x_wconf 92' lang='lat' dir='ltr'><strong>ut</strong></span> <span class='ocrx_word' id='word_1_819' title='bbox 2755 4419 2977 4488; x_wconf 82' lang='lat' dir='ltr'><strong>dignum</strong></span> <span class='ocrx_word' id='word_1_820' title='bbox 3003 4429 3088 4476; x_wconf 88' lang='lat' dir='ltr'><strong>est</strong></span> <span class='ocrx_word' id='word_1_821' title='bbox 3111 4431 3165 4477; x_wconf 91' lang='lat' dir='ltr'><strong>et</strong></span> <span class='ocrx_word' id='word_1_822' title='bbox 3187 4432 3245 4480; x_wconf 88' lang='lat' dir='ltr'><strong>ut</strong></span> <span class='ocrx_word' id='word_1_823' title='bbox 3270 4429 3530 4495; x_wconf 77' lang='lat' dir='ltr'><strong>competit</strong></span> 
     </span>
    </p>
   </div>
   <div class='ocr_carea' id='block_1_109' title="bbox 1945 4507 3527 4583">
    <p class='ocr_par' dir='ltr' id='par_1_109' title="bbox 1945 4507 3527 4583">
     <span class='ocr_line' id='line_1_109' title="bbox 1945 4507 3527 4583; baseline 0.004 -22"><span class='ocrx_word' id='word_1_824' title='bbox 1945 4507 2221 4579; x_wconf 87' lang='lat' dir='ltr'><strong>proloqui:</strong></span> <span class='ocrx_word' id='word_1_825' title='bbox 2248 4509 2373 4573; x_wconf 89' lang='lat' dir='ltr'><strong>hoc,</strong></span> <span class='ocrx_word' id='word_1_826' title='bbox 2404 4509 2648 4579; x_wconf 89' lang='lat' dir='ltr'><strong>inquam,</strong></span> <span class='ocrx_word' id='word_1_827' title='bbox 2674 4520 2937 4579; x_wconf 91' lang='lat' dir='ltr'><strong>quantum</strong></span> <span class='ocrx_word' id='word_1_828' title='bbox 2959 4519 3063 4577; x_wconf 90' lang='lat' dir='ltr'><strong>est,</strong></span> <span class='ocrx_word' id='word_1_829' title='bbox 3079 4514 3221 4583; x_wconf 91' lang='lat' dir='ltr'><strong>quod</strong></span> <span class='ocrx_word' id='word_1_830' title='bbox 3246 4515 3527 4570; x_wconf 86' lang='lat' dir='ltr'><strong>scientiam</strong></span> 
     </span>
    </p>
   </div>
   <div class='ocr_carea' id='block_1_110' title="bbox 1944 4600 3531 4669">
    <p class='ocr_par' dir='ltr' id='par_1_110' title="bbox 1944 4600 3531 4669">
     <span class='ocr_line' id='line_1_110' title="bbox 1944 4600 3531 4669; baseline 0.006 -15"><span class='ocrx_word' id='word_1_831' title='bbox 1944 4600 2025 4654; x_wconf 88' lang='lat' dir='ltr'><strong>sui</strong></span> <span class='ocrx_word' id='word_1_832' title='bbox 2057 4602 2278 4656; x_wconf 89' lang='lat' dir='ltr'><strong>donavit</strong></span> <span class='ocrx_word' id='word_1_833' title='bbox 2306 4603 2510 4658; x_wconf 86' lang='lat' dir='ltr'><strong>homini</strong></span> <span class='ocrx_word' id='word_1_834' title='bbox 2540 4603 2707 4669; x_wconf 90' lang='lat' dir='ltr'><strong>Deus,</strong></span> <span class='ocrx_word' id='word_1_835' title='bbox 2750 4612 2803 4659; x_wconf 90' lang='lat' dir='ltr'><strong>et</strong></span> <span class='ocrx_word' id='word_1_836' title='bbox 2843 4607 3162 4666; x_wconf 81' lang='lat' dir='ltr'><strong>rationabile</strong></span> <span class='ocrx_word' id='word_1_837' title='bbox 3185 4608 3381 4664; x_wconf 90' lang='lat' dir='ltr'><strong>animal</strong></span> <span class='ocrx_word' id='word_1_838' title='bbox 3407 4623 3531 4663; x_wconf 78' lang='lat' dir='ltr'><strong>esse.</strong></span> 
     </span>
    </p>
   </div>
   <div class='ocr_carea' id='block_1_111' title="bbox 1946 4692 3531 4768">
    <p class='ocr_par' dir='ltr' id='par_1_111' title="bbox 1946 4692 3531 4768">
     <span class='ocr_line' id='line_1_111' title="bbox 1946 4692 3531 4768; baseline 0.006 -24"><span class='ocrx_word' id='word_1_839' title='bbox 1946 4692 2075 4746; x_wconf 81' lang='lat' dir='ltr'><strong>fecit</strong></span> <span class='ocrx_word' id='word_1_840' title='bbox 2102 4693 2157 4746; x_wconf 92' lang='lat' dir='ltr'><strong>in</strong></span> <span class='ocrx_word' id='word_1_841' title='bbox 2188 4693 2373 4758; x_wconf 88' lang='lat' dir='ltr'><strong>terris,</strong></span> <span class='ocrx_word' id='word_1_842' title='bbox 2410 4701 2464 4749; x_wconf 87' lang='lat' dir='ltr'><strong>et</strong></span> <span class='ocrx_word' id='word_1_843' title='bbox 2505 4694 2796 4751; x_wconf 78' lang='lat' dir='ltr'><strong>ineﬁ&#39;abilis</strong></span> <span class='ocrx_word' id='word_1_844' title='bbox 2822 4698 3059 4767; x_wconf 86' lang='lat' dir='ltr'><strong>paradisi</strong></span> <span class='ocrx_word' id='word_1_845' title='bbox 3082 4700 3229 4755; x_wconf 88' lang='lat' dir='ltr'><strong>abuti</strong></span> <span class='ocrx_word' id='word_1_846' title='bbox 3257 4698 3531 4768; x_wconf 72' lang='lat' dir='ltr'><strong>voluptate</strong></span> 
     </span>
    </p>
   </div>
   <div class='ocr_carea' id='block_1_112' title="bbox 1947 4785 3530 4858">
    <p class='ocr_par' dir='ltr' id='par_1_112' title="bbox 1947 4785 3530 4858">
     <span class='ocr_line' id='line_1_112' title="bbox 1947 4785 3530 4858; baseline 0.006 -21"><span class='ocrx_word' id='word_1_847' title='bbox 1947 4799 2011 4838; x_wconf 88' lang='lat' dir='ltr'><strong>ac</strong></span> <span class='ocrx_word' id='word_1_848' title='bbox 2046 4787 2241 4839; x_wconf 90' lang='lat' dir='ltr'><strong>decore</strong></span> <span class='ocrx_word' id='word_1_849' title='bbox 2267 4785 2581 4841; x_wconf 87' lang='lat' dir='ltr'><strong>concessit?</strong></span> <span class='ocrx_word' id='word_1_850' title='bbox 2615 4800 2882 4857; x_wconf 86' lang='lat' dir='ltr'><strong>quemque</strong></span> <span class='ocrx_word' id='word_1_851' title='bbox 2919 4790 3188 4858; x_wconf 88' lang='lat' dir='ltr'><strong>serpentis</strong></span> <span class='ocrx_word' id='word_1_852' title='bbox 3219 4798 3335 4845; x_wconf 84' lang='lat' dir='ltr'><strong>arte</strong></span> <span class='ocrx_word' id='word_1_853' title='bbox 3371 4791 3530 4847; x_wconf 80' lang='lat' dir='ltr'><strong>dccc-</strong></span> 
     </span>
    </p>
   </div>
   <div class='ocr_carea' id='block_1_113' title="bbox 1945 4877 3524 4953">
    <p class='ocr_par' dir='ltr' id='par_1_113' title="bbox 1945 4877 3524 4953">
     <span class='ocr_line' id='line_1_113' title="bbox 1945 4877 3524 4953; baseline 0.004 -24"><span class='ocrx_word' id='word_1_854' title='bbox 1945 4884 2117 4945; x_wconf 89' lang='lat' dir='ltr'><strong>ptum,</strong></span> <span class='ocrx_word' id='word_1_855' title='bbox 2152 4885 2206 4930; x_wconf 88' lang='lat' dir='ltr'><strong>et</strong></span> <span class='ocrx_word' id='word_1_856' title='bbox 2251 4877 2302 4931; x_wconf 92' lang='lat' dir='ltr'><strong>in</strong></span> <span class='ocrx_word' id='word_1_857' title='bbox 2347 4884 2626 4946; x_wconf 85' lang='lat' dir='ltr'><strong>peccatum</strong></span> <span class='ocrx_word' id='word_1_858' title='bbox 2662 4877 2895 4953; x_wconf 88' lang='lat' dir='ltr'><strong>lapsum,</strong></span> <span class='ocrx_word' id='word_1_859' title='bbox 2928 4895 2993 4935; x_wconf 93' lang='lat' dir='ltr'><strong>ac</strong></span> <span class='ocrx_word' id='word_1_860' title='bbox 3023 4895 3117 4949; x_wconf 89' lang='lat' dir='ltr'><strong>per</strong></span> <span class='ocrx_word' id='word_1_861' title='bbox 3157 4889 3440 4950; x_wconf 83' lang='lat' dir='ltr'><strong>peccatum</strong></span> <span class='ocrx_word' id='word_1_862' title='bbox 3472 4883 3524 4936; x_wconf 88' lang='lat' dir='ltr'><strong>in</strong></span> 
     </span>
    </p>
   </div>
   <div class='ocr_carea' id='block_1_114' title="bbox 1948 4964 3525 5040">
    <p class='ocr_par' dir='ltr' id='par_1_114' title="bbox 1948 4964 3525 5040">
     <span class='ocr_line' id='line_1_114' title="bbox 1948 4964 3525 5040; baseline 0.004 -22"><span class='ocrx_word' id='word_1_863' title='bbox 1948 4972 2177 5021; x_wconf 82' lang='lat' dir='ltr'><strong>mortem</strong></span> <span class='ocrx_word' id='word_1_864' title='bbox 2208 4964 2539 5029; x_wconf 83' lang='lat' dir='ltr'><strong>devolutum,</strong></span> <span class='ocrx_word' id='word_1_865' title='bbox 2564 4981 2905 5036; x_wconf 84' lang='lat' dir='ltr'><strong>nequaquam</strong></span> <span class='ocrx_word' id='word_1_866' title='bbox 2931 4968 3201 5036; x_wconf 78' lang='lat' dir='ltr'><strong>despexit;</strong></span> <span class='ocrx_word' id='word_1_867' title='bbox 3234 4970 3329 5024; x_wconf 91' lang='lat' dir='ltr'><strong>sed</strong></span> <span class='ocrx_word' id='word_1_868' title='bbox 3354 4968 3525 5040; x_wconf 87' lang='lat' dir='ltr'><strong>legem</strong></span> 
     </span>
    </p>
   </div>
   <div class='ocr_carea' id='block_1_115' title="bbox 1948 5054 3529 5132">
    <p class='ocr_par' dir='ltr' id='par_1_115' title="bbox 1948 5054 3529 5132">
     <span class='ocr_line' id='line_1_115' title="bbox 1948 5054 3529 5132; baseline 0.004 -23"><span class='ocrx_word' id='word_1_869' title='bbox 1948 5057 2002 5115; x_wconf 88' lang='lat' dir='ltr'><strong>in</strong></span> <span class='ocrx_word' id='word_1_870' title='bbox 2026 5054 2351 5124; x_wconf 80' lang='lat' dir='ltr'><strong>adiutorium</strong></span> <span class='ocrx_word' id='word_1_871' title='bbox 2372 5056 2542 5122; x_wconf 88' lang='lat' dir='ltr'><strong>dedit,</strong></span> <span class='ocrx_word' id='word_1_872' title='bbox 2566 5057 2808 5127; x_wconf 63' lang='lat' dir='ltr'><strong>prati‘ecit</strong></span> <span class='ocrx_word' id='word_1_873' title='bbox 2827 5059 3070 5130; x_wconf 87' lang='lat' dir='ltr'><strong>angelos,</strong></span> <span class='ocrx_word' id='word_1_874' title='bbox 3093 5061 3385 5117; x_wconf 86' lang='lat' dir='ltr'><strong>destinavit</strong></span> <span class='ocrx_word' id='word_1_875' title='bbox 3409 5077 3529 5132; x_wconf 57' lang='lat' dir='ltr'><strong>pro</strong></span> 
     </span>
    </p>
   </div>
   <div class='ocr_carea' id='block_1_116' title="bbox 1948 5147 3527 5217">
    <p class='ocr_par' dir='ltr' id='par_1_116' title="bbox 1948 5147 3527 5217">
     <span class='ocr_line' id='line_1_116' title="bbox 1948 5147 3527 5217; baseline 0.004 -16"><span class='ocrx_word' id='word_1_876' title='bbox 1948 5147 2177 5217; x_wconf 84' lang='lat' dir='ltr'><strong>phetas;</strong></span> <span class='ocrx_word' id='word_1_877' title='bbox 2218 5155 2443 5203; x_wconf 88' lang='lat' dir='ltr'><strong>conatus</strong></span> <span class='ocrx_word' id='word_1_878' title='bbox 2471 5147 2690 5207; x_wconf 75' lang='lat' dir='ltr'><strong>malitiae</strong></span> <span class='ocrx_word' id='word_1_879' title='bbox 2725 5150 3207 5207; x_wconf 86' lang='lat' dir='ltr'><strong>oomminationum</strong></span> <span class='ocrx_word' id='word_1_880' title='bbox 3237 5155 3527 5210; x_wconf 85' lang='lat' dir='ltr'><strong>severitate</strong></span> 
     </span>
    </p>
   </div>
   <div class='ocr_carea' id='block_1_117' title="bbox 1948 5238 3525 5309">
    <p class='ocr_par' dir='ltr' id='par_1_117' title="bbox 1948 5238 3525 5309">
     <span class='ocr_line' id='line_1_117' title="bbox 1948 5238 3525 5309; baseline 0.003 -15"><span class='ocrx_word' id='word_1_881' title='bbox 1948 5239 2316 5309; x_wconf 82' lang='lat' dir='ltr'><strong>compescuit;</strong></span> <span class='ocrx_word' id='word_1_882' title='bbox 2373 5239 2636 5297; x_wconf 85' lang='lat' dir='ltr'><strong>bonorum</strong></span> <span class='ocrx_word' id='word_1_883' title='bbox 2691 5238 2958 5295; x_wconf 89' lang='lat' dir='ltr'><strong>desideria</strong></span> <span class='ocrx_word' id='word_1_884' title='bbox 3007 5242 3525 5299; x_wconf 84' lang='lat' dir='ltr'><strong>muniﬁcentissimis</strong></span> 
     </span>
    </p>
   </div>
   <div class='ocr_carea' id='block_1_118' title="bbox 1948 5330 3525 5405">
    <p class='ocr_par' dir='ltr' id='par_1_118' title="bbox 1948 5330 3525 5405">
     <span class='ocr_line' id='line_1_118' title="bbox 1948 5330 3525 5405; baseline 0.004 -21"><span class='ocrx_word' id='word_1_885' title='bbox 1948 5332 2457 5400; x_wconf 87' lang='lat' dir='ltr'><strong>repromissionibus</strong></span> <span class='ocrx_word' id='word_1_886' title='bbox 2480 5330 2810 5401; x_wconf 89' lang='lat' dir='ltr'><strong>provocavit,</strong></span> <span class='ocrx_word' id='word_1_887' title='bbox 2843 5340 2899 5385; x_wconf 90' lang='lat' dir='ltr'><strong>et</strong></span> <span class='ocrx_word' id='word_1_888' title='bbox 2931 5332 3091 5389; x_wconf 89' lang='lat' dir='ltr'><strong>ﬁnem</strong></span> <span class='ocrx_word' id='word_1_889' title='bbox 3121 5335 3402 5405; x_wconf 86' lang='lat' dir='ltr'><strong>utriusque</strong></span> <span class='ocrx_word' id='word_1_890' title='bbox 3426 5337 3525 5391; x_wconf 67' lang='lat' dir='ltr'><strong>via)</strong></span> 
     </span>
    </p>
   </div>
   <div class='ocr_carea' id='block_1_119' title="bbox 1948 5420 3521 5495">
    <p class='ocr_par' dir='ltr' id='par_1_119' title="bbox 1948 5420 3521 5495">
     <span class='ocr_line' id='line_1_119' title="bbox 1948 5420 3521 5495; baseline 0.003 -20"><span class='ocrx_word' id='word_1_891' title='bbox 1948 5431 2148 5477; x_wconf 77' lang='lat' dir='ltr'><strong>nosth</strong></span> <span class='ocrx_word' id='word_1_892' title='bbox 2171 5423 2225 5476; x_wconf 88' lang='lat' dir='ltr'><strong>in</strong></span> <span class='ocrx_word' id='word_1_893' title='bbox 2250 5421 2435 5477; x_wconf 91' lang='lat' dir='ltr'><strong>multis</strong></span> <span class='ocrx_word' id='word_1_894' title='bbox 2456 5420 2777 5490; x_wconf 84' lang='lat' dir='ltr'><strong>imaginibus</strong></span> <span class='ocrx_word' id='word_1_895' title='bbox 2796 5423 3164 5494; x_wconf 58' lang='lat' dir='ltr'><strong>praesignavit.</strong></span> <span class='ocrx_word' id='word_1_896' title='bbox 3181 5423 3375 5495; x_wconf 84' lang='lat' dir='ltr'><strong>Verum</strong></span> <span class='ocrx_word' id='word_1_897' title='bbox 3397 5441 3521 5487; x_wconf 84' lang='lat' dir='ltr'><strong>cum</strong></span> 
     </span>
    </p>
   </div>
   <div class='ocr_carea' id='block_1_120' title="bbox 1947 5511 3524 5585">
    <p class='ocr_par' dir='ltr' id='par_1_120' title="bbox 1947 5511 3524 5585">
     <span class='ocr_line' id='line_1_120' title="bbox 1947 5511 3524 5585; baseline 0.002 -17"><span class='ocrx_word' id='word_1_898' title='bbox 1947 5523 2071 5585; x_wconf 84' lang='lat' dir='ltr'><strong>post</strong></span> <span class='ocrx_word' id='word_1_899' title='bbox 2095 5513 2211 5567; x_wconf 77' lang='lat' dir='ltr'><strong>haec</strong></span> <span class='ocrx_word' id='word_1_900' title='bbox 2232 5512 2414 5567; x_wconf 89' lang='lat' dir='ltr'><strong>omnia</strong></span> <span class='ocrx_word' id='word_1_901' title='bbox 2437 5512 2490 5567; x_wconf 84' lang='lat' dir='ltr'><strong>in</strong></span> <span class='ocrx_word' id='word_1_902' title='bbox 2514 5511 2670 5568; x_wconf 89' lang='lat' dir='ltr'><strong>malis</strong></span> <span class='ocrx_word' id='word_1_903' title='bbox 2706 5513 2904 5569; x_wconf 81' lang='lat' dir='ltr'><strong>nostri:</strong></span> <span class='ocrx_word' id='word_1_904' title='bbox 2937 5514 3400 5575; x_wconf 84' lang='lat' dir='ltr'><strong>incredulitatibus</strong></span> <span class='ocrx_word' id='word_1_905' title='bbox 3426 5518 3524 5571; x_wconf 61' lang='lat' dir='ltr'><strong>«tu.</strong></span> 
     </span>
    </p>
   </div>
   <div class='ocr_carea' id='block_1_121' title="bbox 1950 5605 3523 5689">
    <p class='ocr_par' dir='ltr' id='par_1_121' title="bbox 1950 5605 3523 5689">
     <span class='ocr_line' id='line_1_121' title="bbox 1950 5605 3523 5689; baseline 0.01 -31"><span class='ocrx_word' id='word_1_906' title='bbox 1950 5618 2213 5664; x_wconf 86' lang='lat' dir='ltr'><strong>rarcmus,</strong></span> <span class='ocrx_word' id='word_1_907' title='bbox 2243 5616 2349 5656; x_wconf 91' lang='lat' dir='ltr'><strong>non</strong></span> <span class='ocrx_word' id='word_1_908' title='bbox 2378 5611 2460 5658; x_wconf 86' lang='lat' dir='ltr'><strong>est</strong></span> <span class='ocrx_word' id='word_1_909' title='bbox 2483 5617 2724 5671; x_wconf 81' lang='lat' dir='ltr'><strong>aversus,</strong></span> <span class='ocrx_word' id='word_1_910' title='bbox 2750 5620 2849 5660; x_wconf 75' lang='lat' dir='ltr'><strong>nec</strong></span> <span class='ocrx_word' id='word_1_911' title='bbox 2879 5605 3169 5675; x_wconf 89' lang='lat' dir='ltr'><strong>dereliquit</strong></span> <span class='ocrx_word' id='word_1_912' title='bbox 3195 5623 3292 5663; x_wconf 87' lang='lat' dir='ltr'><strong>nos</strong></span> <span class='ocrx_word' id='word_1_913' title='bbox 3321 5608 3393 5689; x_wconf 73' lang='lat' dir='ltr'><strong>pii</strong></span> <span class='ocrx_word' id='word_1_914' title='bbox 3418 5607 3523 5673; x_wconf 69' lang='grc' dir='ltr'><strong>ῐὶοπ</strong></span> 
     </span>
    </p>
   </div>
   <div class='ocr_carea' id='block_1_122' title="bbox 2932 5698 2999 5771">
    <p class='ocr_par' dir='ltr' id='par_1_122' title="bbox 2932 5698 2999 5771">
     <span class='ocr_line' id='line_1_122' title="bbox 2932 5698 2999 5771; baseline -0.03 0"><span class='ocrx_word' id='word_1_915' title='bbox 2932 5698 2999 5771; x_wconf 83' lang='grc'><strong>16</strong></span> 
     </span>
    </p>
   </div>
  </div>
