3942 6190
399 230 491 290 ω)

1442 225 1499 281 S.
1545 224 1904 281 BENEDICTI
1942 223 2233 280 ABBATSS
2269 222 2679 279 ANIANENSIS

3558 229 3672 285 4P3

406 348 538 402 mini
585 343 838 408 bonitas;
879 355 1053 411 neque
1100 356 1223 396 cum
1258 339 1536 396 beneﬁciis
1576 340 1693 408 ejus
1741 353 1987 394 essemus
2014 338 2063 398 Λ
2090 336 2349 407 quidquid
2388 337 2666 392 confertur
2708 340 2759 391 in
2790 338 3118 407 proximum.
3158 336 3224 391 Et
3254 335 3471 406 quidem
3508 339 3554 392 iu
3581 342 3676 395 his

404 437 630 510 ingrati,
659 443 907 491 avertere
950 434 1226 504 potuimus
1257 438 1311 487 et
1359 431 1647 488 excludere
1686 431 1993 486 misericor—

406 529 555 584 diam
582 527 700 597 ejus
724 541 755 579 a
786 524 942 579 nobis
967 541 981 575 :
1024 522 1117 578 sed
1152 536 1473 577 revocamur
1502 537 1533 575 a
1559 529 1751 584 morte,
1796 529 1853 576 et
1894 520 1993 574 ite-

410 634 529 674 rum
559 616 902 672 viviﬁcamur
926 628 1024 683 per
1043 613 1329 667 Dominum
1357 620 1602 666 nostrum
1631 610 1815 666 Iesum
1837 610 1995 664 Chri-

407 724 576 777 stum,
607 711 710 776 Qui
731 720 849 763 cum
877 709 930 762 in
959 707 1130 777 forma
1156 706 1254 760 Dei
1280 716 1433 771 esset,
1458 723 1562 760 non
1590 706 1829 776 rapinam
1852 703 1996 757 arbi-

409 818 580 861 tratus
601 814 675 859 est
707 820 817 858 esse
857 819 912 856 se
943 800 1196 872 a'qualem
1227 800 1374 854 Deo:
1414 800 1503 853 sed
1540 800 1871 868 semetipsum
1899 812 1992 850 ex-

408 898 651 963 iuanivit,
675 897 900 966 formam
918 894 1049 947 servi
1068 893 1328 962 accipiens
1348 888 1512 963 (Phil.
1540 890 1625 961 ιι).
1649 890 1994 959 Infirmitates

408 1001 618 1044 nostra:
642 988 861 1058 accepit,
891 996 937 1040 et
969 984 1305 1055 agrifudiues
1328 991 1531 1041 nostras
1554 984 1798 1054 portarit,
1824 991 1871 1035 et
1900 999 1994 1051 pro

410 1078 560 1134 nobis
585 1076 885 1133 vulneratus
913 1084 1012 1137 est,
1038 1083 1095 1127 ut
1125 1073 1286 1127 livore
1320 1072 1463 1127 illius
1492 1089 1804 1128 sanarentur
1846 1070 1990 1144 (lsa.

411 1169 551 1241 Lm).
585 1169 652 1222 Et
693 1186 726 1221 a
768 1166 1045 1220 maledicto
1085 1181 1178 1218 nos
1220 1164 1465 1229 redemit,
1512 1165 1683 1234 factus
1724 1180 1817 1233 pro
1848 1164 1995 1217 uobis

410 1260 749 1317 maledictum
784 1256 926 1329 (Gal.
959 1256 1065 1327 ιιι).
1098 1257 1165 1312 Et
1194 1264 1369 1311 morte
1399 1256 1711 1325 turpissima
1741 1256 1998 1308 condem-

412 1362 573 1408 natus
601 1358 703 1417 est,
731 1359 790 1404 ut
818 1365 918 1404 nos
950 1357 1231 1404 revocaret
1262 1348 1328 1401 ad
1354 1349 1539 1401 vitam.
1570 1347 1681 1415 Nec
1711 1345 1909 1401 snﬁicit
1945 1347 1995 1400 ei

412 1442 691 1497 viviﬁcare
733 1455 830 1494 nos
860 1448 1122 1504 mortuos,
1152 1439 1245 1493 sed
1274 1446 1330 1491 et
1356 1438 1657 1493 divinitatis
1685 1453 1796 1493 suae
1829 1439 1997 1508 parti-

410 1526 615 1605 cipium
648 1533 871 1598 tribuit,
924 1541 979 1586 et
1032 1546 1229 1585 munus
1264 1530 1582 1584 mternitatis
1628 1529 1905 1599 indulget;
1943 1538 1997 1584 et

414 1642 578 1697 supra
597 1640 758 1681 omne
781 1625 923 1694 quod
944 1623 1027 1679 vel
1049 1630 1236 1692 petere
1256 1622 1342 1676 vel
1364 1622 1663 1692 intelligere
1684 1635 1992 1691 possumus,

2093 426 2184 496 qui
2226 427 2376 481 initia
2402 428 2605 480 habent
2631 427 2697 480 ad
2736 428 2982 481 timorem
3025 426 3271 491 Domini,
3301 435 3358 482 et
3377 427 3446 482 ad
3471 428 3677 498 primos

2094 516 2272 570 aditus
2298 516 2574 585 re'igionis
2599 518 2895 581 accedunt,
2946 517 3119 587 prima
3158 516 3429 573 institutio
3458 526 3540 573 est
3565 520 3679 575 uti-

2095 605 2197 660 lior
2214 620 2312 674 per
2338 607 2606 672 timorem,
2627 607 2922 661 secundum
2942 607 3263 663 sententiam
3293 610 3683 677 sapientissimi

2096 698 2423 763 Salomonis,
2455 698 2716 753 dicentis:
2748 697 2970 752 Initium
2992 699 3264 768 sapientia:
3288 699 3446 752 timor
3467 698 3684 757 Domini

2097 788 2278 861 (Prov.
2304 791 2365 861 t).
2387 790 2623 860 ldipsum
2644 789 2881 844 etiamin
2906 788 3129 858 psalmis
3157 788 3352 859 legitur
3369 786 3543 861 (Psal.
3561 790 3682 861 ex).

2096 883 2205 937 Vos
2230 896 2359 935 vero
2390 880 2608 947 fratres,
2640 880 2731 951 qui
2749 880 2861 951 jam
2885 881 3092 951 parvuli
3120 880 3173 934 in
3198 880 3416 937 Christo
3445 895 3564 937 esse
3587 881 3691 935 (ιθ-ν

2097 975 2286 1040 siistis,
2321 990 2423 1030 nec
2468 975 2608 1029 ultra
2654 974 2795 1028 laete.
2838 974 3124 1044 indigetis,
3172 974 3322 1029 cibos
3366 974 3567 1029 solidos
3614 989 3688 1030 ex

2097 1069 2406 1137 dogmatum
2451 1066 2709 1121 ﬁrmitate
2756 1066 3083 1135 perquirite,
3131 1065 3199 1120 ad
3244 1066 3588 1121 nutriendum
3630 1074 3690 1120 et

2096 1160 2423 1230 pascendum
2455 1159 2768 1213 interiorem
2795 1157 3068 1212 hominem
3094 1157 3146 1229 (I
3169 1155 3292 1212 Cor.
3319 1157 3432 1229 ιιι);
3463 1173 3571 1227 quo
3589 1174 3693 1228 per

2096 1251 2452 1306 eminentiora
2501 1264 2729 1319 qumque
2777 1249 3030 1305 mandata
3071 1249 3352 1317 perveniat
3396 1249 3463 1304 ad
3507 1247 3696 1318 peric.

2098 1352 2265 1407 etum,
2298 1351 2354 1397 et
2383 1344 2436 1397 in
2464 1342 2647 1407 omni,
2691 1357 2810 1410 qua:
2837 1341 2891 1394 in
2920 1340 3139 1396 Christo
3165 1349 3247 1396 est
3273 1341 3527 1407 veritate,
3561 1357 3696 1395 con—

2102 1434 2363 1488 ﬁrmetur.
2402 1432 2814 1488 Observandum
2839 1446 2969 1485 sane
2987 1440 3071 1486 est
3097 1447 3164 1486 ne
3202 1431 3341 1486 forte
3365 1431 3696 1502 eopiosioris

2099 1526 2287 1596 gratim
2318 1524 2529 1593 pondus
2552 1538 2713 1577 causa
2745 1522 2902 1581 nobis
2934 1522 3199 1594 gravioris
3221 1521 3698 1579 condemnationis

2106 1616 2323 1682 cxistat,
2340 1616 2385 1670 si
2407 1615 2601 1686 ingrati
2623 1615 2966 1669 inveniamur
2983 1615 3037 1670 in
3059 1615 3373 1670 muneribus
3394 1614 3696 1686 largitoris.

414 1684 758 1773 credentibus
787 1684 871 1769 vel
895 1684 1239 1785 diligentibus
1262 1728 1320 1768 se
1344 1684 1634 1783 praeparat,
1661 1684 1800 1783 quod
1822 1711 2001 1765 oculus
2034 1684 2077 1742 Β
2109 1709 2238 1764 lllud
2283 1684 2488 1763 autem“
2509 1716 2633 1763 ante
2683 1708 2865 1765 omnia
2912 1708 3364 1762 considerandum
3402 1684 3522 1774 est“,
3564 1709 3701 1780 quia

416 1828 520 1866 non
548 1810 702 1875 vidit,
726 1824 818 1863 nec
845 1808 990 1861 auris
1020 1805 1239 1871 audivit,
1272 1821 1362 1859 nec
1384 1805 1437 1859 in
1463 1821 1555 1858 cor
1577 1805 1803 1859 hominis
1825 1798 2006 1858 ascen-

412 1905 490 1958 dit
523 1902 574 1975 (l
615 1902 737 1957 Cor.
781 1918 851 1966 ιι;
903 1899 1052 1953 Psal.
1097 1897 1242 1971 cxv).
1293 1897 1433 1964 Quid
1481 1912 1611 1968 ergo
1642 1897 2006 1953 retribnemus

415 1994 647 2049 Domino
681 2008 779 2062 pro
820 1990 1072 2065 omnibus
1108 2003 1229 2058 qua:
1263 1986 1516 2041 retribuit
1564 1986 1767 2041 nobis?
1804 1987 2004 2041 Verum

414 2084 506 2140 ille
530 2092 637 2137 tam
663 2082 924 2151 benignus
949 2087 1004 2134 et
1027 2079 1267 2135 clemens
1290 2085 1471 2144 est,ut
1497 2092 1563 2130 ne
1591 2077 2004 2131 retributionem

415 2178 637 2248 quidem
671 2183 955 2245 reposcat;
1000 2174 1092 2229 sed
1120 2172 1318 2228 sufficit
1347 2172 1396 2228 ei
1420 2180 1481 2226 ut
1513 2188 1611 2242 pro
1645 2172 1730 2226 his
1755 2171 2007 2226 omnibus

417 2284 540 2339 qum
567 2268 795 2338 largitus
824 2275 908 2321 est
952 2266 1230 2336 diligatur.
1262 2263 1395 2332 Quis
1429 2278 1559 2335 ergo
1582 2264 1658 2317 ita
1692 2262 2008 2317 irremedia-

420 2360 605 2416 biliter
626 2359 871 2430 ingratus
890 2364 1069 2422 est,ut
1091 2365 1311 2430 propter
1339 2362 1484 2409 tanta
1507 2363 1563 2408 et
1591 2354 1715 2408 talia
1743 2352 2005 2409 benclicia

420 2466 527 2505 non
554 2450 743 2519 diligat
770 2447 1128 2520 largitorem?

490 2541 557 2595 Et
581 2539 649 2595 de
679 2539 946 2593 eharitate
974 2538 1189 2607 quidem
1220 2535 1315 2591 Dei
1348 2536 1451 2591 ista
1476 2534 1779 2592 suﬁiciant:
1812 2551 2008 2608 propo-

417 2630 582 2687 situm
608 2643 842 2698 namque
863 2635 967 2693 est,
997 2635 1057 2681 ut
1081 2626 1329 2697 superius
1367 2626 1630 2694 diximus,
1677 2642 1784 2682 non
1823 2627 2005 2681 omnia

354 2750 355 2753 η
417 2721 628 2785 dicere,
662 2717 995 2790 impossibile
1030 2716 1176 2771 enim
1218 2723 1339 2782 est;
1381 2717 1478 2771 sed
1512 2717 1752 2772 breviter
1787 2725 1841 2770 et
1878 2730 2006 2770 suc-

419 2811 597 2866 cincte
622 2822 1056 2865 commemorare
1095 2822 1159 2861 ea
1192 2821 1313 2876 qua:
1357 2822 1598 2861 amorem
1629 2806 1722 2861 Dei
1764 2806 2005 2861 inserere

420 2901 615 2959 anima:
645 2907 700 2954 et
724 2898 990 2955 suscitare
1017 2897 1307 2953 sulliciant.
1337 2894 1684 2965 Consequens
1714 2894 1829 2964 jam
1862 2910 2006 2950 nunc

419 3000 525 3056 est,
549 2991 715 3045 etiam
743 2989 810 3044 de
835 3003 900 3043 eo
927 2988 1204 3052 mandato,
1226 2987 1370 3055 quod
1397 2986 1586 3041 ordine
1623 2995 1678 3041 et
1699 2986 1899 3043 virtute
1919 3001 2006 3041 se—

423 3081 663 3135 cundum
687 3080 941 3143 diximus,
971 3077 1266 3148 explicare.
1296 3076 1364 3133 Et
1389 3075 1605 3147 quidem
1631 3076 1887 3147 quoniam
1916 3076 2002 3131 lex

418 3186 515 3229 eas
545 3171 774 3225 virtutes
809 3183 929 3239 qua:
953 3169 1149 3224 anima:
1175 3184 1204 3223 a
1236 3167 1495 3223 Creatore
1523 3168 1700 3224 insitae
1725 3178 1872 3234 sunt,
1903 3168 2002 3221 cli-

419 3270 532 3317 met
569 3269 626 3316 et
660 3260 905 3325 excolat,
948 3258 1061 3328 jam
1111 3260 1361 3330 superius
1392 3260 1646 3316 diximus.
1694 3258 1831 3327 Quia
1874 3276 2003 3331 ergo

419 3353 769 3425 prtecipimur
796 3351 1021 3422 diligere
1046 3350 1328 3421 proximos
1348 3351 1489 3407 sicut
1513 3366 1611 3407 nos
1634 3352 1798 3425 ipsos,
1821 3353 2005 3411 videa-

422 3461 544 3501 mus
568 3445 733 3501 etiam
768 3444 813 3500 si
851 3444 993 3499 inest
1018 3444 1175 3499 nobis
1204 3444 1376 3499 virtus
1404 3452 1459 3499 et
1486 3444 1716 3500 facultas
1747 3446 1813 3501 ad
1847 3447 2021 3519 hujus

418 3549 634 3607 quoque
663 3534 901 3590 mandati
932 3533 1314 3604 expletionem.
1344 3532 1412 3588 Et
1456 3533 1580 3604 quis
1621 3535 1834 3606 ignorat
1871 3550 2005 3605 quo-

419 3629 563 3682 niam
592 3628 889 3683 liunianum
925 3624 1130 3680 animal
1154 3632 1209 3680 et
1236 3625 1688 3681 communicabile
1716 3626 1875 3681 homo
1896 3636 2001 3693 est,

418 3730 473 3777 et
509 3702 617 3774 non
649 3727 862 3791 agreste
907 3716 1125 3787 aliquod
1171 3732 1236 3773 ac
1283 3716 1500 3772 ferum?
1536 3716 1681 3772 Nihil
1711 3719 1855 3774 enim
1893 3727 2002 3775 tam

417 3813 694 3885 proprium
720 3822 803 3867 est
832 3820 1039 3866 natura:
1066 3820 1289 3876 nostrae,
1328 3825 1492 3880 quam
1521 3810 1751 3865 alterum
1782 3812 2004 3868 alterius

420 3904 680 3973 indigere,
720 3908 775 3956 et
819 3902 1096 3970 requirere
1125 3901 1382 3967 invicem,
1411 3916 1475 3957 ac
1500 3901 1724 3973 diligere
1749 3904 1891 3972 quod
1919 3920 2004 3960 re-

418 3998 674 4068 quiritur.
702 3996 838 4063 Quia
868 4010 997 4066 ergo
1035 3995 1296 4052 Dominus
1327 3996 1519 4049 harum
1551 3995 1604 4049 in
1640 3996 1794 4051 nobis
1833 3998 2003 4050 virtu-

421 4098 534 4143 tum
564 4087 769 4142 semina
809 4086 1115 4149 seminavit,
1149 4086 1267 4139 sine
1292 4085 1457 4139 dubio
1481 4084 1674 4140 horum
1698 4086 1863 4142 etiam
1896 4086 2004 4140 fru-

420 4189 568 4235 ctum
602 4178 841 4247 requiret
866 4217 880 4240 ,
921 4186 977 4232 et
1004 4177 1372 4231 testimonium
1402 4186 1600 4231 nostrae
1628 4194 1754 4248 erga
1785 4193 1843 4232 se
1871 4179 2003 4232 dile-

419 4270 619 4325 ctionis
656 4268 1000 4324 dilectionem
1060 4267 1287 4337 accipiet
1338 4267 1728 4335 proximorum.
1791 4268 1856 4323 lu
1903 4270 1999 4324 hoc

2103 1800 2278 1871 neque
2307 1801 2453 1855 aliud
2480 1801 2647 1855 ullum
2693 1802 3005 1857 mandatum
3029 1842 3042 1866 ,
3089 1816 3266 1873 neque
3308 1802 3413 1856 hoc
3448 1802 3599 1871 quod
3634 1804 3703 1861 de

2104 1891 2370 1949 cliaritatc
2414 1891 2508 1946 Dei
2552 1898 2608 1944 et
2652 1891 2881 1963 proximi
2919 1892 3264 1962 prtecipitur,
3314 1891 3541 1964 implere
3569 1895 3702 1964 quis

2104 1982 2323 2050 poterit,
2341 1982 2385 2036 si
2414 1997 2511 2055 per
2532 1982 2713 2036 varias
2733 1990 2787 2036 et
2812 1983 3053 2037 diversas
3075 1985 3455 2054 occupationes
3475 1986 3701 2042 animus

2105 2075 2341 2129 aberret.
2368 2076 2474 2129 Sed
2501 2091 2675 2145 neque
2698 2075 2987 2132 artiﬁcium
3017 2077 3206 2143 ullum,
3233 2079 3315 2132 vel
3348 2078 3509 2135 ullius
3536 2080 3703 2136 indu—

2105 2167 2253 2222 strias
2282 2167 2621 2236 disciplinam
2657 2168 2913 2237 possibile
2938 2177 3021 2223 est
3061 2171 3288 2240 adipisci
3328 2187 3421 2227 eos
3450 2174 3542 2243 qui
3587 2172 3704 2228 fre-

2105 2268 2335 2329 quenter
2371 2275 2437 2314 ex
2484 2260 2604 2313 aliis
2637 2262 2703 2315 ad
2743 2260 2846 2314 alia
2890 2261 3307 2317 transferuntur.
3356 2263 3515 2319 Omni
3561 2279 3705 2332 ergo

2105 2351 2349 2405 custodia
2379 2358 2591 2420 oportet
2621 2367 2719 2406 nos
2750 2366 2970 2406 servare
2995 2369 3092 2408 cor
3120 2363 3385 2421 nostrum,
3436 2371 3504 2409 ne
3553 2355 3705 2419 forte

2105 2440 2435 2495 desiderium
2468 2441 2559 2495 Dei
2589 2441 2729 2495 mala
2757 2442 3029 2497 desideria
3060 2452 3115 2498 et
3141 2446 3371 2500 sordida:
3408 2448 3707 2516 cogitatio-

2105 2544 2204 2585 nes
2226 2531 2494 2601 depellant
2518 2533 2716 2587 nostris
2743 2533 2937 2588 animis
2962 2550 3024 2589 ac
3051 2535 3341 2590 detrudant
3369 2535 3550 2609 (Prov.
3583 2534 3701 2610 iv);

2106 2622 2201 2675 sed
2221 2637 2252 2676 e
2272 2622 2546 2677 contrario
2569 2622 2785 2676 assidua
2810 2625 3184 2679 recordatione
3207 2634 3257 2680 et
3287 2627 3549 2681 memoria
3575 2628 3703 2697 Dei,

2107 2710 2334 2766 formam
2360 2712 2758 2781 quodammodo
2782 2729 2851 2769 ac
2875 2715 3101 2785 ﬁguram
3123 2714 3239 2785 ejus
3268 2717 3461 2774 anima:
3491 2728 3706 2775 nostra:

2105 2801 2394 2871 signaculis
2424 2802 2619 2872 singuli
2659 2803 2973 2875 inligamus,
3006 2820 3126 2874 quae
3164 2806 3324 2861 nullis
3364 2816 3531 2877 queat
3567 2822 3706 2878 per-

2105 2895 2507 2950 turbationibus
2531 2894 2754 2950 aboleri.
2790 2895 2882 2951 Sic
2908 2898 3049 2952 enim
3075 2906 3129 2953 et
3154 2899 3477 2954 desiderium
3510 2900 3563 2954 in
3607 2918 3707 2956 no-

2104 2986 2190 3041 bis
2217 2986 2413 3043 divinaa
2448 2986 2729 3042 cliaritatis
2757 2989 3091 3055 accenditur,
3123 2990 3249 3044 dum
3282 2989 3540 3061 frequens
3570 2994 3703 3064 ejus

2106 3079 2366 3133 memoria
2391 3087 2626 3133 mentem
2648 3088 2811 3150 atque
2835 3081 3074 3135 animum
3099 3082 3359 3149 illustrat;
3389 3093 3443 3139 et
3463 3085 3532 3138 ad
3555 3101 3704 3155 opus

2105 3170 2480 3223 mandatorum
2507 3169 2601 3224 Dei
2632 3171 2892 3241 erigimur
2916 3188 2980 3228 ac
3001 3174 3345 3230 suseilamur.
3374 3175 3442 3230 Et
3471 3190 3538 3229 ex
3560 3175 3705 3248 ipsis

2107 3276 2320 3314 rursum
2367 3261 2651 3316 charitatis
2694 3263 2947 3331 operibus
2992 3264 3075 3319 vel
3119 3275 3473 3321 conservatur
3510 3266 3616 3322 Dei
3649 3268 3703 3322 in

2104 3352 2259 3406 nobis
2287 3352 2558 3418 Charitas,
2587 3354 2669 3407 vel
2700 3365 2945 3426 augetur.
2993 3356 3059 3411 Et
3103 3358 3205 3413 hoc
3242 3368 3375 3428 puto
3403 3362 3704 3418 ostendere

2104 3445 2375 3501 volentem
2407 3445 2693 3499 Dominum
2740 3445 2948 3508 dicere,
3003 3447 3290 3517 aliquando
3327 3450 3595 3519 quidem:
3642 3452 3703 3511 Si

2103 3541 2322 3610 diligitis
2349 3558 2448 3608 me,
2493 3541 2745 3596 mandata
2776 3559 2889 3596 mea
2935 3552 3135 3595 servate
3181 3540 3363 3612 (Joan.
3413 3544 3562 3615 Xiv);
3604 3547 3705 3601 ali-

2104 3632 2317 3702 quando
2345 3642 2522 3687 autem
2549 3647 2563 3686 ε
2608 3631 2667 3687 Si
2696 3633 2869 3702 facitis
2897 3650 3014 3701 qua’
3035 3650 3127 3703 ego
3152 3635 3268 3687 dico
3290 3634 3451 3700 vobis,
3484 3654 3705 3706 perma-

2106 3723 2236 3776 netis
2264 3722 2316 3776 in
2344 3723 2598 3777 cltaritate
2628 3740 2783 3784 mea;
2822 3726 2956 3785 sicut
2994 3734 3041 3777 et
3071 3741 3163 3794 ego
3202 3726 3401 3779 servavi
3437 3729 3704 3781 mandata

2106 3811 2287 3867 Patris
2314 3815 2437 3879 mei,
2460 3824 2508 3868 et
2534 3832 2716 3869 maneo
2737 3816 2789 3869 in
2812 3816 3064 3871 charitatc
3092 3816 3204 3887 ejus
3229 3816 3438 3889 (Ibid.).
3467 3818 3548 3873 Ex
3577 3822 3703 3890 qni~

2102 3905 2204 3964 lius
2231 3906 2418 3960 edocet
2450 3920 2577 3967 nos,
2611 3911 2953 3975 prospectum
2982 3905 3162 3974 operis
3189 3907 3359 3960 nostri
3390 3907 3595 3963 debere
3635 3926 3703 3967 ex

2104 4009 2200 4048 sua
2228 3994 2505 4048 voluntate
2535 3994 2807 4065 pcmlere;
2847 4001 2902 4048 ut
2938 4001 3190 4069 tanquam
3215 3994 3492 4063 speculum
3524 4012 3639 4067 quo
3663 4000 3701 4050 l-

2102 4084 2226 4139 dam
2259 4085 2433 4156 ipsum
2459 4084 2740 4150 habentes,
2770 4093 2824 4139 et
2850 4100 3064 4154 semper
3100 4084 3166 4138 ad
3196 4085 3368 4154 ipsum
3394 4088 3701 4161 respicien-

2103 4187 2370 4247 tes,~opus
2395 4187 2640 4232 nostrum
2676 4177 2784 4231 ﬁxo
2821 4179 2887 4232 ad
2936 4178 3111 4247 ipsum
3153 4177 3333 4231 cordis
3374 4178 3539 4233 oculo
3566 4180 3701 4235 diri-

2103 4282 2311 4337 gamus.
2345 4265 2497 4322 Sicut
2522 4267 2668 4321 enim
2698 4265 2927 4321 artiﬁcia
2977 4281 3098 4335 qua:
3132 4267 3184 4321 in
3231 4266 3335 4321 hac
3373 4267 3489 4321 vita
3534 4279 3697 4334 sunt,

416 4363 577 4428 enim,
620 4362 825 4433 inquit,
860 4362 1022 4416 scient
1056 4376 1257 4425 omnes,
1288 4360 1409 4431 quia
1452 4360 1556 4413 mei
1582 4360 1826 4431 discipuli
1855 4364 1996 4429 estis,
2028 4372 2077 4430 ι)
2104 4366 2446 4431 prospectum
2471 4360 2759 4428 quemdam
2783 4360 2946 4414 animi
2972 4368 3183 4430 gerunt,
3212 4369 3266 4415 et
3286 4362 3361 4415 ita
3393 4364 3699 4421 secundum

415 4457 461 4509 si
487 4455 703 4509 invicem
730 4452 964 4523 diligatis
985 4450 1167 4523 (Joau.
1194 4450 1335 4519 xui).
1362 4449 1429 4503 Et
1451 4449 1522 4503 ita
1550 4449 1602 4504 in
1626 4452 1877 4506 onmibus
1896 4453 1998 4507 ista

416 4547 670 4602 mandata
697 4545 995 4615 conjungit,
1019 4544 1265 4602 utetiam
1290 4544 1674 4601 misericordiae
1694 4560 1855 4614 opera
1879 4560 1999 4614 qua:

414 4641 467 4694 in
496 4639 745 4709 proximo
772 4636 941 4703 ﬁunt,
969 4636 1261 4692 transferat
1298 4637 1352 4691 in
1382 4638 1753 4708 semetipsum.
1789 4638 1999 4693 Esuriri

411 4733 571 4797 enim,
589 4730 787 4800 inquit,
802 4739 850 4785 et
873 4729 1092 4783 dedistis
1114 4729 1437 4783 manducare
1459 4729 1586 4783 milii
1605 4728 1817 4801 (Matth.
1846 4729 1994 4800 xxv).

414 4824 481 4878 Et
505 4822 712 4892 reliqua
740 4835 861 4892 qua:
888 4821 942 4876 in
969 4821 1220 4890 proximo
1245 4829 1395 4891 gesta
1427 4830 1575 4886 sunt,
1620 4837 1680 4877 se
1717 4822 1849 4877 dicit
1876 4838 1998 4878 esse

410 4927 748 4989 perpessum,
782 4925 909 4969 cum
930 4907 1157 4982 adjecit:
1190 4909 1439 4976 Quaudiu
1467 4911 1663 4980 fecistis
1692 4913 1786 4965 uni
1811 4928 1876 4965 ea:
1900 4913 1996 4964 mi-

411 5003 565 5057 nimis
594 5002 709 5057 istis
733 5001 987 5072 fratribus
1017 5000 1144 5055 meis
1166 5042 1180 5065 ,
1220 5000 1349 5054 mihi
1379 5001 1574 5069 fecistis
1605 4999 1814 5073 (Ibid).
1857 5002 1995 5073 Ergo

410 5109 507 5165 per
540 5094 773 5163 primum
800 5091 1102 5163 completur
1123 5099 1178 5147 et
1202 5093 1497 5146 secundum
1522 5108 1536 5157 ;
1573 5107 1670 5162 per
1698 5095 1994 5149 secundum

411 5199 541 5239 vero
573 5184 889 5240 ascenditur
918 5192 974 5239 et
996 5182 1205 5239 reditur
1225 5183 1292 5237 ad
1320 5182 1585 5252 primum:
1614 5193 1671 5237 ut
1697 5184 1789 5253 qui
1820 5184 1994 5255 diligit

411 5271 715 5334 Dominum,
745 5274 864 5329 sine
884 5274 1048 5329 dubio
1069 5272 1259 5343 diligat
1286 5280 1340 5326 et
1366 5272 1698 5341 proximum.
1730 5273 1820 5327 Ait
1847 5275 1990 5328 enim

411 5364 703 5420 Dominus:
732 5363 835 5430 Qui
867 5363 1037 5434 diligit
1058 5379 1161 5431 me,
1183 5363 1435 5417 mandata
1462 5379 1580 5418 mea
1602 5365 1846 5418 custodit.
1879 5363 1994 5420 Hoc

411 5466 485 5509 est
516 5464 689 5510 autem
719 5455 1026 5509 mandatum
1067 5471 1260 5519 meum,
1299 5456 1507 5525 inquit,
1534 5465 1590 5509 ut
1625 5457 1841 5509 invicem
1867 5456 1995 5509 dili-

413 5546 545 5612 gatis
575 5544 756 5615 (Joan.
790 5562 881 5599 xxv
909 5556 955 5600 et
984 5532 1101 5617 lxv).
1129 5545 1207 5600 Ita
1236 5556 1292 5601 et
1319 5548 1410 5616 qui
1443 5547 1617 5617 diligit
1651 5548 1954 5616 proximum
1976 5589 1989 5610 ,

416 5633 589 5702 explet
635 5636 687 5689 in
730 5635 837 5691 Deo
881 5638 1240 5705 cliaritatcm;
1284 5639 1410 5707 quia
1454 5638 1569 5706 ipse
1614 5639 1665 5691 in
1709 5653 1768 5693 se
1804 5639 1992 5708 recipit

2106 4452 2209 4505 hoc
2232 4451 2374 4520 quod
2397 4451 2579 4506 animo
2606 4451 2975 4521 conceperint,
2998 4452 3162 4507 etiam
3191 4452 3244 4506 in
3274 4467 3439 4522 opere
3466 4464 3700 4516 utuntur

2103 4558 2357 4597 manuum
2389 4542 2687 4598 ministerio
2711 4560 2725 4607 ;
2765 4543 2842 4598 sic
2864 4551 2918 4598 et
2944 4544 2998 4598 in
3033 4546 3134 4599 lioc
3157 4554 3343 4601 nostro
3365 4561 3531 4618 opere
3553 4565 3699 4604 unus

2103 4646 2284 4690 manet
2323 4636 2479 4691 nobis
2505 4637 2607 4691 iste
2636 4646 2989 4708 prospectus,
3037 4648 3198 4709 atque
3239 4656 3381 4695 unus
3424 4645 3697 4700 terminus

2103 4727 2243 4784 ﬁxus
2265 4735 2369 4791 est,
2384 4741 2491 4796 quo
2511 4728 2621 4782 Deo
2643 4727 2856 4797 placere
2877 4727 3191 4785 debeamus.
3214 4729 3525 4787 Secundum
3547 4734 3695 4789 hunc

2101 4833 2231 4887 ergo
2269 4826 2612 4888 prospectum
2649 4832 2785 4888 Opus
2826 4819 3123 4888 dirigamus
3153 4822 3552 4876 mandatorum.
3589 4825 3695 4879 lm-

2101 4910 2354 4980 possibile
2380 4927 2611 4980 namque
2639 4921 2722 4966 est
2749 4912 2906 4967 aliter
2931 4922 3182 4969 constare
3204 4931 3364 4986 posse
3387 4918 3572 4987 operis
3596 4935 3693 4972 no-

2101 5003 2197 5057 stri
2245 5002 2509 5070 formam,
2558 5005 2663 5059 nisi
2701 5007 2951 5061 voluntas
2995 5005 3115 5076 ejus
3154 5009 3243 5078 qui
3292 5008 3527 5077 injnnxit
3555 5027 3690 5082 opus

2101 5109 2315 5163 semper
2342 5096 2394 5149 in
2426 5097 2687 5151 memoria
2715 5098 3009 5159 habeatur:
3044 5109 3102 5153 ut
3126 5098 3241 5168 ejus
3266 5101 3548 5158 voluntate
3576 5119 3692 5159 ser-

2100 5194 2242 5249 vata,
2270 5192 2326 5240 et
2360 5184 2543 5241 labore
2568 5187 2749 5255 operis
2775 5202 2841 5241 ac
2876 5186 3156 5259 diligentia
3182 5197 3555 5260 competenter
3588 5205 3688 5245 ex—

2098 5274 2263 5353 pleta,
2285 5290 2509 5348 semper
2527 5274 2825 5347 jungamur
2848 5277 2980 5344 Deo,
3009 5278 3136 5333 dum
3175 5293 3391 5351 semper
3428 5281 3548 5351 ejus
3575 5298 3689 5336 me-

2097 5379 2276 5418 mores
2301 5380 2507 5419 sumus.
2538 5366 2692 5421 Sicut
2725 5366 2893 5431 enim,
2918 5367 3071 5422 verbi
3117 5383 3280 5424 causa
3302 5409 3318 5433 ,
3351 5367 3507 5425 faber
3531 5386 3686 5425 secu-

2098 5471 2209 5508 rem
2243 5456 2445 5511 faciens
2486 5466 2577 5513 aut
2619 5457 2844 5524 falcem,
2882 5460 3131 5515 meminit
3167 5477 3381 5533 semper
3423 5462 3545 5531 ejus
3590 5464 3685 5533 qni

2094 5563 2231 5617 obus
2261 5550 2514 5617 iniunxit.
2545 5561 2598 5606 et
2626 5551 2828 5605 retinet
2860 5551 2915 5605 in
2944 5553 3105 5607 corde
3139 5569 3237 5608 suo
3278 5553 3431 5621 cujus
3469 5554 3682 5623 magni-

2098 5640 2319 5705 tulinis,
2350 5641 2434 5694 vel
2464 5642 2760 5711 qualitatis,
2798 5642 2879 5695 vel
2908 5641 3094 5698 formae
3123 5644 3419 5714 injunxerit
3450 5644 3568 5700 ﬁeri
3597 5661 3684 5701 se—
