3942 6190
318 221 421 279 ωδ

956 210 1183 267 CODEX
1225 209 1682 265 REGULARUM.
1726 240 1793 248 --
1833 197 2010 261 PARS
2048 207 2088 260 l.
2133 205 2440 262 REGULE
2477 205 2583 260 PP.
2627 204 2905 262 ORIENT.

3475 207 3579 272 tat

314 346 543 396 mrem;
585 337 641 385 ει
665 343 720 382 ιη
758 324 883 379 illud
923 339 1136 393 semper
1166 324 1449 377 intendens
1476 323 1618 392 quod
1653 322 1755 376 sibi
1782 337 1895 376 me-
1925 324 1973 382 Λ
2001 333 2193 372 causas
2247 317 2416 387 culpa:
2470 333 2720 372 resecare
2766 317 3142 372 emendatione
3195 317 3467 373 vitiorum.
3525 321 3581 387 lq

319 424 475 481 minit
502 438 535 476 a
565 420 785 476 domino
804 416 983 487 operis
1007 416 1332 486 injunctum,
1362 415 1430 470 ad
1457 415 1559 475 hoc
1583 415 1767 485 dirigit
1787 429 1903 467 ma-

318 530 483 581 nuum
528 510 914 574 ministerium,
945 514 1007 561 ut
1053 506 1224 561 forma
1258 506 1440 576 operis
1478 520 1601 560 cum
1648 505 1766 574 ejus
1810 504 1900 573 qui

318 606 550 678 injunxit
597 603 782 659 animo
829 616 894 657 ac
937 599 1213 654 voluntate
1261 598 1586 655 conveniat:
1635 598 1681 652 si
1721 606 1900 651 autem

319 699 673 756 obliviscatur
689 693 819 763 quid
846 691 929 746 vel
958 691 1114 760 quale
1135 691 1206 745 sit
1232 690 1375 759 quod
1398 690 1501 744 sibi
1530 689 1708 744 fuerat
1735 690 1904 759 impe-

324 799 521 854 ratum,
556 766 684 843 sine.
697 784 859 841 dubio
887 783 1031 838 aliud
1053 782 1256 851 aliquid
1277 796 1438 850 quam
1473 781 1769 851 injunctum
1795 781 1905 836 fue-

320 891 442 945 rat,
471 879 673 942 faciet;
717 876 790 932 ita
836 875 1001 929 etiam
1028 873 1369 928 Christianus
1395 887 1611 926 omnem
1649 880 1901 929 conatum

317 983 375 1028 et
409 985 573 1027 omne
614 967 851 1023 studium
896 966 948 1019 in
980 965 1191 1019 actibus
1206 964 1327 1019 ‘suis
1353 964 1611 1027 adhibere
1636 964 1811 1027 debet,
1840 971 1904 1018 ut

319 1061 617 1118 secundum
645 1058 977 1113 voluntatem
1002 1053 1123 1120 Dei,
1155 1055 1247 1124 qui
1287 1069 1421 1124 opus
1451 1052 1709 1122 iniunxit,
1744 1070 1899 1109 suum

310 1165 538 1223 quoque
566 1149 764 1220 dirigat
786 1161 921 1217 opus
945 1163 960 1211 ;
1003 1153 1064 1199 ut
1091 1153 1246 1200 actus
1275 1145 1357 1200 sui
1385 1151 1669 1210 ornentur,
1695 1152 1750 1199 et
1782 1159 1904 1217 pos-

319 1246 392 1299 sit
415 1243 534 1309 eius
553 1240 644 1311 qui
666 1239 924 1311 praecepit
945 1236 1273 1292 voluntatem
1299 1235 1541 1315 implere.
1568 1235 1718 1290 Tunc
1738 1236 1902 1289 etiam

320 1322 449 1399 illud
471 1331 742 1402 complere
767 1336 947 1399 potest
973 1327 1118 1398 quod
1145 1326 1405 1399 scriptum
1443 1334 1525 1380 est
1553 1343 1566 1378 :
1606 1322 1723 1379 Sive
1748 1342 1903 1383 man-

317 1425 542 1486 ducetis,
568 1423 672 1476 sive
693 1420 901 1483 bibatis,
928 1419 1031 1473 sire
1053 1417 1201 1471 aliud
1221 1416 1345 1487 quid
1369 1415 1601 1485 faciatis,
1632 1416 1807 1473 omnia
1831 1414 1901 1467 ad

318 1516 546 1586 gloriam
579 1513 674 1567 Dei
699 1512 858 1582 facite
884 1511 936 1583 (1
966 1510 1088 1565 Cor.
1121 1508 1201 1580 Χ).
1237 1508 1293 1563 Si
1316 1523 1447 1563 vero
1472 1508 1705 1564 declinet
1728 1508 1850 1580 quis
1871 1524 1902 1562 a

316 1605 524 1676 regula,
554 1611 610 1658 et
637 1608 950 1671 corrumpat
978 1599 1380 1655 observantiam
1411 1598 1673 1665 mandati,
1701 1614 1767 1652 ex
1797 1599 1902 1653 hoc

321 1699 438 1769 ipso
464 1697 731 1766 arguitur,
770 1696 815 1749 si
845 1695 966 1764 quis
999 1694 1071 1749 sit
1114 1693 1400 1747 immemor
1434 1691 1551 1746 Dei.
1600 1691 1898 1747 Plurimum
1934 1664 1973 1723 Β

319 1799 501 1844 autem
545 1788 766 1858 prodest
813 1787 881 1841 ad
930 1785 1355 1841 conservandam
1404 1783 1721 1838 memoriam
1770 1781 1899 1845 Dei,

315 1883 483 1938 etiam
506 1878 771 1935 secretius
790 1887 845 1932 et
870 1875 1129 1932 remotius
1149 1874 1413 1928 habitare.
1432 1871 1566 1927 Nam
1590 1871 1902 1940 permixtim

319 1971 503 2025 vivere
531 1984 655 2023 cum
678 1968 762 2021 his
784 1966 877 2036 qui
901 1964 1260 2035 negligentius
1287 1968 1454 2032 agunt
1476 1961 1620 2016 circa
1654 1961 1902 2014 timorem

318 2062 437 2125 Dei,
467 2067 523 2114 et
548 2066 915 2127 contemptum
952 2057 1152 2110 habent
1195 2055 1571 2109 mandatorum
1601 2053 1717 2123 ejus
1737 2093 1751 2117 ,
1785 2052 1904 2122 plu-

321 2153 516 2206 rimum
567 2157 763 2214 nocet;
801 2149 942 2202 sicut
978 2156 1032 2201 et
1079 2144 1387 2200 Salomonis
1429 2158 1609 2199 sermo
1650 2150 1896 2206 testatur,

321 2242 542 2296 dicens:
583 2240 716 2294 Cum
758 2239 965 2293 homine
1000 2237 1253 2290 iracundo
1299 2252 1361 2290 ne
1401 2234 1794 2299 habitaveritis,
1839 2250 1902 2289 ne

315 2332 452 2407 [orte
475 2328 696 2384 discatis
721 2327 831 2381 uias
857 2325 971 2396 ejus
990 2365 1005 2390 ,
1043 2335 1091 2378 et
1125 2324 1393 2395 accipiatis
1436 2322 1679 2394 laqueum
1711 2324 1901 2376 anima:

320 2431 500 2474 restria
530 2411 716 2491 (Prov.
748 2416 906 2487 xm).
936 2417 1003 2470 Et
1035 2416 1234 2470 iterum
1266 2415 1408 2486 quod
1444 2415 1575 2468 dicit
1602 2432 1614 2466 :
1652 2411 1808 2467 Exite
1836 2413 1903 2468 de

318 2511 490 2577 medio
523 2518 727 2575 eorum,
756 2518 806 2562 et
830 2506 1202 2577 separabimini
1227 2505 1291 2559 ab
1330 2507 1435 2569 eis,
1482 2504 1607 2557 dicit
1647 2503 1901 2556 Dominus

322 2600 455 2671 (Isa.
489 2597 611 2669 LII),
643 2598 708 2652 ad
736 2598 842 2651 hoc
880 2597 1056 2666 ipsum
1104 2594 1344 2664 respicit.
1390 2593 1558 2663 Igitur
1602 2606 1777 2661 neque
1805 2605 1903 2661 per

319 2692 543 2753 oculos,
599 2703 771 2757 neque
802 2702 903 2757 per
949 2700 1109 2740 aures
1152 2684 1477 2755 recipiamus
1524 2683 1806 2737 illecebras
1833 2682 1900 2737 ad

320 2781 674 2857 peccandum,
699 2786 754 2832 et
774 2776 1031 2848 paulatim
1055 2775 1213 2845 longo
1243 2787 1345 2828 usu
1374 2772 1731 2827 inhmrcamus
1767 2786 1901 2825 con-

322 2869 592 2925 suetudini
623 2867 888 2937 pessimae.
935 2865 1005 2919 Et
1045 2879 1257 2919 rursum
1285 2871 1345 2917 ut
1369 2862 1639 2932 possimus
1669 2861 1900 2916 orationi

322 2975 539 3024 vacare,
565 2965 782 3027 oportet
802 2957 980 3033 primo
1016 2954 1280 3011 secretius
1309 2954 1576 3009 habitare.
1610 2952 1724 3007 Hoc
1755 2953 1899 3008 enim

2000 409 2403 478 comparatione
2425 409 2620 463 etenim
2647 407 3007 478 pessimorum
3036 408 3236 479 aliquid
3257 424 3317 464 se
3332 408 3444 479 jam
3471 426 3583 464 ma-

2001 499 2091 568 gni
2119 496 2412 568 perfecisse
2437 498 2688 552 aestimat.
2712 497 2849 552 Tum
2877 496 3070 553 deinde
3098 498 3502 569 impedimentis
3524 511 3583 561 et

1999 588 2498 658 perturbationibus
2538 597 2701 658 atque
2739 588 3199 661 occupationibus,
3247 605 3386 660 quas
3426 606 3579 646 com-

2001 678 2180 733 munis
2229 678 2507 738 hominum
2549 678 2659 731 vita
2709 666 2912 754 habere
2959 678 3112 743 solet,
3167 682 3580 757 praetermissis,

2000 765 2136 826 illud
2162 770 2303 839 quod
2327 770 2502 839 majus
2527 778 2610 827 est
2637 779 2691 823 et
2724 771 3018 840 pretiosius
3046 771 3285 844 omnium
3312 813 3326 838 ,
3368 788 3579 831 memo,

2001 864 2135 917 riam
2159 864 2252 917 Dei
2281 878 2385 917 non
2413 870 2593 931 potest
2618 862 2926 918 custodire:
2966 880 3072 932 qua
3103 864 3325 934 depulsa
3361 866 3429 920 ab
3460 869 3578 922 ani-

2001 956 2104 1010 mis
2133 964 2187 1010 et
2215 956 2464 1021 exclusa,
2498 972 2603 1010 non
2653 956 2825 1011 solum
2864 960 3010 1012 omni
3055 958 3242 1023 laetitia
3288 967 3343 1015 et
3386 961 3583 1031 gaudia

2000 1054 2154 1101 caret
2181 1047 2393 1111 divino,
2427 1055 2479 1101 et
2517 1046 2891 1103 delectationis
2919 1048 3130 1108 Domini
3164 1051 3395 1111 sustinet
3419 1051 3556 1106 detri

2002 1132 2207 1200 menta,
2245 1136 2337 1190 sed
2366 1144 2420 1190 ct
2448 1136 2789 1191 dulcedinem
2829 1153 2935 1191 non
2971 1138 3136 1197 sentit
3160 1138 3325 1192 divini
3352 1139 3585 1210 eloquii,

2002 1233 2061 1279 ut
2093 1226 2273 1280 dicat:
2331 1226 2501 1291 Quam
2549 1225 2726 1280 dulcia
2763 1226 3001 1295 faucibus
3044 1228 3171 1282 meis
3215 1227 3422 1300 eloquia
3458 1239 3551 1282 tua
3564 1270 3585 1296 ,

2001 1316 2264 1371 Domine!
2289 1334 2445 1387 super
2474 1317 2574 1371 me!
2596 1327 2644 1371 et
2677 1317 2855 1386 favum
2891 1320 2971 1373 ori
3001 1336 3113 1372 meo
3145 1317 3320 1390 (Psal.
3349 1321 3541 1394 CXVIII)
3568 1337 3586 1387 ;

2003 1404 2099 1460 sed
2139 1413 2194 1460 et
2236 1406 2289 1459 in
2319 1406 2621 1477 neglectum
2659 1419 2712 1461 et
2740 1406 3061 1462 oblivionem
3090 1412 3337 1478 pervenit
3357 1411 3587 1482 judicio.-

2001 1512 2120 1550 rum
2164 1496 2290 1561 Dei,
2322 1508 2377 1552 et
2403 1499 2457 1552 in
2488 1505 2831 1569 contemptus
2859 1501 3307 1556 consuetudinem
3344 1502 3583 1559 decidit:

2001 1600 2109 1663 quo
2134 1587 2308 1661 majus
2337 1588 2539 1642 malum
2567 1595 2624 1642 et
2647 1588 3006 1657 perniciosius
3036 1589 3149 1658 pati
3185 1589 3318 1645 nihil
3338 1599 3540 1669 potest.

2484 1698 2998 1767 INTERROGATIO
3034 1699 3102 1763 III

2006 1790 2143 1858 Quia
2173 1791 2394 1845 ostendit
2423 1790 2568 1846 nobis
2591 1808 2759 1847 sermo
2777 1800 2906 1860 tuus
2929 1791 3281 1861 periculosum
3307 1811 3419 1851 esse
3460 1813 3584 1855 cum

2075 1862 2155 1915 his
2182 1861 2272 1931 qui
2296 1861 2545 1917 mandata
2571 1870 2902 1915 contemnunt
2930 1863 3087 1915 vitam
3112 1863 3326 1926 ducere,
3351 1882 3488 1920 nunc
3511 1867 3588 1920 di,

2075 1948 2218 1986 scere
2249 1933 2486 2004 cupimus
2514 1931 2561 1984 si
2584 1941 2816 2004 oporteat
2843 1946 2961 1984 eum
2999 1934 3089 2001 qui
3114 1933 3182 1987 ab
3221 1934 3588 2004 hujuscemodi

2074 2002 2351 2056 consortiis
2386 2001 2703 2064 discesserit,
2752 2010 3002 2055 remotum
3042 2018 3152 2057 esse
3193 2012 3242 2057 et
3285 2001 3486 2069 solum,
3519 2024 3591 2069 an

2074 2088 2193 2146 vero
2221 2087 2340 2146 cum
2385 2070 2637 2140 fratribus
2684 2070 2918 2146 ejusdem
2964 2073 3217 2144 prepositi
3262 2084 3314 2129 et
3355 2076 3590 2146 ejusdem

2074 2142 2240 2194 animi
2262 2142 2421 2195 vitam
2442 2156 2593 2195 suam
2624 2142 2846 2199 sociare,

2073 2231 2236 2285 Rssr.
2266 2231 2325 2284 In
2352 2229 2536 2285 multis
2561 2229 2692 2284 utile
2722 2245 2842 2293 esse
2867 2231 3026 2288 video
3052 2232 3219 2287 vitam
3240 2214 3584 2293 communem

2002 2321 2200 2376 ducere
2230 2336 2352 2376 cum
2393 2321 2477 2376 his
2514 2320 2603 2391 qui
2653 2320 2896 2395 ejusdem
2937 2322 3231 2378 voluntatis
3273 2333 3588 2396 suntatque

2000 2412 2283 2481 pr0positi.
2328 2412 2530 2477 Primo,
2567 2413 2690 2481 quia
2722 2413 2883 2466 etiam
2916 2413 2984 2467 ad
3015 2429 3143 2469 usus
3170 2415 3483 2485 corporales
3508 2419 3590 2471 vi?

2002 2508 2229 2571 ctusque
2258 2502 2616 2565 ministerium
2643 2502 3017 2572 unusquisque
3047 2513 3292 2559 nostrum
3314 2506 3461 2566 solus
3483 2506 3586 2569 sibi

2002 2606 2108 2645 non
2139 2589 2375 2646 sullicit:
2420 2600 2476 2646 et
2515 2607 2645 2645 vero
2674 2592 2795 2654 ideo
2823 2608 2921 2662 pro
2964 2593 3051 2648 his
3089 2609 3209 2665 qua:
3238 2597 3307 2649 ad
3336 2596 3588 2661 ministe-

2004 2681 2145 2734 rium
2177 2681 2299 2735 vitm
2343 2690 2541 2737 nostra:
2585 2683 2893 2737 necessaria
2941 2692 3100 2749 sunt,
3150 2684 3381 2740 invicem
3423 2701 3590 2757 opera

2005 2782 2191 2828 nostra
2219 2788 2457 2844 egemus.
2491 2772 2643 2829 Sicut
2670 2774 2815 2828 enim
2842 2788 2937 2844 pes
2974 2775 3209 2830 hominis
3243 2775 3299 2829 in
3327 2775 3434 2839 alio
3461 2777 3585 2846 qui-

2005 2866 2127 2921 dem
2151 2866 2266 2921 suis
2292 2865 2498 2921 viribus
2526 2866 2717 2933 utitur,
2764 2866 2820 2920 in
2859 2866 2965 2922 alio
2989 2883 3118 2922 vero
3147 2867 3349 2940 indiget
3375 2858 3625 2941 alienis;

2005 2966 2060 3011 et
2106 2957 2223 3011 sine
2269 2956 2582 3027 adjumento
2611 2966 2931 3012 cmterorum
2961 2959 3328 3014 membrorum
3369 2975 3468 3015 nec
3497 2975 3593 3019 ex-

326 3053 483 3107 modo
529 3058 587 3105 et
628 3029 995 3120 praecedentes
1023 3047 1440 3105 consuetudines
1473 3046 1812 3109 excidemus,
1844 3044 1900 3098 in
1928 3017 1973 3078 C
2004 3045 2156 3117 plere
2199 3062 2357 3101 suum
2401 3062 2557 3116 opus,
2604 3063 2706 3103 nec
2740 3046 2986 3103 sufficere
3028 3049 3141 3104 suis
3170 3050 3375 3104 viribus
3414 3059 3593 3120 potest

324 3144 521 3213 quibus
549 3151 739 3197 contra
784 3141 1094 3195 mandatum
1130 3138 1225 3194 Dei
1266 3138 1576 3208 agebamus.
1613 3136 1727 3191 Non
1759 3137 1903 3191 enim

323 3251 523 3308 parvus
553 3236 708 3290 lator
750 3242 865 3299 est,
914 3241 974 3289 ut
1018 3247 1079 3287 se
1117 3231 1314 3301 aliquis
1350 3245 1381 3285 a
1415 3231 1595 3299 priore
1624 3244 1730 3284 non
1764 3228 1902 3282 bona

323 3322 717 3381 consuetudine
747 3324 987 3379 reflectat
1014 3338 1079 3378 ac
1107 3330 1360 3386 revocet;
1399 3322 1657 3392 quoniam
1686 3319 1902 3389 quidem

326 3431 441 3473 tuos
473 3418 635 3487 longo
677 3423 918 3483 tempore
960 3412 1312 3468 confirmatus
1355 3413 1463 3466 vim
1509 3410 1906 3481 quodammodo

327 3517 536 3560 natura:
568 3505 798 3560 obtinet.
824 3504 1050 3573 Oportet
1076 3518 1206 3573 ergo
1224 3518 1324 3557 nos
1348 3503 1525 3573 primo
1554 3501 1792 3556 omnium
1817 3502 1907 3555 ah-

326 3614 526 3669 negare
574 3613 673 3652 nos
722 3598 885 3666 ipsos,
928 3604 985 3652 et
1030 3596 1217 3652 tollere
1243 3610 1458 3651 crucem
1487 3595 1704 3659 Christi,
1738 3603 1793 3650 et
1827 3595 1906 3651 sic

327 3706 448 3746 eum
479 3691 637 3761 sequi
673 3685 887 3759 (Matth.
916 3689 1050 3762 ιγι).
1084 3689 1430 3761 Abnegamus
1468 3699 1646 3744 autem
1680 3705 1776 3744 nos
1804 3690 1907 3744 hoc

328 3784 487 3837 modo
514 3783 586 3847 si,
616 3796 713 3851 per
748 3782 929 3836 omnia
971 3782 1260 3852 pratteritze
1293 3783 1699 3837 consuetudinis
1728 3783 1903 3848 obliti,

326 3873 632 3927 voluntates
658 3873 905 3943 proprias
929 3872 1295 3944 abnegemus;
1336 3881 1391 3927 et
1415 3874 1489 3928 ita
1513 3888 1620 3928 non
1643 3873 1816 3928 solum
1838 3875 1905 3928 ab

329 3963 638 4023 hominibus
666 3976 771 4016 non
799 3970 949 4017 recte
971 3964 1289 4033 agentibus,
1330 3979 1521 4018 verum
1559 3963 1723 4019 etiam
1751 3978 1783 4017 a
1810 3979 1908 4018 no.

330 4053 458 4106 stris
479 4052 615 4121 ipsis
642 4051 962 4107 iuordiuatis
998 4060 1055 4107 et
1089 4052 1459 4123 incompositis
1496 4053 1738 4108 moribus
1759 4066 1907 4108 sece-

330 4143 540 4197 damus.
566 4141 781 4213 Alioqui
810 4151 872 4197 ut
894 4142 946 4197 in
970 4143 1160 4198 eadem
1182 4145 1306 4212 quis
1334 4144 1720 4202 consuetudine
1747 4154 1907 4214 atque

330 4232 384 4286 in
436 4232 623 4302 priore
671 4233 1082 4290 conversatione
1129 4249 1470 4304 permanens,
1527 4237 1814 4295 emendare
1848 4254 1906 4297 se

329 4325 503 4393 possit
527 4330 586 4378 et
609 4323 912 4393 'corrigere,
942 4323 1311 4380 diliicillimum
1341 4334 1457 4392 est;
1490 4327 1617 4391 imo,
1647 4335 1706 4381 ut
1729 4328 1908 4383 verius

331 4412 525 4474 dicam,
559 4412 777 4483 penitus
816 4413 1163 4482 impossibile.
1211 4414 1316 4469 Sed
1365 4417 1432 4469 ad
1480 4416 1582 4471 hoc
1613 4418 1820 4486 ipsum,
1850 4426 1911 4473 ut

334 4502 488 4557 tollat
509 4503 634 4572 quis
657 4518 874 4558 crucem
912 4519 1066 4559 suam
1095 4512 1151 4559 et
1180 4515 1438 4575 sequatur
1464 4505 1759 4573 Christum,
1788 4508 1908 4576 plu-

332 4593 530 4649 rimum
562 4593 789 4663 impedit
816 4594 1048 4649 societas
1085 4603 1141 4650 et
1168 4597 1454 4666 permixtio
1495 4611 1680 4652 eorum
1708 4600 1800 4668 qui
1830 4600 1907 4653 vi-

335 4690 445 4738 tam
486 4683 803 4739 dissimilem
839 4684 1060 4745 ducunt.
1092 4684 1226 4738 Nam
1255 4692 1501 4761 paratum
1530 4701 1650 4741 esse
1674 4688 1740 4741 ad
1766 4702 1912 4742 mor-

341 4779 444 4826 tem
488 4788 591 4843 pro
636 4771 883 4838 Christo,
918 4781 973 4829 et
1000 4773 1331 4829 mortiﬁcare
1367 4774 1608 4840 membra
1638 4793 1758 4847 quae
1786 4785 1911 4834 sunt

340 4880 500 4935 super
529 4875 731 4921 terram
761 4865 984 4938 (Coloss.
1018 4868 1137 4938 ιιι),
1175 4875 1229 4923 et
1254 4884 1354 4939 pro
1378 4870 1596 4925 nomine
1621 4868 1819 4926 Christi
1848 4870 1912 4925 li-

338 4954 527 5009 benter
553 4953 698 5010 ferre
722 4971 880 5011 omne
902 4957 1213 5025 discrimen,
1240 4960 1349 5015 hoc‘
1366 4967 1452 5015 est
1480 4959 1670 5015 tollere
1694 4975 1911 5016 crucem

340 5057 511 5097 suam.
538 5041 623 5097 Ad
647 5045 790 5114 quod
809 5047 1011 5117 grande
1034 5047 1276 5104 videmus
1298 5049 1735 5120 impedimentum
1757 5067 1916 5122 posse

341 5135 496 5189 nobis
518 5135 723 5189 oboriri
760 5137 831 5195 ab
872 5137 957 5192 his
985 5139 1076 5213 qui
1110 5126 1400 5197 dissimiles
1430 5150 1557 5197 sunt
1584 5142 1670 5197 vel
1697 5143 1807 5199 vita
1831 5143 1915 5197 vel

341 5223 602 5279 moribus.
626 5224 693 5279 Et
722 5226 789 5281 ad
816 5233 1012 5282 cetera
1039 5229 1145 5284 alia
1174 5244 1293 5298 quae
1331 5230 1495 5285 multa
1528 5241 1672 5296 sunt,
1704 5233 1914 5288 accedit

339 5315 498 5395 etiam
530 5314 654 5380 hoc,
682 5323 744 5370 ut
766 5316 1063 5387 respiciens
1091 5319 1271 5372 anima
1301 5319 1369 5373 ad
1393 5321 1788 5377 multitudinem
1818 5338 1913 5378 ne-

338 5405 516 5472 quiter
541 5404 860 5473 viventium,
886 5407 1063 5478 primo
1091 5409 1306 5478 quidem
1345 5421 1638 5481 occupetur
1661 5422 1716 5466 et
1740 5413 1911 5484 impe-

340 5496 538 5560 diatur,
582 5512 649 5551 ne
696 5512 916 5551 suorum
959 5497 1223 5553 malorum
1261 5500 1439 5568 capiat
1468 5499 1819 5567 intellectum,
1856 5512 1914 5559 et

340 5586 506 5655 possit
532 5586 613 5639 vel
639 5600 872 5665 purgare
893 5602 991 5659 per
1008 5588 1382 5661 pmnitentiam
1409 5605 1528 5670 quae
1558 5591 1804 5673 deliquit,
1828 5595 1911 5649 vel

2007 3140 2059 3212 (Ι
2088 3140 2209 3195 Cor.
2245 3139 2410 3213 xm);
2449 3141 2523 3196 ita
2553 3141 2716 3195 etiam
2748 3142 2857 3195 vita
2889 3141 3136 3197 solitaria
3180 3142 3312 3198 mihi
3358 3145 3474 3219 pati
3514 3145 3594 3200 vi-

2007 3231 2185 3296 detur,
2219 3248 2341 3287 eum
2372 3247 2550 3303 neque
2578 3232 2721 3302 quod
2750 3232 2798 3286 ei
2828 3232 3000 3300 inest,
3041 3232 3171 3296 utile
3214 3248 3366 3303 esse,
3416 3250 3595 3304 neque

2005 3324 2149 3391 quod
2178 3323 2331 3379 deest
2357 3325 2427 3378 ab
2456 3323 2636 3393 aliquo
2669 3324 2841 3399 possit
2865 3324 3092 3392 acquiri.
3140 3323 3343 3385 Praeter
3370 3326 3473 3383 hoc
3499 3343 3597 3381 au-

2010 3420 2119 3466 tem
2148 3428 2249 3467 nec
2278 3414 2418 3468 ratio
2453 3414 2672 3483 quidem
2698 3413 2982 3467 charitatis
3006 3429 3447 3485 unumquemque
3473 3432 3597 3486 pcr-

2005 3501 2173 3555 mittit
2205 3501 2349 3570 quod
2393 3517 2550 3561 suum
2590 3508 2674 3556 est
2712 3515 2985 3569 quaerere,
3030 3502 3245 3565 dicente
3289 3490 3589 3573 Apostoln:

2008 3586 2253 3645 Charitas
2293 3605 2396 3643 non
2423 3589 2611 3659 qua’rit
2632 3606 2748 3658 qua;
2778 3605 2874 3642 sua
2904 3599 3026 3642 sunt
3065 3589 3117 3661 (Ι
3139 3590 3264 3651 Cor.
3297 3592 3438 3664 xm).
3484 3593 3591 3650 De-

2007 3678 2160 3743 inde,
2196 3678 2290 3733 sed
2334 3692 2437 3732 nec
2476 3678 2664 3747 culpas
2708 3678 2923 3748 quidem
2953 3695 3080 3735 suas
3118 3682 3493 3752 unusquisque
3526 3701 3591 3740 ae

2005 3767 2136 3821 vitia
2165 3766 2323 3821 facile
2367 3766 2653 3836 dignoscit.
2686 3783 2808 3822 cum
2837 3768 2928 3837 qui
2970 3778 3162 3839 arguat
3188 3786 3349 3827 nemo
3376 3782 3499 3830 est:
3540 3786 3596 3832 et

2006 3856 2166 3911 facile
2211 3850 2514 3925 hujusmodi
2557 3857 2763 3919 homini
2802 3858 3052 3915 accidere
3081 3870 3261 3931 potest
3286 3863 3417 3920 illud
3449 3869 3593 3936 quod

2004 3949 2265 4017 scriptum
2298 3958 2382 4002 est
2415 3967 2429 4013 _:
2468 3947 2558 4003 Va:
2592 3948 2711 4014 soli,
2757 3950 2883 4020 quia
2922 3952 2967 4004 si
3011 3953 3284 4021 ceciderit,
3326 3971 3476 4009 nemo
3518 3967 3592 4012 est

2005 4043 2143 4096 alius
2166 4042 2253 4113 qui
2283 4042 2452 4111 erigat
2486 4058 2603 4095 eum
2648 4041 2865 4111 (Ec-cie.
2900 4042 3008 4115 tv).
3058 4043 3166 4099 Sed
3201 4054 3256 4100 et
3280 4048 3537 4104 mandata
3561 4066 3593 4104 a

2002 4131 2249 4205 pluribus
2280 4131 2501 4201 quidem
2541 4129 2757 4186 facilius
2786 4131 3185 4203 adimplcntur;
3226 4136 3294 4193 ab
3320 4153 3429 4193 uno
3463 4154 3595 4195 vero

2005 4229 2134 4284 dum
2158 4242 2324 4282 unum
2350 4226 2565 4285 videtur
2592 4227 2826 4296 impleri,
2852 4228 2996 4284 aliud
3020 4231 3329 4301 impeditur.
3352 4235 3418 4292 Ut
3440 4245 3593 4307 puta,

1934 4356 1984 4414 Β
2009 4318 2278 4387 quomodo
2301 4316 2422 4388 quis
2445 4316 2591 4381 solus
2615 4317 2856 4372 visitabit
2877 4318 3189 4374 inﬁrmum?
3210 4331 3303 4377 aut
3324 4328 3595 4397 quomodo

2011 4408 2270 4483 suscipiet
2297 4409 2639 4480 peregrinum
2663 4410 2685 4463 ?
2723 4408 2781 4464 Si
2810 4424 2942 4465 vero
2965 4426 3156 4466 omnes
3184 4428 3378 4490 corpus
3405 4432 3594 4477 sumus

2012 4499 2231 4563 Christi,
2264 4500 2460 4571 singuli
2494 4508 2675 4555 autem
2702 4500 3024 4568 alterutrum
3050 4503 3314 4568 membra,
3338 4520 3437 4575 per
3462 4522 3594 4585 conj

2012 4594 2318 4647 sonantium
2347 4592 2498 4647 velut
2518 4592 2570 4659 in
2597 4592 2756 4647 unius
2782 4593 3032 4664 corporis
3051 4609 3367 4665 compagem
3393 4597 3446 4653 in
3470 4597 3592 4669 Spi-

2010 4684 2119 4738 ritu
2149 4689 2337 4738 sancto
2377 4684 2551 4753 aptari
2594 4691 2649 4739 et
2692 4682 2942 4755 conjungi
2990 4685 3247 4742 debemus
3287 4687 3591 4744 adinvicem

2013 4773 2191 4845 (Rom.
2220 4775 2337 4845 xu).
2369 4775 2524 4847 Quod
2550 4776 2596 4831 si
2624 4778 2993 4847 unusquisque
3018 4787 3264 4834 nostrum
3294 4779 3590 4836 solitariam

2009 4867 2172 4937 eligat
2205 4868 2393 4934 vitam,
2428 4868 2635 4924 scilicet
2682 4885 2789 4924 non
2840 4871 2931 4924 tali
2978 4871 3157 4941 aliqua
3186 4886 3351 4928 causa
3381 4872 3465 4928 vel
3502 4890 3592 4928 ra-

2011 4960 2156 5013 tione
2191 4974 2311 5027 qua:
2352 4958 2464 5013 Deo
2508 4960 2580 5014 sit
2618 4959 2837 5030 placita,
2866 4960 2952 5015 vel
2981 4962 3128 5030 quod
3157 4960 3222 5016 ad
3251 4978 3586 5021 communem

2011 5058 2329 5103 caeterorum
2376 5048 2648 5119 pertineat
2686 5050 3174 5120 dispensationem.
3221 5053 3315 5109 sed
3360 5056 3593 5124 propria:

2013 5138 2275 5206 voluntati
2303 5147 2359 5193 et
2393 5139 2631 5213 passioni
2674 5138 3046 5206 satisfaciens;
3097 5143 3368 5211 quomodo
3404 5159 3593 5214 possu-

2019 5246 2140 5286 mus
2168 5231 2380 5298 discissi
2410 5240 2466 5286 et
2495 5230 2651 5285 divisi
2694 5230 3022 5301 adimplere,
3060 5239 3115 5286 et
3147 5232 3413 5304 integram
3458 5236 3594 5291 assi-

2019 5337 2207 5392 gnare.
2234 5323 2602 5377 membrorum
2647 5322 2712 5377 ad
2758 5338 2819 5379 se
2860 5322 3093 5379 invicem
3134 5325 3595 5382 consonantiam?

2018 5415 2124 5469 lste
2154 5416 2297 5469 enim
2324 5414 2445 5469 talis
2465 5428 2639 5482 neque
2660 5430 2782 5469 cum
2803 5415 3162 5486 gaudentibus
3182 5417 3403 5489 gaudet,
3422 5434 3595 5490 neque

2019 5521 2141 5560 cum
2168 5504 2420 5560 ﬂentibus
2458 5502 2551 5559 ﬂet
2595 5503 2773 5576 (Rom.
2806 5506 2937 5583 xv);
2977 5508 3231 5576 quoniam
3266 5509 3484 5582 quidem
3512 5525 3597 5565 se:-

2019 5606 2238 5672 paratus
2268 5611 2330 5649 ac
2357 5595 2561 5651 divisus
2590 5597 2865 5653 austeris
2902 5612 3001 5653 nec
3027 5614 3353 5671 cognoscere
3378 5603 3590 5679 quidem
