3942 6190
309 187 410 239 495

1308 171 1366 227 S.
1408 170 1768 226 BENEDICTI
1806 168 2095 224 ABBATIS
2136 168 2541 225 ARIANEXSIS

3459 170 3554 222 {9-6

310 300 662 356 nu-v:,silal05
702 301 899 365 poterit
948 290 1334 363 proximorum.
1368 285 1506 339 Tum
1548 283 1741 337 deinde
1786 300 1883 336 nec
1915 289 1959 342 Α
1989 286 2166 338 minus
2194 301 2300 337 non
2333 283 2621 337 testiniavit
2656 280 2903 337 sufﬁcere
2946 283 3047 335 sibi
3092 282 3262 336 solam
3291 283 3440 337 verbi
3470 286 3562 337 du—

316 393 563 446 sulliuere
584 396 759 458 potest
784 398 923 437 unus
941 381 1008 435 ad
1028 377 1370 446 suscipienda
1395 375 1579 429 omnia
1606 374 1746 428 dona
1775 370 1893 441 Spi-

310 486 452 537 ritus
468 477 803 548 sancti,quia
824 470 1118 529 secundum
1140 464 1559 533 uniuscujusque
1580 478 1891 518 mensuram

317 574 438 628 fidei
470 580 524 625 et
549 570 811 623 donorum
839 559 1197 633 spiritualium
1222 555 1534 611 distributio
1556 553 1889 609 celebratur:

318 678 379 721 ut
420 665 472 719 id
517 660 657 733 quod
688 674 784 730 per
825 664 1009 725 partes
1048 651 1338 719 unicuique
1384 648 1730 703 distributum
1774 653 1892 707 est,

312 771 529 811 rursum
581 761 835 819 tanquam
882 745 1121 800 membra
1166 741 1235 795 ad
1279 738 1690 794 :cdilieationem
1735 735 1896 788 unius

315 846 563 922 corporis
587 852 741 898 cecat
766 848 820 894 et
855 836 1147 904 conspiret.
1191 831 1296 885 Alit
1342 830 1479 883 enim
1524 828 1685 881 datur
1725 842 1895 879 sermo

319 917 610 1008 sapientia',
639 932 732 986 alii
761 946 929 985 sermo
958 926 1187 979 scientia:
1205 964 1221 987 ,
1251 921 1345 974 alii
1372 920 1503 988 ﬁdes
1523 960 1537 981 ,
1565 917 1659 973 alii
1678 917 1898 988 praplte-

318 1032 411 1089 tia,
436 1026 530 1079 alii
560 1023 731 1094 gratia
754 1020 1039 1075 sanitatum
1064 1014 1115 1084 (1
1143 1012 1268 1067 Cor.
1300 1009 1425 1082 xu),
1448 1018 1503 1064 et
1525 1018 1750 1072 caetera;
1778 1024 1898 1077 qua:
1948 1008 1965 1019 ί

318 1115 525 1187 singula
572 1112 759 1181 utique
805 1124 912 1161 non
962 1115 1073 1159 tam
1120 1119 1218 1174 pro
1248 1118 1306 1158 se
1344 1100 1712 1170 unusquisque
1736 1114 1899 1168 quam

318 1224 417 1276 pro
447 1204 567 1258 aliis
597 1199 824 1269 suscipit
855 1213 885 1251 a
915 1194 1121 1265 Spiritu
1168 1201 1377 1247 sancto.
1410 1192 1478 1244 Et
1516 1191 1636 1244 ideo
1679 1204 1901 1243 necesse

320 1305 399 1351 cst
426 1289 846 1359 uniuscujusque
866 1285 1119 1357 gratiam,
1137 1297 1298 1355 quam
1322 1281 1622 1350 susceperit
1642 1294 1673 1332 a
1696 1278 1898 1348 Spiritu

322 1389 437 1450 ltci,
475 1393 529 1439 et
558 1384 613 1438 in
650 1393 938 1435 commune
963 1374 1242 1447 prodesse.
1275 1371 1487 1425 Accidit
1510 1385 1638 1440 ergo
1660 1379 1718 1423 ut
1745 1370 1789 1423 is
1809 1368 1899 1438 qui

321 1485 562 1532 remotus
588 1472 721 1527 vivit
749 1477 804 1525 et
831 1474 1134 1536 separatus,
1158 1477 1705 1533 unamquamcunque
1732 1462 1904 1533 susci-

320 1571 431 1641 piet
466 1566 714 1636 gratiam,
761 1569 818 1615 et
842 1559 1004 1622 ,hanc
1032 1556 1206 1626 ipsam
1254 1552 1501 1609 inutilem
1548 1551 1742 1616 faciat,
1776 1551 1901 1605 dum

1991 376 2241 436 cuinam,
2266 375 2360 428 sed
2382 383 2435 426 et
2459 388 2623 443 opere
2648 374 2765 442 ipso
2787 374 2957 427 voluit
2976 375 3132 427 nobis
3158 375 3376 428 tradere
3397 376 3569 428 humi-

1993 463 2163 517 litatis
2205 463 2484 531 exempla,
2530 478 2652 516 cum
2699 465 3022 531 prtecinctus
3057 464 3223 518 linteo
3248 465 3379 517 lavit
3407 465 3571 533 pedes

1993 555 2374 622 discipulorum
2403 570 2623 608 suorum
2655 554 2838 623 (Joan.
2874 556 2993 617 su).
3034 554 3114 608 Tu
3137 570 3266 624 ergo
3298 556 3454 624 cujus
3478 570 3595 623 per

1992 643 2088 697 des
2136 644 2383 696 lavabis?
2420 659 2580 712 quem
2623 646 2840 699 curabis
2887 643 3121 699 ciliciis?
3154 644 3309 712 cujus
3347 646 3579 700 inferior

1994 744 2089 788 aut
2122 734 2343 803 ultimus
2363 736 2487 797 eris,
2519 750 2641 788 cum
2664 737 2811 790 solus
2836 736 3019 789 vivas?
3042 735 3152 790 Sed
3178 746 3237 789 et
3264 736 3408 790 aliud
3429 738 3579 805 quod

1995 827 2226 879 dicitur:
2253 825 2454 881 Bonum
2483 837 2529 879 et
2546 826 2841 896 jucundum
2864 828 3102 881 habitare
3125 829 3316 896 fratres
3336 831 3391 883 in
3412 846 3577 883 unum

1999 918 2173 987 (Psal.
2204 918 2433 988 cum),
2460 919 2602 987 quod
2630 929 2904 988 unguento
2940 919 3233 987 pontiﬁcali
3268 921 3323 973 in
3350 921 3579 975 barbam

1998 1008 2065 1062 dc
2093 1009 2270 1078 capite
2311 1009 2658 1063 descendenti
2702 990 2937 1063 sanctus‘
2960 1009 3193 1078 Spiritus
3215 1013 3580 1079 comparavit,

1999 1100 2270 1169 quomodo
2297 1100 2349 1153 in
2378 1099 2619 1154 solitaria
2647 1101 2982 1154 habitatione
3018 1102 3378 1169 conzplcbitur
3398 1103 3423 1155 ἲ
3459 1103 3587 1156 Sta-

2000 1190 2146 1244 dium
2176 1206 2407 1259 namque
2432 1198 2515 1243 est
2540 1191 2806 1260 quoddam
2827 1231 2842 1253 ,
2866 1207 2932 1245 ex
2964 1193 3259 1260 apostolico
3286 1204 3585 1262 pmcpto,

2001 1283 2068 1335 ad
2098 1281 2525 1335 emendationem
2569 1296 2776 1335 morum
2815 1282 3086 1349 vitamque
3126 1281 3496 1347 formandam,
3530 1286 3585 1337 in

2002 1390 2108 1443 quo
2132 1390 2226 1445 per
2249 1375 2466 1428 virtutis
2499 1375 2816 1429 exercitium
2857 1375 3179 1445 proﬁcitur;
3224 1377 3276 1428 in
3319 1392 3429 1445 qizo
3474 1394 3591 1432 me-

2003 1465 2194 1519 ditatio
2235 1464 2536 1518 divinorum
2581 1465 2955 1518 mandatorum
2999 1464 3220 1535 eﬂ‘ulgct
3259 1468 3495 1536 amplius
3536 1477 3595 1524 et

2006 1554 2280 1617 clarescit,
2321 1555 2437 1609 lucc
2462 1554 2761 1608 communis
2790 1554 2932 1608 inter
2966 1570 3025 1608 se
3072 1556 3453 1610 unanimoer
3483 1557 3595 1610 fra-

322 1624 578 1726 iiibil‘per
599 1624 1005 1720 eam'operatur
1026 1624 1179 1711 ,vsed
1224 1642 1432 1698 defodit
1458 1658 1576 1697 eam
1615 1642 1668 1695 in
1708 1649 1907 1695 semet-
1932 1624 1980 1682 Β
2009 1652 2152 1697 trum
2177 1644 2479 1698 habitatio:
2505 1643 2711 1698 habens
2738 1644 2791 1697 in
2831 1660 2891 1697 se
2924 1643 3065 1697 illam
3094 1645 3507 1699 similitudinem
3537 1656 3599 1700 et

324 1752 442 1819 ipso
471 1745 685 1819 (Matth.
713 1741 830 1812 vn).
862 1738 1016 1806 Quod
1041 1737 1195 1806 cujus
1233 1743 1289 1789 et
1329 1735 1517 1804 quanti
1551 1733 1622 1788 sit
1647 1732 1901 1803 periculi,

328 1838 501 1893 nostis
525 1848 717 1890 omnes
745 1831 835 1901 qui
875 1829 1053 1900 legitis
1084 1825 1456 1895 Evangelium.
1492 1824 1549 1878 Si
1585 1832 1767 1882 autem
1805 1838 1908 1877 ειη-

327 1928 460 1984 tcris
485 1923 848 1982 communicat
878 1920 1128 1992 gratiam,
1156 1926 1212 1973 et
1236 1918 1351 1986 ipse
1375 1915 1671 1987 perfruitur
1692 1916 1909 1987 proprie

328 2037 393 2076 ca
422 2020 538 2089 ipsa
574 2031 735 2087 quam
776 2010 1051 2080 suscepit;
1090 2017 1147 2063 et
1174 2007 1562 2078 multiplicatur
1591 2008 1644 2060 in
1672 2021 1757 2070 eo,
1782 2007 1909 2061 dum

327 2108 762 2166 communicatur
782 2113 838 2159 et
858 2101 1101 2165 caeteris;
1129 2108 1185 2154 et
1206 2099 1319 2169 ipse
1342 2097 1694 2153 nihilominus
1718 2096 1913 2152 fruitur

333 2200 507 2272 gratia
533 2197 879 2267 reliquorum.
908 2191 1081 2247 liabet
1103 2199 1283 2245 autem
1308 2199 1364 2245 et
1386 2189 1492 2245 alia
1517 2190 1912 2261 quamplurima

336 2293 474 2346 bona
504 2284 808 2344 communis
844 2283 953 2337 vita
994 2281 1096 2337 ista
1136 2289 1484 2346 sanctorum,
1527 2296 1648 2349 qua:
1691 2295 1799 2334 non
1832 2287 1917 2332 est

333 2394 477 2435 nunc
504 2374 756 2447 possibile
786 2373 967 2429 omnia
1010 2373 1372 2428 dinumerare.
1411 2371 1657 2436 Interim,
1688 2378 1748 2425 ut
1775 2370 1916 2423 dixi-

340 2488 484 2538 mus,
511 2471 580 2525 ad
608 2465 977 2524 conservanda
1024 2465 1200 2519 sancti
1245 2462 1478 2535 Spiritus
1506 2464 1647 2519 dona
1678 2478 1917 2517 commo-

340 2566 459 2620 dior
487 2570 572 2618 est
592 2560 880 2616 multorum
908 2557 1160 2623 societas,
1199 2571 1360 2626 quam
1386 2556 1431 2611 si
1463 2556 1722 2626 degamus
1756 2556 1805 2609 in
1834 2572 1919 2609 so—

342 2655 587 2710 litudine.
638 2651 744 2706 Sed
781 2660 835 2704 et
866 2650 1126 2703 adversus
1154 2648 1377 2704 insidias
1415 2647 1651 2712 inimici,
1682 2664 1802 2718 qua:
1827 2664 1921 2701 cx-

344 2746 612 2801 triusecus
640 2740 966 2804 inferuntur,
998 2738 1169 2795 multo
1196 2738 1406 2797 cautior
1431 2745 1517 2792 est
1542 2744 1595 2792 et
1624 2738 1808 2791 utilior
1835 2753 1923 2792 so-

342 2839 514 2892 cietas
537 2834 888 2905 plurimorum
914 2850 927 2886 :
969 2818 1272 2889 ut'facilius
1299 2831 1589 2886 suscitetur
1614 2846 1645 2885 e
1692 2846 1882 2885 somno
1904 2872 1919 2892 ,

343 2929 389 2983 si
423 2928 545 2997 quis
572 2925 709 2978 forte
739 2921 1093 2977 obdormierit
1122 2936 1367 2977 somnum
1400 2920 1549 2974 illum
1573 2920 1665 2989 qui
1691 2921 1923 2975 ducitatl

2006 1736 2344 1805 exemplum,
2371 1735 2515 1804 quod
2547 1736 2600 1788 in
2637 1734 2863 1788 Actibus
2903 1734 3266 1803 apostolorum
3312 1737 3487 1791 refert
3526 1737 3599 1790 de

2006 1828 2210 1882 sanctis
2242 1825 2521 1895 Scriptura
2561 1826 2763 1889 divina,
2804 1825 3032 1879 dicens:
3074 1825 3213 1889 Quia
3256 1842 3439 1880 omnes
3481 1843 3603 1879 rre—

2006 1918 2184 1971 denres
2214 1918 2442 1971 erantin
2478 1932 2661 1980 unum,
2697 1925 2744 1969 et
2783 1915 3037 1969 habebant
3067 1916 3245 1969 omnia
3292 1917 3601 1972 communia

2011 2007 2150 2079 (Act.
2186 2007 2281 2075 iv).

2485 2093 3001 2150 lNTEBROGATlO
3029 2092 3123 2153 IV.

2014 2210 2229 2282 Oportet
2276 2210 2501 2282 primum
2544 2206 2846 2282 renuntiare
2877 2205 3137 2282 omnibus,
3184 2215 3235 2258 et
3280 2206 3356 2257 ita
3412 2206 3598 2282 renire

2084 2281 2153 2333 ad
2198 2275 2334 2332 hanc
2383 2280 2539 2332 vitam
2569 2277 2642 2331 rel
2669 2275 3111 2331 concenationem
3150 2292 3270 2345 qui:
3296 2277 3595 2330 secundum

2090 2350 2257 2403 Deum
2279 2358 2353 2402 est
2372 2350 2397 2402 2

2090 2464 2247 2519 lisse.
2288 2462 2518 2516 Domino
2553 2470 2608 2516 et
2645 2459 2930 2515 Salvatore
2969 2468 3158 2515 nostro
3201 2458 3331 2515 Jesn
3377 2460 3608 2515 Christo

2017 2557 2265 2611 dicente:
2300 2553 2358 2609 Si
2383 2555 2499 2625 quis
2528 2554 2663 2607 venit
2691 2552 2761 2605 ad
2807 2569 2909 2617 me,
2956 2553 3172 2623 abneget
3224 2555 3601 2624 semetipsum,

2020 2658 2067 2701 et
2103 2646 2249 2700 tollat
2277 2661 2484 2698 crucem
2528 2659 2702 2707 suam,
2729 2652 2777 2697 et
2801 2654 3055 2714 sequatur
3072 2660 3151 2699 me
3178 2643 3397 2714 (Matth.
3431 2644 3550 2715 xvi)
3576 2662 3594 2707 ;

2023 2747 2080 2794 et
2105 2738 2304 2791 iterum
2338 2754 2351 2789 :
2393 2733 2498 2799 Qui
2528 2750 2632 2787 non
2663 2734 3037 2787 renuntiaverit
3067 2735 3307 2788 omnibus
3337 2751 3457 2803 qutt-
3484 2753 3613 2806 pos-

2025 2829 2177 2892 sidet,
2213 2844 2317 2882 non
2365 2835 2531 2897 potest
2575 2841 2722 2878 meus
2755 2841 2865 2878 esse
2917 2823 3208 2894 discipulus
3246 2824 3401 2897 (Luc.
3428 2826 3610 2898 xxxv).

2029 2920 2131 2988 Qui
2161 2919 2229 2974 ad
2260 2919 2363 2973 hoc
2403 2918 2550 2972 venit
2579 2925 2639 2971 ut
2665 2917 2948 2972 Dominum
2990 2926 3270 2987 sequatur,
3322 2919 3489 2973 etiam
3520 2936 3616 2974 sc-

345 2980 572 3072 moitcm
622 3014 640 3083 (
676 3011 703 3066 I
748 3011 870 3065 (ἔον.
916 3027 969 3064 ιι
996 3010 1037 3082 ).
1091 3008 1197 3064 Sed
1233 3018 1288 3064 et
1313 2980 1640 3081 delitiquen-li
1671 3009 1923 3064 delictum
1953 2980 1997 3041 (ἶ
2032 2980 2204 3083 ipsum
2228 3019 2412 3082 neget,
2450 3019 2509 3065 et
2532 3010 2685 3065 tollat
2711 3025 2931 3065 crucem
2957 2980 3132 3065 suam.
3156 2980 3377 3065 Certum
3408 3021 3496 3067 est
3516 3028 3617 3066 an-

346 3121 502 3161 suum
533 3103 742 3157 facilius
763 3101 1062 3170 apparebit,
1084 3115 1205 3154 cum
1232 3116 1261 3153 a
1287 3100 1530 3172 pluribus
1552 3100 1635 3157 vel
1661 3102 1925 3172 arguitur,

344 3197 429 3251 vel
480 3201 735 3248 notatur:
779 3190 1071 3246 secundum
1120 3190 1264 3258 quo)
1315 3198 1371 3243 et
1416 3188 1707 3260 Apostolus
1755 3192 1924 3246 dicit:

352 3288 553 3359 Sufﬁcit
581 3285 629 3339 ei
659 3284 748 3355 qui
777 3281 1034 3352 ejusmodi
1076 3289 1172 3344 est,
1204 3280 1500 3351 objurgatio
1521 3281 1633 3337 lucc
1659 3299 1776 3353 qua:
1808 3283 1867 3352 ﬁt
1897 3300 1929 3336 a

349 3378 588 3450 pluribus
614 3373 697 3445 (11
721 3370 844 3427 Cor.
871 3371 970 3443 vi).
1007 3370 1113 3427 Sed
1134 3378 1190 3425 et
1219 3370 1272 3424 in
1302 3372 1548 3428 oratione
1573 3388 1680 3427 non
1708 3391 1931 3446 parvum

350 3469 771 3524 cinolumentum
802 3481 832 3519 a
857 3464 1105 3539 pluribus
1134 3463 1395 3527 nascitur,
1430 3480 1552 3519 cum
1581 3480 1848 3520 consensu
1880 3473 1936 3518 et

294 3620 299 3627 ,
347 3558 701 3617 universitate
742 3556 1054 3621 orantibus;
1096 3563 1157 3610 ut
1200 3571 1267 3611 ex
1316 3555 1610 3612 multorum
1652 3558 1933 3627 personis,

352 3668 450 3721 per
478 3651 704 3722 gratiam
730 3664 848 3719 qua:
876 3649 929 3702 in
954 3647 1111 3703 nobis
1134 3655 1237 3712 cst,
1262 3647 1372 3702 Deo
1396 3649 1581 3718 gratia:
1613 3647 1932 3703 referantur.

355 3744 462 3797 Sel
495 3741 764 3796 interdum
792 3749 846 3795 et
880 3738 1120 3810 periculo
1157 3738 1403 3811 proxima
1428 3747 1510 3794 est
1537 3739 1644 3793 vita
1673 3740 1935 3796 solitaria.

356 3831 540 3885 Primo
567 3828 785 3899 quidem
812 3828 886 3882 illi
916 3826 1160 3898 periculo
1183 3825 1448 3896 subjacet,
1477 3828 1620 3898 quod
1642 3838 1789 3889 certe
1819 3845 1941 3901 gra-

357 3924 640 3978 vissimum
666 3929 750 3975 est
771 3961 785 3985 ,
834 3920 889 3974 in
934 3934 1042 3989 quo
1074 3918 1188 3989 ipsc
1221 3919 1324 3973 sibi
1361 3919 1556 3989 placet,
1587 3930 1643 3976 et
1672 3921 1941 3976 nemiuem

358 4017 567 4071 habens
603 4013 693 4082 qui
722 4011 892 4080 possit
912 4024 1049 4078 opus
1079 4008 1248 4077 ipsius
1268 4009 1521 4078 probare,
1552 4010 1821 4066 videbitur
1840 4010 1943 4065 sibi

359 4105 428 4158 ad
456 4115 724 4157 summam
756 4096 1140 4165 perfectionem
1168 4098 1399 4151 venisse.
1442 4098 1578 4151 Tum
1610 4098 1804 4153 deinde
1830 4099 1946 4154 sine

369 4193 478 4247 ullo
505 4189 764 4245 exercitio
795 4178 1015 4257 degens,
1054 4202 1227 4254 neque
1253 4188 1380 4256 quid
1410 4187 1510 4242 sibi
1540 4189 1653 4243 vitii
1681 4191 1945 4255 abundet,

2033 3111 2139 3158 tem
2168 3102 2294 3169 quia
2315 3100 2427 3170 jam
2454 3109 2510 3157 et
2540 3109 2667 3156 ante
2697 3100 2910 3156 diabolo
2948 3102 3281 3156 renuntiavit
3324 3111 3379 3159 et
3426 3105 3617 3174 operi-

2035 3195 2134 3248 bus
2162 3193 2297 3262 ejus.
2353 3194 2506 3261 Quod
2540 3203 2718 3248 tamen
2751 3209 2862 3247 non
2909 3194 2978 3247 ab
3022 3193 3108 3249 his
3136 3195 3229 3264 qui
3260 3195 3314 3248 in
3358 3198 3617 3266 profectu

2032 3293 2158 3339 sunt
2187 3285 2331 3350 vitae,
2359 3284 2445 3338 vel
2470 3285 2563 3356 qui
2587 3283 2699 3353 jam
2724 3282 2790 3337 ad
2831 3283 3217 3353 perfectionem
3245 3286 3491 3353 tendunt,
3516 3288 3617 3342 sed

2033 3378 2100 3429 ab
2130 3377 2215 3430 his
2237 3377 2330 3446 qui
2361 3391 2391 3433 a
2414 3378 2588 3446 prima
2602 3376 2784 3431 statim
2798 3375 3135 3430 confessione
3159 3376 3460 3443 initiantur,
3493 3377 3619 3434 ﬁeri

2035 3469 2189 3523 solet.
2233 3470 2292 3523 In
2321 3470 2423 3523 hoc
2470 3476 2650 3521 autem
2692 3468 2988 3530 renuntiat,
3025 3467 3165 3521 sicut
3195 3468 3443 3537 superius
3468 3469 3618 3523 dixi-

2036 3577 2179 3626 mus,
2214 3562 2376 3617 etiam
2409 3561 2522 3630 ipse
2553 3561 2654 3615 sibi
2687 3561 2868 3623 homo,
2894 3560 2947 3614 id
2976 3567 3082 3624 est,
3115 3560 3158 3613 si
3188 3560 3354 3628 priori
3383 3574 3621 3614 consue-

2039 3652 2210 3706 tudini
2233 3667 2344 3707 suae
2357 3651 2439 3707 vel
2462 3653 2585 3705 vita:
2601 3651 2893 3714 renuntiet,
2911 3651 3183 3707 autetiam
3210 3649 3453 3703 moribus
3476 3649 3616 3713 suis,

2038 3743 2120 3797 vel
2143 3742 2591 3799 delectationibus
2647 3741 2829 3796 smculi
2873 3739 3051 3808 hujus,
3085 3741 3179 3794 sed
3205 3750 3261 3793 ct
3287 3739 3623 3808 consangui-

2039 3833 2199 3886 nitati
2265 3831 2570 3901 corporali;
2611 3830 2687 3884 illi
2741 3830 2977 3884 maxime
3023 3844 3143 3899 qua:
3191 3828 3451 3898 impedire
3497 3828 3621 3896 ejus

2040 3923 2374 3993 prepositum
2422 3931 2600 3991 potest
2626 3939 2638 3975 :
2669 3929 2725 3976 et
2755 3929 3009 3990 parentes
3063 3920 3279 3989 quidem
3308 3934 3405 3973 eos
3432 3920 3524 3990 qui
3555 3934 3622 3974 se

2044 4014 2099 4067 in
2140 4011 2356 4070 Christo
2396 4010 2523 4066 lesu
2571 4025 2670 4080 per
2711 4010 3061 4079 Evangelium
3091 4016 3410 4079 genuerunt,
3442 4009 3623 4078 magis

2045 4103 2294 4173 putabit;
2347 4101 2541 4156 fratres
2575 4109 2754 4155 autem
2799 4115 2893 4154 eos
2918 4100 3009 4169 qui
3037 4099 3285 4155 eumdem
3311 4099 3626 4168 adoptionis

2047 4191 2296 4267 spiritum
2364 4198 2723 4260 susceperunt
2761 4209 2774 4243 :
2822 4190 3190 4259 possessiones
3239 4203 3367 4242 vero
3427 4202 3628 4242 omnes

363 4297 540 4353 neque
559 4279 688 4351 quid
713 4278 933 4333 virtutis
958 4278 1116 4341 desit,
1156 4277 1419 4348 agnoscit.
1457 4278 1639 4348 Neque
1660 4279 1946 4335 discretio-
1972 4320 2024 4379 D
2050 4284 2212 4342 simul
2239 4300 2269 4337 a
2294 4299 2352 4338 sc
2380 4284 2528 4339 ducit
2561 4282 2786 4341 alienas.
2820 4282 2886 4336 Et
2915 4291 2974 4335 ut
3024 4280 3264 4335 breviter
3288 4278 3489 4343 dicam,
3532 4279 3627 4333 hic

361 4389 487 4430 nem
508 4371 707 4427 habere
727 4369 926 4439 poterit
953 4368 1005 4422 in
1031 4383 1255 4438 operum
1282 4367 1563 4438 qualitate,
1589 4385 1687 4440 pro
1715 4387 1780 4426 eo
1801 4373 1942 4440 quod

362 4463 618 4535 operandi
648 4461 871 4517 materia
898 4461 1076 4515 omnis
1097 4460 1315 4515 exclusa
1344 4460 1434 4514 sit.
1464 4460 1522 4515 ln
1550 4478 1658 4533 quo
1677 4464 1824 4517 enim
1847 4465 1945 4519 hu-

369 4555 651 4611 militatem
677 4566 830 4607 suam
858 4549 1136 4620 probabit,
1186 4551 1454 4605 neminem
1494 4551 1702 4608 habens
1726 4554 1811 4608 cui
1842 4554 1945 4607 hu-

368 4647 549 4705 milem
595 4658 655 4699 se
698 4642 938 4712 praebere
987 4640 1212 4695 debeat?
1262 4641 1316 4695 In
1365 4657 1472 4712 quo
1523 4643 1945 4699 miscricordiam

370 4736 765 4794 demonstrabit
806 4732 970 4787 totius
1008 4733 1265 4786 consortii
1311 4741 1365 4787 et
1403 4735 1675 4795 societatis
1705 4735 1950 4791 alienus?

367 4829 452 4884 Ad
474 4825 791 4897 patientiam
817 4838 943 4876 vero
967 4822 1235 4892 quomodo
1259 4824 1491 4899 seipsum
1515 4826 1809 4889 cxcrccbit,
1834 4826 1953 4880 nul-

372 4918 480 4972 lum
505 4916 711 4971 habens
733 4913 827 4983 qui
855 4913 1107 4966 videatur
1142 4910 1259 4980 ejus
1296 4913 1665 4971 voluntatibus
1693 4916 1953 4971 obviare?

374 5011 431 5065 Si
462 5010 584 5078 quis
628 5017 806 5061 autem
843 5005 988 5060 dicat
1017 5003 1263 5059 sullicere
1312 5005 1413 5059 sibi
1456 5006 1761 5061 doctrinam
1803 5008 1952 5063 Scri-

371 5110 546 5172 ptura:
573 5107 627 5154 et
656 5096 946 5168 apostolica
972 5103 1241 5167 praecepta
1281 5096 1347 5150 ad
1386 5097 1817 5153 emendationem
1842 5115 1955 5153 mo—

376 5207 494 5246 ram
519 5190 793 5257 vitamque
817 5186 1171 5250 formandam,
1190 5186 1365 5241 simile
1396 5187 1526 5241 mihi
1553 5188 1755 5257 aliquid
1780 5187 1957 5244 facere

375 5281 588 5335 videtur
632 5280 717 5335 his
746 5280 837 5350 qui
879 5294 1092 5349 semper
1135 5277 1325 5334 fabrile
1366 5278 1655 5333 artificium
1705 5281 1955 5341 discunt,

381 5386 653 5442 nunquam
694 5378 871 5425 tamen
917 5367 1269 5423 fabrifaciuut
1313 5385 1483 5441 opus,
1526 5370 1609 5425 vel
1649 5371 1733 5426 his
1771 5374 1862 5443 qui
1907 5375 1959 5428 in

383 5469 714 5515 structorum
748 5470 864 5514 arte
894 5473 1108 5528 semper
1136 5459 1427 5527 docentur,
1475 5478 1749 5533 nunquam
1782 5474 1959 5521 tamen

384 5545 712 5602 aediﬁcanda:
743 5547 932 5600 domus
959 5561 1177 5615 operam
1211 5546 1429 5601 dabunt.
1458 5548 1593 5603 [iere
1618 5551 1757 5603 cnim
1786 5560 1836 5604 ct
1861 5552 1959 5607 ll.)-

2049 4375 2133 4429 cui
2159 4392 2256 4445 pro
2276 4375 2493 4431 Christo
2515 4374 2746 4429 mundus
2770 4373 2946 4427 omnis
2967 4370 3261 4427 crucifixus
3291 4379 3393 4433 est,
3426 4377 3481 4423 et
3504 4369 3628 4444 ipse

2050 4468 2270 4533 mundo,
2321 4470 2592 4538 quomodo
2640 4475 2818 4538 potest
2846 4482 3035 4522 servus
3065 4465 3201 4522 ellici
3235 4466 3626 4536 cogitationum

2051 4568 2106 4612 ct
2137 4558 2556 4614 sollicitudinum
2577 4560 2761 4613 mundi
2785 4577 2799 4624 ;
2833 4576 2955 4613 cum
2978 4559 3237 4613 Dominus
3253 4558 3440 4627 juheat
3461 4558 3632 4613 etiam

2053 4648 2289 4705 animum
2320 4649 2490 4718 ipsam
2544 4649 2913 4717 abncgandam
2947 4665 3066 4704 esse
3092 4666 3191 4720 pro
3242 4650 3339 4705 se?
3375 4648 3632 4704 Perlecta

2056 4740 2239 4810 itaque
2290 4752 2373 4794 est
2414 4742 2701 4811 abnegatio
2728 4744 2798 4819 in.
2835 4759 2920 4805 eo,
2954 4755 3013 4797 ut
3041 4744 3384 4814 passionibus
3410 4745 3635 4814 penitus

2062 4838 2265 4896 careat,
2293 4831 2419 4885 dum
2451 4832 2625 4886 adhuc
2654 4834 2708 4886 in
2748 4844 2973 4904 corpore
3009 4843 3113 4889 est.
3164 4834 3272 4890 Sed
3302 4836 3417 4891 haec
3441 4836 3647 4905 incipit

2060 4935 2222 4990 agere
2265 4922 2333 4975 ab
2385 4920 2470 4975 bis
2508 4923 2685 4992 primo
2742 4939 2862 4993 quas
2890 4925 3232 4979 extrinsecus
3265 4934 3410 4991 sunt,
3443 4924 3496 4979 id
3523 4934 3633 4988 est,

2061 5025 2089 5063 a
2125 5012 2490 5080 passionibus,
2521 5012 2606 5067 vel
2636 5014 2779 5068 inani
2807 5015 3000 5083 gloria,
3031 5024 3088 5069 et
3126 5017 3171 5070 si
3207 5031 3327 5086 ane
3375 5024 3499 5071 sunt
3525 5017 3635 5072 alia

2062 5102 2284 5165 similia,
2314 5111 2375 5156 ut
2403 5103 2472 5159 ab
2500 5103 2586 5157 bis
2625 5106 2858 5174 primum
2883 5106 3150 5161 eﬂiciatur
3182 5109 3408 5171 alienus.
3434 5108 3499 5165 Et
3532 5110 3639 5165 hoc

2064 5202 2148 5247 est
2184 5195 2324 5262 quod
2354 5210 2453 5253 nos
2499 5195 2803 5252 docuerunt
2852 5200 3081 5268 apostoli
3129 5197 3363 5256 Iacobus
3388 5209 3443 5255 et
3471 5199 3639 5255 Joan-

2065 5301 2184 5349 nes,
2224 5287 2315 5357 qui
2368 5288 2702 5356 reliquerunt
2755 5299 2961 5359 patrem
3010 5309 3166 5348 suum
3213 5295 3553 5357 Zcbedteum.
3584 5305 3641 5348 ct

2065 5392 2255 5429 navem
2303 5376 2471 5445 ipsam
2522 5378 2573 5431 iu
2626 5395 2730 5448 qua
2762 5391 2920 5436 erant
2959 5382 3152 5449 (Marc.
3178 5385 3239 5456 ι).
3278 5385 3384 5441 Sed
3410 5394 3467 5441 et
3504 5386 3642 5441 Mat-

2067 5466 2237 5518 tltreus
2278 5465 2587 5535 relinquens
2633 5471 2881 5540 vectigal,
2927 5483 2981 5527 et
3006 5489 3255 5544 surgens,
3306 5492 3370 5531 ac
3399 5491 3642 5548 sequens

2067 5554 2349 5611 Dominum
2399 5558 2606 5617 (.liatth.
2641 5567 2757 5629 ul:
2819 5566 2906 5635 (ι’ῖί
2940 5584 3040 5621 non
3090 5570 3261 5623 solum
3312 5570 3460 5626 ltcra
3511 5571 3644 5626 reli-
