3942 6190
317 397 421 456 ιθγ

985 396 1211 453 (ΖΟυΕΧ
1252 396 1701 455 ιιιεϐυωιιωι.
1756 427 1813 435 --
1852 394 1907 447 ΡΑ

2013 395 2029 448 5
2065 394 2104 447 l.
2150 393 2449 449 Μαίη-Ε
2489 390 2593 447 PP.
2636 391 2907 455 ORIENT.

3466 390 3569 447 498

320 520 510 577 queret
568 505 929 577 vectigalium,
967 508 1063 562 sed
1107 515 1161 562 et
1217 508 1514 577 periculum
1552 513 1891 574 contempse-
1919 504 1967 562 Λ
1997 502 2048 555 in
2098 513 2338 558 sanctam
2402 505 2740 568 doctrinam;
2772 505 2865 559 sed
2896 506 3037 559 sicut
3086 505 3347 560 Dominus
3385 516 3571 559 noster

322 608 433 662 rat;
467 597 612 666 quod
642 599 829 666 utique
866 605 1080 666 poterat
1121 599 1341 652 evenire
1372 614 1400 650 a
1424 595 1758 667 principibus
1792 608 1893 647 sae-

326 687 453 751 culi,
482 701 583 757 pro
612 702 677 742 eo
705 687 847 756 quod
870 686 1214 757 vectigalium
1263 687 1503 740 rationes
1548 683 1895 753 imperfectas

319 787 486 846 atque
515 777 904 846 incompositus
942 777 1264 848 reliquisset.
1295 776 1373 831 Ita
1401 787 1579 831 autem
1602 776 1898 846 cupiditate

323 868 583 938 sequendi
606 868 897 922 Dominum
941 868 1135 923 ductus
1186 877 1291 932 est,
1324 876 1383 920 ut
1437 867 1640 921 nullum
1671 880 1898 937 prorsus

310 959 488 1030 hujus
523 960 646 1014 vita:
675 968 980 1030 respectum
1024 960 1110 1015 vel
1135 961 1518 1031 cogitationem
1543 962 1761 1015 sibimet
1783 976 1898 1014 ser-

323 1050 552 1105 vaverit.
589 1049 742 1116 Quod
793 1058 970 1105 autem
1003 1062 1177 1119 neque
1223 1050 1289 1104 ad
1315 1049 1540 1106 affectus
1585 1059 1894 1121 parentum,

326 1144 370 1197 si
402 1144 761 1197 adversantur
816 1142 1111 1197 Dominicis
1154 1142 1459 1211 praiceptis,
1518 1156 1694 1211 neque
1724 1143 1789 1195 ad
1819 1142 1899 1194 ul~

326 1231 434 1287 lam
472 1232 705 1301 aliquam
736 1234 1024 1286 humanam
1067 1233 1479 1303 dclectationem
1529 1232 1898 1301 oporteatali-

324 1336 485 1391 quem
538 1322 830 1390 respicere,
881 1330 938 1375 et
973 1338 1070 1392 per
1117 1323 1219 1377 hoc
1245 1323 1312 1377 ab
1355 1338 1421 1378 eo
1445 1325 1587 1392 quod
1617 1325 1900 1393 preposuit

236 1428 245 1445 ί
329 1412 596 1482 impediri,
631 1412 889 1466 Dominus
913 1414 1122 1477 edocet,
1154 1412 1342 1467 dicens
1370 1431 1383 1466 :
1417 1410 1476 1467 Si
1511 1413 1628 1482 quis
1668 1428 1791 1482 ergo
1817 1429 1898 1466 re-

328 1503 460 1557 nerit
500 1503 569 1555 ad
595 1519 694 1567 me,
758 1511 931 1556 etnon
978 1501 1085 1556 odit
1129 1512 1329 1572 patrem
1381 1518 1536 1555 suum
1579 1510 1628 1555 et
1674 1511 1898 1555 matrem

322 1610 497 1652 suam.
527 1602 574 1647 et
613 1608 829 1646 uxorem
884 1602 933 1646 et
985 1591 1146 1661 ﬁlios,
1176 1602 1225 1647 et
1268 1592 1461 1661 fratres
1492 1601 1539 1645 et
1568 1608 1793 1655 sorores,
1818 1592 1900 1645 in-

327 1698 483 1755 super
502 1695 551 1739 et
586 1685 816 1739 animam
860 1702 1033 1749 suam,
1070 1700 1173 1737 non
1202 1693 1367 1753 potest
1401 1700 1549 1737 meus
1584 1700 1695 1737 esse
1741 1684 1900 1737 disci-

331 1776 485 1847 pulus
520 1775 673 1845 (Luc.
710 1774 841 1846 κη’).
873 1776 1025 1842 Quod
1050 1784 1131 1831 est
1157 1774 1333 1829 simile
1377 1775 1454 1829 illi
1487 1776 1632 1844 quod
1658 1776 1815 1841 dixit,
1839 1784 1898 1829 ut

328 1872 558 1942 deneget
586 1871 709 1940 quis
735 1870 989 1940 seipsum.

814 1958 1322 2015 INTERROGATIO
1351 1959 1414 2013 γ.

326 2048 388 2104 Si
406 2059 611 2124 inportet
645 2067 762 2105 eum
802 2052 890 2121 qui
916 2052 1075 2124 servis
1102 2050 1201 2124 Dei
1223 2034 1416 2124 soitiari
1448 2051 1577 2115 vult,
1602 2053 1900 2124 relinquere

398 2121 762 2227 indiﬂ'erezuer
788 2123 1094 2192 propinquis
1122 2122 1232 2175 suis
1263 2121 1556 2192 portionem
1582 2121 1900 2191 facultatum

406 2206 618 2227 ...ηηιηι

401 2206 620 2244 suarum
645 2206 658 2243 2

395 2274 558 2334 lisse.
609 2281 835 2336 Domino
871 2282 1119 2337 dicente:
1167 2280 1337 2336 Vende
1391 2284 1567 2337 omnia
1619 2283 1753 2337 bona
1784 2292 1898 2347 tua,

330 2381 375 2424 et
410 2371 478 2424 da
506 2372 843 2440 pauperibus,
896 2383 940 2426 et
970 2372 1178 2427 habebis
1228 2374 1532 2428 thesaurum
1582 2374 1636 2428 in
1662 2373 1823 2439 cwlis,
1853 2383 1901 2428 et

331 2462 464 2526 ueni,
506 2478 718 2530 sequere
769 2480 850 2516 me
889 2462 1042 2533 (Luc.
1099 2464 1298 2535 mn);
1353 2473 1408 2520 et
1442 2464 1638 2519 iterum
1683 2483 1695 2518 :
1771 2463 1903 2519 Ven-

328 2550 435 2605 dite
453 2552 633 2604 omnia
658 2567 775 2621 qua;
804 2551 1028 2619 habetis,
1059 2562 1107 2607 et
1132 2554 1252 2607 date
1302 2553 1689 2625 eleemosynam
1745 2553 1898 2624 (Luc.

331 2638 474 2708 xn);
513 2640 751 2695 arbitror
802 2642 1016 2710 quidem
1057 2643 1200 2712 quod
1242 2644 1288 2698 is
1329 2644 1420 2712 qui
1474 2643 1685 2698 accedit
1711 2643 1779 2698 ad
1808 2637 1903 2698 Dei

334 2729 635 2795 servitium,
677 2746 782 2786 non
806 2731 999 2786 debeat
1028 2742 1372 2789 contemnere
1404 2742 1460 2789 et
1489 2744 1549 2788 ut
1574 2733 1707 2790 libet
1735 2733 1902 2789 relin-

339 2837 503 2890 quere
531 2837 595 2876 ea
618 2839 737 2892 qua:
760 2824 859 2879 sibi
890 2833 1231 2895 competunt;
1265 2826 1363 2881 sed
1401 2835 1573 2881 tentet
1628 2825 1829 2891 omnia,
1858 2825 1905 2880 si

336 2910 447 2964 ﬁeri
480 2921 676 2981 potest,
728 2928 849 2967 eam
889 2930 1098 2968 summa
1143 2915 1418 2986 diligentia
1455 2924 1749 2987 assumpta,
1785 2925 1904 2970 tan-

336 3016 493 3070 quam
543 3017 609 3056 ea
656 3019 776 3073 qua:
811 3003 926 3075 jam
975 3005 1201 3060 Domino
1243 3016 1456 3061 sacrata
1508 3015 1671 3073 sunt,
1736 3023 1906 3077 quan—

341 3100 451 3148 tum
500 3096 620 3149 lieri
662 3105 838 3165 potest
888 3098 1281 3152 rationabiliter
1331 3098 1690 3168 dispensare:
1728 3098 1907 3153 sciens

339 3184 461 3251 quia
501 3200 611 3239 non
666 3196 750 3240 est
786 3188 987 3255 absque
1036 3187 1275 3258 periculo
1310 3188 1363 3242 in
1413 3203 1576 3259 opere
1618 3188 1714 3242 Dei
1746 3203 1978 3263 agerem;

340 3274 672 3345 negligenter
697 3274 829 3347 (Jer.
857 3288 1066 3346 scrin).
1104 3276 1161 3330 Si
1197 3294 1327 3332 vero
1373 3278 1658 3349 propinqui
1685 3277 1804 3348 ejus
1826 3280 1909 3335 vel

338 3377 591 3435 parentes
616 3375 801 3421 contra
833 3367 987 3421 (idem
1020 3368 1258 3434 veniant,
1288 3369 1445 3424 debet
1479 3386 1696 3425 rursum
1722 3370 1911 3425 mentio

340 3459 483 3513 uisse
535 3457 749 3514 Domini
800 3459 1067 3515 ditenti‘s:
1098 3460 1235 3526 Quia
1268 3479 1371 3516 non
1409 3476 1482 3517 est
1529 3464 1618 3534 qui
1646 3461 1910 3533 reliquerit

335 3550 571 3615 domum,
610 3560 700 3604 aut
749 3551 963 3620 fratres,
990 3561 1079 3605 aut
1108 3562 1347 3633 patrem,
1380 3563 1471 3608 aut
1522 3562 1761 3616 matrem,
1816 3562 1911 3607 aut

348 3656 583 3704 uxorem,
615 3650 705 3693 aut
737 3640 895 3709 filios,
946 3651 1035 3694 aut
1059 3659 1214 3713 agros
1261 3654 1472 3714 propter
1501 3661 1604 3711 me,
1632 3654 1680 3698 et
1701 3652 1913 3714 propter

346 3727 710 3798 I-Izangeliam,
734 3731 825 3799 qui
850 3746 951 3784 non
996 3732 1220 3800 accipiat
1263 3731 1561 3803 centuplum
1588 3734 1643 3787 in
1668 3732 1912 3803 pra'senti

342 3828 583 3882 tempore,
618 3826 666 3871 et
694 3818 747 3871 in
776 3817 956 3887 futuro
992 3820 1185 3874 swculo
1217 3820 1376 3875 vitam
1408 3832 1660 3877 (sternam
1690 3821 1907 3891 (Matth.

341 3908 478 3977 xix).
521 3906 902 3964 Verumtamen
944 3919 1158 3980 oportet
1205 3927 1329 3967 eum
1372 3913 1457 3968 bis
1507 3914 1597 3982 qui
1646 3914 1750 3967 sibi
1794 3929 1915 3983 qua:

344 4010 439 4049 sua
479 4006 605 4051 sunt
642 3999 909 4071 denegauit
940 4012 993 4056 et
1024 4003 1305 4070 resistunt,
1333 4013 1388 4059 et
1414 4004 1651 4059 desidem
1689 4004 1912 4070 faciunt,

341 4089 627 4158 protestari
655 4098 711 4145 et
737 4091 1051 4147 denuntiare
1104 4095 1229 4163 quia
1275 4094 1545 4166 sacrilegii
1600 4092 1804 4150 crimen
1836 4095 1916 4149 itt-

343 4188 588 4243 currunt,
652 4182 951 4236 secundum
1017 4184 1329 4238 mandatum
1382 4183 1595 4238 Domini
1644 4184 1911 4239 dicentis:

347 4271 499 4337 Quod
519 4273 566 4326 si
589 4283 765 4342 peccat
792 4276 845 4328 in
874 4283 922 4328 te
944 4274 1109 4345 frater
1146 4286 1289 4340 tuus,
1320 4286 1365 4329 et
1394 4293 1555 4346 argue
1580 4293 1721 4342 eunt,
1749 4284 1804 4330 et
1831 4291 1917 4330 re-

292 4371 311 4377 “
347 4360 491 4431 liqua
547 4361 763 4434 (Matth.
803 4363 977 4436 xvtn).
1034 4362 1247 4419 Iudicio
1288 4348 1419 4421 ivero
1460 4365 1694 4434 experiri
1742 4364 1917 4420 dehis

353 4452 495 4520 apud
542 4450 756 4519 iudices
797 4453 998 4519 sicculi,
1057 4453 1245 4508 abnuit
1281 4455 1554 4525 religionis
1598 4454 1913 4519 auctoritas,

352 4558 445 4613 per
486 4543 539 4598 id
567 4543 711 4612 quod
736 4540 871 4597 dixit
896 4542 1184 4614 Apostolus
1212 4562 1223 4598 :
1258 4544 1423 4597 Audet
1451 4543 1641 4614 aliquis
1667 4553 1889 4597 vestrum

350 4632 612 4702 negotium
643 4631 834 4687 habens
874 4632 1122 4687 adversus
1155 4632 1339 4699 aliaat,
1381 4633 1618 4703 judicari
1669 4634 1809 4704 apud
1839 4633 1919 4687 in-

352 4723 532 4789 iustos,
563 4734 611 4779 et
648 4742 752 4779 non
782 4724 922 4795 apud
948 4736 1155 4780 sanctos
1185 4725 1235 4796 (Ι
1273 4724 1395 4779 Cor.
1421 4724 1543 4796 vt)?
1570 4725 1639 4779 Et
1661 4742 1875 4780 rursum
1901 4744 1912 4779 :

355 4817 486 4880 Quia
506 4817 627 4886 jam
649 4816 858 4887 quidem
884 4819 1095 4871 omnino
1131 4817 1372 4871 dei’ietum
1402 4826 1474 4871 est
1513 4818 1569 4871 in
1602 4817 1765 4883 vobis,
1793 4817 1918 4889 quia

351 4907 549 4971 iudicia
585 4908 783 4963 habetis
804 4910 940 4963 inter
962 4927 1047 4963 ros
1076 4908 1284 4981 (Ιὺὶίι.).

809 4999 1320 5055 INTERROGATIO
1367 4998 1452 5054 Vl.

355 5085 409 5140 Si
438 5100 639 5158 oportet
677 5107 852 5161 omnes
880 5092 967 5161 qui
1002 5091 1265 5144 inveniunt
1290 5091 1357 5143 ad
1382 5110 1473 5145 nos
1511 5092 1803 5161 suscipere;
1827 5099 1918 5142 aut

418 5176 533 5280 zai‘n
586 5160 946 5280 probatione?
981 5172 1027 5215 ct
1081 5160 1252 5230 qualis
1296 5162 1396 5213 ἰδία
1458 5161 1605 5215 debet
1656 5177 1765 5214 esse
1802 5175 1924 5230 pro-

450 5246 560 5280 ato

450 5239 560 5282 atto

422 5319 585 5374 lisse.
624 5320 758 5375 Cum
785 5323 876 5376 Dei
906 5323 1188 5377 clementia
1217 5337 1404 5377 omnes
1448 5332 1627 5389 vocet,
1652 5338 1748 5393 per
1778 5322 1922 5376 illaut

350 5412 786 5478 praedicationem
813 5406 916 5484 qua
967 5416 1134 5470 dicit:
1179 5414 1356 5468 Venite
1392 5413 1462 5467 ad
1502 5431 1601 5478 me,
1628 5430 1801 5467 omnes
1824 5412 1918 5483 qui

353 5502 605 5556 laboratis
642 5512 690 5556 et
713 5507 916 5558 onerati
953 5508 1100 5571 estis,
1125 5516 1171 5559 et
1194 5522 1286 5577 ego
1328 5505 1561 5574 reficiam
1586 5521 1674 5557 vos
1702 5503 1916 5575 (Matth.

357 5591 455 5659 ³³),
488 5608 594 5648 non
632 5603 716 5649 est
744 5595 947 5665 absque
976 5596 1289 5651 discrimine
1336 5592 1570 5663 abjicere
1614 5593 1922 5662 quempiam

358 5685 657 5739 venientem
686 5687 752 5741 ad
776 5703 890 5741 nos.
920 5686 1303 5742 Verumtamen
1333 5702 1505 5755 neque
1533 5682 1842 5746 immundis,
1866 5691 1925 5736 ut

356 5775 526 5839 αῑωιι,
554 5777 783 5846 pedibus
822 5778 1203 5850 itr‘lulgendum
1245 5789 1326 5851 est
1369 5777 1591 5832 introire
1618 5775 1921 5844 quempiam

1993 595 2153 649 Jesus
2175 594 2696 661 Christusjuvenem
2729 594 2877 648 illum
2917 595 3010 663 qui
3047 594 3115 648 ad
3145 610 3205 650 se
3233 604 3457 649 venerat
3486 596 3570 649 in-

1997 687 2291 756 terrogavit
2320 688 2385 740 de
2410 687 2590 755 priore
2633 689 2742 742 vita
2769 704 2888 753 sua,
2922 698 3120 743 etcum
3151 688 3393 743 audisset
3444 689 3571 758 quin

1995 786 2143 831 recte
2182 786 2456 832 transacta
2512 787 2677 843 esset,
2727 780 2869 848 quod
2907 780 3094 834 deerat
3117 784 3165 834 ei
3193 780 3448 850 percepit
3479 779 3574 834 ad-

1998 868 2241 937 implere,
2299 871 2454 922 etita
2507 869 2725 923 demum
2782 867 2943 936 jussit
2995 885 3117 924 eum
3172 870 3325 939 sequi
3353 886 3456 924 se:
3499 870 3572 922 ita

1998 958 2164 1014 etiam
2223 972 2327 1012 non
2381 967 2597 1027 oportet
2644 959 2917 1028 inquirere
2946 960 3014 1037 de
3066 960 3337 1029 pneterita
3380 960 3488 1013 rita
3520 967 3575 1012 et

1997 1050 2431 1114 conversatione,
2466 1066 2534 1105 ne
2564 1049 2703 1106 forte
2755 1051 3006 1105 simulata
3035 1052 3156 1120 quis
3187 1061 3365 1107 mente
3393 1061 3448 1106 et
3477 1051 3574 1105 fal-

1997 1141 2101 1195 laci
2131 1141 2312 1194 animo
2340 1141 2561 1195 accedat
2580 1142 2647 1195 ad
2673 1157 2791 1195 nos.
2850 1141 3004 1207 Quod
3037 1141 3112 1195 ita
3145 1142 3358 1195 demum
3387 1140 3574 1209 digno-

1999 1231 2189 1292 scitur,
2216 1229 2263 1283 si
2290 1229 2447 1283 facile
2486 1245 2702 1284 omnem
2727 1230 2974 1285 laborem
3010 1229 3253 1299 corporis
3278 1230 3371 1298 qui
3400 1228 3575 1296 injun-

1999 1319 2144 1387 gitnr
2175 1319 2336 1382 ferat,
2374 1327 2427 1372 et
2454 1319 2519 1371 ad
2560 1320 2971 1389 castigationem
3017 1321 3141 1374 vita:
3190 1336 3390 1390 pronus
3421 1320 3573 1374 incli-

2002 1416 2196 1470 natur;
2253 1409 2336 1461 vel
2388 1409 2432 1463 si
2473 1410 2635 1463 etiam
2672 1410 2923 1464 delictum
2974 1411 3188 1479 aliquod
3237 1426 3415 1474 suum,
3452 1427 3574 1464 cum

2003 1497 2368 1566 interrogatus
2398 1496 2581 1561 fuerit,
2611 1514 2947 1567 nequaquam
2976 1501 3329 1571 pronuntiare
3358 1500 3576 1554 confutr

2001 1589 2166 1651 ditur,
2210 1596 2264 1643 et
2294 1588 2559 1643 medelam
2601 1589 2782 1644 delicti
2816 1607 2936 1660 qua:
2968 1590 3208 1645 adhibita
3255 1590 3418 1647 fuerit
3454 1608 3577 1661 gra-

2004 1688 2182 1733 tanter
2232 1679 2499 1732 assumit:
2554 1688 2608 1732 et
2635 1678 2681 1733 si
2711 1678 2779 1733 ad
2810 1695 3025 1733 omnem
3072 1678 3426 1733 humilitatem
3454 1679 3576 1733 abs-

2003 1785 2108 1841 que
2128 1769 2236 1822 ulla
2264 1768 2591 1823 verecundia
2618 1768 2926 1833 inclinatur,
2955 1785 3019 1824 ac
3047 1769 3324 1825 vilioribus
3347 1777 3400 1825 et
3430 1750 3577 1837 abie-

1929 1844 1976 1901 B
2004 1858 2265 1911 ctioribus
2308 1857 2577 1923 artiﬁciis,
2626 1859 2671 1911 si
2711 1858 2783 1912 ita
2819 1859 2957 1912 ratio
2987 1859 3312 1928 poposcerit,
3345 1858 3487 1914 tradi
3516 1876 3577 1914 se

2003 1963 2109 2000 non
2140 1948 2368 2017 accipiat
2406 1957 2784 2016 aspernanter.
2818 1947 2952 2002 Cum
2985 1964 3120 2018 ergo
3146 1964 3209 2003 ex
3240 1950 3323 2003 bis
3353 1949 3577 2020 singulis

2001 2040 2339 2095 documentis
2369 2039 2534 2094 fuerit
2578 2042 2962 2108 comprobatus
3008 2041 3132 2110 quia
3180 2040 3336 2096 firma
3376 2049 3573 2103 mente,

2000 2138 2054 2186 et
2085 2130 2265 2183 stabili
2312 2130 2557 2196 consilio,
2589 2146 2652 2185 ac
2677 2140 2927 2201 prompto
2956 2132 3140 2211 animo
3175 2132 3268 2196 sit,
3299 2141 3425 2186 tunc
3456 2148 3576 2186 sus-

2000 2223 2107 2291 cipi
2137 2237 2262 2277 eum
2300 2222 2476 2278 decet.
2506 2221 2666 2277 Prius
2692 2232 2870 2278 autem
2918 2239 3083 2293 quam
3135 2226 3350 2294 corpori
3382 2224 3579 2280 frater—

2002 2312 2187 2366 uitatis
2213 2312 2503 2377 inseratur,
2557 2320 2772 2382 oportet
2796 2313 2845 2367 ei
2896 2313 3100 2383 injungi
3135 2314 3384 2384 quaedam
3427 2314 3577 2369 labo-

2005 2404 2145 2457 riosa
2201 2418 2390 2474 opera,
2440 2412 2496 2459 et
2519 2420 2641 2473 quae
2671 2405 2959 2460 videantur
2994 2406 3285 2474 opprobrio
3333 2406 3519 2461 lial‘eri
3550 2422 3578 2459 a

2005 2497 2394 2562 saecularibus;
2435 2506 2493 2553 et
2547 2500 2826 2554 observari
2878 2508 3093 2569 oportet
3135 2502 3181 2555 si
3207 2501 3437 2556 libenter
3465 2502 3581 2556 haec

2004 2598 2060 2641 et
2097 2588 2268 2643 libere
2317 2605 2381 2644 ac
2419 2588 2651 2644 ﬁdeliter
2679 2590 2911 2660 expleat,
2951 2606 3049 2646 nec
3093 2591 3467 2648 confusionem
3490 2607 3581 2647 eo—

2006 2694 2124 2732 rum
2148 2678 2384 2749 graviter
2409 2679 2587 2735 ferat:
2643 2681 2729 2735 vel
2757 2682 2923 2737 etiam
2949 2683 2993 2737 si
3031 2683 3083 2738 in
3134 2682 3316 2737 labore
3356 2682 3583 2754 impiger

2006 2770 2316 2825 inveniatur
2351 2781 2407 2826 et
2428 2780 2729 2842 promptus.

2470 2902 2985 2961 INTERROGATIO
3016 2906 3120 2960 \‘ll.

2009 2996 2095 3050 Ex
2127 3013 2230 3067 qua
2267 3006 2420 3051 a’tate
2480 3006 2677 3068 oportet
2722 2998 3064 3068 nosmetipsos
3108 2998 3296 3066 offerre
3318 2995 3430 3068 (Deo
3456 3010 3473 3048 :
3506 2997 3583 3050 vel

2083 3068 2395 3139 virginitatis
2426 3068 2800 3139 professionem
2829 3067 3041 3139 quando
3072 3075 3268 3138 oportet
3290 3067 3498 3135 ﬁrmam
3522 3085 3583 3121 ac

2083 3137 2320 3192 stabilem
2338 3138 2577 3208 judicari
2600 3139 2626 3191 Ρ
2842 3137 2849 3139 ἡ
3105 3137 3109 3138 ί
3558 3166 3563 3171 -

2081 3232 2243 3287 Resp.
2285 3232 2510 3287 Dicente
2556 3230 2824 3287 Domino:
2868 3230 3038 3287 Sinite
3065 3230 3291 3301 infantes
3314 3231 3486 3285 venire
3515 3230 3589 3282 ad

2010 3341 2091 3378 me
2116 3322 2269 3394 (Luc.
2300 3322 2458 3395 xvtn)
2483 3340 2499 3389 ;
2536 3330 2591 3378 et
2623 3322 2867 3393 apostolo
2913 3321 3080 3377 Paulo
3106 3321 3439 3377 collaudante
3461 3334 3587 3375 eum

2009 3415 2101 3484 qui
2128 3415 2195 3469 ab
2225 3413 2452 3470 infantia
2483 3430 2672 3470 sacras
2704 3415 2915 3469 litteras
2956 3413 3254 3476 didicisset,
3282 3420 3338 3465 et
3370 3425 3593 3466 rursum

2011 3505 2356 3575 praicipiente
2381 3505 2606 3559 educari
2647 3502 2788 3559 ﬁlios
2814 3504 2872 3557 in
2897 3503 3146 3558 doctrina
3166 3510 3222 3557 et
3244 3501 3587 3569 correptione.

2011 3594 2263 3659 Domini;
2294 3609 2458 3649 omne
2505 3602 2718 3664 tempus
2760 3609 2792 3647 a
2818 3593 2994 3663 prima
3019 3600 3184 3647 actate
3224 3598 3586 3661 opportunum

2007 3683 2231 3752 quidem
2280 3698 2402 3740 esse
2433 3683 2680 3738 ducimus
2712 3684 2783 3739 ad
2828 3682 3229 3751 suscipiendum
3259 3681 3507 3738 timorem
3534 3694 3593 3736 et

2011 3775 2368 3830 eruditionem
2418 3774 2675 3829 Domini:
2709 3777 2866 3830 ﬁrma
2916 3784 3096 3831 tamen
3149 3783 3278 3831 tunc
3326 3776 3430 3830 erit
3459 3790 3586 3845 pro-

2012 3863 2177 3920 fessio
2204 3866 2557 3936 virginitatis,
2609 3882 2679 3921 ex
2707 3882 2815 3936 quo
2835 3866 3015 3921 adulta
3032 3867 3144 3937 jam
3165 3875 3298 3922 astas
3338 3882 3460 3924 esse
3478 3883 3588 3923 οω-

2011 3962 2173 4030 pcrit,
2212 3971 2267 4017 et
2297 3977 2360 4017 ea
2391 3977 2512 4031 quae
2539 3962 2674 4017 solet
2702 3963 2904 4032 nuptiis
2948 3973 3068 4032 apta
3098 3962 3346 4032 deputari
3375 3979 3441 4018 ac
3467 3978 3590 4032 per-

2013 4052 2175 4107 lecta.
2204 4051 2432 4122 Oportet
2457 4061 2637 4107 tamen
2660 4051 2915 4117 infantes,
2946 4054 3303 4108 voluntatem
3320 4067 3587 4108 consensu

2013 4150 2321 4213 parentum,
2352 4142 2461 4197 imo
2490 4142 2560 4198 ab
2607 4142 2743 4212 ipsis
2770 4142 3085 4211 parentibus
3113 4144 3345 4209 oblatos,
3383 4144 3484 4199 sub
3513 4152 3591 4197 te-

2013 4234 2268 4291 stimonio
2287 4234 2642 4303 plurimorum
2668 4234 2869 4305 suscipi
2892 4251 2906 4299 ;
2940 4242 3000 4288 ut
3024 4236 3202 4289 omnis
3229 4236 3445 4291 occasio
3474 4252 3589 4289 tua-

2014 4326 2196 4383 ledicti
2261 4327 2437 4397 gratia
2496 4327 2821 4383 excludatur
2877 4326 3152 4380 hominum
3202 4328 3587 4395 pessimorum.

2014 4415 2273 4471 Adhiberi
2333 4425 2514 4471 autem
2570 4418 2650 4473 eis
2701 4425 2914 4487 Oportet
2940 4426 3206 4472 Summam
3233 4417 3585 4487 diligentiam,

1898 4506 1913 4610 ;
1941 4548 1992 4607 Ι)
2017 4521 2124 4575 quo
2146 4507 2355 4576 possint
2382 4507 2450 4561 ad
2467 4522 2631 4562 omne
2653 4507 2873 4561 virtutis
2897 4506 3213 4562 exercitium
3240 4509 3593 4578 probabiliter

2022 4594 2247 4657 institui,
2284 4602 2395 4673 tam
2423 4595 2479 4649 in
2534 4596 2701 4650 verbo
2722 4610 2888 4664 quam
2924 4596 2979 4650 in
3008 4596 3283 4652 intellectu
3322 4606 3379 4651 et
3405 4611 3586 4665 opere.

2017 4683 2292 4752 Quidquid
2320 4685 2372 4737 in
2399 4692 2582 4739 tenero
2609 4686 2731 4754 quis
2758 4693 2813 4742 et
2840 4701 3007 4755 parvo
3032 4688 3338 4752 inseruerit,
3380 4688 3591 4744 ﬁrmius

2020 4782 2075 4825 et
2130 4773 2370 4827 tenacius
2422 4773 2773 4842 imposterum
2833 4778 3193 4849 conservabit.
3259 4778 3592 4849 lnjungcnda

2019 4872 2105 4916 est
2123 4877 2253 4933 ergo
2274 4862 2559 4917 infantium
2603 4880 2733 4918 cura
2761 4865 2847 4919 bis
2890 4866 2983 4934 qui
3029 4875 3155 4920 ante
3183 4869 3365 4922 omnia
3396 4868 3452 4922 in
3480 4870 3590 4923 vir-

2026 4963 2138 5008 tute
2158 4953 2435 5022 patientite
2485 4954 2807 5009 documenta
2837 4956 2922 5009 sui
2968 4955 3319 5025 probabiliter
3351 4960 3595 5028 pra-bue-

2020 5054 2147 5100 runt
2174 5065 2187 5099 :
2215 5047 2308 5115 qui
2339 5049 2545 5115 possint
2564 5061 2665 5116 pro
2692 5046 2889 5100 merito
2913 5046 3094 5101 delicti
3121 5055 3178 5102 et
3213 5050 3388 5103 tetatis
3416 5049 3596 5120 singu-

2026 5136 2091 5189 lis
2118 5136 2421 5211 quibusque
2475 5137 2639 5190 etiam
2690 5137 3051 5205 correptionis
3091 5138 3347 5194 adhibere
3374 5156 3594 5196 mensu-

2027 5242 2138 5279 ratn
2168 5240 2183 5279 :
2210 5234 2265 5279 et
2301 5227 2392 5295 qui
2430 5237 2646 5282 servent
2666 5240 2767 5307 eos
2796 5227 3042 5295 proximo
3070 5230 3307 5283 omnium
3333 5246 3364 5284 a
3393 5246 3598 5288 sermo-

2027 5315 2185 5368 nibus
2209 5315 2417 5379 otiosis,
2439 5323 2492 5369 et
2522 5315 2590 5369 ab
2619 5316 2920 5382 iracundia,
2951 5326 3112 5387 atque
3147 5320 3215 5374 ab
3235 5320 3596 5379 incitamentis

2026 5404 2181 5474 gulae,
2223 5412 2331 5459 eta
2382 5406 2590 5461 cunctis
2642 5407 3012 5463 indecentibus
3062 5417 3225 5479 atque
3277 5411 3594 5481 inordinatis
3665 5464 3671 5487 ,

2027 5495 2287 5550 moribus.
2324 5494 2381 5549 Si
2414 5511 2540 5550 vero
2568 5512 2689 5551 cum
2723 5499 2898 5553 :etatis
2924 5512 3214 5571 augmento
3238 5501 3414 5558 nullus
3444 5506 3497 5559 in
3517 5506 3599 5561 eis

2027 5590 2449 5659 deprehenditur
2501 5588 2773 5660 profectus
2808 5591 3108 5659 industriae,
3150 5594 3242 5649 sed
3285 5610 3421 5664 vaga
3444 5612 3599 5651 mens

2029 5693 2081 5734 et
2136 5681 2347 5736 animus
2400 5696 2585 5736 cassus
2644 5696 2708 5736 ac
2736 5690 2947 5738 tumens
2994 5684 3159 5739 etiam
3206 5694 3330 5754 post
3353 5686 3599 5740 instituta

2028 5773 2325 5844 probabilia
2378 5773 2752 5829 infructuosus
2784 5776 3162 5842 permanserit,
3232 5773 3598 5844 hujuscemodi
