3942 6190
360 403 467 473 499'

1386 415 1443 469 S.
1484 410 1844 469 BENEDICTI
1880 412 2172 468 ABBATIS
2208 402 2618 466 ANIANERSlS

3504 406 3601 461 5ου

360 529 525 600 abjici
547 538 779 601 Oportet,
834 537 889 583 et
918 529 1152 582 maxime
1182 543 1304 583 cum
1342 522 1602 594 juvenilis
1634 527 1814 582 fervor
1844 542 1932 580 ru-
1963 529 2009 585 Α
2037 531 2165 578 tunc
2191 524 2392 579 dicitur
2416 523 2611 593 dignus
2639 521 2881 588 effectus,
2913 536 3036 576 cum
3067 530 3124 575 et
3148 522 3264 591 ipse
3293 519 3456 575 simili
3488 537 3606 590 Spa-

360 621 481 674 dem
533 618 752 673 lacessit
797 625 1035 672 tetatem.
1098 617 1297 670 Eorum
1327 631 1459 671 vero
1489 616 1581 685 qui
1629 624 1791 672 aetate
1821 615 1936 684 jam

360 710 581 764 robusta
631 706 897 763 accedunt
962 707 1031 761 ad
1086 708 1368 762 servitium
1427 705 1545 770 Dei,
1595 714 1809 776 oportet
1862 706 1937 759 in-

356 800 598 868 quirere,
655 806 714 853 ut
740 798 996 862 diximus,
1050 798 1366 868 qualitatem
1395 798 1521 853 vita:
1547 797 1852 867 praeteritae,
1882 805 1938 850 et

356 889 604 945 sutlicere
634 889 796 944 etiam
828 890 932 944 hoc
960 889 1156 958 ipsum,
1182 888 1228 943 si
1252 888 1385 943 satis
1424 889 1692 942 instanter
1720 887 1823 942 hoc
1842 901 1937 941 ex—

355 990 569 1053 petunt,
600 990 656 1035 et
676 981 723 1035 si
750 994 939 1035 verum
970 988 1025 1034 et
1046 978 1244 1033 ardens
1269 978 1596 1034 desiderium
1638 988 1934 1034 esteorum

354 1090 485 1144 erga
509 1089 645 1144 Opus
660 1072 777 1127 Dei.
811 1069 1195 1140 Huiuscemodi
1220 1083 1352 1124 vero
1380 1067 1498 1122 ﬁeri
1515 1068 1841 1123 documenta
1866 1068 1935 1122 ab

356 1165 441 1219 his
460 1170 695 1233 oportet,
720 1161 813 1231 qui
837 1160 994 1215 valde
1020 1159 1315 1229 prudenter
1342 1159 1408 1214 de
1426 1158 1513 1213 bis
1536 1159 1805 1213 discutere
1834 1172 1933 1227 po-

357 1254 559 1309 tuerint
611 1260 667 1308 et
721 1251 972 1320 probare.
1031 1250 1164 1304 Cum
1195 1257 1374 1303 autem
1423 1248 1625 1303 fuerint
1670 1249 1932 1317 suscepti,

354 1346 401 1399 si
433 1345 573 1399 forte
617 1343 952 1413 propositum
982 1356 1137 1395 suum
1185 1340 1508 1410 transgressi
1562 1339 1782 1403 fuerint,
1832 1355 1934 1394 nec

352 1432 522 1488 videri
571 1448 665 1487 eos
704 1438 915 1501 oportet
966 1430 1228 1499 amplius,
1278 1437 1538 1498 tanquam
1589 1444 1685 1484 eos
1740 1430 1833 1499 qui
1876 1431 1931 1485 in

357 1508 524 1578 Deum
580 1524 959 1593 deliquerunt;
992 1536 1099 1591 quo
1132 1530 1271 1575 teste
1291 1520 1651 1576 confessionis
1680 1536 1791 1575 suae
1839 1537 1935 1591 pa-

353 1622 499 1670 ctum
526 1612 848 1683 transgressi
873 1620 1017 1666 sunt.
1066 1610 1184 1664 Etsi
1210 1611 1516 1680 peccaverit,
1550 1609 1746 1679 inquit,
1775 1610 1931 1664 homo

350 1710 410 1763 in
445 1700 705 1764 hominem
734 1750 747 1775 ,
778 1709 1003 1762 orabunt
1022 1724 1116 1777 pro
1146 1708 1257 1777 ipso
1287 1708 1355 1760 ad
1391 1707 1678 1761 Dominum
1703 1722 1720 1758 :
1749 1709 1795 1762 si
1836 1725 1933 1761 au-

351 1800 453 1856 tem
512 1802 569 1855 in
626 1800 795 1854 Deum
856 1798 1169 1870 peccaverit,
1222 1799 1339 1867 quis
1395 1799 1564 1852 orabit
1626 1815 1721 1868 pro
1780 1814 1840 1853 eo
1876 1795 1927 1869 (ι

352 1893 479 1964 Reg.
520 1892 585 1964 ιι)
606 1892 631 1946 i

805 1979 1321 2036 INTERROGATIO
1355 1981 1481 2035 V‘lll.

352 2092 413 2149 Si
440 2104 639 2166 oportet
666 2112 784 2149 eum
818 2095 909 2166 qui
937 2111 1005 2166 se
1039 2096 1153 2166 pitu
1169 2112 1230 2147 ac
1275 2093 1533 2166 religiosi?
1563 2095 1681 2166 vita:
1701 2096 1925 2163 dederit,

665 2165 835 2218 etiam
870 2165 1243 2219 continentiam
1281 2165 1605 2218 observare?

427 2256 588 2311 Rssr.
633 2255 768 2323 Quia
812 2255 868 2309 in
911 2255 1164 2310 omnibus
1208 2255 1516 2310 necessaria
1545 2255 1616 2311 sit
1644 2256 1925 2311 continen-

353 2348 449 2412 tia,
506 2346 854 2402 manifestum
903 2353 1009 2411 est,
1067 2347 1242 2416 primo
1284 2346 1525 2401 omnium
1577 2361 1736 2402 exeo
1784 2349 1929 2417 quod

348 2435 552 2491 Paulus
582 2438 724 2492 inter
752 2435 963 2492 fructus
994 2435 1229 2506 Spiritus
1258 2438 1429 2493 sancti
1460 2438 1622 2491 etiam
1652 2438 1929 2493 continen-

350 2531 481 2584 tiam
512 2529 759 2583 nominat
786 2527 1014 2601 (Cal.v).
1050 2527 1187 2582 Tum
1223 2527 1417 2583 deinde
1472 2528 1634 2582 etiam
1659 2529 1925 2584 immacu-

344 2620 513 2675 latum
538 2619 896 2675 ministerium
928 2632 1025 2689 per
1048 2619 1189 2674 hanc
1236 2618 1442 2673 servari
1470 2634 1629 2690 posse
1655 2619 1922 2690 designat,

344 2726 468 2767 cum
497 2710 673 2766 dicit:
708 2709 777 2764 1η
813 2708 1103 2776 laboribus,
1146 2712 1204 2763 in
1249 2709 1468 2781 vigiliis,
1504 2711 1558 2764 in
1587 2711 1838 2781 jejuniis,
1870 2714 1925 2767 in

343 2805 588 2857 castitate
629 2801 714 2874 (11
743 2801 867 2856 Cor.
902 2803 1000 2875 vi).
1050 2802 1118 2855 Et
1149 2802 1344 2856 iterum
1370 2803 1496 2857 alibi
1532 2822 1543 2856 :
1580 2802 1646 2857 In
1674 2802 1851 2859 labore
1875 2814 1924 2858 et

344 2895 679 2965 fatigatione,
728 2896 784 2947 in
828 2894 1018 2964 vigiliis
1049 2893 1247 2956 multis,
1295 2896 1351 2947 in
1387 2894 1527 2963 fame
1548 2904 1595 2948 et
1632 2896 1742 2962 siti,
1774 2897 1825 2950 in
1842 2896 1924 2966 je-

337 2987 509 3056 juniis
529 2986 827 3056 frequenter
854 2985 935 3056 (ll
967 2984 1090 3040 Cor.
1120 2987 1217 3055 xi).
1253 2987 1319 3040 Et
1348 2989 1545 3042 iterum
1580 3007 1591 3042 :
1625 2986 1807 3044 Omnis
1832 2993 1923 3060 qui

340 3077 397 3130 in
419 3091 586 3144 agone
611 3075 898 3149 contendit,
939 3076 1003 3128 ab
1032 3076 1271 3131 omnibus
1293 3078 1560 3131 continens
1589 3090 1664 3132 est
1720 3079 1770 3152 (1
1795 3079 1918 3134 Cor.

344 3163 429 3243 it).
464 3165 533 3217 Et
556 3179 775 3218 rursum
808 3182 820 3217 :
860 3164 1074 3219 Μασθτο
1117 3183 1307 3236 corpus
1360 3184 1556 3232 meum,
1592 3178 1639 3221 et
1685 3171 1921 3223 servituti

341 3252 566 3323 subjicia
603 3251 836 3324 (Ibid.);
891 3253 1033 3323 quod
1083 3254 1270 3325 utique
1305 3273 1409 3310 non
1437 3257 1594 3312 aliter
1619 3274 1781 3328 quam
1825 3275 1920 3329 per

339 3344 731 3401 continentiam
766 3345 982 3401 videtur
1020 3345 1251 3416 impleri.
1307 3349 1373 3403 Et
1392 3347 1691 3417 juventutis
1718 3360 1915 3417 tumor,

339 3453 403 3492 ac
430 3436 611 3493 fervor
633 3439 810 3493 aetatis
829 3438 977 3493 velut
1010 3437 1165 3494 freno
1189 3440 1421 3509 quodam
1469 3443 1723 3514 restringi
1752 3453 1803 3499 ct
1834 3460 1918 3499 rc-

338 3524 502 3598 primi
529 3538 628 3599 per
654 3528 824 3584 sciam
856 3530 1239 3584 continentiam
1271 3539 1467 3600 potest.
1506 3532 1632 3585 Non
1667 3535 1804 3588 enim
1830 3550 1919 3587 e1:-

335 3620 549 3689 pediuut
578 3619 736 3675 stulto
778 3619 999 3686 delicim,
1028 3621 1321 3677 secundum
1350 3622 1697 3678 Salomoncm
1730 3623 1913 3696 (Prov.

346 3708 521 3781 avni).
562 3709 634 3764 Et
678 3711 877 3777 carnis,
908 3711 1082 3779 inquit
1117 3710 1429 3782 Apostolus,
1488 3730 1667 3766 curam
1696 3730 1757 3767 ne
1782 3714 1917 3781 [ece-

338 3802 453 3856 ritis
482 3802 539 3855 in
561 3802 995 3872 concupiscentiis
1024 3801 1201 3873 (Rom.
1233 3801 1339 3872 ut).
1367 3804 1433 3856 Et
1461 3804 1657 3858 iterum
1687 3823 1698 3857 :
1746 3804 1915 3859 Vidua

334 3905 453 3958 qum
479 3889 532 3941 in
554 3889 755 3943 deliciis
780 3900 875 3956 est,
910 3891 1082 3945 vivens
1107 3900 1312 3946 mortua
1350 3902 1425 3947 est
1453 3891 1505 3964 (1
1533 3892 1667 3946 Tim.
1699 3892 1775 3966 v).
1810 3893 1916 3949 Sed

337 3980 642 4050 exemplum
661 3981 793 4036 illud
808 3982 990 4036 divitis
1004 3983 1056 4036 in
1077 3983 1285 4038 deliciis
1299 3984 1531 4039 viventis
1551 3987 1913 4040 necessariam

339 4071 499 4125 nobis
533 4071 771 4125 ostendit
825 4086 945 4124 esse
993 4073 1405 4137 continentiam,
1469 4091 1537 4129 ne
1566 4075 1701 4129 forte
1731 4086 1787 4130 et
1815 4092 1915 4130 nos

338 4161 624 4214 audiamus
677 4159 821 4227 quod
869 4159 1076 4213 audivit
1102 4168 1157 4214 et
1202 4161 1396 4215 dives:
1431 4161 1570 4226 Quia
1606 4174 1914 4217 consecutus

335 4266 395 4304 es
420 4250 557 4303 bona
584 4250 645 4302 in
675 4250 778 4303 vita
805 4258 898 4303 tua
957 4248 1109 4320 (Luc.
1135 4249 1269 4313 xvi).
1311 4250 1593 4318 Quomodo
1617 4262 1796 4308 autem
1827 4254 1911 4307 in-

333 4340 666 4397 continentia
700 4340 999 4410 periculosa
1041 4342 1131 4408 sit,
1181 4342 1348 4397 etiam
1389 4342 1680 4411 Apostolus
1732 4345 1910 4412 docet,

333 4446 457 4488 cum
503 4447 623 4488 eam
671 4432 891 4502 proprie
947 4432 1054 4487 illis
1109 4433 1333 4488 ascribit
1390 4449 1527 4503 quos
1581 4436 1838 4493 recedere
1877 4457 1908 4493 a

333 4520 561 4579 Domino
592 4522 723 4577 dicit
748 4539 763 4587 ;
797 4522 872 4576 ait
896 4522 1040 4576 enim
1072 4535 1089 4575 :
1119 4521 1187 4575 In
1220 4524 1509 4579 novissimis
1533 4524 1715 4580 diebus
1742 4527 1912 4581 insta-

334 4617 461 4668 bunt
510 4622 745 4684 tempora
790 4611 1122 4680 periculosa:
1174 4624 1327 4668 erunt
1375 4615 1512 4669 enim
1559 4617 1793 4672 homines
1826 4636 1908 4673 se-

332 4707 472 4777 ipsos
507 4714 740 4760 amantes
792 4703 879 4776 (ΙΙ
905 4704 1039 4758 Tim.
1087 4706 1192 4776 tu),
1248 4715 1302 4761 et
1359 4722 1479 4760 cum
1507 4707 1657 4776 plura
1690 4710 1908 4765 malitim

296 4780 301 4787 l
332 4812 533 4869 genera
559 4806 953 4863 enumerasset,
995 4798 1060 4851 ad
1100 4797 1349 4853 ultimum
1376 4801 1557 4868 posuit
1588 4819 1600 4854 :
1636 4799 1907 4857 Comesse-

333 4893 438 4956 i'es,
478 4890 875 4955 incontinentes,
899 4889 1143 4943 immites.
1207 4888 1312 4944 Sed
1362 4899 1417 4944 et
1446 4891 1585 4944 Esau
1639 4891 1905 4948 malorum

331 4995 550 5035 suorum
573 4981 726 5050 quasi
756 4979 997 5035 fomitem
1023 4981 1309 5050 quemdam
1332 4981 1519 5035 habuit
1557 4982 1902 5040 incontinen-

334 5074 485 5139 tiam,
527 5074 617 5143 qui
646 5084 745 5144 pro
770 5088 880 5128 uno
908 5072 1031 5127 cibo
1058 5072 1300 5128 uendidit
1318 5072 1588 5141 primitiva
1626 5087 1720 5126 sua
1746 5073 1897 5145 (Gen.

333 5163 487 5233 sxv).
531 5163 638 5218 Sed
681 5170 737 5217 et
764 5163 939 5232 prima
992 5161 1082 5216 illa
1114 5161 1491 5230 prtevaricatio
1545 5175 1650 5215 non
1689 5160 1902 5217 aliunde

330 5246 535 5312 homini
570 5255 675 5309 nisi
732 5270 829 5325 per
880 5253 1325 5309 incontinentiam
1380 5252 1578 5305 accidit
1614 5249 1765 5319 (Gen.
1794 5251 1897 5320 ιιι).

330 5347 519 5402 Omnis
554 5360 685 5401 vero
713 5352 1021 5401 sanctorum
1052 5345 1182 5409 vita,
1222 5353 1385 5413 atque
1412 5343 1579 5412 ipsius
1607 5343 1815 5397 Domini
1846 5343 1897 5396 in

330 5450 496 5491 carne
521 5435 687 5506 positi
733 5435 1044 5506 praesentia,
1073 5450 1192 5503 qua:
1223 5433 1380 5488 nobis
1436 5433 1563 5497 alia,
1593 5434 1694 5487 nisi
1722 5435 1882 5488 conti-

329 5527 527 5582 nentia;
577 5526 831 5596 proponit
873 5525 1163 5595 exempla?
1215 5526 1424 5596 Moyses
1479 5526 1717 5595 quidem,
1772 5527 1896 5580 dum

327 5615 661 5673 continuatio
710 5614 1067 5685 quadraginta
1127 5615 1336 5669 dierum
1371 5613 1578 5682 jejunio
1634 5616 1896 5670 astitisset

329 5699 645 5771 lndefcctus,
705 5708 901 5763 dicitur
947 5722 977 5760 a
1005 5707 1115 5761 Deo
1159 5706 1420 5760 meruisse
1478 5707 1612 5777 legis
1640 5709 1894 5763 auxilium

326 5793 561 5875 humano
592 5801 771 5873 generi
824 5800 1051 5856 deferre.
1104 5801 1247 5856 Elias
1285 5816 1494 5869 quoque
1546 5803 1747 5857 visione
1801 5804 1893 5857 Dei

2040 618 2116 671 tio
2138 623 2439 685 temporum
2470 630 2500 669 a
2530 615 2653 669 cibo
2680 629 2738 669 se
2762 612 3096 667 continuisse
3115 612 3471 683 perscribitur
3492 610 3606 683 (Ill

2036 707 2166 778 Reg.
2198 707 2337 782 xxx).
2382 707 2488 762 Sed
2515 716 2571 763 et
2625 706 2864 762 Danielis
2895 714 2951 761 et
2988 706 3151 759 trium
3175 718 3469 774 puerorum
3497 720 3608 759 me-

2038 803 2200 857 ritum
2231 804 2373 874 apud
2403 803 2594 866 Deum,
2619 816 2726 870 quo
2764 800 2830 855 de
2881 799 3131 854 omnibus
3169 797 3406 852 inimicis
3430 797 3541 852 suis
3559 806 3613 852 et

2037 895 2104 949 de
2132 895 2250 966 ipso
2286 904 2518 966 tyranno
2547 893 2877 963 triumphum
2909 896 3169 961 ceperunt
3216 887 3379 959 (Dan.
3413 886 3473 959 l),
3506 902 3611 944 non

2035 985 2254 1041 aliunde
2281 984 2387 1040 nisi
2427 999 2524 1054 per
2552 982 2942 1039 continentiam
2971 980 3138 1035 venit.
3170 979 3401 1034 Joannis
3433 986 3612 1034 autem

2034 1076 2215 1131 omnis
2253 1076 2363 1130 vita
2415 1074 2754 1131 continentia
2817 1071 2922 1126 fuit
2976 1070 3191 1143 (Matth.
3240 1070 3345 1142 ιιι).
3402 1071 3616 1126 Abbac‘

2032 1166 2197 1220 etiam
2222 1165 2481 1220 Dominus
2512 1163 2964 1227 manifestationis
3010 1177 3121 1217 sua:
3149 1161 3304 1216 initia
3324 1161 3498 1231 prima
3521 1177 3615 1230 pa—

2034 1257 2220 1313 tefecit
2260 1256 2481 1329 (Matth.
2535 1256 2631 1326 iv).
2668 1255 3072 1311 Continentiam
3121 1264 3303 1308 autem
3358 1253 3612 1319 dicimus,

2034 1363 2142 1402 non
2171 1362 2336 1417 quoa
2384 1347 2507 1400 cibo
2554 1346 2771 1416 penitus
2824 1346 3207 1399 abstinendum
3257 1346 3350 1410 sit,
3377 1345 3484 1399 hoc
3533 1355 3615 1400 est

2033 1436 2177 1499 enim
2205 1436 2372 1489 vitam
2403 1436 2664 1490 violenter
2704 1436 3001 1490 dissolvere
3029 1470 3047 1501 ,
3074 1436 3170 1490 sed
3198 1452 3319 1490 eam
3350 1452 3457 1506 qua
3488 1437 3615 1491 vitm

2034 1542 2167 1580 usus
2197 1541 2302 1580 non
2331 1525 2650 1595 superﬂuus,
2685 1525 2776 1581 sed
2806 1527 3147 1581 necessarius
3194 1535 3410 1581 constat
3440 1546 3453 1581 :
3491 1543 3614 1581 cum

2034 1613 2330 1686 refugimus
2359 1616 2502 1685 quod
2538 1631 2705 1671 suave
2760 1624 2866 1681 est,
2912 1616 3191 1685 explemus
3236 1633 3303 1673 ea
3350 1634 3473 1688 quin
3501 1620 3613 1675 sola

2032 1706 2277 1774 corporis
2324 1706 2621 1761 necessitas
2675 1706 2869 1775 poscit.
2901 1705 2990 1771 Et,
3022 1714 3083 1760 ut
3121 1706 3359 1761 breviter
3409 1708 3613 1774 dicam,

2031 1798 2212 1853 omnia
2240 1814 2359 1868 qua:
2404 1814 2504 1871 per
2546 1800 2859 1869 passibilem
2912 1802 3406 1870 concupiscentiam
3436 1806 3618 1874 requis

1957 1872 2006 1931 Β
2035 1898 2246 1955 runtur,
2285 1889 2353 1943 ab
2382 1890 2468 1945 his
2496 1891 2792 1957 abstinere,
2820 1893 2996 1947 virtus
3029 1901 3116 1947 est
3140 1872 3612 1950 continentia—Et

2029 1978 2149 2033 ideo
2176 1995 2307 2051 ergo
2333 1995 2441 2035 non
2465 1980 2638 2035 solum
2669 1983 2723 2035 in
2754 1997 2849 2036 esu
2877 1983 2984 2037 cibi
3013 1991 3069 2038 et
3093 1984 3147 2038 in
3180 1984 3402 2039 libidine
3430 1987 3615 2040 contis

2031 2069 2231 2123 nentiae
2257 2069 2433 2124 virtus
2488 2068 2833 2138 agnoscitur;
2867 2072 2963 2126 sed
3011 2087 3134 2126 cum
3178 2073 3248 2126 ab
3273 2074 3532 2129 omnibus
3563 2076 3617 2129 in

2028 2159 2225 2228 quibus
2264 2159 2596 2214 delectamur
2623 2160 2842 2230 quidem
2871 2175 3057 2227 carne,
3105 2164 3198 2217 sed
3228 2163 3283 2216 in
3310 2164 3496 2217 anima
3527 2164 3616 2219 lae-

2035 2252 2235 2318 dimur,
2262 2251 2615 2307 abstinemus.
2657 2252 2832 2307 Verus
2862 2268 2991 2323 ergo
3035 2254 3320 2309 continens
3362 2270 3466 2309 nec
3497 2256 3612 2326 310—-

2029 2344 2165 2398 riam
2202 2344 2491 2398 humanam
2519 2344 2834 2410 desiderat;
2875 2344 2967 2399 sed
3003 2360 3034 2398 a
3060 2345 3209 2399 vitiis
3229 2361 3288 2400 se
3332 2347 3605 2412 continet,

2027 2444 2081 2490 et
2110 2435 2179 2490 ab
2205 2436 2310 2502 ira,
2354 2444 2409 2490 et
2432 2451 2462 2489 a
2495 2436 2738 2502 tristitia,
2772 2445 2828 2491 et
2852 2436 2920 2490 ab
2948 2437 3196 2491 omnibus
3224 2452 3343 2506 quae
3372 2453 3619 2507 occupa-

2031 2532 2111 2579 tas
2163 2533 2348 2579 tenere
2399 2532 2798 2580 consueverunt
2844 2525 3145 2579 ineruditus
3197 2527 3407 2581 animas
3452 2536 3505 2581 et
3528 2528 3624 2582 in-

2026 2623 2233 2668 cautas.
2276 2614 2421 2669 Pene
2448 2622 2626 2668 autem
2682 2615 2735 2667 in
2767 2616 3018 2669 omnibus
3068 2616 3338 2670 mandatis
3370 2616 3463 2671 Dei
3505 2619 3621 2675 hoc

2026 2706 2349 2770 invenimus,
2383 2705 2524 2774 quod
2572 2721 2739 2758 unum
2793 2705 2948 2760 alteri
2999 2707 3256 2770 cohaeret,
3301 2716 3354 2760 et
3385 2723 3617 2777 separa-

2026 2796 2322 2851 tumxaliud
2357 2796 2423 2851 ab
2478 2796 2583 2850 tilio
2618 2798 2879 2866 compleri
2934 2798 3263 2867 impossibile
3291 2808 3392 2853 est.
3427 2799 3484 2854 ld
3518 2810 3608 2854 ta-

2032 2888 2448 2958 mcn‘przecipue
2485 2888 2538 2941 in
2564 2888 2664 2943 hac
2716 2889 2828 2958 ipsa
2882 2891 3211 2944 continentia
3252 2892 3614 2960 deprehendis

2027 2984 2147 3041 tur;
2201 2977 2457 3044 quoniam
2493 2977 2711 3045 quidem
2746 2978 2966 3033 humilis
3001 2977 3388 3046 illejudicatur
3426 2985 3527 3051 qui
3556 3000 3612 3038 se

2025 3088 2054 3126 a
2083 3073 2335 3142 superbia
2388 3074 2646 3136 continet,
2698 3085 2752 3128 et
2784 3074 2870 3128 ille
2925 3076 3197 3129 renuntiat
3234 3078 3492 3130 omnibus
3537 3078 3611 3131 ra.

2026 3163 2323 3218 Cultatibus
2372 3165 2505 3229 suis,
2564 3174 2618 3219 et
2666 3166 2959 3220 secundum
3016 3166 3364 3237 Evangelium
3419 3171 3612 3223 vendit

2024 3253 2205 3307 omnia
2234 3269 2328 3308 sua
2354 3263 2407 3307 et
2434 3255 2763 3324 pauperibus
2793 3255 3001 3319 dividit,
3027 3257 3117 3325 qui
3149 3256 3265 3310 sine
3289 3258 3454 3312 dubio
3477 3274 3609 3312 con-

2024 3344 2162 3399 tinet
2195 3359 2255 3398 se
2284 3359 2312 3397 a
2344 3344 2584 3413 pecunia:
2615 3344 2902 3399 desiderio.
2937 3347 3044 3400 Sed
3090 3354 3144 3399 et
3174 3357 3496 3401 mansuetus
3523 3349 3610 3402 ille

2019 3436 2126 3489 erit
2158 3435 2250 3505 qui
2281 3436 2417 3489 iram
2470 3436 2729 3498 continet,
2786 3447 2839 3489 ct
2886 3439 3103 3492 cohibet
3148 3438 3410 3493 furorem.
3466 3441 3607 3507 Quid

2020 3540 2150 3579 vero
2178 3524 2290 3594 jam
2332 3540 2499 3595 vagos
2548 3526 2687 3579 oculi
2742 3527 2914 3591 visus,
2966 3536 3018 3582 et
3073 3530 3221 3583 auris
3274 3531 3515 3593 auditus,
3553 3542 3609 3585 et

2020 3614 2215 3685 linguae
2242 3614 2718 3684 intemperantiam
2757 3616 2901 3669 aliud
2927 3632 3091 3685 quam
3120 3618 3456 3672 continentia
3490 3636 3605 3674 mo-

2019 3708 2239 3762 deratur
2259 3718 2309 3763 et
2342 3708 2603 3763 cohibet?
2643 3708 2749 3763 Sed
2794 3718 2847 3763 et
2880 3711 3266 3779 intemperatos
3293 3711 3434 3765 risus
3475 3728 3607 3766 cou-

2021 3803 2247 3856 tineutia
2311 3812 2568 3857 coercet:
2603 3803 2741 3856 sicut
2793 3804 3197 3857 ineontinentim
3249 3804 3463 3873 signum
3496 3813 3604 3868 est,

2020 3890 2342 3945 inordinatis
2363 3899 2417 3945 et
2452 3890 2825 3960 incompositis
2884 3892 3116 3946 motibus
3164 3907 3325 3962 agere
3352 3892 3404 3945 in
3436 3893 3554 3947 risu
3587 3911 3599 3946 :

2017 3995 2139 4033 cum
2168 3980 2353 4049 utique
2385 3980 2713 4034 subridcndo
2747 3981 3119 4036 tantummodo
3160 3980 3401 4035 laetitiam
3440 3998 3601 4037 mena

2020 4071 2089 4124 tis
2118 4080 2366 4140 oporteat
2396 4072 2659 4136 indicari;
2717 4072 3027 4126 indecorum
3074 4081 3252 4126 autem
3303 4073 3374 4127 sit
3420 4076 3603 4144 crepi-

2018 4167 2223 4214 tantem
2246 4177 2369 4215 cum
2397 4162 2573 4215 sonitu
2613 4161 2825 4215 elevare
2865 4162 3030 4216 risum
3058 4181 3070 4215 :
3104 4162 3245 4232 quod
3269 4171 3481 4217 certum
3510 4174 3595 4218 est

2013 4272 2111 4325 per
2150 4256 2596 4311 incontinentiam
2624 4255 2821 4309 mentis
2847 4257 3091 4311 accidere
3128 4256 3301 4311 solere
3322 4257 3491 4312 etiam
3525 4261 3601 4313 in-

2014 4348 2173 4411 vitis;
2227 4366 2347 4419 qum
2396 4364 2484 4403 res
2538 4350 2860 4419 gravitatem
2892 4359 2948 4405 et
3005 4351 3365 4405 constantiam
3420 4354 3593 4407 animi

2013 4441 2253 4496 emollire
2309 4457 2372 4495 ac
2427 4443 2698 4497 resolvere
2754 4443 2910 4497 solet.
2968 4443 3121 4497 Unde
3166 4450 3220 4497 et
3288 4441 3594 4498 Salomon:

1978 4594 1983 4607 ᾗ
2014 4533 2216 4598 Risum,
2248 4535 2441 4604 inquit,
2475 4535 2589 4589 dixi
2615 4538 2896 4589 amentiam
2950 4536 3147 4607 (Eccle.
3183 4535 3267 4602 ll).
3297 4536 3365 4590 Et
3397 4556 3409 4590 :
3442 4537 3595 4592 Sicut

2014 4641 2110 4678 rex
2153 4626 2422 4694 spinarum
2450 4626 2544 4679 sub
2591 4625 2715 4689 olla,
2764 4628 2839 4680 ita
2881 4627 3017 4680 risus
3058 4626 3339 4683 stultorum
3387 4627 3592 4697 (Eccle.

2014 4713 2131 4784 vn).
2166 4716 2231 4768 Et
2265 4716 2495 4769 iterum:
2533 4715 2735 4771 Stultus
2760 4718 2814 4771 in
2841 4718 2950 4771 risu
2978 4716 3176 4771 exultat
3209 4735 3378 4771 vocem
3403 4732 3592 4772 suam:

2012 4806 2087 4859 t'ir
2114 4816 2286 4859 autem
2308 4809 2514 4877 sapiens
2534 4809 2616 4862 vix.
2642 4812 2796 4862 tacite
2823 4810 3005 4863 ridebit
3022 4809 3212 4880 (Eccli.
3240 4810 3376 4881 ut).
3393 4808 3593 4865 Osten-

2009 4896 2088 4949 dit
2111 4904 2291 4949 autem
2324 4906 2379 4950 et
2408 4898 2665 4951 Dominus
2697 4899 2751 4952 in
2783 4900 3073 4969 semetipso
3104 4900 3444 4955 necessarias
3472 4902 3594 4971 qui-

2003 4987 2129 5055 dem
2159 4988 2343 5042 carnis
2383 5003 2441 5042 se
2494 4989 2751 5043 habuisse
2788 4991 3085 5059 passiones,
3120 4991 3301 5056 idest,
3330 5006 3452 5060 qua:
3479 4993 3591 5046 vir-

2009 5080 2105 5133 tuti
2140 5081 2507 5135 testimonium
2537 5082 2758 5146 ferrent,
2796 5082 2937 5136 velut
2965 5083 3201 5137 laborem
3230 5092 3284 5136 ct
3310 5083 3495 5138 ﬂetum
3518 5100 3586 5141 ac

2005 5174 2318 5239 tristitiam;
2374 5190 2638 5244 nusquam
2692 5185 2870 5229 autem
2918 5175 3187 5229 invenitur
3239 5177 3437 5245 ctiam_
3473 5178 3584 5230 risu

2006 5280 2154 5328 usus,
2184 5273 2444 5331 quantum
2475 5265 2541 5318 ad
2572 5265 2852 5318 historiam
2883 5266 3115 5335 pertinet
3144 5266 3442 5335 Evangelii.
3474 5266 3583 5321 Sed

2004 5361 2056 5405 et
2089 5354 2286 5409 deﬂere
2319 5356 2491 5423 magis
2536 5356 2807 5409 invenitur
2830 5370 2924 5409 eos
2950 5355 3039 5423 qui
3096 5355 3298 5420 rident,
3352 5357 3579 5411 dicens:

2018 5441 2102 5496 Va:
2153 5445 2292 5497 vobis
2345 5445 2435 5514 qui
2486 5461 2622 5498 nunc
2667 5445 2867 5509 ridetis,
2900 5447 3024 5515 quia
3054 5446 3245 5515 [labiis
3262 5445 3444 5517 \(Luc.
3476 5444 3576 5513 vt).

2002 5534 2111 5588 Nec
2139 5549 2270 5588 sane
2306 5536 2565 5590 seducere
2595 5552 2692 5589 nos
2724 5536 2885 5591 debet
2913 5536 3208 5592 similitudo
3240 5538 3474 5592 nominis
3500 5537 3578 5591 ris

2000 5641 2110 5680 sus.
2143 5625 2255 5679 Mos
2285 5641 2518 5694 namque
2560 5636 2641 5681 est
2671 5626 2963 5697 Scriptura:
3016 5628 3285 5683 interdum
3334 5629 3579 5683 laetitiam

1999 5718 2193 5771 animce
2234 5724 2289 5770 et
2321 5716 2572 5771 at‘fectum
2602 5718 2889 5786 quemdam
2912 5719 3170 5774 laetiorem
3198 5711 3366 5775 risum
3396 5720 3575 5774 nomi-

1999 5818 2147 5859 nare.
2181 5800 2332 5855 Sicut
2364 5801 2433 5855 ibi
2473 5802 2627 5867 Sara,
2656 5801 2854 5869 Risum,
2882 5804 3074 5873 inquit,
3109 5807 3234 5859 mihi
3275 5805 3397 5874 fecit
3434 5804 3574 5857 Deus
