3942 6190
271 406 370 466 SOI

952 401 1181 465 CODEX
1220 402 1678 465 REGULARUM.
1716 439 1787 449 —
1825 401 2005 463 PARS
2040 407 2079 461 l.
2124 403 2427 464 REGE-LIB
2468 400 2570 460 PP.
2613 404 2889 463 ORIENT.

3420 402 3529 459 an?

272 520 433 591 (lien.
462 525 596 593 ut).
630 523 700 578 Et
719 520 917 577 iterum
936 520 958 574 ':
993 521 1141 576 Beati
1169 522 1265 593 qui
1283 524 1407 591 ﬂent
1436 539 1594 585 nunc,
1619 523 1746 592 quia
1775 522 1848 575 ri-
1874 528 1927 585 Α
1949 530 2078 589 potu
2106 536 2233 575 vero
2254 533 2353 575 nec
2381 520 2583 575 mentio
2609 520 2826 589 quidem
2871 518 2978 573 ulla
3008 518 3125 572 fuit.
3166 520 3241 573 Ex
3268 537 3375 590 quo
3397 520 3525 575 illud

274 617 470 669 «(ebant
504 612 656 683 (Luc.
696 612 791 683 vt).
840 612 905 665 Et
936 612 989 665 in
1014 611 1114 665 Job
1154 627 1366 681 quoque
1393 612 1595 666 dictum
1624 617 1745 665 est:
1779 609 1852 664 Os

277 714 453 756 autem
502 703 767 760 veracium
811 702 1093 771 replebitur
1122 703 1230 756 risu
1278 701 1399 768 (Job
1428 702 1523 771 tv).
1552 702 1678 756 111cc
1708 702 1852 757 enim

254 792 461 846 omnia
490 792 712 847 nomina
741 806 841 861 pro
860 790 1059 861 gaudio
1108 792 1302 845 anima:
1350 791 1711 860 accipiuntur.
1746 791 1852 857 Qui

274 899 409 953 ergo
446 885 588 939 liber
614 892 699 939 est
729 885 799 939 ab
842 883 989 939 omni
1018 882 1289 952 passione,
1331 890 1385 936 et
1414 880 1549 936 nihil
1599 897 1695 951 per
1722 882 1855 935 inei-

277 984 518 1030 tamenta
570 974 850 1030 libidinum
877 974 1020 1044 gerit
1039 1013 1054 1036 ,
1092 972 1187 1028 sed
1233 973 1572 1027 continenter
1596 980 1651 1027 et
1674 971 1854 1026 sobrie

275 1069 541 1124 adversus
562 1080 723 1122 omne
751 1066 896 1136 quod
925 1073 1108 1135 potest
1132 1064 1345 1129 laedere,
1378 1064 1591 1127 nititur,
1625 1063 1713 1116 hic
1729 1076 1855 1131 per-

274 1157 416 1213 fecte
475 1158 759 1213 continens
807 1156 1041 1221 dicitur,‘
1065 1156 1155 1223 qui
1199 1164 1253 1208 et
1289 1155 1405 1209 sine
1436 1154 1598 1208 duilio
1625 1168 1721 1222 per
1750 1154 1854 1207 ltoc

276 1246 488 1300 alienus
534 1246 809 1300 invenitur
835 1245 903 1300 ab
954 1244 1100 1299 omni
1151 1258 1351 1313 genere
1400 1244 1627 1312 peccati.
1662 1243 1852 1297 Libilo

272 1351 511 1405 namque
549 1345 637 1391 est
667 1337 831 1390 totius
858 1334 984 1389 mali
1012 1334 1340 1403 muscipula;
1373 1342 1428 1387 et
1454 1350 1550 1403 per
1577 1334 1715 1387 hanc
1742 1348 1853 1387 om-

274 1446 370 1486 nes
390 1431 696 1502 decipimur
734 1432 800 1486 ad
829 1440 1109 1502 peccatum
1138 1447 1152 1485 :
1182 1446 1279 1500 per
1322 1445 1485 1499 quant
1514 1430 1606 1499 qui
1634 1445 1740 1483 non
1775 1445 1852 1483 re-

272 1521 520 1585 solvitur,
553 1537 729 1591 neque
758 1523 1050 1577 inclinatur
1077 1522 1145 1579 ab
1165 1537 1249 1587 ea,
1286 1521 1434 1576 omni
1459 1535 1526 1575 ex
1556 1536 1616 1575 se
1640 1521 1849 1590 peccati

269 1615 564 1683 pessimum
593 1630 812 1686 germen
835 1615 1058 1670 excitit.

732 1728 1243 1784 INTERROGATIO
1291 1728 1381 1782 IX.

553 1799 685 1865 Quae
721 1811 795 1853 est
823 1816 1066 1853 mensura
1115 1800 1495 1853 continentiw.’

1953 608 2069 661 sine
2092 608 2255 663 dubio
2281 609 2618 679 designatur,
2662 609 2805 677 quod
2835 608 3089 662 omnibus
3112 607 3380 664 sullieiens
3408 626 3528 665 esse

1952 700 2123 767 possit
2147 716 2300 768 aqua:
2322 716 2453 756 usus
2487 710 2541 756 et
2578 701 3049 770 pernecessarius;
3098 699 3201 754 nisi
3253 700 3390 756 forte
3429 703 3526 756 alio

1952 790 2074 858 quis
2100 807 2194 859 per
2222 791 2589 845 infirmitatem
2612 792 2853 861 corporis
2883 791 3000 845 laedi
3022 806 3085 845 ex
3112 790 3211 847 hoc
3237 792 3482 847 videatur
3508 811 3520 845 :

1952 880 2036 932 cui
2072 879 2190 932 sine
2220 878 2405 943 dubio,
2454 881 2745 933 secundum
2789 881 3071 934 consilium
3115 881 3345 952 apostoli
3376 881 3524 935 Pauli

1951 969 2019 1021 ad
2045 968 2387 1023 Timotheum
2418 969 2704 1024 scribentis
2732 968 2781 1040 (1
2816 969 2948 1023 Tim.
2983 973 3061 1039 v).
3115 973 3413 1027 cavendum
3443 982 3529 1027 est

1951 1056 2091 1125 quod
2141 1066 2224 1111 est
2272 1057 2517 1111 noxium.
2573 1056 2767 1114 Sedet
2823 1074 3157 1129 quaecunque
3186 1062 3520 1117 manifestam

1953 1146 2189 1200 inferunt
2218 1161 2411 1201 noxam
2448 1147 2659 1218 corpori
2710 1149 2999 1203 devitanda
3030 1160 3175 1205 sunt.
3219 1151 3525 1209 AbSurdum

1951 1238 2093 1291 enim
2142 1238 2353 1292 videtur
2403 1247 2627 1309 propter
2683 1239 3042 1294 substantiam
3095 1242 3339 1311 corporis
3379 1240 3530 1299 cibos

1951 1344 2189 1393 sumere,
2225 1338 2278 1383 et
2309 1346 2525 1383 rursum
2567 1345 2666 1400 per
2698 1331 2841 1401 ipsos
2894 1332 3044 1385 cibos
3076 1334 3288 1402 corpori
3331 1333 3531 1388 inferre

1950 1420 2267 1489 perniciem,
2300 1430 2354 1475 et
2378 1421 2509 1475 illud
2562 1421 2750 1477 inutile
2796 1424 3023 1478 reddere
3072 1425 3138 1478 ad
3173 1427 3529 1481 ministerium

1951 1511 2348 1565 mandatorum.
2409 1512 2635 1582 Oportet
2686 1523 2865 1567 tamen
2923 1516 3070 1569 omni
3121 1515 3279 1570 modo
3322 1517 3427 1572 illis
3454 1519 3529 1571 uti

1948 1601 2087 1656 cibis
2130 1602 2221 1671 qui
2257 1611 2313 1658 et
2358 1602 2571 1657 facilius
2621 1612 2677 1658 et
2704 1603 2860 1657 vilius
2912 1613 3338 1672 comparantur;
3374 1615 3431 1658 ut
3464 1624 3531 1661 ne

1951 1693 2238 1747 occasione
2267 1692 2608 1748 abstinentize
2657 1694 2997 1748 inveniamus
3039 1695 3360 1762 pretiosiora
3393 1712 3531 1765 qua»

1950 1796 2056 1850 que
2081 1790 2136 1836 et
2174 1780 2471 1836 dilliciliora
2496 1782 2712 1847 sectari,
2770 1783 2896 1836 dum
2920 1782 3186 1837 suavitate
3212 1784 3529 1839 condimen-

342 1886 508 1942 Πεερ,
549 1889 819 1953 Quantum
877 1897 1087 1958 specta;
1135 1888 1202 1943 ad
1232 1889 1362 1942 νίιίτ.
1418 1889 1500 1943 γε]
1544 1889 1848 1958 ρειδδίηηρς,
1884 1871 1925 1928 Β
1951 1882 2132 1929 torum
2188 1874 2322 1928 viles
2381 1881 2575 1928 natura
2628 1874 2780 1929 cibos
2812 1875 2863 1928 in
2912 1890 3131 1929 suavem
3157 1884 3212 1929 et
3242 1875 3529 1931 delicatum

273 1980 487 2046 penitus
526 1980 819 2043 abstinere,
852 1994 952 2034 nec
1000 1994 1236 2050 unquam
1264 1979 1508 2049 superari
1540 1997 1552 2032 :
1589 1988 1851 2049 quantum

273 2078 454 2123 autem
486 2071 555 2125 ad
595 2072 767 2136 cibos,
799 2079 959 2140 prout
1012 2086 1141 2126 usus
1173 2071 1436 2140 deposcit,
1477 2071 1562 2124 vel
1586 2080 1739 2134 tetas,
1766 2071 1851 2125 vel

276 2162 449 2225 labor,
491 2163 576 2218 vel
606 2165 773 2218 robur
821 2164 1083 2232 corporis,
1136 2162 1219 2217 vel
1269 2163 1681 2218 incommoditas
1711 2162 1848 2231 ejus,

275 2253 348 2306 ita
375 2253 541 2307 etiam
591 2253 781 2308 modus
807 2261 863 2309 et
904 2253 1141 2323 qualitas
1176 2254 1562 2324 temperabitur
1594 2255 1722 2310 cibi.
1751 2253 1855 2309 Ne-

270 2360 374 2413 que
405 2345 554 2400 enim
600 2344 859 2415 possibile
910 2354 991 2399 est
1025 2358 1217 2399 omnes
1263 2341 1461 2398 fratres
1502 2360 1667 2398 unum
1706 2344 1852 2398 ordi—

274 2450 396 2491 nem
431 2436 515 2491 vel
561 2438 779 2491 modum
821 2452 886 2491 ac
912 2436 1152 2506 regulam
1184 2436 1237 2491 in
1265 2437 1403 2491 cibis
1457 2438 1750 2492 custodire.
1782 2437 1851 2492 lli

274 2542 400 2582 vero
429 2528 521 2598 qui
550 2528 669 2583 sani
697 2536 822 2583 sunt
849 2535 1076 2598 possunt
1123 2542 1316 2582 omnes
1353 2530 1600 2583 eamdem
1625 2544 1847 2584 mensu-

276 2636 388 2674 ram
437 2627 627 2675 tenere
683 2620 736 2674 in
767 2619 1110 2674 abstinentia.
1151 2618 1432 2674 Immutari
1468 2633 1599 2675 vero
1635 2626 1851 2688 oportet

275 2718 372 2780 per
392 2710 657 2781 singulos,
694 2711 745 2764 in
774 2711 966 2779 quibus
992 2725 1156 2764 causa
1180 2710 1361 2779 aliqua
1384 2709 1718 2765 diversitatis
1738 2710 1852 2765 exi-

278 2803 390 2863 stit,
450 2802 791 2873 providentia
819 2818 881 2856 ac
916 2802 1223 2871 provisione
1267 2816 1476 2865 eorum,
1504 2802 1702 2871 quibus
1734 2802 1847 2857 dis-

274 2892 536 2961 pensandi
568 2892 684 2946 haec
738 2907 865 2945 cura
906 2892 1197 2947 commissa
1232 2900 1335 2947 est.
1368 2891 1552 2962 Neque
1580 2893 1726 2946 enim
1753 2908 1850 2963 per

277 2981 486 3052 singula
511 2996 815 3035 sermonem
845 2980 1129 3049 complecti
1157 2995 1444 3050 possumus
1469 2997 1483 3045 ;
1524 2980 1619 3035 sed
1641 2994 1706 3034 ea
1738 2989 1851 3035 tan~

278 3072 553 3127 tummodo
600 3071 1107 3141 comprehendimus
1135 3086 1256 3140 quae
1300 3070 1367 3125 ad
1395 3084 1737 3125 communem
1768 3069 1849 3125 vel

283 3163 593 3234 generalem
625 3162 897 3231 pertinent
929 3162 1342 3215 institutionem.
1374 3158 1579 3214 Solatia
1606 3173 1737 3214 vero
1767 3159 1850 3213 in-

272 3255 681 3309 commodorum
708 3254 761 3308 in
790 3253 949 3319 cibis,
979 3254 1231 3308 videlicet
1254 3264 1442 3307 eorum
1463 3253 1556 3322 qui
1580 3250 1693 3320 jam
1720 3251 1848 3308 fessi

276 3355 402 3401 sunt
448 3362 517 3401 ex
547 3361 711 3417 opere
737 3346 1107 3412 continentiae,
1140 3347 1253 3401 sive
1282 3362 1350 3401 ex
1378 3346 1502 3401 aliis
1528 3346 1856 3416 quibuslibet

276 3439 569 3502 laboribus,
622 3451 759 3508 quos
810 3453 909 3507 pro
952 3438 1216 3509 religione
1261 3438 1626 3508 pertulerunt,
1688 3438 1725 3491 ii
1761 3439 1853 3507 qui

272 3534 537 3598 praesunt,
565 3527 857 3582 secundum
888 3529 1030 3597 quod
1056 3543 1144 3583 res
1166 3535 1221 3582 et
1242 3528 1382 3583 ratio
1413 3528 1682 3596 deposcit,
1707 3527 1856 3580 adhi-

278 3620 499 3675 bebunt.
535 3617 719 3690 Neque
741 3634 871 3690 ergo
898 3626 1109 3690 tempus
1138 3619 1414 3675 reficiendi
1435 3618 1689 3674 omnibus
1711 3617 1855 3671 idem

280 3712 441 3765 statui
467 3718 666 3781 potest,
693 3726 867 3780 neque
891 3711 1083 3765 modus
1101 3710 1233 3774 cibi,
1257 3725 1433 3780 neque
1459 3708 1729 3779 qualitas;
1757 3707 1853 3761 sed

279 3810 595 3872 prospectus
624 3801 728 3856 iste
766 3801 839 3856 sit
878 3802 1133 3857 omnibus
1161 3817 1321 3865 unus,
1357 3808 1417 3854 ut
1460 3815 1565 3853 non
1590 3814 1763 3867 usque
1785 3797 1853 3852 ad

285 3893 591 3946 satietatem
645 3891 999 3961 persistamus
1054 3890 1106 3943 iu
1167 3889 1393 3944 edendo.
1452 3887 1668 3956 ltepleri
1706 3886 1851 3941 enim

278 3991 542 4047 ventrem,
571 3992 624 4036 et
648 3983 860 4054 gravari
887 3998 950 4037 ex
981 3983 1124 4045 cibo,
1156 3982 1310 4035 valde
1352 3980 1543 4034 inutile
1569 3992 1653 4034 est
1687 3980 1850 4034 etiam

278 4076 489 4144 corpori
519 4074 589 4128 ad
613 4089 773 4130 omne
805 4090 960 4147 opus.
986 4075 1122 4129 Tum
1150 4075 1345 4129 deinde
1374 4074 1498 4143 quia
1523 4082 1581 4128 et
1598 4084 1854 4145 gravatur

279 4163 332 4216 in
358 4179 626 4229 somnum,
651 4174 705 4219 et
734 4166 860 4235 quia
882 4166 1044 4219 etiam
1074 4165 1192 4219 Iasii
1222 4180 1289 4220 ex
1316 4165 1404 4219 his
1450 4165 1609 4219 facile
1653 4173 1848 4235 potest.

281 4254 385 4308 Sed
427 4269 527 4310 nec
552 4256 737 4310 suavia
786 4270 1014 4325 quaeque
1042 4256 1096 4309 in
1155 4255 1261 4310 line
1291 4256 1536 4310 ciborum
1590 4255 1845 4311 sectanda

281 4351 447 4408 sunt;
484 4344 581 4399 sed
615 4341 811 4399 sullicit
848 4360 1006 4399 usum
1063 4345 1279 4414 explere
1332 4345 1572 4409 vivendi,
1618 4344 1850 4398 refutatu

284 4433 519 4489 luxuria.
570 4434 630 4491 Si
678 4435 822 4490 enim
850 4435 1058 4490 libidini
1085 4436 1406 4500 serviamus,
1438 4435 1570 4489 nihil
1595 4435 1739 4490 aliud
1769 4442 1853 4488 est

279 4538 441 4591 quam
475 4523 641 4578 Deum
674 4522 851 4579 facere
877 4532 1123 4578 ventrem
1153 4533 1418 4578 nostrum.
1446 4523 1711 4589 Quoniam
1734 4524 1850 4592 qui-

286 4613 404 4667 dem
439 4627 639 4681 corpus
683 4611 979 4667 humanum
1008 4623 1222 4682 semper
1246 4613 1505 4668 exolescit
1525 4620 1581 4667 et
1604 4611 1844 4675 deﬂuxit,

285 4701 483 4757 idcirco
509 4710 567 4755 et
590 4701 786 4772 repleri
810 4702 1012 4772 indiget
1036 4710 1091 4757 et
1115 4701 1396 4757 reformari
1424 4717 1438 4755 :
1470 4710 1692 4772 propter
1707 4703 1851 4771 quod

276 4803 334 4849 et
357 4794 602 4849 naturale
629 4801 714 4849 est
745 4794 851 4850 cibi
881 4795 1228 4861 desiderium,
1287 4794 1337 4848 id
1365 4794 1505 4863 quod
1554 4796 1848 4849 secundum

283 4896 481 4942 rectam
532 4886 799 4942 rationem
827 4902 959 4942 usus
1006 4886 1120 4956 ipse
1150 4887 1216 4941 ad
1249 4887 1644 4956 reparationem
1691 4887 1853 4955 depo-

279 4979 382 5034 scit
410 4994 600 5034 eorum
629 4993 750 5047 qua:
788 4979 1063 5033 exinanita
1096 4977 1293 5032 fuerint
1333 4986 1387 5033 et
1416 4986 1712 5047 assumpta,
1741 4986 1848 5032 tam

278 5068 435 5132 aridi,
482 5081 647 5137 quam
684 5068 848 5121 etiam
898 5067 1103 5122 humidi
1146 5067 1407 5121 alimenti.
1471 5066 1528 5121 Si
1559 5068 1688 5137 quid
1726 5083 1853 5138 ergo

285 5156 410 5213 illud
434 5156 686 5225 estquod
720 5165 897 5225 potest
929 5157 1013 5210 vel
1044 5158 1261 5212 brevius
1280 5156 1364 5211 vel
1389 5154 1603 5212 facilius
1630 5157 1850 5226 caplcre

280 5247 416 5302 hanc
466 5246 850 5302 necessitatem
908 5246 1155 5313 corporis
1182 5247 1237 5299 in
1275 5247 1433 5312 cibis,
1463 5247 1516 5303 id
1550 5248 1728 5317 potius
1755 5246 1851 5300 eli-

276 5337 508 5406 gendum
531 5344 635 5392 est.
669 5334 776 5391 Sed
810 5343 867 5390 et
904 5335 1168 5391 Dominus
1191 5336 1315 5401 hoc,
1341 5345 1400 5390 ut
1425 5338 1638 5406 opinor,
1668 5344 1851 5392 osten-

278 5428 374 5492 dit,
400 5442 527 5483 cum
556 5426 864 5482 esurientes
887 5426 1059 5481 reiicit
1083 5426 1137 5480 in
1159 5425 1376 5483 deserto
1401 5447 1415 5480 :
1445 5428 1573 5497 quia
1594 5442 1719 5481 cum
1745 5426 1851 5480 uti-

275 5530 382 5589 que
413 5523 602 5589 posset
646 5514 851 5584 majore
903 5516 1166 5572 miraculo
1209 5517 1542 5586 copiosiores
1585 5516 1667 5571 eis
1701 5516 1852 5572 cibos

275 5621 484 5679 parare,
508 5606 644 5662 nihil
667 5606 859 5661 horum
887 5604 1034 5671 fecit,
1065 5607 1162 5662 sed
1185 5607 1485 5675 simplicem
1510 5606 1590 5660 eis
1609 5607 1855 5661 exhibuit

275 5698 477 5753 victum
514 5715 527 5751 :
579 5707 634 5752 et
661 5696 956 5751 secundum
1002 5693 1263 5750 Joannem
1302 5693 1453 5766 (Cap.
1484 5694 1581 5766 γι),
1615 5697 1851 5765 quinque

270 5805 438 5859 ικιιιρε
494 5787 845 5853 hordeaceus,
900 5795 953 5840 et
997 5786 1287 5859 pisciculos
1340 5787 1474 5842 duos
1504 5785 1850 5856 apponit;de

1955 1977 2203 2032 saporem
2232 1961 2491 2015 extollere
2521 1978 2801 2017 conamur.
2834 1964 2940 2017 Sed
2965 1963 3008 2017 si
3041 1964 3169 2032 quid
3199 1972 3282 2019 est
3310 1965 3451 2034 quod
3476 1965 3531 2020 in

1952 2068 2275 2122 unaquaque
2299 2052 2581 2121 provincia
2626 2051 2712 2106 fac
2739 2052 2841 2106 lius
2889 2060 2941 2106 et
2966 2052 3125 2108 villus
3163 2061 3531 2123 comparatur,

1953 2152 2005 2197 et
2030 2144 2170 2211 quod
2201 2143 2253 2197 in
2281 2159 2380 2199 usu
2413 2143 2690 2197 hominum
2725 2143 3086 2198 communiter
3140 2142 3393 2208 habetur,
3425 2144 3531 2198 hoc

1951 2233 2018 2287 ad
2048 2249 2174 2287 usus
2211 2240 2427 2288 nostros
2472 2241 2686 2303 oportet
2739 2232 2964 2298 assumi,
2992 2240 3045 2286 et
3074 2246 3139 2287 ea
3161 2232 3533 2287 tantummodo

1953 2324 2157 2393 requiri
2204 2340 2324 2395 qua:
2364 2326 2431 2379 ad
2467 2325 2636 2378 vitam
2692 2322 3101 2394 pernecessaria
3141 2331 3285 2386 sunt,
3345 2322 3396 2377 id
3426 2329 3532 2388 est,

1950 2417 2150 2480 oleum,
2185 2424 2239 2469 et
2265 2416 2369 2469 alia
2410 2414 2804 2483 hujuscemodi,
2838 2413 2920 2467 vel
2954 2414 2999 2467 si
3031 2427 3134 2482 qua
3166 2413 3331 2467 etiam
3361 2412 3426 2466 ad
3449 2413 3532 2467 in.-

1952 2504 2287 2558 firmantium
2319 2503 2560 2558 solamen
2595 2503 2941 2557 adhibentur.

2284 2598 2295 2611 ’
2438 2613 2959 2670 INTERROGATIO
3000 2615 3066 2668 Χ.

1953 2685 2227 2752 Quomodo
2256 2694 2455 2757 oportet
2481 2686 2753 2738 observare
2781 2702 2873 2738 nos
2903 2685 3040 2736 circa
3066 2683 3341 2757 cathedras
3367 2691 3413 2735 et
3444 2698 3537 2735 ac-

2284 2754 2515 2819 cubtus,
2542 2771 2658 2807 cum
2689 2764 2889 2823 tempus
2908 2754 3220 2824 poposcerit.

2022 2848 2184 2902 lisse.
2214 2846 2479 2914 Quoniam
2510 2852 2835 2916 prmceptum
2864 2843 3076 2898 Domini
3105 2844 3368 2898 habemus
3389 2842 3536 2912 quod

1951 2956 2051 2995 nos
2098 2941 2153 2994 iu
2194 2938 2449 2994 omnibus
2512 2938 2734 2993 instruit
2787 2937 2854 2991 ad
2902 2937 3287 3001 humilitatem;
3342 2936 3397 2989 in
3427 2950 3543 3005 qua

1950 3031 2114 3085 etiam
2145 3032 2212 3087 de
2247 3030 2350 3085 hoc
2371 3029 2690 3100 pronuntiat
2723 3028 2876 3099 (Luc.
2912 3026 3047 3099 xiv),
3081 3036 3139 3082 ut
3164 3042 3288 3082 cum
3318 3027 3385 3081 ad
3407 3042 3534 3081 con-

1950 3123 2155 3177 vivium
2178 3139 2385 3191 eamus,
2424 3122 2797 3178 discumbeudi
2845 3121 3021 3176 locum
3063 3119 3416 3176 novissimum
3457 3134 3537 3172 re-

1878 3218 1921 3279 C
1952 3216 2255 3286 quiramus,
2292 3224 2349 3272 et
2390 3230 2499 3270 non
2527 3228 2857 3285 occupemus
2882 3213 3057 3268 locum
3084 3212 3324 3283 priorem
3352 3226 3367 3275 ;
3400 3209 3533 3263 illud

1956 3324 2054 3363 nos
2081 3308 2224 3362 scire
2251 3314 2486 3378 oportet,
2517 3308 2643 3377 quia
2674 3306 2763 3360 tibi
2792 3321 2980 3361 omnes
3002 3303 3191 3358 eodem
3238 3309 3532 3374 prospectu

1955 3415 2019 3453 ac
2042 3399 2324 3468 proposito
2353 3399 2726 3462 convenimus,
2759 3397 2996 3452 maxime
3019 3396 3064 3450 si
3100 3389 3155 3449 in
3188 3393 3373 3448 multis
3400 3401 3455 3448 et
3480 3393 3533 3447 in

1954 3487 2251 3557 majoribus
2293 3487 2615 3542 humilitatis
2642 3495 2844 3541 nostra;
2899 3486 3220 3539 documenta
3243 3477 3360 3547 jam
3391 3481 3539 3534 dedi-

1954 3594 2100 3643 mus,
2132 3594 2333 3648 eupere
2373 3578 2593 3647 quidem
2639 3575 2942 3647 prmvenire
2992 3586 3431 3641 unumquemque
3456 3571 3531 3624 in-
3592 3579 3598 3587 '

1955 3665 2211 3721 feriorem
2244 3666 2443 3733 locum,
2469 3666 2768 3720 secundum
2796 3663 3111 3717 mandatum
3142 3659 3377 3723 Domini,
3409 3674 3537 3712 eon-

1957 3759 2156 3813 decens
2195 3766 2296 3812 est.
2341 3756 2449 3812 Sed
2496 3771 2733 3821 rursum,
2780 3755 2825 3809 si
2855 3769 2943 3808 res
3000 3752 3068 3806 ad
3130 3750 3537 3807 contentionem

1954 3853 2140 3903 ven'at
2159 3850 2226 3902 de
2252 3850 2372 3913 hoc,
2406 3854 2460 3903 et
2488 3862 2628 3902 unus
2652 3848 2818 3901 alium
2842 3845 3128 3899 detrudere
3156 3842 3305 3898 velut
3332 3841 3536 3897 deloco

1956 3938 2200 3993 inferiori
2230 3946 2475 4003 conetur,
2505 3937 2658 3991 valde
2677 3944 2762 3991 est
2789 3933 3160 4005 improbabile.
3192 3932 3366 3988 Causa
3388 3932 3539 3986 enim

1954 4044 2021 4084 ex
2054 4030 2154 4084 hoc
2210 4027 2633 4099 perturbationis
2674 4034 2729 4082 et
2775 4024 3163 4094 inquietudinis
3189 4022 3450 4088 nascitur,
3488 4020 3537 4077 si

1954 4120 2179 4189 incipiat
2226 4134 2386 4173 nemo
2434 4119 2591 4173 alteri
2622 4119 2845 4182 cedere;
2891 4127 2947 4172 et
2996 4116 3044 4171 si
3080 4130 3181 4186 pro
3213 4115 3317 4170 hoc
3360 4120 3539 4168 certa-

1955 4210 2102 4264 mina
2140 4218 2479 4275 moveantur,
2517 4209 2694 4265 simile
2721 4210 2826 4264 erit
2867 4218 3122 4277 tanquam
3169 4208 3213 4262 si
3251 4206 3315 4261 de
3335 4204 3538 4275 prima-

1957 4301 2101 4354 tibus
2127 4301 2505 4355 contendatur.
2547 4299 2777 4369 PrOpter
2830 4304 2972 4367 quod
3027 4305 3240 4367 oportet
3288 4297 3452 4350 etiam
3478 4294 3535 4350 in

1954 4394 2059 4446 hoc
2114 4392 2549 4447 considerantius
2602 4391 2906 4461 pervidere,
2963 4388 3202 4467 velun
3241 4388 3535 4456 unicuique

1955 4488 2203 4534 nostrum
2230 4488 2538 4549 competat;
2572 4480 2660 4535 vel
2708 4486 2855 4534 certe
2900 4477 3181 4546 indulgere
3212 4477 3263 4533 ci
3289 4476 3375 4531 cui
3400 4492 3531 4533 cura

1875 4562 1927 4620 D
1952 4573 2242 4627 commissa
2297 4580 2404 4636 est,
2424 4580 2491 4628 ἐι
2514 4573 2569 4627 in
2600 4571 2835 4636 caeteris,
2866 4580 2920 4624 et
2952 4569 3004 4623 in
3050 4566 3415 4623 recumbendo
3440 4583 3534 4622 or-

1948 4663 2129 4717 dinem
2173 4662 2467 4725 eustodire,
2518 4669 2576 4716 et
2598 4661 2977 4728 obtemperare
3002 4658 3052 4713 ei
3088 4698 3105 4723 ,
3144 4665 3203 4710 ut
3240 4654 3530 4725 impleatur

1949 4756 2003 4808 in
2040 4753 2195 4807 nobis
2221 4752 2350 4807 illud
2377 4752 2518 4820 quod
2545 4752 2750 4807 dictum
2774 4759 2895 4806 est:
2933 4748 3125 4803 Omnia
3163 4756 3331 4801 vestra
3368 4746 3528 4800 hone-

1947 4859 2022 4902 ste
2058 4856 2106 4902 et
2127 4847 2411 4902 secundum
2444 4846 2678 4899 ordinem
2708 4845 2841 4913 ﬁant
2881 4842 2933 4914 (I
2967 4839 3089 4896 Cor.
3124 4842 3257 4912 XIV).

2418 4953 2936 5011 lNTERROGATlO
2977 4952 3066 5006 XI.

2051 5051 2181 5116 Quis
2206 5060 2281 5103 est
2308 5050 2497 5119 dignus
2535 5046 2609 5102 rel
2633 5045 2818 5100 decens
2853 5044 3062 5097 habitus
3089 5036 3433 5096 Christiani?

2026 5144 2185 5197 llcsr.
2225 5142 2491 5209 Quoniam
2543 5154 2724 5194 sermo
2772 5138 2825 5190 in
2857 5133 3229 5204 superioribus
3256 5130 3529 5186 buntilita~

1955 5245 2061 5289 tem
2092 5233 2458 5288 necessariam
2486 5231 2689 5294 docuit,
2725 5230 2796 5283 ita
2828 5236 2887 5281 ut
2936 5224 3167 5295 quivult
3191 5223 3440 5295 religiose
3462 5236 3529 5276 ac

1954 5328 2040 5396 pie
2080 5326 2265 5379 vivere
2295 5324 2347 5377 in
2371 5322 2621 5376 omnibus
2644 5328 2699 5374 et
2733 5318 3133 5388 simplicitatem
3179 5325 3235 5370 et
3261 5314 3527 5368 vilitatem

1953 5417 2211 5486 requirat,
2239 5415 2292 5468 id
2314 5422 2419 5476 est,
2445 5427 2510 5466 ea
2537 5428 2657 5482 qua:
2687 5425 2855 5481 parvo
2883 5415 3099 5478 sumptu
3122 5405 3478 5476 acquirtmtur
3503 5422 3519 5466 ;

1954 5508 2005 5561 id
2056 5505 2453 5560 observandum
2506 5511 2638 5573 puto
2683 5501 2735 5555 in
2789 5498 3162 5569 corporalibus
3197 5494 3385 5552 usibus
3427 5510 3527 5566 per

1952 5599 2096 5670 quod
2123 5596 2438 5651 occasiones
2484 5592 2641 5647 nobis
2679 5588 2944 5658 majorum
2981 5588 3395 5659 occupationum
3425 5585 3525 5641 mi—

1953 5692 2098 5744 nime
2122 5688 2271 5741 ﬁant.
2298 5685 2411 5740 lloc
2433 5700 2561 5756 ergo
2586 5684 2747 5739 etiam
2772 5683 2833 5737 in‘
2852 5681 3225 5739 observatione
3250 5679 3533 5735 indumen-

1956 5792 2131 5837 torum
2178 5778 2587 5835 custodiendum
2633 5783 2781 5846 puto.
2837 5773 2897 5830 Si
2920 5775 3064 5831 enim
3098 5774 3333 5830 studium
3372 5768 3527 5824 uoltis
