3942 6190
1222 280 1231 307 1

372 383 476 448 505

1392 388 1445 443 S.
1490 376 1847 441 BENEDICTI
1883 370 2170 433 ABBAT‘iS
2208 364 2617 430 ANIANENSIS

3522 367 3622 422 50$

373 505 678 562 habendum
700 513 784 561 est
811 505 1050 559 omnium”
1086 515 1206 559 esse
1239 502 1490 558 minimos
1509 508 1565 554 et
1582 497 1820 553 omnium
1853 510 1953 548 no-
1982 499 2033 553 Α
2057 502 2151 547 aut
2175 492 2519 562 vapulantem
2547 488 2783 560 publice,
2810 487 2894 542 vel
2921 486 3152 555 turpiter
3179 483 3630 554 proclamantem,

373 588 656 662 vissimos;
687 604 894 649 certum
918 602 1003 649 est
1019 593 1144 662 quia
1167 602 1223 648 ct
1243 590 1570 646 indumentis
1589 587 1826 643 omnium
1854 601 1953 640 nos

374 687 696 741 novissimos
722 685 981 756 deputare
1005 685 1281 739 debemus.
1305 681 1441 735 Nam
1463 680 1507 735 si
1534 681 1591 734 bi
1613 680 1704 749 qui
1725 677 1953 749 gloriam

373 778 474 833 sibi
515 793 583 833 ex
623 778 1061 832 indumentorum
1105 777 1392 848 splendore
1433 776 1785 847 conquirunt,
1819 773 1953 828 satis

374 878 541 938 agunt
573 870 844 939 quomodo
872 869 1124 940 pretiosis
1160 877 1214 922 et
1252 868 1555 939 magniﬁcis
1592 867 1833 922 vestibus
1873 864 1954 917 vi-

373 962 605 1016 deantur
633 962 825 1026 induti,
860 962 934 1015 ita
963 976 1301 1030 consequens
1339 968 1426 1016 est
1451 976 1576 1014 eum
1603 959 1693 1029 qui
1725 958 1791 1013 de
1831 957 1955 1011 ulti-

372 1053 556 1106 misct
581 1052 913 1117 novissimis,
963 1052 1017 1107 id
1057 1061 1156 1113 est,
1208 1067 1308 1121 per
1341 1050 1563 1105 nimiam
1593 1040 1954 1104 humilitatem

372 1130 591 1209 placere
632 1144 834 1210 studet,
864 1144 1067 1212 eligere
1100 1143 1299 1198 debere
1333 1145 1435 1199 hoc
1475 1144 1531 1198 in
1567 1158 1673 1213 quo
1713 1142 1954 1196 omnium

375 1243 431 1288 ct
465 1235 688 1291 ultimus
721 1243 777 1291 et
803 1236 1129 1291 novissimus
1155 1246 1449 1306 appareat:
1482 1237 1621 1291 sicut
1656 1236 1746 1290 ille
1771 1250 1800 1288 e
1829 1251 1954 1290 con-

379 1326 569 1387 trario,
604 1326 658 1381 id
685 1334 788 1393 est,
825 1327 893 1382 de
922 1327 1148 1381 summis
1188 1336 1244 1381 et
1274 1328 1529 1397 pretiosis
1558 1327 1727 1381 videri
1761 1326 1959 1382 clarior

374 1424 431 1469 et
458 1416 692 1471 nobilior
714 1417 897 1488 gestit.
932 1417 989 1472 Si
1017 1417 1163 1471 enim
1200 1418 1255 1471 in
1278 1417 1495 1486 publica
1531 1432 1687 1471 coena
1718 1431 1956 1486 arguun-

379 1516 465 1560 tur
489 1505 754 1561 Corinthii
793 1508 937 1577 quod
974 1523 1073 1577 per
1110 1524 1265 1562 suam
1305 1504 1693 1563 abundantiam
1733 1506 1959 1561 confun-

377 1592 507 1651 dant
536 1613 631 1653 eos
659 1599 752 1669 qui
781 1615 885 1655 non
910 1600 1110 1655 habent
1141 1596 1191 1671 (I
1208 1599 1331 1654 Cor.
1355 1598 1455 1669 ιι),
1483 1608 1693 1654 certum
1721 1607 1805 1653 est
1834 1598 1959 1668 quia

376 1691 433 1743 et
470 1686 522 1742 in
564 1690 667 1745 hoc
696 1690 927 1760 simplici
958 1699 1014 1746 et
1054 1688 1330 1746 communi
1370 1677 1611 1745 omnium
1648 1689 1961 1744 indumento

376 1779 520 1849 quod
568 1782 635 1835 ad
684 1796 1026 1837 communem
1075 1782 1316 1837 habitum
1366 1782 1451 1836 vel
1497 1797 1654 1855 usum
1699 1782 1957 1850 pertinet,

376 1873 422 1926 si
459 1872 595 1927 alter
638 1874 810 1931 altero
847 1873 1061 1929 differat
1097 1869 1337 1941 habitus,
1367 1873 1449 1929 vel
1480 1871 1771 1943 pretiosior
1809 1873 1961 1928 inve-

377 1962 574 2024 niatur,
609 1978 673 2017 ex
716 1963 829 2033 ipsa
868 1962 1272 2034 comparatione
1307 1963 1686 2019 confundimus
1728 1980 1836 2020 non
1866 1965 1960 2019 ba-

377 2050 589 2109 bentes.
655 2054 997 2110 Sullicienter
1046 2069 1260 2126 quoque
1303 2048 1545 2125 Apostoli
1592 2054 1959 2124 hujuscemoli

381 2145 568 2207 usibus
596 2147 746 2201 brevi
780 2163 1032 2203 sermone
1059 2149 1298 2221 regulam
1328 2149 1529 2218 posuit,
1561 2146 1750 2204 dicens
1782 2166 1796 2203 :
1848 2144 1962 2202 Ηα-

379 2225 554 2290 beate:
598 2246 772 2292 autem
806 2240 998 2293 victum
1039 2249 1087 2293 et
1115 2240 1377 2305 vestitum,
1412 2241 1494 2294 Itis
1528 2240 1759 2293 contenti
1798 2239 1962 2294 simus

381 2312 435 2389 (Ι
468 2323 603 2379 Tim.
633 2326 731 2399 vn).
774 2326 1079 2384 Ostendens
1130 2329 1446 2385 indumento
1488 2328 1603 2385 solo
1632 2344 1740 2398 quo
1772 2332 1954 2385 conte-

379 2432 572 2487 gamur
608 2419 850 2491 indigere
892 2437 1013 2486 nos,
1057 2431 1113 2477 et
1153 2439 1258 2477 non
1291 2423 1565 2497 varietate.
1593 2422 1772 2492 aliqua
1798 2424 1965 2477 vestis

379 2518 436 2563 et
476 2520 796 2567 ornamento
834 2510 951 2580 ejus
992 2528 1057 2569 ac
1095 2514 1290 2569 decore
1329 2511 1550 2581 jactari.
1610 2512 1740 2580 Qua:
1777 2514 1965 2582 utique

378 2603 723 2671 postmodum
763 2604 1068 2661 introducta
1109 2612 1259 2670 sunt,
1282 2605 1530 2659 humanae
1561 2603 1688 2658 vitae
1721 2603 1966 2659 artiﬁciis

379 2702 437 2748 et
476 2694 704 2751 luxuriae
748 2696 966 2765 ingenio
1013 2696 1343 2766 conquisita.
1391 2694 1497 2751 Sed
1536 2702 1593 2751 et
1631 2695 1839 2766 primus
1877 2693 1967 2749 ille

378 2787 689 2844 indumenti
735 2804 867 2844 usus
916 2790 1031 2845 haec
1082 2790 1272 2845 eadem
1328 2788 1552 2853 indicat,
1592 2802 1718 2842 cum
1765 2786 1968 2840 dicitur

380 2877 528 2933 Deus
582 2878 780 2935 fecisse
828 2880 1022 2948 primis
1084 2880 1398 2935 hominibus
1456 2877 1700 2948 pellicias
1759 2876 1968 2931 tunicas

382 2968 538 3040 (Gen.
567 2969 673 3038 ιιι).
721 2968 1036 3024 Sulliciebat
1073 2969 1219 3025 enim
1257 2969 1327 3023 ad
1361 2967 1734 3024 confusionem
1776 2974 1964 3021 conte-

381 3058 611 3131 gendam
653 3060 1029 3130 hujuscemodi
1062 3061 1368 3117 indumenti
1408 3076 1557 3116 usus.
1599 3061 1800 3117 Verum
1828 3075 1965 3130 quo—

381 3151 529 3206 niam
569 3151 727 3208 nobis
761 3159 1081 3221 prospectus
1119 3160 1207 3207 est
1239 3152 1573 3208 indumentis
1613 3152 1778 3206 etiam
1822 3151 1965 3205 cale-

382 3245 501 3301 lieri
533 3254 589 3300 et
620 3245 812 3311 foveri,
845 3245 1216 3301 necessarium
1241 3245 1457 3301 videtur
1490 3255 1551 3298 ut
1583 3244 1650 3299 ad
1675 3252 1963 3313 utrumque

381 3352 515 3396 usus
544 3339 660 3409 ipse
698 3346 1050 3411 temperetur,
1085 3354 1193 3410 quo
1222 3347 1279 3394 et
1305 3340 1510 3410 operiri
1541 3339 1757 3394 nuditas
1783 3339 1967 3394 vidca-

383 3439 490 3493 tnr,
529 3440 586 3488 et
621 3431 707 3488 vel
740 3432 825 3487 vis
860 3431 1102 3503 frigoris,
1140 3431 1226 3487 vel
1264 3446 1425 3487 omne
1460 3431 1602 3501 quod
1639 3431 1967 3486 intrinsecus

383 3522 551 3588 kedit,
582 3523 777 3579 arceri.
813 3522 920 3579 Sed
954 3524 1209 3593 quoniam
1241 3523 1295 3578 in
1327 3523 1413 3578 his
1451 3523 1584 3594 ipsis
1616 3523 1723 3578 alia
1748 3523 1966 3592 quidem

384 3623 513 3669 sunt
546 3614 790 3678 meliora,
839 3615 946 3669 alia
986 3614 1268 3679 inferiora,
1300 3630 1640 3685 consequens
1665 3623 1749 3670 est
1778 3630 1843 3670 ea
1873 3614 1969 3670 eli-

384 3722 514 3777 gere
548 3723 668 3777 qua:
707 3708 865 3763 nobis
900 3724 1059 3763 usum
1088 3708 1382 3764 exhibeant
1408 3708 1706 3777 longiorem
1733 3724 1744 3760 :
1772 3707 1848 3761 ita
1888 3716 1966 3761 ta-

382 3814 509 3855 men
548 3808 607 3855 ut
645 3800 700 3854 in
734 3800 883 3857 nullo
914 3799 1143 3855 laedatur
1174 3797 1359 3870 regula
1388 3798 1709 3854 voluntaria)
1745 3812 1971 3867 pauper-

384 3892 537 3956 tatis,
576 3891 630 3945 id
662 3899 766 3956 est,
803 3906 871 3945 ne
909 3891 1014 3946 alia
1055 3889 1274 3962 quidem
1311 3890 1471 3945 nobis
1511 3889 1622 3944 sint
1651 3889 1970 3944 vestimenta

385 3983 453 4037 ad
483 3983 886 4053 procedendum
915 3990 1240 4052 praeparata,
1276 3989 1330 4037 et
1356 3981 1462 4035 alia
1498 3981 1563 4035 ad
1592 3996 1751 4035 usum
1780 3980 1968 4035 dome-

385 4076 612 4138 sticum;
644 4082 701 4128 et
723 4088 941 4128 rursum
969 4074 1073 4127 alia
1101 4074 1154 4127 in
1185 4075 1330 4128 aliud
1359 4082 1589 4143 tempus,
1617 4073 1702 4127 vel
1732 4074 1788 4127 in
1813 4082 1971 4128 nocte

387 4165 490 4218 alia
533 4172 588 4217 et
623 4163 676 4216 in
718 4162 805 4215 die
838 4179 851 4216 :
893 4162 987 4247 sed
1025 4170 1241 4231 oportet
1276 4177 1441 4215 unum
1480 4163 1607 4217 illud
1648 4164 1822 4232 ipsum
1866 4162 1972 4217 tale

388 4271 509 4312 esse
552 4255 959 4317 indumentum,
1006 4253 1148 4323 quod
1197 4253 1353 4308 nobis
1396 4252 1641 4308 sullicere
1688 4255 1862 4322 possit
1901 4252 1970 4308 ad

387 4347 591 4413 omnia,
619 4353 677 4401 et
699 4352 760 4399 ut
790 4346 844 4400 in
876 4345 961 4399 die
988 4346 1272 4399 honestum
1298 4345 1543 4400 videatur
1573 4345 1969 4409 indumentum,

387 4450 443 4495 et
473 4440 526 4495 in
558 4446 717 4494 nocte
749 4437 961 4507 expleat
1006 4437 1411 4492 necessitatem.
1458 4436 1539 4490 Ex
1569 4437 1674 4491 hoc
1700 4436 1846 4490 enim
1878 4436 1974 4491 ﬂet

386 4541 449 4588 ut
497 4539 552 4587 et
599 4530 816 4586 habitus
876 4538 1061 4584 noster
1114 4530 1417 4584 communis
1462 4537 1518 4583 et
1562 4528 1754 4584 similis
1803 4537 1967 4598 atque
1995 4528 2400 4616 D'"“"".'""'
2432 4528 2549 4583 7'"
2586 4528 2633 4535 "
2659 4528 2716 4581 ’Τ
2745 4528 2909 4581 ”’”ῗ”ῖ

578 4620 763 4642 ,η-μ,
791 4619 858 4642 _..
880 4620 1113 4642 “ML”
1174 4627 1219 4642 Α,
1252 4618 1623 4642 η’,μηηηᾴ
1652 4618 1809 4642 Αηω
1832 4619 1966 4642 ,δώ
2080 4573 2190 4628 ullo
2253 4571 2639 4642 impedimento
2681 4585 2909 4625 inveniri

387 4623 549 4677 unius
578 4620 765 4675 forma:
790 4619 1139 4685 sitomnium,
1169 4627 1225 4673 et
1252 4618 1623 4674 Christianum
1647 4618 1812 4673 etiam
1832 4619 1970 4673 visio

388 4716 507 4785 ipsa
538 4713 803 4783 designet.
845 4710 921 4765 Ea
958 4711 1105 4765 enim
1134 4726 1256 4780 quae
1292 4725 1401 4764 uno
1428 4718 1719 4781 prospectu
1756 4726 1821 4765 ac
1853 4725 1972 4779 pro-

389 4807 569 4879 posito
606 4812 883 4877 geruntur,
928 4803 1148 4868 similia,
1194 4803 1304 4857 imo
1339 4803 1530 4858 eadem
1572 4817 1694 4857 esse
1722 4802 1974 4857 omnibus

391 4896 609 4951 debent.
650 4894 792 4951 Utile
829 4901 1011 4947 autem
1053 4899 1138 4947 est
1174 4892 1340 4945 etiam
1381 4906 1449 4946 ex
1489 4892 1603 4960 ipsa
1637 4890 1973 4961 proprietate

391 4988 619 5043 vestitus
654 4995 709 5041 et
748 4987 963 5042 habitus
1001 4984 1225 5055 intelligi
1265 4997 1724 5052 unumquemque,
1768 4990 1823 5037 et
1848 4996 1974 5052 pro-

394 5080 685 5137 fessionem
730 5080 849 5151 ejus
893 5077 1111 5146 agnosci
1157 5078 1210 5130 in
1253 5092 1317 5131 ea
1362 5077 1472 5128 vita
1519 5089 1625 5144 qua
1675 5074 1973 5128 secundum

392 5171 563 5226 Deum
608 5171 759 5235 vivit,
810 5177 870 5224 ut
915 5169 1051 5224 sciat
1096 5167 1199 5223 sibi
1250 5166 1415 5221 etiam
1465 5172 1620 5219 actus
1662 5161 1974 5217 consimiles

393 5279 518 5320 esse
554 5264 792 5327 debere;
847 5270 904 5317 et
943 5261 1013 5316 ad
1047 5275 1142 5315 eos
1183 5259 1277 5330 qui
1328 5273 1426 5313 nos
1462 5257 1643 5312 vident
1679 5254 1975 5311 secundum

394 5361 640 5416 habitum
670 5365 933 5419 nostrum,
952 5354 1186 5425 aequales
1213 5353 1375 5408 etiam
1400 5352 1454 5406 in
1484 5350 1694 5407 actibus
1718 5360 1981 5418 apparere

396 5451 611 5508 debere.
660 5449 778 5505 Non
822 5448 968 5504 enim
1017 5445 1267 5503 similiter
1314 5451 1470 5513 turpe
1507 5452 1593 5498 est
1633 5440 1689 5494 in
1737 5437 1980 5509 quolibet

398 5542 525 5606 alio,
559 5542 605 5596 si
635 5542 919 5596 inhoneste
954 5536 1085 5608 quid
1117 5544 1262 5607 agat,
1302 5535 1445 5590 sicut
1489 5534 1543 5587 in
1571 5531 1656 5586 his
1687 5529 1778 5601 qui
1808 5528 1976 5582 vitam

397 5633 638 5690 sobriam
664 5632 828 5685 etiam
859 5631 975 5700 ipso
1001 5628 1191 5684 habitu
1215 5626 1558 5697 profitentur.
1597 5622 1653 5677 Si
1683 5621 1824 5676 enim
1857 5619 1979 5689 quis

398 5725 580 5783 videat
603 5722 669 5778 de
699 5722 859 5776 trivio
889 5721 1125 5777 aliquem
1156 5718 1430 5773 hominem
1464 5715 1759 5770 orientem
1791 5711 1979 5769 alium.

2054 591 2148 637 aut
2185 583 2240 636 in
2285 580 2526 636 tabernis
2567 579 2793 647 aliisque
2827 577 2962 633 locis
2998 577 3164 630 vitam
3208 590 3333 630 cum
3362 574 3636 629 dedecore

2054 682 2323 745 agentem,
2356 687 2458 727 nec
2484 670 2795 727 observabit
2821 669 3041 739 quidem
3067 666 3227 722 facile
3258 664 3634 734 hujuscemodi

2055 763 2363 827 hominem,
2414 760 2501 815 vel
2547 759 2791 823 notabit,
2840 758 3021 812 sciens
3067 771 3193 811 eum
3240 762 3641 824 consequenter

2054 856 2172 910 hate
2212 855 2281 909 ad
2313 853 2579 922 reliquam
2614 852 2783 905 vitam
2824 865 2978 905 suam
3007 863 3215 920 gerere.
3257 846 3317 902 Si
3348 863 3476 903 vero
3511 862 3638 902 eum

2054 948 2148 1017 qui
2184 946 2476 1018 gloriosam
2505 945 2674 999 vitam
2707 942 3016 1013 proﬁtetur,
3047 941 3232 996 videat
3264 940 3390 1011 quis
3419 939 3504 995 vel
3542 954 3643 1008 pa-

2056 1051 2176 1095 rum
2206 1038 2410 1108 aliquid
2436 1044 2626 1092 contra
2653 1050 2816 1106 quam
2847 1035 3109 1090 condecet
3140 1047 3325 1105 agere,
3345 1032 3646 1088 observant

2055 1143 2268 1193 omnes,
2312 1136 2367 1183 et
2402 1127 2707 1196 increpant,
2754 1134 2810 1179 et
2855 1124 2925 1178 ad
2972 1121 3250 1193 religionis
3287 1120 3640 1192 opprobrium

2057 1216 2279 1270 ducunt.
2342 1215 2530 1284 Itaque
2569 1213 2716 1270 velut
2744 1214 3078 1284 paedagogus
3105 1210 3326 1280 quidam
3365 1217 3455 1265 est
3489 1209 3645 1264 infir-

2059 1305 2320 1360 mioribus
2355 1306 2571 1360 habitus
2608 1305 2712 1359 iste
2749 1303 3079 1374 religiosior,
3127 1310 3187 1356 ut
3229 1301 3395 1356 eziam
3439 1299 3648 1354 invitos

2059 1412 2153 1451 eos
2181 1395 2251 1449 ab
2272 1412 2435 1466 opere
2465 1396 2755 1450 inhonesto
2796 1393 3175 1462 indecentique
3202 1390 3490 1446 custodiat.
3534 1388 3646 1444 De~

2058 1486 2222 1555 nique
2294 1494 2351 1540 et
2391 1484 2681 1554 Apostolus
2759 1485 3073 1555 episcopum
3136 1482 3449 1538 ordinatum
3519 1496 3651 1536 esse

2060 1578 2307 1653 designat
2347 1575 2400 1649 (Ι
2430 1574 2566 1629 Tim.
2597 1575 2681 1646 ιιι)
2710 1594 2722 1628 :
2747 1576 2864 1644 qua.l
2916 1589 3005 1629 res
3053 1573 3123 1627 ad
3171 1572 3418 1627 habitum
3465 1570 3653 1642 magis

2062 1676 2368 1722 revocatur.
2412 1665 2520 1721 Sed
2569 1674 2625 1721 et
2679 1665 2745 1720 de
2793 1664 3110 1719 mulieribus
3157 1662 3309 1728 dicit,
3357 1662 3413 1715 in
3453 1661 3652 1716 habitu

2060 1760 2339 1813 ordinatas
2363 1773 2456 1813 cas
2492 1772 2611 1812 esse
2635 1754 2854 1811 debere.
2886 1751 3180 1809 Ordinatus
3216 1760 3397 1806 autem
3427 1752 3654 1806 habitus

1989 1837 2034 1895 Β
2063 1850 2355 1905 Christiani
2396 1850 2597 1905 dicitur
2641 1849 2708 1912 is,
2749 1848 2844 1919 qui
2879 1848 3177 1904 secundum
3207 1846 3552 1917 propositum
3592 1861 3656 1900 ac

2061 1943 2454 2012 professionem
2503 1941 2620 2011 ejus
2673 1949 2832 2011 aptus
2884 1939 3229 2009 intelligitur.
3295 1936 3449 1992 Sicut
3501 1937 3656 1991 enim

2062 2035 2341 2105 proprium
2385 2042 2470 2089 est
2509 2033 2711 2102 aliquid
2762 2032 2922 2086 militi
2970 2031 3027 2086 in
3077 2030 3266 2086 habitu
3311 2028 3658 2093 vestimenti,

2063 2136 2120 2180 ct
2148 2126 2285 2179 alius
2323 2133 2409 2179 est
2441 2124 2662 2178 habitus
2692 2121 2983 2186 senatoris,
3014 2135 3082 2176 ex
3117 2134 3224 2190 quo
3251 2118 3529 2189 praacipue
3580 2118 3660 2171 in-

2065 2218 2345 2288 telligitur,
2377 2216 2463 2270 vel
2495 2217 2598 2271 iste
2628 2215 2721 2285 qui
2762 2222 2985 2269 senator
3009 2220 3112 2278 est,
3144 2211 3225 2266 vel
3254 2210 3344 2266 ille
3369 2210 3463 2279 qui
3494 2208 3659 2264 miles

2064 2317 2177 2373 est;
2213 2309 2286 2364 ita
2314 2308 2482 2362 etiam
2506 2306 2852 2361 Christianus
2890 2305 3090 2360 habere
3134 2301 3336 2373 aliquid
3366 2299 3660 2371 proprium

2064 2403 2232 2457 etiam
2258 2415 2329 2456 ex
2350 2398 2695 2455 ordinatione
2739 2396 3038 2453 indumenti
3094 2395 3267 2466 ipsius
3306 2394 3487 2449 debet.
3547 2392 3659 2450 Sed

2065 2501 2122 2547 et
2155 2492 2222 2546 de
2250 2488 2643 2545 calceamentis
2685 2487 2874 2542 eadem
2922 2485 3063 2539 ratio
3109 2482 3493 2538 observabitur
3538 2500 3553 2535 :
3601 2490 3660 2536 ut

2066 2582 2209 2653 quod
2235 2580 2534 2651 simplicius
2561 2586 2646 2634 est
2674 2584 2730 2632 et
2758 2575 3022 2648 paratius,
3051 2583 3108 2629 et
3130 2581 3314 2644 aptum
3346 2572 3663 2642 proposito,

2008 2690 2027 2695 -
2065 2681 2122 2727 et
2170 2670 2359 2727 usibus
2402 2667 2695 2731 suﬂiciens,
2749 2667 2805 2722 id
2853 2673 3183 2720 assumatur.
3231 2662 3391 2716 Zona:
3433 2676 3661 2732 quoque
3716 2696 3729 2733 ε

2067 2777 2223 2817 usum
2266 2760 2561 2816 ostendunt
2604 2756 2971 2814 necessarium
3014 2769 3134 2811 esse
3170 2755 3336 2810 etiam
3391 2753 3484 2823 qui
3518 2768 3663 2822 prte-

2067 2860 2356 2908 ccsserunt
2404 2865 2505 2906 nos
2551 2849 2746 2906 sancti.
2790 2847 2927 2903 Nam
2974 2846 3208 2902 Joannes
3260 2861 3393 2900 zona
3426 2844 3662 2914 pellicea

2068 2944 2442 3015 constringere
2495 2941 2708 2997 lumbos
2765 2955 2893 2996 suos
2941 2939 3140 2995 dicitur
3187 2936 3403 3008 (Matth.
3439 2937 3555 3007 ιιι),
3608 2944 3662 2991 et

2070 3032 2217 3089 Elias
2254 3043 2454 3089 antea:
2488 3041 2748 3102 tanquam
2792 3031 2938 3086 enim
2985 3031 3235 3100 preprius
3261 3029 3481 3085 habitus
3538 3030 3662 3100 quia

2070 3125 2195 3179 dam
2225 3124 2396 3194 ipsius
2423 3123 2763 3195 designatur,
2792 3137 2915 3177 cum
2942 3121 3176 3176 dicitur:
3213 3118 3302 3173 Vir
3320 3120 3589 3185 hirsutus,
3612 3133 3661 3174 et

1991 3209 2036 3270 C
2070 3232 2257 3277 zonam
2278 3213 2547 3286 pelliceam
2569 3214 2764 3268 habent
2786 3214 2927 3267 circa
2950 3210 3151 3265 (lembos
3169 3210 3353 3280 suosU
3364 3209 3422 3264 Il
3445 3209 3580 3281 Reg.
3600 3212 3660 3280 ι).

2071 3305 2180 3361 Sed
2209 3315 2264 3361 et
2280 3306 2477 3363 Petrus
2504 3322 2641 3361 zona
2672 3320 2802 3361 usus
2836 3303 3163 3367 ostenditur,
3191 3303 3335 3358 sicut
3365 3317 3431 3357 ex
3470 3303 3663 3358 verbis

2069 3396 2279 3469 angeli,
2329 3412 2450 3467 qua:
2501 3396 2570 3451 ad
2612 3411 2737 3451 eum
2781 3395 2926 3451 dicta
2972 3403 3127 3459 sunt,
3178 3393 3661 3464 recognoscimus:

2069 3490 2295 3559 Accinge
2320 3498 2390 3553 te,
2415 3489 2610 3557 inquit,
2641 3496 2691 3541 et
2719 3487 2896 3542 calcea
2923 3496 2972 3539 te
2995 3485 3196 3556 caligas
3217 3496 3337 3539 tuas
3359 3486 3504 3553 (Act.
3536 3488 3660 3555 xu).

2071 3579 2179 3635 Sed
2206 3588 2263 3634 et
2283 3580 2473 3634 beatus
2493 3579 2696 3634 Paulus
2720 3593 2857 3633 zona
2883 3576 3336 3632 usus’OStcnditnr
3358 3590 3458 3645 per
3485 3577 3661 3647 Λεξιὺί

2068 3671 2432 3742 prophetiam,
2461 3669 2693 3725 dicentis
2709 3687 2722 3722 :
2738 3666 2921 3721 Virum
2950 3683 3069 3721 eum
3091 3666 3246 3735 cujus
3267 3675 3341 3719 cst
3366 3682 3499 3720 zona
3524 3669 3664 3728 Im'r,

2070 3767 2147 3819 ita
2186 3762 2478 3834 alligabunt
2507 3762 2564 3815 in
2596 3761 2930 3815 Hierusalem
2956 3752 3126 3831 ‘(ACL
3163 3756 3300 3829 xxi).
3335 3756 3442 3812 Sed
3469 3768 3533 3813 ct
3564 3756 3669 3813 Job

2073 3855 2227 3910 audit
2252 3870 2285 3909 a
2315 3853 2583 3908 Domino:
2613 3841 2836 3921 Jrcinge
2866 3851 3000 3905 sicut
3034 3850 3113 3903 vir
3133 3847 3334 3902 lumbos
3360 3857 3480 3901 tuos
3513 3847 3659 3918 (Job.

2073 3943 2325 4016 xxxviii).
2369 3941 2599 3997 Virtutis
2646 3953 2881 4009 namque
2918 3936 3199 4006 cujusdam
3236 3947 3292 3991 ct
3316 3938 3560 4007 prompti
3598 3939 3664 3991 ad

2072 4050 2238 4106 opera
2280 4034 2451 4090 animi
2499 4034 2713 4104 signum
2735 4031 2950 4086 videtur
2973 4043 3093 4084 esse
3134 4042 3263 4084 usus
3291 4026 3519 4098 cinguli.
3558 4027 3663 4082 Sed

2071 4137 2127 4183 et
2162 4126 2442 4197 discipulis
2488 4124 2701 4180 Domini
2748 4136 2899 4177 zona:
2944 4137 3073 4183 usus
3122 4118 3290 4174 fuisse
3341 4119 3559 4174 videtur
3599 4135 3661 4173 cx

2073 4232 2248 4281 more,
2276 4216 2473 4287 quibus
2517 4213 2906 4287 prohibebatur
2944 4224 3013 4265 nc
3059 4208 3343 4279 pectmiam
3390 4208 3660 4263 haberem

2074 4309 2128 4362 in
2166 4308 2319 4364 zonis
2347 4305 2460 4361 suis
2490 4280 2708 4375 (Manli.
2736 4301 2814 4374 ι).
2854 4301 3066 4357 Revera
3096 4299 3239 4355 enim
3274 4296 3663 4353 necessarium

2069 4395 2303 4458 videtur,
2328 4408 2453 4448 eum
2481 4391 2574 4461 qui
2604 4404 2862 4445 manuum
2886 4402 3052 4458 opere
3086 4388 3165 4442 uti
3199 4387 3254 4440 in
3290 4385 3472 4454 aliquo
3501 4385 3665 4440 debet

2068 4482 2400 4538 succinctum
2429 4494 2551 4536 esse
2583 4488 2636 4535 et
2659 4481 2716 4535 in
2740 4479 2992 4535 omnibus
3024 4482 3387 4547 praeparatum
3434 4490 3502 4530 ac
3548 4475 3667 4529 sine

2980 4570 3048 4629 ad
3094 4582 3257 4625 omne
3311 4564 3437 4619 boni
3478 4562 3667 4634 Operis

2063 4662 2447 4719 ministerium.
2497 4659 2651 4717 Unde
2680 4669 2736 4715 et
2772 4658 2987 4729 cingulo
3027 4657 3250 4727 indiget,
3282 4662 3343 4709 ut
3378 4651 3466 4708 vel
3507 4652 3662 4708 collis

2064 4763 2189 4827 gata
2218 4756 2365 4812 circa
2393 4770 2593 4825 corpus
2638 4754 2709 4810 sit
2751 4753 2933 4808 tunica
2966 4770 2980 4806 :
3011 4768 3077 4807 ex
3116 4766 3223 4821 qua
3266 4749 3438 4820 magis
3466 4746 3662 4803 confo-

2065 4850 2187 4912 γετί,
2211 4848 2400 4919 possit,
2429 4848 2475 4902 si
2510 4847 2750 4917 undique
2768 4845 3108 4901 constrictus
3155 4844 3261 4908 sit;
3292 4841 3375 4896 vel
3402 4855 3511 4895 non
3557 4841 3662 4894 im-

2063 4943 2239 5014 pediri
2278 4943 2346 4997 ad
2370 4955 2585 4997 omnem
2610 4956 2727 4996 rem
2745 4956 2909 5012 quam
2931 4954 3095 5010 agere
3119 4945 3295 5008 parat.
3325 4936 3400 4991 De
3419 4949 3654 4990 numero

2068 5043 2249 5089 autem
2296 5032 2736 5088 indumentorum
2775 5031 2910 5086 nihil
2947 5045 3234 5101 possumus
3282 5030 3485 5091 dicere,
3529 5039 3663 5084 cum

2068 5123 2355 5181 manifesta
2386 5123 2699 5179 deﬁnitione
2738 5123 3116 5194 prtescriptum
3146 5123 3237 5187 sit,
3269 5122 3321 5176 in
3350 5136 3459 5190 quo
3481 5120 3655 5176 dicit:

2071 5217 2174 5283 Qui
2214 5216 2365 5271 habet
2391 5216 2525 5270 duas
2548 5218 2777 5282 tunicas,
2825 5216 2909 5270 det
2934 5232 3038 5269 non
3066 5216 3275 5270 habenti
3318 5230 3479 5267 unam
3504 5212 3661 5284 (Luc.

2071 5305 2177 5376 ιιι).
2213 5305 2295 5361 Ex
2328 5320 2436 5375 quo
2460 5305 2578 5361 sine
2605 5306 2769 5367 dubio
2794 5306 2981 5376 plures
3024 5306 3230 5361 habere
3274 5305 3524 5359 illicitum
3552 5310 3659 5357 est.

2073 5397 2279 5466 Quibus
2298 5413 2428 5468 ergo
2461 5397 2666 5455 habere
2693 5398 2827 5453 duas
2855 5398 3069 5453 tunicas
3100 5413 3208 5462 non
3240 5397 3387 5461 licet,
3413 5396 3498 5452 his
3527 5408 3665 5463 quo—

2074 5488 2241 5545 modo
2272 5488 2476 5559 aliquid
2512 5489 2581 5546 de
2620 5489 2933 5546 diversitate
2969 5488 3411 5545 indumentorum
3445 5483 3667 5558 ιιιιείιίῃὶ

2074 5585 2300 5653 potest?
