3942 6190
925 391 1154 449 CODEX
1197 360 1648 458 REGULAR’UM.
1688 433 1759 443 —
1794 393 1973 459 PARS
2007 406 2047 461 ι.
2090 400 2392 466 aecum
2432 404 2536 468 PP.
2574 406 2849 474 ORIENT.
3385 422 3490 481 δίης

707 489 1221 561 lNTERROGATIO
1260 507 1367 562 XII.
1850 515 1904 574 Α
1928 514 2043 581 Dei,
2082 518 2201 573 aliae
2229 535 2358 575 vero
2386 522 2779 596 interrumpere
2817 531 3148 598 mandatum,
3187 539 3270 590 vel
3304 546 3491 593 conta—

241 614 305 668 δε
355 598 679 692 “gelidum;
705 616 1007 692 “proprio
1040 618 1406 692 {ausu-dif”,
1439 629 1578 690 quod
1623 622 1823 692 videtur
1923 606 2130 660 minare
2172 608 2300 663 illud
2336 611 2606 680 videntur,
2642 617 2762 671 aliae
2794 634 2924 674 vero
2969 622 3038 676 ad
3076 623 3395 692 explendum
3432 628 3487 682 i-J

348 681 451 735 sibi
479 682 694 746 bonum,
730 681 922 753 absque
954 688 1252 741 testimonio
1277 681 1670 758 Scripturarum
1691 691 1717 745 .9
1919 701 2083 762 atque
2120 695 2490 753 aediﬁcandum
2528 705 2768 759 veniunt.
2812 681 3183 766 Necessarium
3218 729 3346 781 ergo
3403 726 3487 771 est

300 770 466 825 R239.
486 771 715 827 Domino
736 783 922 830 nostro
937 775 1062 832 Jesu
1079 778 1294 835 Christo
1307 782 1517 836 dicente
1530 784 1595 837 de
1611 782 1816 853 Spiritu
1917 785 2229 840 meminisse
2265 790 2544 869 apostolici
2586 797 2841 864 praecepti
2871 798 3099 854 dicentis
3128 820 3140 855 :
3173 770 3485 872 Prophetias

239 869 460 916 sancto:
487 859 610 915 Non
631 864 767 916 enim
785 863 1481 940 loqueturasemetipso,sed
1498 884 1815 944 quacunque
1862 920 1869 925 .
1916 872 2073 927 nolite
2092 892 2331 944 spernere
2354 895 2374 932 :
2415 859 2847 951 omnia—probate,
2880 889 3018 957 quod
3047 890 3235 944 bonum
3260 859 3335 946 est
3364 896 3486 947 reti-

236 951 441 1049 qitlliet,
469 952 583 1006 Ita’c
611 953 853 1023 loquetur
880 955 1061 1025 (Joan.
1088 959 1215 1031 xw).
1268 960 1345 1015 De
1370 976 1427 1016 se
1455 962 1572 1032 ipso
1600 974 1808 1019 autem:
1913 972 2060 1027 nete;
2096 964 2161 1016 ab
2191 964 2332 1019 omni
2368 971 2537 1037 specie
2564 971 2704 1024 mala
2740 951 2993 1030 abstinete
3022 994 3108 1031 vos
3148 979 3200 1049 (1
3227 981 3376 1036 Thes.
3404 983 3480 1045 v).

237 1031 364 1095 Non
406 1053 578 1112 ροιεει
614 1043 759 1113 ﬁlius
808 1062 840 1098 a
885 1062 940 1100 se
978 1047 1153 1117 facere
1193 1031 1483 1121 quidquam,
1519 1052 1700 1124 (Joan.
1731 1056 1806 1124 v).
1910 1050 1977 1103 Et
2022 1053 2216 1106 iterum
2263 1071 2278 1109 :
2316 1031 2667 1126 Coqitationes
2706 1073 3010 1132 purgantes,
3053 1067 3128 1120 vel
3152 1031 3482 1127 \destruentes

232 1133 295 1188 Et
328 1135 569 1190 iterum:
599 1136 712 1206 Ego
749 1155 780 1190 a
808 1154 889 1192 me
916 1140 1028 1208 ipso
1068 1158 1172 1196 non
1200 1159 1315 1196 sum
1356 1142 1580 1211 locutus,
1608 1145 1699 1200 sed
1719 1148 1810 1218 qui
1908 1155 2111 1193 onmem
2172 1142 2503 1197 altitudinem
2550 1146 2880 1203 extollentem
2922 1155 3269 1210 seadsersus
3314 1160 3483 1212 scien-

190 1250 193 1251 ν
230 1241 310 1278 me
338 1226 489 1280 misit
517 1224 699 1292 Pater,
728 1230 838 1298 ipse
870 1230 999 1283 mihi
1030 1231 1172 1286 dedit
1205 1236 1532 1300 mandatum,
1559 1238 1684 1307 quid
1723 1238 1768 1291 dt

1905 1229 2032 1285 tiam
2062 1231 2179 1297 Dei,
2213 1243 2260 1286 et
2294 1237 2611 1304 captivantes
2648 1257 2850 1294 omnem
2892 1242 3228 1309 intellectum,
3263 1246 3334 1300 ad
3362 1248 3482 1301 obe-

230 1330 369 1380 cam,
400 1326 493 1369 aut
521 1316 647 1386 quid
680 1316 900 1389 loquar;
931 1329 980 1374 et
1022 1322 1130 1375 scio
1173 1324 1296 1393 quia
1343 1327 1649 1381 mandatum
1689 1329 1805 1397 ejus
1905 1322 2154 1377 diendum
2192 1326 2399 1381 Christo
2447 1329 2499 1400 (1
2529 1329 2651 1385 Cor.
2680 1335 2758 1403 x).
2812 1335 2868 1389 Si
2898 1339 3024 1406 quid
3059 1355 3188 1410 ergo
3221 1351 3303 1395 est
3335 1343 3479 1411 quod

229 1399 330 1454 i'ita
371 1413 572 1456 a'terna
616 1415 710 1458 est.
756 1404 887 1472 Qua:
933 1425 1053 1478 ergo
1094 1409 1299 1482 loquor,
1339 1415 1473 1468 sicut
1510 1417 1643 1470 dixit
1676 1419 1803 1471 mihi
1903 1414 2188 1468 COIn'enial
2241 1432 2363 1470 cum
2409 1399 2666 1476 mandato
2711 1399 2804 1478 Dei
2854 1436 2909 1480 et
2959 1399 3153 1485 animm
3199 1399 3472 1501 expediat,

228 1485 414 1555 Pater,
454 1492 528 1546 ita
564 1492 749 1564 loquor
770 1496 949 1567 (Joan.
972 1500 1092 1571 xu).
1143 1500 1274 1568 Quis
1303 1510 1481 1573 potest
1507 1507 1563 1560 in
1594 1514 1799 1563 tantum
1900 1514 1954 1556 et
1973 1504 2077 1559 hoc
2100 1505 2254 1561 nobis
2276 1510 2343 1563 ab
2364 1508 2544 1578 aliquo
2566 1512 2730 1568 fuerit
2754 1515 3090 1584 imperatum,
3114 1485 3472 1578 velut‘volun:

227 1581 552 1638 temeritatis
586 1588 859 1657 progredi,
900 1598 959 1642 ut
1003 1591 1199 1646 audeat
1237 1608 1267 1647 a
1304 1610 1363 1649 se
1393 1596 1685 1666 quidquam
1715 1615 1768 1653 νε

1900 1598 2065 1645 tatem
2103 1593 2198 1648 Dei
2238 1607 2480 1668 prompte
2526 1608 2581 1654 et
2625 1581 2857 1658 libenter
2901 1608 3158 1663 debemus
3201 1613 3468 1680 accipere,

224 1670 392 1741 loqui,
434 1674 521 1729 vel
569 1678 845 1745 cogitare?
891 1679 1004 1735 Imo
1051 1697 1180 1738 vero
1228 1682 1506 1741 sciendum
1546 1696 1629 1742 est
1670 1690 1796 1758 quia
1897 1691 1953 1735 et
1978 1684 2193 1752 explere
2222 1689 2361 1756 quod
2385 1690 2587 1745 dictum
2615 1705 2728 1748 est:
2757 1695 3178 1768 Obtemperantes
3210 1702 3264 1756 in
3290 1705 3468 1758 chari-

223 1776 414 1818 omnes
462 1764 599 1820 duce
644 1768 856 1824 itineris
900 1770 1202 1842 indigemus
1234 1774 1437 1853 Spiritu
1483 1788 1690 1843 sancto,
1737 1790 1797 1835 ut
1897 1785 1999 1828 tate
2030 1776 2226 1832 Christi
2264 1778 2476 1851 (Ep/188.
2510 1783 2606 1855 ιν).
2651 1786 2745 1841 Sin
2784 1764 2963 1844 autem
2991 1794 3320 1847 contrarium
3366 1795 3466 1848 ali-

221 1850 336 1921 ipse
370 1868 475 1909 nos
507 1856 561 1909 in
585 1858 730 1911 viam
756 1859 951 1930 dirigat
983 1863 1243 1929 veritatis,
1272 1850 1329 1920 et
1365 1866 1418 1921 in
1447 1868 1789 1939 cogitatione,
1822 1863 1869 1926 B
1896 1867 2023 1934 quid
2049 1870 2315 1926 mandatis
2335 1850 2451 1938 Dei,
2477 1850 2731 1946 vel-quod
2756 1891 2821 1933 ea
2848 1894 3194 1952 corrumpere
3220 1885 3468 1940 videatur

220 1950 271 1995 et
297 1943 355 1997 in
384 1944 588 2011 verbis,
618 1955 671 2001 ιι
708 1949 760 2003 in
786 1951 1017 2007 actibus.
1049 1952 1235 2009 Cmcus
1258 1964 1342 2010 est
1372 1957 1519 2011 enim
1546 1969 1601 2012 et
1630 1961 1684 2014 in
1715 1967 1794 2015 te.
1891 1966 1984 2011 aut
2029 1963 2418 2030 contaminare,
2446 1943 2624 2021 facere
2642 1968 2899 2038 iubemur
2923 1972 2992 2026 ab
3022 1943 3221 2043 aliquo,
3259 1983 3467 2046 tempus

219 2032 402 2088 nebris
431 2036 575 2105 degit
603 2040 780 2094 omnis
804 2042 895 2110 qui
924 2050 1009 2097 est
1042 2044 1246 2115 absque
1275 2048 1388 2103 sole
1415 2048 1663 2118 justitize,
1700 2055 1790 2127 qui
1889 2057 1972 2103 est
1996 2066 2093 2105 nos
2120 2052 2335 2111 dicere:
2361 2032 2729 2128 Obtemperure
2756 2060 2866 2116 Deo
2896 2065 3063 2133 magis
3093 2032 3249 2134 quam
3291 2032 3463 2121 homi-

219 2131 297 2176 ρει
326 2123 581 2180 dominus
612 2136 799 2183 noster
818 2129 973 2187 Jesus
999 2133 1279 2202 Christus;
1312 2139 1466 2207 cujus
1498 2123 1789 2211 mandatis,
1888 2140 2039 2197 nibus
2065 2143 2200 2213 (Act.
2229 2144 2304 2216 v).
2335 2146 2403 2200 Et
2430 2123 2643 2204 rursum
2671 2123 3211 2210 meminissevDomini
3235 2158 3466 2215 dicentis

242 380 356 447 5‘05

217 2212 364 2265 Velut
411 2215 580 2270 radiis
624 2219 988 2289 quibusdam,
1035 2224 1418 2284 illumiuamur.
1474 2231 1789 2290 Mandatum

215 2305 369 2368 enim,
405 2306 597 2375 inquit,
627 2308 839 2365 Domini
869 2312 1103 2370 lucidum
1140 2330 1237 2386 est,
1269 2319 1575 2378 illuminans
1609 2326 1788 2381 oculos

217 2390 388 2486 (Psal.
415 2400 594 2469 xvm).
652 2400 786 2467 Quia
827 2418 959 2475 ergo
1005 2406 1060 2461 in
1108 2410 1358 2467 omnibus
1406 2416 1639 2483 negotiis
1668 2433 1787 2486 qua:

215 2481 356 2536 inter
390 2499 493 2539 nos
533 2498 839 2556 versantur,
874 2493 959 2547 vel
1009 2495 1224 2562 verbis,
1268 2481 1514 2569 quaedam
1566 2481 1784 2573 quidem

215 2579 308 2642 per
332 2576 647 2632 mandatum
676 2580 770 2639 Dei
816 2583 870 2636 in
898 2584 1095 2641 divinis
1126 2587 1421 2659 Scripturis
1444 2594 1785 2665 distinguun-

216 2671 315 2727 tur,
354 2668 605 2735 quaedam
646 2685 777 2727 vero
822 2674 1151 2741 reticentur;
1185 2681 1252 2735 de
1293 2681 1379 2737 his
1414 2684 1631 2753 quidem
1662 2696 1783 2756 qna;

215 2756 413 2825 scripta
449 2767 597 2824 sunt,
631 2761 775 2815 nulla
804 2778 1026 2833 prorsus
1059 2766 1279 2825 licentia
1306 2775 1639 2842 permittitur
1666 2778 1783 2832 cui-

213 2861 412 2915 quam,
460 2849 550 2905 vel
594 2849 884 2909 admittere
934 2858 1078 2926 quod
1125 2861 1514 2929 prohibendum
1544 2875 1650 2930 est,
1695 2867 1781 2922 vel

211 2939 460 2996 omittere
490 2945 635 3013 quod
664 2957 994 3018 praeceptum
1029 2958 1115 3006 est
1148 2968 1163 3006 :
1199 2968 1321 3008 cum
1374 2955 1488 3024 ipse
1522 2957 1779 3015 Dominus

1887 2230 1955 2285 de
1983 2235 2236 2290 omnibus
2265 2239 2411 2292 suis:
2439 2238 2610 2294 Alieni
2632 2252 2806 2296 autem
2830 2259 3002 2299 vocem
3028 2262 3129 2300 non
3152 2258 3463 2319 sequuntur,

1885 2321 1977 2374 sed
2003 2322 2211 2393 fugiunt
2233 2327 2297 2379 ab
2317 2345 2377 2381 eo
2404 2343 2423 2381 :
2443 2332 2691 2399 quoniam
2716 2335 2952 2388 nesciunt
2977 2336 3266 2393 alienorum
3290 2355 3461 2394 vocem

1886 2411 2066 2481 (Joan.
2104 2415 2182 2487 χ).
2234 2416 2340 2471 Sed
2369 2427 2425 2473 et
2451 2422 2624 2475 sancti
2654 2423 2893 2492 Apostoli
2922 2441 3189 2482 memores
3216 2442 3336 2483 esse
3369 2431 3463 2484 de-

1883 2501 2096 2570 bemus,
2127 2506 2219 2575 qui
2249 2508 2316 2562 ad
2355 2517 2597 2564 nostram
2637 2514 2903 2567 cautelam
2943 2531 3106 2571 ausus
3135 2527 3234 2585 est,
3268 2535 3335 2572 ne
3363 2535 3460 2573 an-

1881 2591 2016 2661 gelis
2054 2593 2271 2662 quidem
2308 2611 2555 2665 parcere,
2602 2598 2790 2656 dicens
2822 2616 2837 2655 :
2867 2602 3092 2658 Etiamsi
3134 2605 3350 2674 angelus
3395 2608 3460 2661 de

1881 2682 2007 2736 caelo
2032 2685 2460 2755 evangelisauerit
2491 2690 2630 2743 vobis
2660 2700 3007 2762 prceterquam
3030 2694 3171 2763 quod
3198 2697 3458 2765 evangeli-

1880 2788 2063 2829 samus
2099 2776 2267 2843 vobis,
2312 2779 2591 2833 anathema
2629 2780 2696 2834 sit
2733 2778 2875 2849 (Gal.
2911 2781 2971 2852 l).
3016 2782 3095 2837 Ex
3127 2799 3232 2853 quo
3262 2785 3457 2840 edoce-

1880 2880 2021 2929 mur,
2069 2874 2130 2920 ut
2175 2868 2390 2923 etiamsi
2439 2870 2595 2924 valde
2650 2871 2806 2926 nobis
2860 2873 3059 2929 charos
3114 2875 3183 2927 sit
3233 2875 3452 2945 aliquis,

1878 2957 2090 3011 etiamsi
2134 2958 2451 3028 magniﬁcus
2488 2961 2768 3025 habeatur,
2810 2969 2866 3016 et
2902 2963 2956 3021 in
2994 2964 3348 3019 admiratione
3382 2966 3453 3019 sit

212 3030 281 3084 ita
300 3037 643 3104 praeceperit,
677 3039 995 3095 dicenszEt
1024 3045 1229 3098 custodi
1255 3046 1460 3100 verbum
1488 3049 1609 3115 hoc,
1637 3054 1777 3122 quod
1876 3047 2104 3117 positus,
2147 3049 2239 3118 qui
2287 3050 2536 3119 prohibet
2579 3066 2679 3106 nos
2726 3051 2922 3113 facere,
2971 3054 3113 3122 quod
3160 3070 3189 3106 a
3222 3054 3450 3108 Domino

208 3124 409 3192 egotibi
440 3127 635 3180 mando
664 3127 819 3184 hodie
850 3146 872 3186 :
905 3148 1009 3186 non
1051 3133 1270 3204 adjicies
1309 3136 1380 3190 ad
1414 3137 1571 3206 illud,
1613 3157 1776 3212 neque
1811 3208 1844 3216 Α
1876 3148 2203 3211 pmceptum
2231 3152 2346 3207 est,
2380 3142 2464 3197 vcl
2495 3154 2708 3198 rursum
2740 3145 2991 3214 imperat,
3024 3148 3166 3216 quod
3195 3147 3452 3201 Dominus

211 3214 408 3283 auferes
443 3217 510 3271 ab
550 3235 613 3273 ea
645 3220 823 3291 (Deut.
860 3223 959 3295 tv).
1004 3223 1110 3279 Sed
1139 3234 1197 3281 et
1224 3228 1484 3286 terribilis
1527 3208 1771 3300 quaedam
1801 3208 1845 3269 (ἶ
1876 3208 2174 3301 prohibuit,
2202 3234 2550 3290 exsecrabilis
2584 3236 2744 3291 debet
2775 3208 2896 3291 esse
2946 3208 3331 3308 qui-ejusmodi
3368 3246 3452 3292 est

211 3310 542 3377 exspectatio
572 3320 658 3366 est
689 3313 877 3384 iudicii
921 3325 976 3371 ct
1014 3318 1154 3388 ignis
1192 3320 1359 3385 zelus,
1391 3323 1482 3393 qui
1524 3339 1777 3380 consum-
1872 3322 2123 3377 omnibus
2156 3323 2250 3391 qui
2278 3322 2505 3395 diligunt
2534 3324 2841 3379 Dominum.

209 3405 387 3464 pturus
430 3410 515 3456 est
554 3403 926 3472 adversarios,
968 3416 1024 3463 et
1070 3424 1163 3464 eos
1212 3411 1302 3480 qui
1344 3413 1461 3467 ausi
1508 3422 1635 3468 sunt
1670 3415 1775 3470 tale

214 3487 670 3572 uliquidAoperari.
704 3494 781 3551 De
806 3497 892 3552 his
918 3512 1046 3552 vero
1076 3514 1196 3568 qua:
1222 3499 1502 3570 Scriptura
1533 3504 1771 3572 reticuit,

162 3607 171 3612 ~
213 3559 644 3649 regulam—nobis
668 3585 957 3656 Apostolus
998 3559 1177 3659 posuit
1221 3559 1503 3647 evidenter
1549 3559 1770 3670 dicens;

214 3669 390 3726 Omnia
412 3673 595 3742 licent,
616 3677 707 3731 sed
733 3695 834 3732 non
855 3679 1030 3732 omnia
1055 3680 1369 3749 expediunt;
1394 3669 1574 3736 omnia
1596 3682 1769 3748 licent,

212 3764 293 3816 sed
307 3782 404 3819 non
419 3770 599 3821 omnia
624 3769 907 3837 azdi/icant.
932 3768 1099 3824 Nemo
1119 3772 1257 3842 quod
1271 3788 1423 3825 suum
1449 3782 1526 3827 est
1549 3784 1769 3843 quierat,

2316 3434 2828 3495 [NTERROGATIO
2865 3432 3003 3493 XIV.

1875 3527 2034 3593 Quali
2064 3528 2256 3598 affectu
2277 3530 2423 3583 debet
2453 3531 2662 3593 servire,
2685 3532 2775 3599 qui
2797 3530 2949 3583 servit
2972 3529 3119 3583 Deo?
3153 3540 3200 3582 et
3225 3530 3319 3583 iste
3341 3528 3448 3599 ipse

2400 3601 2619 3669 a/fectus
2644 3599 2769 3669 quid
2798 3609 2872 3653 est
2894 3601 2918 3651 ?

1942 3685 2102 3740 Res».
2150 3686 2417 3742 Ali‘cctum
2467 3689 2665 3743 bonum
2713 3687 2797 3741 vel
2843 3688 3081 3741 animum
3125 3687 3274 3740 illum
3324 3702 3444 3741 esse

1869 3777 2104 3831 arbitror
2130 3791 2251 3846 ego,
2284 3793 2410 3832 cum
2437 3777 2763 3854 desiderium
2796 3777 3088 3831 vehemens
3122 3785 3177 3831 et
3204 3776 3444 3844 inexple-

214 3854 296 3907 sed
332 3858 470 3926 quod
516 3858 736 3913 alterius
772 3860 826 3932 (Ι
854 3858 978 3915 Cor.
1008 3861 1105 3935 vi).
1162 3862 1348 3932 Itaque
1400 3864 1548 3918 omni
1611 3866 1771 3921 modo
1868 3868 1977 3923 bile
2011 3877 2174 3938 atque
2208 3868 2485 3924 immobile
2525 3869 2667 3922 inest
2706 3869 2862 3924 nobis
2905 3867 3148 3937 placendi
3176 3868 3306 3922 Deo.
3338 3867 3443 3921 lm-

213 3959 309 3998 non
345 3962 463 4016 qua:
497 3948 656 4005 nobis
688 3950 833 4006 licita
872 3961 1017 4018 sunt,
1056 3954 1150 4008 sed
1186 3969 1309 4024 qua:
1353 3954 1772 4026 mdiiicantpro—
1867 3956 2046 4026 pietur
2095 3966 2278 4012 autem
2326 3957 2429 4013 iste
2475 3956 2701 4013 ail‘ectus
2744 3973 2843 4027 per
2891 3956 3186 4020 tbeoriam,
3237 3957 3292 4010 id
3337 3967 3439 4021 est,

212 4037 392 4104 ximos,
429 4056 592 4112 agere
629 4042 909 4107 debemus,
952 4053 1008 4098 et
1054 4061 1160 4099 non
1205 4046 1360 4100 nobis
1400 4045 1634 4114 placere,
1677 4048 1770 4102 sed
1869 4048 2173 4113 scientiam,
2203 4064 2302 4117 per
2324 4064 2485 4119 quam
2524 4049 2722 4103 intueri
2751 4056 2806 4102 et
2832 4049 3134 4118 perspicere
3158 4063 3459 4117 possumus

211 4131 458 4195 proximis
510 4131 580 4187 ad
631 4133 1066 4189 tediﬂcationem.
1133 4134 1406 4205 Scriptum
1455 4144 1538 4191 est
1590 4137 1764 4191 enim:
1869 4140 2324 4208 magniﬁcentiam
2364 4138 2547 4209 gloriae
2574 4139 2692 4203 Dei,
2723 4147 2775 4194 et
2815 4153 2911 4208 per
2945 4139 3297 4209 cogitationes
3326 4139 3442 4209 pias

211 4217 426 4291 Slbjecti
464 4225 680 4279 invicem
735 4224 791 4278 in
831 4226 1016 4280 timore
1068 4225 1264 4281 Christi
1313 4227 1528 4299 (Ephes.
1556 4228 1631 4301 v).
1662 4226 1769 4283 Sed
1866 4239 1922 4283 et
1965 4243 2150 4297 puras,
2199 4236 2255 4282 et
2292 4243 2392 4297 per
2437 4228 2754 4282 memoriam
2802 4228 3087 4291 bonorum,
3135 4243 3253 4297 quae
3288 4227 3442 4282 nobis

210 4319 262 4365 et
285 4328 461 4369 rursus
496 4316 760 4371 Dominus
800 4317 917 4371 ait:
956 4316 1015 4372 Si
1040 4318 1158 4388 quis
1190 4320 1295 4373 uult
1332 4322 1387 4375 in
1422 4320 1562 4376 vobis
1595 4322 1769 4392 major
1870 4333 1900 4371 a
1924 4317 2035 4373 Deo
2073 4317 2264 4373 collata
2307 4327 2460 4382 sunt;
2500 4332 2567 4372 εἰ
2612 4332 2840 4386 quorum
2886 4316 3258 4370 ι’θοοτάθῑίοηο
3296 4318 3443 4370 Ven“

209 4418 328 4467 esse,
350 4404 440 4473 ﬁat
463 4408 698 4460 onmium
730 4409 1060 4474 novissimus,
1083 4419 1133 4462 et
1154 4412 1383 4464 omnium
1406 4428 1582 4466 servus
1611 4409 1762 4483 (Luc.
1869 4411 2064 4466 animm
2109 4411 2325 4466 dilectio
2352 4410 2564 4465 Domini
2604 4410 2702 4465 Dei
2736 4410 2841 4474 sui,
2887 4418 2946 4463 ut
2979 4424 3101 4463 eum
3141 4408 3325 4476 diligat
3371 4421 3439 4459 ex

1870 4513 1983 4559 toto
2018 4504 2183 4559 corde
2216 4518 2347 4568 suo,
2389 4509 2444 4557 et
2480 4518 2546 4557 ex
2591 4511 2700 4557 tota
2742 4502 2919 4555 anima
2972 4516 3096 4563 sua,
3141 4506 3195 4553 et
3230 4513 3295 4551 ex
3327 4505 3438 4550 tota

1867 4604 2046 4651 mente
2086 4611 2202 4658 sua,
2233 4595 2527 4649 secundum
2562 4594 2708 4648 illum
2736 4594 2826 4662 qui
2870 4593 3113 4647 dicebat:
3142 4589 3290 4645 Sicut
3321 4604 3439 4641 cer-

1861 4707 1956 4744 vus
1978 4688 2239 4743 desiderat
2267 4688 2336 4740 ad
2363 4687 2532 4756 fontes
2560 4703 2840 4759 aquarum,
2874 4687 2946 4740 ita
2970 4685 3231 4738 desiderat
3257 4681 3436 4733 anima

1861 4795 1978 4833 mea
2010 4778 2079 4832 ad
2107 4787 2175 4843 te,
2208 4776 2346 4831 Deus
2376 4775 2548 4847 (Psal.
2601 4777 2735 4845 xu).
2768 4775 2901 4830 Cum
2939 4776 3033 4830 tali
3077 4773 3269 4827 aiiectu
3305 4784 3436 4838 ergo

1860 4869 2067 4923 servire
2107 4875 2316 4937 oportet
2345 4864 2593 4929 Domino,
2621 4864 2977 4933 adimpleates
3021 4863 3149 4917 illud
3180 4860 3322 4931 quod
3366 4861 3434 4912 ab

1859 4958 2117 5028 Apostolo
2154 4958 2353 5012 dictum
2391 4964 2511 5011 est:
2541 4955 2671 5021 Quis
2699 4973 2792 5010 nos
2813 4955 3075 5026 separabit
3118 4971 3150 5006 a
3181 4952 3436 5006 charitate

1862 5046 2095 5101 Christi?
2132 5046 2462 5100 'I'ribulatio?
2495 5062 2565 5098 an
2593 5046 2877 5115 angustia?
2905 5062 2972 5098 an
2998 5044 3242 5114 gfadius?
3274 5050 3320 5095 et
3348 5057 3434 5094 re-

211 4495 355 4567 xm).
401 4497 553 4565 Quod
602 4498 791 4569 utique
834 4500 924 4568 qui
976 4500 1197 4570 implere
1245 4503 1376 4567 vult,
1429 4503 1546 4557 sine
1599 4503 1763 4559 dubio

210 4590 433 4657 proprias
471 4590 575 4645 sibi
610 4583 853 4660 amputat
885 4589 1208 4657 voluntates,
1244 4595 1538 4648 secundum
1579 4595 1760 4649 imita-

211 4676 391 4733 tionem
430 4681 601 4749 ipsius
634 4681 847 4735 Domini
889 4682 1119 4737 dicentis
1153 4702 1166 4737 :
1210 4683 1463 4737 Descendi
1503 4684 1567 4738 de
1612 4684 1756 4749 coelo,

210 4785 298 4823 non
318 4781 369 4824 ut
397 4772 592 4841 faciam
622 4772 941 4827 voluntatem
974 4791 1165 4838 meam,
1188 4775 1279 4829 sed
1312 4774 1625 4830 voluntatem
1645 4777 1760 4847 ejus

206 4862 284 4924 qui
316 4879 392 4917 me
425 4865 590 4922 misit.
631 4861 813 4918 Patris
839 4864 1019 4936 (Joan.
1048 4865 1146 4937 γι).
1184 4866 1252 4921 Et
1284 4869 1477 4921 iterum
1506 4870 1764 4939 pmepit

208 4950 444 5010 Dominus
471 4974 485 5007 :
521 4954 579 5009 Si
614 4956 731 5026 quis
760 4964 810 5009 te
842 4958 1196 5026 angariatverit
1218 4956 1360 5011 mille
1381 4975 1589 5028 passus,
1629 4959 1760 5014 vade

206 5060 306 5099 tum
334 5046 422 5101 illo
447 5046 556 5100 alia
579 5046 684 5100 duo
715 5045 928 5117 (Matth.
956 5048 1029 5115 v).

627 5137 1137 5194 iNTERiiOGATiO
1174 5136 1310 5192 Xill.

308 5224 362 5283 Si
381 5236 580 5295 oportet
606 5227 845 5281 omnibus
877 5228 953 5282 vel
975 5229 1368 5302 quibuscunque
1396 5231 1644 5285 obedire?

263 5315 413 5373 RESP.
441 5319 649 5373 ilorum
686 5319 903 5387 quidem
928 5321 1018 5390 qui
1045 5321 1313 5390 imperant
1339 5321 1642 5377 differentia
1671 5323 1754 5378 vel

203 5405 469 5463 diversitas
508 5424 616 5463 non
657 5408 816 5463 debet
854 5409 1116 5478 impedire
1151 5411 1519 5465 obedientium
1558 5425 1754 5479 propo-

202 5496 346 5554 situm
371 5517 383 5553 :
405 5500 535 5569 quia
574 5514 751 5569 neque
779 5499 990 5570 Moyses
1028 5500 1395 5571 intemperans
1432 5501 1641 5555 exstitit
1667 5517 1754 5557 co-

201 5601 343 5657 gnato
367 5609 466 5649 suo
489 5590 702 5657 Jethro,
726 5607 848 5646 cum
874 5594 1022 5648 utilia
1044 5602 1291 5649 moneret
1314 5601 1368 5649 et
1384 5592 1528 5662 justa
1551 5593 1747 5665 (Exod.

202 5680 357 5748 mu).
388 5681 881 5738 Commonitionum
920 5698 1051 5739 sane
1090 5701 1196 5739 non
1224 5700 1389 5753 parva
1418 5694 1501 5740 est
1528 5686 1752 5741 diversi-

203 5777 272 5823 tas
301 5787 313 5821 :
342 5771 457 5826 alin
489 5787 722 5842 namque
752 5775 1034 5829 contraria:
1063 5774 1311 5829 videntur
1336 5791 1455 5830 esse
1484 5777 1753 5833 mandatis

1788 4547 1841 4607 D

1838 5141 2002 5225 (liqua
2039 5138 2215 5212 (Rom.
2245 5141 2385 5209 vm).

2306 5249 2817 5307 INTERROGATIO
2858 5249 2950 5304 XV

1863 5346 2003 5413 Quid
2044 5346 2235 5400 sentire
2279 5344 2344 5398 de
2384 5360 2437 5397 se
2469 5342 2613 5395 debet
2657 5343 2701 5413 is
2754 5344 2841 5411 qui
2887 5349 3106 5413 pra’est,
3148 5339 3202 5391 in
3243 5332 3433 5406 quibus

2314 5414 2550 5484 prwcipit
2568 5452 2583 5478 ,
2617 5412 2693 5466 vel
2723 5410 2938 5482 imperat
2956 5410 2982 5463 ?

1933 5506 2092 5559 Resr.
2132 5503 2287 5573 Apud
2314 5503 2480 5556 Deum
2517 5501 2755 5570 quidem,
2786 5500 2924 5554 sicut
2959 5498 3204 5552 minister
3232 5488 3432 5551 ChriSti

1861 5606 1914 5651 ct
1943 5597 2281 5665 dispensator
2314 5593 2693 5665 mysteriorum
2725 5590 2821 5646 Dei
2856 5589 2908 5662 (Ι
2933 5588 3057 5645 Cor.
3089 5588 3194 5659 tv);
3238 5587 3432 5642 timens

1795 5681 1806 5694 '
1860 5701 1926 5738 nc
1964 5693 2161 5753 praeter
2189 5683 2516 5739 voluntatem
2559 5683 2671 5748 Dei,
2710 5682 2797 5737 xei
2832 5691 3029 5753 praeter
3066 5681 3207 5751 quod
3252 5681 3303 5732 in
3344 5690 3432 5732 sa.

1859 5779 1966 5831 cris
2002 5775 2295 5846 Scripturis
2335 5775 2611 5830 evidenter
2659 5774 2988 5845 prtccipitar,
3037 5774 3116 5830 \ei
3154 5773 3293 5827 iii-cat
3334 5767 3428 5823 aia-
