3942 6190
554 441 651 497 Sil

553 647 741 701 fideles
769 655 826 699 et
848 647 1139 715 prudentes
1181 645 1603 714 dispensatores,
1658 643 1790 711 ipsis
1819 641 2004 697 oﬂ‘erri
2037 642 2129 695 de-

552 739 701 802 bent,
729 738 1024 792 secundum
1056 736 1413 791 imitationem
1431 750 1642 800 eorum,
1674 736 1766 805 qui
1813 735 1870 788 in
1904 733 2129 789 Actibus

551 826 919 896 apostolorum
972 827 1026 880 id
1085 824 1275 880 fecisse
1321 825 1765 895 perscribuntur,
1815 823 1883 877 de
1936 823 2131 891 quibus

552 918 788 973 dicitur:
821 916 959 981 Quia
998 917 1273 984 afferentes
1306 916 1473 984 pretia
1520 914 1841 985 prtediorum
1889 928 2129 977 suorum,

551 1008 808 1077 ponebant
857 1016 978 1061 ante
1034 1007 1187 1076 pedes
1243 1006 1595 1076 apostolorum
1643 1006 1781 1075 (Aet.
1813 1009 1917 1070 ιιι).
1971 1004 2131 1059 Certe

551 1097 809 1164 quoniam
838 1111 944 1150 non
971 1104 1056 1150 cst
1082 1100 1325 1150 omnium
1358 1094 1728 1163 hujuscemodi
1770 1095 2130 1164 dispensatio-

552 1201 650 1239 nes
673 1186 894 1254 explere
924 1184 1171 1248 fideliter,
1210 1186 1316 1239 illis
1343 1184 1523 1240 oil‘erri
1552 1186 1823 1249 convenit,
1852 1188 1942 1254 qui
1989 1186 2130 1255 apud

552 1290 741 1331 omnes
770 1276 823 1330 in
853 1277 956 1330 hoc
981 1275 1161 1330 officio
1191 1276 1400 1345 probati
1426 1274 1716 1329 habentur.
1745 1273 2130 1328 Verumtamen

554 1366 715 1418 etiam
745 1367 811 1420 de
840 1366 924 1420 his
944 1366 1194 1434 probabit
1214 1364 1303 1418 ille
1332 1364 1423 1434 qui
1468 1371 1685 1433 praeest,
1726 1378 1825 1434 per
1847 1379 2007 1434 quem
2039 1364 2132 1419 (le-

554 1456 719 1510 beant
750 1458 1074 1527 dispensari.

957 1548 1469 1605 INTERROGATIO
1499 1548 1710 1603 XXXII.

555 1636 827 1703 Quomodo
848 1640 1019 1713 ridere
1041 1641 1283 1713 debemus
1309 1658 1417 1713 eos,
1436 1644 1525 1713 qui
1546 1644 1693 1697 nobis
1716 1642 1794 1697 vel
1816 1642 2129 1713 familiares,

794 1707 869 1762 vel
900 1711 1277 1780 consanguinei
1313 1707 1524 1780 fuerunt
1546 1722 1594 1766 et
1627 1707 1899 1783 proximi?

625 1798 785 1853 Resr.
816 1798 967 1854 Sicut
998 1799 1259 1855 Dominus
1286 1802 1544 1867 ostendit,
1576 1812 1703 1858 tunc
1733 1820 1855 1858 cum
1904 1805 1954 1860 ei
1995 1821 2134 1862 nun-

553 1888 825 1942 tiaverunt
857 1908 869 1942 :
917 1888 1054 1954 Quia
1094 1899 1261 1944 mater
1279 1900 1369 1943 tua
1394 1904 1441 1945 et
1464 1892 1652 1961 fratres
1683 1894 1759 1946 tui
1790 1893 1921 1961 foris
1967 1905 2131 1960 stant,
2160 1913 2209 1973 Β

555 1977 779 2031 volentes
807 1988 855 2032 te
884 1979 1090 2043 videre;
1116 1979 1183 2033 ad
1213 1995 1349 2048 quos
1370 1996 1492 2036 cum
1516 1981 1886 2051 increpatione
1916 2000 2135 2055 respon.

556 2067 655 2132 dit,
682 2067 869 2122 dicens
899 2086 913 2121 :
948 2066 1081 2133 Qua:
1098 2079 1173 2123 est
1197 2080 1364 2124 mater
1405 2072 1560 2124 mea?
1597 2080 1644 2124 et
1682 2072 1773 2141 qui
1794 2082 1915 2126 sunt
1939 2073 2132 2143 fratres

553 2158 652 2210 mei
667 2157 692 2209 ?
741 2155 844 2221 Qui
902 2158 1040 2210 enim
1100 2159 1278 2227 fecerit
1316 2157 1630 2213 voluntatem
1674 2159 1849 2215 Patris
1883 2164 2007 2229 mei,
2042 2167 2133 2235 qui

548 2246 607 2298 in
639 2244 779 2299 culis
811 2255 909 2311 est,
946 2247 1041 2301 iste
1082 2264 1225 2301 meus
1264 2248 1450 2318 frater,
1480 2258 1528 2302 et
1556 2264 1728 2316 soror,
1767 2260 1818 2305 et
1853 2263 2020 2309 mater
2055 2264 2132 2310 est

553 2335 704 2406 (Luc.
736 2338 879 2409 vm).
937 2407 1096 2462 [NTE
1102 2408 1192 2463 RR
1198 2409 1284 2465 OG
1290 2409 1451 2467 A110
1490 2410 1723 2466 χχχιιι,

553 2493 782 2566 Quodsi
801 2496 1145 2565 deprecantur
1179 2514 1295 2563 nos,
1323 2499 1546 2555 volentes
1567 2510 1622 2554 ut
1649 2518 1831 2556 eamus
1864 2519 1984 2557 cum
2003 2504 2130 2566 ipsis

656 2565 727 2619 ad
760 2566 941 2620 domus
962 2584 1163 2631 eorum,
1194 2569 1241 2622 si
1277 2579 1511 2638 oporteat
1547 2587 1640 2625 nos
1660 2567 2027 2641 acquiescere?

624 2653 785 2711 Resp.
815 2654 872 2710 Si
897 2657 1115 2725 quidem
1163 2674 1262 2728 pro
1288 2659 1648 2715 aediﬁcatione
1673 2661 1795 2717 {idet
1832 2663 2027 2734 aliquis
2049 2665 2132 2721 ire

552 2752 750 2814 potest,
774 2760 818 2799 SI
845 2746 1150 2816 probaverit
1172 2742 1260 2803 ille
1280 2750 1372 2819 qui
1392 2760 1608 2819 prtecst,
1633 2754 1896 2809 mittatur.
1922 2756 1978 2812 Si
2000 2772 2129 2814 vero

550 2841 772 2903 propter
825 2834 1114 2892 humanam
1164 2839 1400 2908 aliquam
1444 2843 1695 2911 gratiam,
1737 2846 1923 2901 audiat
1948 2848 2129 2903 Domi-

550 2937 680 2975 num
708 2923 979 2979 dicentem
1022 2926 1090 2980 ad
1120 2926 1268 2982 illum
1298 2931 1390 2999 qui
1415 2931 1466 2985 ei
1505 2931 1678 2986 dixit:
1713 2933 1982 3005 Magister,
2010 2956 2130 3009 per-

551 3009 693 3063 mitte
710 3011 839 3064 milti
859 3014 1084 3081 primum
1106 3016 1203 3081 ire,
1226 3027 1274 3070 et
1312 3020 1612 3075 renuntiare
1633 3022 1713 3076 Itis
1737 3025 1827 3094 qui
1878 3027 1934 3080 in
1972 3027 2126 3082 domo

548 3108 692 3153 sunt.
728 3098 865 3164 Quia
900 3119 1048 3156 nemo
1078 3106 1285 3161 mittens
1321 3124 1535 3163 manum
1584 3128 1737 3169 suam
1785 3114 1840 3168 in
1863 3127 2123 3182 aratrum,

544 3199 595 3241 et
615 3198 749 3242 retro
777 3192 1069 3260 respiciens,
1092 3206 1244 3263 aptus
1266 3208 1341 3251 est
1369 3215 1523 3269 regno
1537 3202 1788 3259 caelorum
1832 3206 1982 3277 (Luc.
2021 3209 2119 3283 lx).

1582 436 1642 495 S.
1685 436 2043 495 BENEDIC'I'I
2082 438 2371 493 ABBATIS
2407 434 2817 494 ANIANENSIS

556 561 637 613 his
668 560 760 627 qui
816 572 913 626 per
936 557 1054 611 loca
1109 556 1319 626 singula
1350 555 1596 610 ecclesiis
1622 562 1883 623 praesunt,
1926 554 1971 607 si
2006 560 2132 607 sunt
2160 560 2208 617 Α

3716 438 3844 493 διε

2626 549 3135 607 INTERROGATIO
3173 550 3323 606 XXX
3333 550 3415 605 Vl.

2231 638 2394 704 Quali
2430 641 2623 710 alfectu
2655 642 2899 696 debemus
2928 623 3152 710 inﬁrmis
3179 641 3432 714 fratribus
3469 644 3846 699 ministrare?

2302 729 2460 784 Resp.
2511 729 2665 785 Sicut
2709 732 2811 800 ipsi
2840 733 3067 787 Domino
3123 732 3412 788 offerentes
3454 732 3834 803 obsequium,

2229 818 2321 886 qui
2350 818 2524 873 dixit:
2557 820 2695 886 Quia
2727 839 2843 875 cum
2875 821 3071 891 fecistis
3105 823 3196 876 uni
3218 838 3284 876 ea:
3309 823 3535 876 minimis
3559 824 3690 877 istis
3718 824 3843 891 fra-

2228 910 2395 963 tribus
2418 912 2564 974 meis,
2587 912 2716 966 milii
2744 912 2937 981 fecistis
2962 912 3175 983 (Matth.
3207 911 3355 981 xxv).
3381 913 3612 984 Expedit
3634 923 3838 972 autem

2230 1000 2299 1055 ad
2351 1004 2784 1059 conservandum
2834 1004 3203 1073 hujuscemodi
3251 1004 3503 1061 aifectum
3551 1007 3606 1059 in
3657 1008 3832 1063 obseo

2230 1093 2393 1160 quiis,
2434 1101 2492 1146 ut
2513 1101 2569 1147 et
2598 1094 2654 1148 hi
2672 1094 2764 1164 qui
2787 1095 3043 1163 obsequia
3078 1111 3109 1149 a
3147 1095 3303 1150 nobis
3325 1096 3654 1165 suscipiunt,
3689 1096 3835 1153 tales

2230 1182 2361 1247 sint,
2410 1181 2605 1251 quibus
2652 1183 2847 1238 merito
2877 1183 3075 1239 deferri
3126 1185 3443 1254 obsequium
3499 1186 3727 1241 debeat.
3762 1186 3834 1241 Et

2230 1270 2352 1325 ideo
2381 1279 2594 1341 Oportet
2638 1287 2735 1327 eos
2759 1274 2852 1342 qui
2891 1282 3134 1343 praesunt
3160 1289 3346 1329 curam
3398 1289 3614 1345 gerere,
3654 1292 3731 1331 ne
3777 1278 3831 1334 bi

2230 1361 2429 1429 quibus
2463 1362 2807 1417 ministratur
2836 1364 2970 1419 tales
3012 1365 3121 1435 sint
3146 1365 3237 1434 qui
3289 1367 3441 1420 carni
3491 1367 3827 1437 indulgeant

2231 1460 2288 1505 et
2325 1452 2519 1515 ventri,
2553 1453 2645 1507 sed
2694 1454 2874 1523 potius
2902 1454 2956 1508 in
2991 1469 3174 1509 amore
3218 1454 3315 1509 Dei
3362 1464 3417 1509 et
3459 1454 3677 1510 Christi
3710 1457 3831 1526 ejus

2234 1544 2543 1611 probabiles
2600 1544 2977 1611 inveniantur,
3033 1554 3088 1600 et
3131 1561 3228 1616 per
3277 1548 3600 1616 patientiam
3665 1566 3827 1604 suam

2234 1646 2299 1686 ac
2344 1632 2469 1688 vita:
2518 1634 2771 1688 meritum
2814 1634 3042 1690 fratrum
3084 1644 3395 1692 mereantur
3420 1638 3736 1707 obsequia:
3771 1648 3832 1693 ut

2233 1722 2536 1779 habeantur
2561 1726 2629 1779 ad
2655 1724 2881 1795 gloriam
2903 1724 3126 1789 Christi,
3155 1733 3212 1780 et
3239 1728 3595 1796 opprobrium
3623 1729 3828 1783 diaboli

2236 1817 2380 1873 sicut
2411 1816 2514 1872 fuit
2542 1825 2599 1872 et
2630 1826 2850 1873 sanctus
2873 1816 2993 1873 Job.

2610 1908 3126 1966 INTERROGATIO
3167 1910 3425 1967 XXXVII.

2235 1998 2368 2054 Cum
2401 1999 2547 2072 quali
2566 2002 3197 2144 humilitateatgigt‘
3219 2005 3481 2058 suscidere
3500 2022 3533 2058 a
3550 2004 3826 2072 fratribus

2303 2157 2464 2214 Resp.
2497 2158 2649 2216 Sicut
2685 2176 2874 2218 servus
2919 2177 2950 2216 a
2998 2163 3239 2229 domino,
3292 2172 3353 2219 et
3386 2171 3529 2219 sicut
3576 2165 3825 2220 ostendit
3902 2189 3909 2195 -

2230 2247 2421 2304 Petrus
2482 2251 2796 2320 apostolus,
2864 2268 2986 2307 cum
3047 2254 3097 2309 ei
3153 2255 3414 2310 Dominus
3468 2256 3820 2311 ministraret

2231 2336 2415 2410 (Joan.
2453 2339 2595 2413 xm).
2645 2341 2713 2396 In‘
2728 2358 2836 2412 quo
2877 2344 3037 2398 simul
3075 2345 3239 2398 etiam
3267 2345 3572 2415 periculum
3608 2363 3819 2413 eorum,

2230 2432 2325 2502 qui
2351 2432 2540 2489 uolunt
2568 2435 2806 2505 recipere
2833 2436 3091 2506 obsequia
3119 2436 3370 2502 fratrum,
3394 2437 3673 2494 docemur

2606 2545 3120 2605 lNTERROGATIO
3165 2551 3450 2607 XXXVIII.

2301 2637 2523 2704 Qualem
2546 2639 2787 2695 debemus
2820 2642 3009 2696 habere
3047 2643 3357 2697 charitatem
3381 2643 3450 2697 ad
3481 2645 3761 2699 invicem?

2301 2728 2461 2785 Resp.
2487 2729 2709 2797 Qualem
2732 2731 2993 2787 Dominus
3012 2734 3244 2788 ostendit
3269 2741 3324 2787 et
3348 2734 3547 2798 docuit,
3586 2735 3779 2791 dicens
3805 2756 3817 2790 :

2228 2815 2443 2888 Diligite
2497 2814 2735 2886 invicem,
2789 2821 2924 2875 sicut
2981 2831 3029 2876 et
3068 2839 3159 2893 ego
3192 2821 3355 2877 dilexi
3399 2840 3503 2878 vos.
3545 2824 3819 2895 Majorcxu

2227 2920 2401 2966 autem
2426 2913 2734 2970 cltaritatem
2787 2933 2935 2971 nemo
2958 2917 3129 2983 habet,
3156 2937 3314 2988 quam
3356 2932 3411 2975 ut
3431 2924 3547 2991 quis
3575 2924 3819 2978 animum

2225 3017 2376 3055 suam
2412 3012 2572 3073 ponat
2614 3021 2710 3076 pro
2756 3006 2938 3062 amicis
2972 3010 3081 3063 suis
3122 3008 3300 3081 (Joan.
3327 3010 3401 3075 v).
3432 3011 3491 3067 Si
3530 3023 3726 3069 autem
3767 3023 3820 3069 et

2227 3088 2461 3146 animam
2489 3094 2614 3163 poni
2642 3104 2876 3165 Oportet,
2931 3107 3134 3167 quanto
3165 3102 3335 3171 magis
3370 3100 3422 3156 in
3454 3102 3582 3158 aliis
3627 3116 3812 3160 votum

2226 3187 2284 3234 et
2311 3182 2548 3238 studium
2575 3184 2734 3240 debet
2761 3188 3014 3242 ostendi?
3036 3187 3168 3245 Sine
3193 3192 3352 3248 dubio
3372 3209 3477 3247 non
3509 3196 3814 3251 secundum

549 3278 701 3343 Quod
732 3279 775 3333 si
800 3295 896 3348 Pro
926 3284 1283 3340 renuntiando
1317 3288 1419 3343 hoc
1447 3290 1653 3346 dictum
1700 3303 1782 3350 est
1810 3270 2009 3354 volenti
2044 3270 2125 3357 ire
2152 3280 2197 3344 (ἶ
2229 3270 2495 3327 humanas
2540 3274 2863 3342 vomnmes’
2919 3279 3011 3333 se"
3048 3280 3341 3337 secundum
3388 3278 3534 3339 illum
3591 3302 3813 3357 prospe'

556 3373 616 3419 ut
639 3368 997 3434 renuntiaret,
1037 3373 1163 3440 quid
1187 3370 1431 3430 dicemus
1454 3376 1521 3433 de
1552 3383 1799 3441 caeteris?

946 3454 1461 3523 INTERROGATIO
1494 3461 1732 3528 XXXIV.

553 3542 707 3599 Unde
757 3563 879 3617 ergo
921 3559 1149 3632 vagatur.
1164 3569 1307 3608 mens
1329 3567 1544 3632 nostra,
1593 3570 1640 3632 et
1669 3542 2011 3632 cogitationes
2045 3571 2124 3624 di-

615 3631 779 3669 uersa:
808 3618 1187 3708 alsreudunt‘in
1215 3624 1368 3708 cnorde
1396 3618 1612 3683 nostra?
1631 3640 1679 3685 et
1718 3618 2122 3708 quomodopds-

615 3700 798 3741 sumus
819 3688 917 3741 hoc
936 3692 1213 3744 emendare
1227 3694 1253 3745 ?

616 3776 777 3835 Res».
813 3781 1051 3854 Vagatur
1069 3786 1284 3854 quidem
1309 3805 1461 3845 mens
1482 3791 1751 3850 interdum
1791 3799 1956 3854 etiam
1985 3802 2119 3870 otio,

544 3882 668 3921 cum
700 3885 806 3924 non
832 3883 1128 3942 occupatur
1154 3875 1208 3929 in
1245 3882 1554 3935 necessaria
1587 3883 1982 3955 sollicitudine;
2024 3894 2121 3946 sed

546 3958 604 4012 in
641 3962 957 4017 remissione
982 3966 1155 4033 posita
1194 3976 1248 4021 et
1286 3972 1600 4039 securitate,
1645 3990 1754 4031 non
1782 3980 1955 4034 credit
1982 3996 2122 4051 prte-

543 4056 752 4101 sentem
781 4064 902 4103 esse
931 4051 1120 4116 Deum,
1160 4068 1492 4113 scrutantem
1543 4065 1709 4118 corda
1753 4074 1811 4121 et
1851 4082 2028 4124 renes.
2059 4070 2119 4126 Si

539 4135 687 4187 enim
715 4138 839 4224 ihoc
894 4141 1155 4207 crederet,
1203 4144 1578 4220 faceretque]
1625 4158 1876 4224 superius
1906 4160 2115 4217 dictum

542 4232 628 4277 est
657 4242 669 4278 :
704 4223 1046 4285 Pravidebam
1070 4232 1350 4290 Dominum
1376 4241 1431 4293 in
1455 4257 1729 4314 conspectu
1749 4265 1861 4303 meo
1882 4269 2116 4324 semper;

541 4314 718 4384 quiaa
749 4317 946 4376 dextris
983 4333 1058 4375 est
1102 4322 1250 4391 mihi,
1305 4346 1369 4383 ne
1421 4346 1745 4405 commovear
1794 4314 2109 4418 (Psal.'xv).

541 4405 642 4510 Qui
666 4410 809 4463 enim
836 4410 935 4468 hoc
966 4414 1098 4484 agit,
1139 4420 1223 4473 vel
1252 4414 1444 4478 horum
1483 4421 1700 4495 similia,
1743 4405 1919 4503 neque
1948 4405 2115 4510 vaga—

539 4495 686 4552 bitur
717 4516 971 4570 unquam,
1001 4522 1175 4577 neque
1201 4511 1419 4567 habebit
1452 4517 1620 4571 otium
1650 4522 1801 4576 vanis
1829 4495 2112 4593 cogitatio-

2231 3368 2389 3426 ctum,
2418 3357 2471 3417 in
2500 3380 2606 3435 quo
2628 3375 2712 3422 cst
2730 3383 3014 3426 commune
3040 3368 3280 3429 omnium
3305 3379 3657 3447 propositum
3695 3381 3814 3451 pla-

2224 3451 2379 3506 cendi
2402 3452 2530 3508 Deo.

2608 3523 3118 3587 INTERROGATIO
3169 3532 3411 3589 XXXIX.

2223 3611 2497 3678 Quomodo
2515 3618 2702 3687 poterit
2735 3622 2855 3702 quis
2892 3622 3104 3693 implere
3148 3626 3456 3702 citaritatem
3495 3629 3652 3685 circa
3699 3649 3808 3702 pro-

2798 3691 2999 3746 ximum
3025 3710 3178 3748 suum
3193 3697 3219 3749 .9

2292 3772 2457 3830 Resp.
2491 3776 2675 3834 Primo
2703 3782 2921 3849 quidem
2966 3792 3211 3842 metuens
3252 3789 3515 3858 judicium
3544 3796 3803 3861 prevari-

2220 3864 2395 3918 cantis
2421 3867 2734 3923 mandatum
2756 3869 3000 3939 Domini;
3027 3876 3158 3943 quia
3185 3877 3301 3946 ipse
3337 3878 3474 3933 dixit
3503 3894 3518 3932 :
3553 3879 3669 3947 Qui
3706 3900 3802 3936 non

2218 3954 2495 4010 crediJerit
2515 3955 2679 4025 Filio,
2705 3976 2810 4015 non
2835 3962 3042 4018 habebit
3064 3966 3219 4020 vitam
3238 3986 3254 4021 :
3276 3970 3367 4022 sed
3394 3971 3477 4025 ira
3498 3970 3603 4026 Dei
3637 3983 3801 4026 manet

2219 4062 2377 4114 super
2394 4062 2512 4100 eum
2539 4047 2720 4119 (Joan.
2755 4051 2862 4123 ιιι).
2890 4054 3026 4109 Τιιιιι
3056 4056 3249 4113 deinde
3270 4059 3415 4115 velut
3448 4063 3686 4130 cupiens
3733 4063 3797 4116 ad

2217 4142 2476 4191 aeternam
2503 4139 2668 4194 vitam
2694 4145 2997 4211 pervenire,
3034 4148 3162 4218 quia
3206 4151 3522 4207 mandatum
3547 4152 3672 4220 ejus
3700 4156 3798 4208 vita

2216 4236 2421 4282 aeterna
2466 4239 2569 4285 est.
2610 4228 2851 4289 Primum
2886 4249 3061 4291 autem
3107 4250 3155 4294 et
3194 4256 3438 4310 magnum
3484 4244 3794 4298 mandatum

2214 4327 2292 4371 est
2317 4335 2335 4372 :
2375 4318 2571 4391 Diliges
2593 4320 2872 4379 Dominum
2894 4326 3060 4381 Deum
3083 4339 3251 4393 tuum,
3281 4345 3345 4384 ex
3365 4340 3476 4385 toto
3498 4336 3666 4387 corde
3688 4344 3792 4393 tuo,

2212 4421 2281 4460 ea:
2320 4418 2430 4463 tota
2467 4420 2632 4465 mente
2676 4421 2790 4479 tua,
2838 4426 2887 4470 et
2933 4432 2998 4471 ea:
3017 4427 3126 4471 tota
3147 4420 3326 4473 anima
3345 4430 3458 4475 tua.
3494 4420 3793 4477 Secundam

2215 4513 2336 4551 vero
2363 4498 2535 4553 simile
2552 4500 2634 4555 illi
2654 4519 2673 4555 ς
2705 4502 2905 4574 Diliges
2933 4509 3230 4576 proximum
3251 4520 3400 4563 tuum
3421 4512 3559 4565 sicut
3579 4515 3793 4583 teipsuat

543 4591 706 4645 nibus
737 4593 1040 4665 indulgere;
1083 4600 1165 4652 vel
1192 4600 1389 4672 aliquid
1435 4610 1693 4677 cogitare,
1727 4617 1868 4681 quod
1897 4586 2014 4672 bon
2047 4622 2113 4676 ad
2141 4619 2191 4677 D
2219 4586 2439 4681 “iam?
2473 4589 2631 4681 un)‘
2662 4592 2730 4646 Et
2757 4593 2803 4648 Si
2843 4596 2966 4664 quis
2990 4596 3261 4653 desmemt
3302 4601 3494 4656 similis
3523 4602 3668 4659 emci
3696 4605 3793 4659 Do-

541 4679 952 4737 mdiﬁcationem
982 4686 1104 4742 fidei
1133 4692 1417 4759 pertineat,
1458 4706 1512 4748 et
1555 4699 1621 4751 ad
1658 4679 1892 4771 aliquam
1922 4708 2114 4763 anima:

542 4769 830 4825 utilitatem
885 4784 1112 4841 spectet.
1182 4779 1395 4846 Quanto
1425 4787 1595 4857 magis
1650 4769 1785 4843 nihil
1850 4795 2109 4862 audebit,

539 4860 681 4929 quod
740 4859 1025 4918 adversum
1068 4868 1137 4921 sit
1180 4869 1309 4936 Deo,
1346 4882 1400 4928 ct
1446 4891 1550 4930 nou
1598 4878 1647 4932 ei
1684 4866 1913 4949 placeat,
1961 4859 2109 4957 cogi;

537 4960 653 5005 mre
677 4958 696 5007 Ι
938 5026 1450 5089 INTERROGATIO
1480 5031 1692 5091 XXXV.

534 5108 686 5168 Unde
729 5125 774 5169 ct
808 5129 1077 5174 nocturna:
1101 5124 1708 5205 pltanIasiar-inlionestw
1730 5142 1778 5185 et
1805 5140 1979 5205 turpes
2020 5144 2141 5192 ac:

1124 5194 1303 5248 cidunt
1324 5198 1470 5250 nobis
1486 5199 1511 5250 .’

604 5270 766 5327 lisse.
818 5275 1053 5333 Veniunt
1097 5283 1312 5351 quidem
1358 5287 1475 5341 ha‘c
1520 5290 1753 5345 maxime
1784 5306 1851 5348 ex
1900 5294 2109 5351 diurnis

530 5363 726 5418 anima:
781 5368 1017 5423 motibus
1046 5378 1099 5424 et
1124 5375 1352 5439 actibus,
1408 5376 1640 5449 indignis
1691 5389 1745 5435 et
1776 5383 2105 5454 incougruis.

527 5454 589 5508 Si
619 5454 762 5508 enim
786 5466 941 5511 vacet
986 5460 1039 5513 iu
1079 5460 1296 5529 iudiciis
1324 5467 1440 5532 Dei,
1474 5476 1527 5521 et
1553 5481 1883 5542 expurgetur
1927 5475 2102 5529 anima

528 5555 627 5609 per
677 5548 1080 5605 meditationem
1128 5552 1261 5623 legis
1310 5558 1522 5622 divinae,
1575 5570 1629 5616 et
1668 5564 1901 5618 studium
1955 5568 2103 5621 verbi

531 5630 623 5686 1).ιί
646 5673 660 5697 ,
690 5636 870 5705 ibique
911 5640 1302 5698 indesinentem
1343 5662 1525 5701 curam
1553 5661 1725 5720 gerat,
1776 5671 1991 5726 semper
2024 5673 2106 5711 re-

526 5725 753 5796 quirens
784 5739 837 5782 et
859 5741 1111 5787 scrutaris
1143 5737 1271 5804 quiti
1300 5739 1369 5792 sit
1394 5744 1536 5810 quod
1580 5745 1787 5813 placeat
1822 5725 1948 5814 Deo,
1979 5751 2102 5805 talia

530 5819 698 5871 etiam
725 5820 943 5874 habebit
966 5826 1195 5879 somnia.

2216 4675 2365 4730 mitto
2389 4677 2633 4733 dicenti:
2684 4682 2995 4739 Mandatum
3038 4703 3226 4742 nouum
3269 4691 3337 4743 do
3373 4691 3535 4758 vobis,
3593 4693 3791 4747 utdili-

2215 4765 2350 4833 gulis
2382 4766 2619 4832 invicem,
2650 4771 2785 4824 sicut
2809 4783 2857 4825 et
2883 4791 2975 4843 ego
2998 4776 3161 4831 dilexi
3182 4795 3268 4833 ros
3292 4778 3475 4852 (Joan.
3517 4784 3663 4854 xm).
3689 4781 3787 4836 Sed

2208 4863 2267 4907 et
2291 4872 2359 4909 ex
2380 4859 2649 4912 communi
2670 4874 2828 4916 sensu
2854 4864 3053 4918 sentire
3093 4866 3196 4920 hoc
3223 4882 3508 4936 possumus
3533 4888 3549 4923 :
3574 4872 3699 4941 quia
3742 4870 3783 4923 si

2214 4947 2535 5004 beneficium
2558 4966 2956 5021 consequamur
2976 4970 3006 5009 a
3031 4955 3220 5021 fratre,
3264 4960 3318 5013 in
3345 4974 3412 5014 eo
3438 4963 3587 5030 quod
3612 4963 3781 5031 diligi-

2211 5050 2336 5089 mur
2363 5052 2392 5090 a
2416 5036 2604 5105 fratre,
2633 5041 2905 5097 debitores
2933 5045 2981 5099 ei
3004 5045 3291 5113 efficimur,
3310 5036 3394 5103 ἰιι
3434 5066 3563 5105 eum
3595 5051 3780 5106 merito

2208 5125 2523 5193 diligamus;
2554 5129 2698 5196 quod
2719 5130 2885 5184 etiam
2908 5132 3048 5187 inter
3071 5135 3299 5204 gentiles
3321 5138 3605 5193 observari
3628 5139 3775 5199 solet,

2208 5216 2349 5270 sicut
2378 5216 2635 5273 Dominus
2678 5221 2731 5276 in
2767 5221 3076 5294 Evatigclio
3120 5226 3253 5281 dicit
3296 5246 3309 5283 :
3352 5228 3413 5284 Si
3441 5232 3659 5302 diligitis
3697 5247 3776 5285 eos

2203 5306 2295 5375 qui
2316 5322 2400 5359 vos
2420 5306 2672 5376 diligunt,
2702 5327 2819 5379 qua:
2843 5312 2981 5366 vobis
3018 5325 3094 5367 est
3121 5318 3291 5385 gratia
3313 5318 3340 5370 .’
3369 5321 3494 5390 quia
3520 5332 3571 5374 et
3610 5338 3778 5392 ρεσεα-

2206 5404 2343 5447 tores
2364 5403 2412 5448 et
2440 5396 2677 5465 gentiles,
2705 5398 2977 5468 diligentes
3010 5420 3065 5457 se
3110 5405 3336 5476 diligunt
3387 5410 3537 5480 (Luc.
3578 5412 3675 5483 vt).
3721 5412 3776 5466 Si

2209 5492 2391 5537 autem
2422 5485 2474 5538 in
2504 5486 2686 5555 aliquo
2709 5488 2793 5541 vel
2821 5489 2965 5544 hedit
2995 5507 3115 5558 nos,
3159 5496 3241 5549 vel
3289 5497 3608 5555 adversatur
3636 5503 3774 5571 quis,

2209 5572 2351 5626 hunc
2374 5587 2479 5627 non
2512 5575 2687 5628 solum
2718 5587 2939 5647 propter
2969 5583 3302 5652 mandatum,
3352 5589 3447 5642 sed
3480 5598 3535 5643 ct
3565 5599 3776 5660 propter

2209 5660 2313 5715 hoc
2365 5662 2559 5731 ipsum,
2593 5666 2719 5733 quia
2752 5667 2873 5735 plus
2909 5670 3063 5725 nobis
3108 5685 3330 5743 pnestat
3374 5677 3427 5731 in
3476 5696 3584 5748 quo
3612 5679 3769 5741 Izedit.

2206 5749 2427 5819 diligere
2463 5751 2740 5812 debemus.
2794 5757 3073 5829 Siquidem
3124 5767 3396 5823 credimus
3425 5768 3652 5826 Domino
3701 5773 3772 5826 di-

2208 5843 2348 5897 centi
2381 5863 2394 5898 :
2424 5844 2572 5898 Beati
2597 5846 2715 5901 estis
2739 5865 2852 5903 cum
2885 5854 3269 5924 cxprobrabunt
3300 5876 3380 5914 ros
3410 5871 3456 5914 ct
3476 5878 3770 5931 persequen-
