3942 6190
1526 226 1586 282 Β.
1628 218 1989 285 BENEDlCTl
2023 214 2315 272 ABBATIS
2352 207 2764 266 ANIANENSIS
3645 185 3779 244 516

2623 310 3136 373 lNTERllOGATlO
3175 307 3305 364 LW.

2325 408 2600 476 Quomodo
2626 409 2742 479 quis
2770 408 2838 460 ad
2865 405 3087 475 gloriam
3124 400 3221 454 Dei
3246 398 3375 468 facit
3408 394 3603 449 omnia.

2259 503 2418 557 Resp.
2471 502 2605 556 Cum
2649 500 2827 554 omnia
2869 503 3089 566 propter
3134 493 3325 554 Deum,
3369 486 3451 542 vel
3503 501 3569 542 ex
3607 499 3791 548 man-

2187 596 2316 652 dato
2344 592 2441 645 Dei
2472 590 2731 652 facimus,
2784 595 2840 641 et
2874 588 2929 640 in
2974 582 3121 638 nullo
3160 587 3433 634 sectamur
3482 575 3783 629 hominum

2190 681 2401 745 laudes,
2433 688 2488 734 et
2512 680 2566 733 in
2593 678 2847 733 omnibus
2880 672 3232 729 meminimus
3257 665 3471 721 Domini
3498 663 3743 720 dicentis
3767 682 3784 719 :

2192 769 2393 829 Luceat
2422 768 2516 822 luo:
2537 775 2709 824 vestra
2736 781 2916 821 coram
2949 759 3272 823 hominibus,
3297 765 3355 810 ut
3381 754 3589 810 videant
3614 768 3788 823 opera

2194 870 2361 916 uestra
2387 859 2546 921 bona,
2571 867 2618 912 et
2650 856 2940 928 gloriﬁcent
2964 851 3184 906 Patrem
3209 856 3458 911 vestrum,
3482 843 3571 915 qui
3598 844 3659 898 in
3685 860 3790 897 cat-

2195 950 2261 1004 lis
2282 959 2358 1004 est
2387 948 2605 1021 (Matth.
2630 947 2705 1019 v).

503 249 606 305 MS

502 367 745 413 temnere
788 364 891 408 nos
920 347 1050 407 facit
1092 348 1147 397 et
1199 340 1477 409 despicere
1503 333 1783 396 inferiora,
1809 330 1949 385 sicut
1977 326 2075 380 do-
2106 329 2157 388 Α

502 452 733 502 cuerunt
754 455 851 496 nos
875 448 1064 495 omnes
1083 430 1276 495 sancti,
1293 434 1497 497 quanto
1516 423 1691 494 magis
1715 436 1779 476 ea
1800 433 1922 491 qua":
1944 414 2084 470 mala

506 542 631 592 sunt
656 539 710 588 et
757 525 970 598 turpia?

982 626 1499 690 lNTERROGATlO
1538 624 1601 680 L.

510 735 641 802 Qutr
669 741 741 786 est
768 727 980 784 tristitia
1008 723 1290 802 secundum
1320 720 1523 802 Deum,“
1544 725 1593 777 et
1639 727 1756 785 qua:
1784 719 1861 765 est
1904 721 2092 761 secun-

1070 795 1194 847 dum
1232 787 1523 847 swculum?
1847 820 1867 849 ,

584 892 744 946 Resr.
796 884 1106 942 Secundum
1158 882 1329 935 Deum
1382 885 1466 930 est
1516 871 1769 934 tristitia,
1822 880 1943 925 cum
1994 876 2092 935 pro

515 983 753 1038 mandati
805 973 1127 1048 negligentia
1168 970 1253 1027 vel
1290 963 1734 1038 Prtevaricatione
1790 959 2091 1015 tristamur,

516 1072 810 1127 secundum
858 1066 1000 1136 quod
1042 1062 1303 1135 scriptum
1353 1065 1438 1111 est
1473 1070 1488 1107 :
1525 1051 1762 1115 Tristitia
1808 1048 1967 1105 tenuit
2015 1059 2094 1098 me

516 1180 609 1234 pro
648 1131 1003 1231 peccatoribus
1030 1131 1500 1220 derelinquentibus
1535 1142 1697 1212 legem
1722 1149 1869 1192 tuam
1917 1131 2092 1206 (Psal,

520 1223 729 1321 cxvnl).
764 1246 956 1304 Saeculi
985 1248 1165 1297 autem
1188 1238 1408 1294 tristitia
1448 1243 1551 1297 est,
1603 1246 1728 1285 cum
1778 1229 1848 1282 ob
1895 1223 2098 1293 aliquid

521 1347 587 1401 de
609 1318 768 1400 rebus
801 1337 1074 1401 humanis,
1120 1333 1206 1388 vel
1245 1344 1364 1409 quae
1411 1327 1477 1382 ad
1508 1323 1763 1381 saeculum
1804 1318 2096 1398 pertinent,

520 1435 923 1495 contristamur.

978 1502 1493 1570 INTERROGATIO
1550 1501 1635 1561 LL

526 1615 657 1682 Qum
679 1618 797 1665 sunt
827 1609 881 1662 in
903 1604 1131 1682 Domino
1175 1599 1393 1682 gaudia,
1433 1594 1523 1682 vel.
1556 1591 1682 1665 quid
1711 1589 1959 1660 facientes
1980 1602 2106 1658 gau—

1097 1664 1217 1729 dere
1241 1664 1523 1723 debemus?

598 1775 758 1828 Rssr.
783 1768 839 1824 Si
867 1782 986 1839 qua:
1017 1762 1314 1818 secundum
1347 1755 1657 1810 mandatum
1706 1747 1917 1815 Domini
1965 1747 2108 1815 geri—

534 1880 674 1927 mus,
717 1861 799 1915 vel
828 1834 1074 1925 in—gloria
1113 1850 1208 1904 Dei
1237 1847 1463 1917 agimus,
1514 1845 1616 1897 hoc
1646 1849 1731 1894 est
1781 1840 1834 1892 in
1886 1834 2112 1889 Domino

534 1954 785 2028 gaudium
818 1967 829 2002 ε
857 1946 943 2000 vel
986 1937 1118 1997 cuni
1137 1955 1237 2010 pro
1267 1936 1483 1991 nomine
1523 1930 1736 1986 Domini
1791 1926 1991 1996 aliquid
2020 1940 2114 1994 pa?

532 2018 697 2107 timur
722 2051 777 2097 et
797 2039 1112 2111 gaudemus,
1150 2030 1234 2086 vel
1261 2029 1383 2091 aliis
1414 2034 1561 2080 recte
1588 2018 1869 2093 agentibus
1889 2029 2113 2083 congra-

532 2138 786 2193 tulamur.

990 2210 1430 2271 INTERROGAT
1436 2208 1502 2264 10
1540 2207 1648 2262 Lll.

535 2314 692 2388 Quod
718 2313 893 2383 lugere
936 2308 1201 2366 debemus,
1231 2312 1286 2383 ut
1323 2297 1711 2388 beatitudinem
1741 2288 2116 2346 consolationis

1018 2374 1258 2444 consequi
1289 2367 1623 2426 mereamur?

607 2477 768 2532 ﬁsse.
800 2471 935 2527 Cum
967 2469 1055 2523 illa
1080 2462 1522 2533 interrogatione,
1556 2458 1610 2512 in
1640 2471 1747 2526 qua
1768 2452 2115 2522 exposuimus

538 2584 659 2643 qua!
687 2574 773 2622 est
797 2561 1089 2619 secundum
1112 2558 1276 2612 Deum
1304 2551 1542 2615 tristitia,
1566 2548 1730 2603 etiam
1759 2546 1861 2600 ista
1888 2543 2118 2596 interro-

544 2634 690 2737 gatio
733 2655 1043 2711 continetur
1077 2667 1089 2703 :
1121 2649 1173 2703 id
1197 2655 1299 2709 est,
1332 2644 1376 2699 si
1423 2657 1522 2713 pro
1565 2637 1805 2710 peccatis
1852 2634 2114 2703 legemus,

543 2722 626 2805 vel
654 2749 699 2805 si
734 2761 829 2801 eos
856 2741 1133 2804 deﬂemus,
1187 2736 1278 2805 qui
1322 2748 1417 2804 per
1450 2727 1946 2802 praevaricationem
1987 2722 2120 2791 legis

545 2844 716 2898 Deum
753 2838 1081 2893 inhonorant
1113 2848 1126 2883 :
1166 2827 1251 2882 vel
1277 2832 1498 2896 propter
1522 2837 1646 2887 eos,
1685 2819 1778 2889 qui
1811 2815 2121 2887 periclitan-

546 2942 631 2985 tur
674 2930 730 2983 in
776 2935 1016 2995 peccato.
1072 2920 1209 2985 Quia
1249 2918 1426 2970 anima
1472 2929 1589 2985 qua:
1637 2908 1947 2981 peccaverit,
2004 2907 2120 2975 ipsa

544 3022 795 3076 morietur
824 3014 1040 3087 (Ezech.
1072 3010 1226 3077 xvtu)
1258 3026 1271 3061 :
1307 3005 1601 3062 secundum
1630 3000 1780 3056 illum
1812 2998 1902 3068 qui
1937 2995 2113 3051 dixit:
2147 3035 2192 3098 Ο

549 3113 616 3166 Et
648 3110 851 3178 lugeant
880 3103 1070 3158 multos
1091 3116 1156 3155 ea:
1188 3099 1267 3152 his
1290 3097 1377 3168 qui
1406 3104 1525 3149 ante
1544 3098 1907 3164 peccaverunt,
1928 3096 1975 3143 et
2016 3103 2120 3144 non
2166 3096 2183 3103 τ

549 3216 762 3277 egerunt
789 3199 1145 3272 paenitentiam
1168 3193 1252 3266 (ΙΙ
1303 3192 1427 3247 Cor.
1452 3190 1574 3261 xu).

997 3302 1510 3365 INTERROGATIO
1551 3300 1681 3361 Llll.

946 3400 1004 3456 Si
1042 3415 1105 3452 ea:
1141 3406 1247 3450 toto
1269 3395 1435 3448 ridere
1461 3409 1562 3446 non
1585 3390 1744 3443 licet?

625 3502 659 3533 l’
672 3514 783 3551 κεν.
814 3494 945 3549 Cum
969 3489 1228 3545 Dominus
1252 3502 1345 3541 eos
1373 3484 1463 3554 qui
1494 3498 1635 3536 nunc
1658 3482 1854 3543 rident,
1878 3475 2132 3531 condcm.

553 3598 644 3649 net
675 3587 823 3657 (Luc.
849 3582 949 3655 vt),
973 3580 1316 3637 manifestum
1339 3584 1424 3631 est.
1451 3575 1575 3645 quia
1598 3587 1871 3641 nunquam
1920 3578 2132 3635 tempus

553 3690 639 3741 est
660 3680 799 3733 risus
830 3675 969 3729 ﬁdeli
998 3672 1229 3726 animze:
1270 3677 1327 3722 et
1346 3667 1581 3722 maxime
1605 3679 1727 3719 cum
1757 3659 1973 3732 plurimi
1999 3659 2129 3721 sint,

557 3770 646 3841 qui
676 3785 771 3838 per
805 3763 1305 3836 praevaricationem
1350 3758 1485 3828 legis
1518 3756 1688 3810 Deum
1717 3769 1821 3807 non
1844 3752 2132 3809 honorent,

555 3839 612 3915 et
639 3861 689 3912 in
736 3856 969 3926 peccatis
1000 3854 1111 3909 suis
1140 3850 1442 3909 moriantur
1478 3866 1491 3910 ;
1526 3861 1624 3917 pro
1672 3844 1868 3918 quibus
1929 3839 2135 3897 tristari

561 3950 926 4012 indesinenter
953 3945 1204 4002 convenit
1234 3950 1290 3996 et
1316 3942 1517 4010 lugere.

1000 4048 1515 4112 INTERROGATIO
1554 4044 1687 4108 ων,
1750 4106 1759 4114 ,

880 4147 1009 4212 Quae
1048 4153 1121 4198 est
1160 4138 1459 4196 sollicitudo
1498 4133 1812 4191 strcularis?

644 4241 797 4295 RFSP.
826 4236 1014 4293 Omnis
1042 4230 1350 4289 sollicitudo
1389 4224 1818 4291 animi,etiamsi
1862 4221 1992 4276 nihil
2038 4221 2138 4275 ha-

571 4336 697 4387 bere
725 4330 1009 4383 videantur
1037 4320 1303 4386 illicitum,
1321 4327 1500 4374 tamen
1526 4333 1569 4369 s1
1600 4332 1703 4369 non
1726 4316 1791 4369 ad
1825 4314 2136 4381 religionem

568 4424 836 4504 pertineat
870 4430 926 4473 et
975 4416 1042 4470 ad
1068 4415 1342 4475 virtutem,
1362 4407 1645 4464 saecularis
1673 4414 1776 4461 est.

1030 4518 1540 4584 lNTERROGATlO
1578 4517 1688 4574 LV.

573 4629 722 4684 Unde
745 4625 854 4680 acri

1020 4689 1114 4742 hoc
1139 4680 1411 4757 possumus
1439 4680 1699 4753 abjicere?

2620 1052 3136 1114 INTERROGATIO
3189 1049 3343 1113 LVII.

2274 1153 2551 1219 Quomodo
2576 1149 2855 1205 manducet
2884 1148 2999 1219 quis
3026 1156 3071 1200 et
3098 1145 3221 1199 bibit
3252 1144 3307 1196 in
3339 1138 3566 1212 gloriam
3594 1137 3719 1192 Dei.

2271 1244 2432 1298 Resr.
2464 1242 2520 1295 Si
2548 1242 2600 1294 in
2633 1239 2893 1294 memoria
2925 1237 3122 1291 habeat
3148 1248 3291 1294 eum,
3318 1247 3346 1284 a
3377 1245 3487 1299 quo
3515 1228 3791 1298 pascit..r,

2201 1334 2370 1389 Deum
2399 1352 2411 1386 :
2439 1341 2493 1386 et
2515 1332 2558 1387 si
2588 1347 2694 1385 non
2719 1329 2893 1384 solum
2926 1328 3127 1390 anima,
3151 1338 3340 1379 verum
3367 1321 3533 1385 etiam
3562 1334 3798 1389 corpore

2203 1441 2301 1498 per
2333 1422 2542 1492 singula
2567 1427 2920 1481 contestetur,
2952 1434 3010 1472 se
3046 1416 3093 1471 ei
3126 1414 3330 1487 gratias
3359 1425 3545 1482 agere,
3568 1419 3634 1465 et
3690 1425 3798 1467 non

2204 1530 2454 1571 securum
2502 1512 2867 1574 manducare;
2918 1509 3013 1563 sed
3062 1505 3217 1575 quasi
3260 1501 3571 1573 operarium
3598 1499 3698 1554 Dei
3729 1500 3798 1556 ab

2208 1607 2325 1675 ipso
2356 1603 2529 1668 retiei,
2557 1603 2623 1657 ad
2656 1602 2780 1664 hoc,
2810 1609 2867 1653 ut
2903 1598 2969 1652 ad
2999 1597 3261 1659 laborem,
3301 1592 3388 1648 vel
3423 1590 3798 1661 expletionem

2063 1744 2075 1756 .
2134 1693 2179 1751 B
2209 1695 2448 1755 sufﬁciat
2473 1694 2870 1755 mandatorum.

2630 1799 3142 1859 [NTERROGATIO
3182 1799 3362 1855 LVIII.

2317 1896 2592 1965 Quomodo
2645 1895 2805 1964 faciat
2845 1894 3081 2016 deiet-era,
3110 1908 3239 1998 equa:
3270 1907 3374 1944 non
3403 1894 3698 1959 cognoscat

2876 1973 3121 2016 smstra.
3205 2001 3217 2016 ι
3668 1959 3677 1965 ’

2876 1964 3091 2017 sinistra
3108 1959 3143 2015 Ξῖ
3205 2001 3217 2016 ι
3668 1959 3677 1965 ’

2281 2061 2442 2116 Resp.
2485 2058 2619 2113 Cum
2658 2057 2866 2111 intenta
2911 2060 3115 2117 mente,
3159 2060 3215 2106 et
3245 2050 3352 2107 ﬁxo
3380 2048 3667 2105 desiderio
3693 2045 3806 2117 pla-

2211 2154 2368 2210 cendi
2394 2153 2524 2214 Deo,
2562 2150 2773 2219 agimus
2808 2161 2974 2216 opera
3002 2145 3117 2210 Dei,
3163 2151 3218 2198 et
3253 2142 3402 2196 omni
3433 2140 3807 2195 sollicitudine

2212 2241 2656 2309 constringimur,
2710 2254 2779 2292 ne
2826 2235 3139 2291 decidamus
3196 2249 3228 2287 a
3276 2232 3366 2285 via
3415 2237 3595 2293 recta,
3645 2236 3706 2283 et
3743 2228 3808 2281 ab

2213 2347 2375 2401 opere
2417 2331 2691 2401 legitimo;
2738 2336 2868 2387 tunc
2912 2325 3110 2379 nullius
3156 2338 3379 2394 prorsus
3424 2320 3806 2383 extrinsecus,

2214 2438 2389 2492 neque
2417 2419 2643 2475 membri
2673 2416 2846 2472 nostri
2877 2415 3108 2489 alicujus
3148 2412 3482 2483 percipimus
3517 2408 3803 2480 cogitatio-

2215 2529 2362 2579 nem,
2392 2511 2494 2571 nisi
2525 2509 2693 2564 solius
2722 2507 2842 2570 Dei,
2884 2514 2941 2561 et
2975 2505 3093 2573 ejus
3125 2503 3305 2574 operis
3331 2500 3478 2580 quod
3502 2499 3806 2570 explemus,

2218 2607 2500 2675 Tanquam
2536 2603 2580 2657 si
2610 2599 2810 2659 artifex
2840 2598 3045 2653 faciens
3065 2612 3163 2651 vas
3187 2595 3402 2665 aliquod
3433 2592 3806 2650 indesinentet

2217 2707 2274 2752 et
2311 2695 2430 2768 ejus
2481 2692 2730 2748 meminit
2779 2690 2871 2760 qui
2916 2704 3052 2760 opus
3096 2687 3361 2763 iniunxit;
3414 2692 3469 2738 et
3515 2698 3624 2737 vas
3672 2681 3809 2751 quod

2218 2792 2400 2842 versat
2448 2784 2500 2837 in
2554 2781 2828 2845 manibus,
2887 2778 2933 2832 si
2980 2785 3127 2830 recte
3166 2782 3223 2829 et
3265 2772 3418 2828 labre
3466 2771 3683 2837 veniat,
3730 2770 3808 2823 in:

2222 2885 2429 2931 tuetur.

2669 2980 3184 3045 INTERROGATIO
3220 2978 3354 3039 LIX.

2352 3077 2628 3146 Quomodo
2659 3073 3182 3213 apparebiltlaqitsreqéui
3228 3068 3523 3125 hominibus
3579 3066 3690 3124 vult

2300 3241 2461 3297 Rssr.
2504 3237 2637 3291 Cum
2676 3233 3035 3306 praesentibus
3076 3230 3294 3301 quidem
3340 3228 3408 3282 iis
3451 3226 3546 3297 qui
3596 3226 3816 3281 laudare

2230 3338 2476 3404 possunt,
2509 3329 2622 3401 agit
2654 3326 2858 3397 aliquid
2894 3324 3076 3401 operis
3104 3323 3232 3377 boni
3259 3338 3273 3375 :
3306 3319 3452 3381 nullo
3495 3328 3687 3375 autem
3726 3315 3815 3375 tali

2229 3432 2530 3496 praesente,
2591 3420 2674 3475 vel
2729 3420 2895 3474 etiam
2952 3417 3019 3471 iis
3071 3416 3162 3486 qui
3221 3415 3531 3482 vituperare
3594 3414 3816 3481 possunt

2233 3516 2560 3577 astantibus,
2602 3512 2784 3582 segnis
2825 3518 2881 3564 et
2920 3509 3124 3580 pigrior
3159 3515 3243 3562 est
3273 3507 3326 3560 in
3359 3520 3543 3576 opere.
3583 3503 3649 3558 Si
3679 3501 3815 3563 enim

2232 3609 2463 3663 Domino
2507 3606 2725 3677 placere
2768 3602 2949 3667 vellet,
3000 3613 3213 3669 semper
3247 3597 3430 3665 utique
3476 3603 3533 3649 et
3580 3595 3639 3649 in
3676 3592 3815 3648 omni

2234 3701 2354 3754 loco
2390 3699 2530 3753 idem
2566 3702 2738 3758 esset,
2786 3701 2951 3761 atque
2998 3688 3185 3743 eadem
3233 3693 3482 3761 gereret:
3513 3683 3815 3755 adimplens

2237 3792 2367 3847 illud
2403 3788 2553 3861 quod
2581 3786 2783 3840 dictum
2807 3792 2891 3838 est
2920 3800 2931 3834 :
2966 3780 3071 3834 Per
3108 3796 3255 3832 arma
3284 3777 3530 3848 justitite,
3562 3793 3598 3829 a
3622 3775 3816 3834 dextris

2236 3890 2284 3935 et
2310 3898 2343 3934 a
2370 3878 2623 3940 sinistris,
2650 3891 2742 3946 per
2771 3872 2994 3944 gloriam
3028 3879 3075 3923 et
3109 3868 3519 3941 ignobilitatem;
3560 3884 3661 3938 per
3686 3866 3817 3935 infa-

2236 3973 2398 4029 miam
2440 3979 2488 4023 et
2537 3968 2725 4023 bonam
2777 3964 3015 4033 faumm;
3067 3970 3126 4014 ut
3166 3960 3464 4017 seductores
3513 3967 3567 4012 et
3618 3972 3816 4013 veraces

2242 4061 2290 4135 {I
2325 4060 2451 4121 Cor.
2479 4059 2581 4128 γι).

2699 4141 3210 4203 INTERROGATIO
3241 4141 3350 4195 LX.

2241 4245 2514 4315 Quomodo
2543 4243 2658 4315 quis
2688 4241 2896 4315 e/fugiet
2924 4239 3120 4315 citium
3142 4235 3437 4315 hominibus
3473 4233 3722 4315 placendi
3742 4231 3815 4294 vel

2550 4304 3036 4384 captandivlaudem
3067 4307 3131 4360 ab
3166 4304 3506 4360 hominibus?

2165 4378 2218 4437 D
2314 4407 2479 4462 Resp.
2519 4403 2578 4459 Si
2613 4378 2796 4458 certus
2832 4401 2903 4455 sit
2943 4400 3009 4453 de
3054 4396 3339 4468 praesentia
3384 4394 3505 4459 Dei,
3550 4402 3613 4450 et
3663 4393 3813 4448 lixam

2246 4500 2448 4554 habeat
2472 4492 2889 4550 sollicitudinem
2917 4489 3029 4544 Deo
3063 4488 3342 4559 placendi;
3380 4495 3435 4542 et
3472 4485 3652 4541 multo
3686 4483 3816 4540 desi-

857 4623 932 4676 dit
959 4619 1105 4674 nobis
1126 4618 1418 4686 importune
1439 4611 1758 4686 dormitare,
1800 4615 1851 4663 et
1886 4604 2147 4678 quomodo
2247 4589 2400 4645 derio
2444 4593 2695 4641 teneatur
2732 4596 2917 4637 earum
2961 4578 3353 4635 beatitudinum
3389 4590 3508 4646 quae
3533 4590 3567 4629 a
3598 4574 3813 4630 Domino

2251 4682 2589 4754 repromissae
2632 4686 2778 4735 sunt.
2825 4674 2940 4729 Non
2977 4674 3124 4728 enim
3158 4677 3373 4744 oportet
3401 4670 3501 4723 sub
3530 4667 3810 4738 prmsentia

646 4788 803 4847 llESP-
837 4780 1027 4837 Ενθηὶῑ
1065 4776 1281 4846 quidem
1332 4774 1640 4844 ἱιηροτιυηθ
1688 4768 2002 4833 dormitare.
2026 4780 2150 4821 cum
2251 4753 2344 4837 Dei
2370 4773 2585 4843 placere
2607 4766 2904 4831 conservis,
2931 4764 2998 4818 ad
3024 4762 3275 4839 injuriam
3298 4758 3530 4824 Domini,
3557 4767 3618 4813 et
3651 4757 3717 4812 ad
3736 4753 3811 4818 sui

573 4876 873 4949 languidior
899 4879 982 4927 est
1007 4868 1181 4924 anima
1208 4880 1335 4935 erga
1367 4863 1555 4926 Deum,
1582 4868 1637 4914 et
1668 4857 1984 4913 memoriam
2014 4854 2106 4909 Dei
2132 4893 2146 4917 ,

2248 4862 2576 4936 perniciem;
2622 4873 2729 4913 non
2765 4854 3017 4919 Domino,
3050 4851 3146 4907 sed
3172 4863 3559 4907 conservorum
3607 4848 3813 4904 nutibus

571 4976 627 5024 et
655 4940 1118 5032 cnntjudiciorum
1143 4954 1259 5024 ejus
1278 4967 1396 5008 eam
1420 4949 1640 5005 incessit
1664 4943 2148 5015 oblivio.Al>jicere
2248 4940 2566 5012 intuentem,

2695 5035 3138 5100 INTERROGAT
3140 5035 3207 5093 10
3245 5035 3380 5091 LXI.

2342 5134 2616 5204 Quomodo
2662 5130 2970 5201 intelligitur
3016 5127 3308 5252 stupe;bus.’
3352 5124 3432 5180 vel
3471 5123 3726 5196 quomodo

2906 5215 3033 5252 cura
3062 5215 3125 5251 ur

2906 5215 3125 5253 curatur

576 5063 753 5115 autem
781 5052 833 5106 id
864 5059 1165 5120 possumus,
1196 5056 1322 5097 cum
1358 5040 1574 5109 dignam
1607 5037 1674 5091 de
1702 5050 1767 5090 eo
1794 5033 2144 5104 assumpseri-

575 5160 699 5208 mus
718 5139 1128 5213 cogitationem,
1143 5141 1197 5189 et
1218 5132 1286 5186 ad
1306 5129 1639 5185 voluntatem
1664 5124 1781 5193 ejus
1806 5122 2145 5178 extendimus

576 5208 846 5288 desideria
875 5235 1096 5290 nostra;
1129 5220 1423 5279 secundum
1455 5218 1602 5273 illum
1631 5215 1723 5285 qui
1755 5213 1925 5268 dixit:
1961 5208 2019 5265 Si
2058 5208 2147 5263 de-

577 5325 702 5384 dero
729 5336 968 5375 somnum
997 5315 1162 5370 oculis
1186 5312 1333 5377 meis,
1361 5320 1410 5365 et
1426 5308 1683 5382 palpebris
1729 5306 1856 5360 meis
1899 5302 2153 5357 dormita-
2319 5293 2481 5350 Raso.
2521 5291 2838 5362 lntelligitur
2862 5287 3079 5358 quidem
3110 5299 3176 5342 ex
3200 5303 3298 5352 eo,
3330 5284 3586 5356 quoniam
3612 5293 3675 5333 ea
3701 5285 3810 5345 qua

579 5365 700 5384 *νιν
729 5365 965 5375 vv-vvr-wv-v
1000 5365 1157 5370 —vvvv-'
1189 5365 1333 5377 _..,V,'
1426 5365 1437 5382 Ι
1515 5365 1526 5381 ⁸

579 5415 794 5476 tionem,
822 5421 868 5464 et
902 5409 1125 5480 requiem
1153 5402 1467 5475 temporibus
1511 5401 1672 5464 meis,
1716 5412 1975 5468 usquequo
2017 5394 2155 5447 inre-
2252 5385 2609 5441 eminentiora
2650 5391 2778 5438 sunt
2818 5380 3032 5450 quaerit.
3070 5379 3306 5435 Curatur
3331 5385 3533 5439 autem,
3566 5373 3613 5428 si
3637 5365 3810 5425 credat

2472 5473 2485 5480 ·
2616 5469 2630 5480 I
2853 5468 2865 5480 ο
2948 5468 2980 5480 ι·
3027 5469 3059 5480 ο-
3168 5468 3201 5480 λ
3512 5464 3524 5480 Ι
3544 5463 3575 5480 ⁸7
3634 5452 3808 5480 ..--ὶ-ιῖί

582 5452 867 5476 ..νηυηηυ
903 5452 1461 5480 ...,.......-.-.--r-----._
1660 5452 1672 5464 ,
1790 5452 1801 5465 _
1887 5452 1898 5468 ,

582 5503 722 5556 niam
772 5502 941 5554 locum
986 5498 1231 5561 Domino,
1282 5504 1328 5548 et
1377 5491 1767 5550 tabernaculum
1830 5490 1936 5541 Deo
1988 5484 2152 5546 Iacob
2253 5473 2535 5528 sementim
2583 5469 2720 5539 ejuS,
2777 5468 2867 5538 qui
2930 5468 3067 5522 diXil
3102 5483 3118 5522 :
3158 5468 3296 5523 Deus
3346 5463 3582 5536 superbis
3633 5452 3809 5511 r8858!“

583 5589 755 5660 (Psal.
790 5590 991 5658 cxxxu).
1120 5542 1136 5555 Ρ
1216 5542 1231 5561 ν
2122 5542 2126 5546 θ
2256 5566 2397 5638 (Jac,
2426 5565 2523 5635 Iv),
2564 5563 2700 5618 Illud
2739 5574 2869 5621 sane
2912 5559 3191 5619 sciendum
3230 5566 3333 5623 est,
3376 5554 3522 5629 quod
3557 5542 3812 5629 quomoda
