3942 6190
171 205 282 257 5⁸7
480 166 483 177 ”
865 205 1092 265 conss
1136 209 1586 271 REGULARUM.
1628 247 1698 256 -
1736 217 1915 273 PARS
1952 228 1991 274 ι.
2036 220 2340 281 REGULAE
2381 227 2484 283 rp.
2526 228 2779 288 omum
3342 242 3444 313 uls

169 318 294 387 quis
323 321 519 423 timeat
545 318 951 423 damnationem
995 320 1286 423 superbiae,
1320 323 1652 394 impossibile
1679 335 1763 381 est
1791 331 1840 390 Α
1869 347 2032 401 usque
2068 334 2138 385 ad
2171 346 2406 401 mortem,
2442 350 2659 397 mortem
2690 352 2864 398 eidem
2888 346 3057 401 crucis
3078 345 3245 419 (Phil.
3270 352 3354 423 ιι).
3384 356 3449 409 Et

167 406 355 462 curari
385 406 491 461 hoc
518 406 731 493 vitium,
764 408 867 461 nisi
901 409 1186 465 abstrahat
1231 427 1310 476 se,
1355 422 1411 468 et
1434 416 1655 471 secedat
1690 419 1759 472 ab
1865 419 2156 486 praedixit:
2193 422 2307 477 Hoc
2343 429 2528 482 sentite
2572 431 2625 484 in
2665 432 2828 497 vobis,
2869 435 3010 504 quod
3049 406 3098 490 ei
3136 438 3190 493 in
3236 406 3446 498 Christo

163 499 429 553 omnibus
473 498 857 578 occasionibps
905 501 1201 558 elationis:
1232 504 1372 561 sicut
1426 508 1762 578 impossibile
1862 507 2011 564 Jesu.

158 597 252 644 est
303 589 579 659 exstingui
622 556 821 659 tinguit:
862 590 1089 659 alicujus
1126 556 1761 669 te.‘gti'u."i;.'q1;.§i;;sj
1864 556 2011 564 mm
2284 604 2798 667 INTERROGATIO
2844 614 3031 669 LXVI.

161 680 254 735 vel
305 679 602 741 artiﬁcium
658 679 896 749 aliquod.
947 682 1050 737 nisi
1094 684 1218 752 quis
1261 686 1412 739 omni
1456 701 1655 756 genere
1704 704 1762 743 se
1865 684 1969 750 Qui
2007 690 2153 760 piger
2198 703 2273 746 est
2315 711 2461 778 .crgrt.
2491 699 2823 778 mandat-um,
2875 706 3135 778 quomodo
3167 717 3334 778 ροιρει
3364 712 3445 766 δη-

164 772 395 841 penitus
421 772 731 829 abstrahat.
781 787 887 826 non
937 773 1109 827 solum
1155 774 1226 827 ab
1266 776 1493 846 agendo,
1544 777 1630 832 vel
1684 778 1742 833 lo

2291 765 2525 819 dustrius
2547 778 2593 820 et
2614 770 2834 838 vigilans
2855 765 2982 842 ρῇῑεὶ
2998 777 3023 827 7

162 861 406 931 quando,
453 861 539 915 vel
568 863 850 925 movendo,
885 864 980 917 sed
1004 864 1168 918 eum“
1210 867 1479 921 audiendo
1526 882 1618 922 eos
1667 872 1758 939 qui
1934 848 2093 904 Rcsr.
2139 851 2195 909 Si
2229 864 2414 911 certus
2449 859 2521 912 sit:
2561 864 2901 928 praesentiam
2944 867 3155 922 Domini
3205 870 3297 925 Dei
3329 872 3447 927 ubi—

164 950 487 1022 loquuntur,
532 952 618 1006 vel
662 952 897 1007 videndo
926 968 1020 1007 eos
1048 955 1140 1023 qui
1168 963 1337 1025 agunt
1368 956 1421 1010 id
1453 958 1597 1027 quod
1623 959 1742 1017 obli.

1860 952 1966 1005 que
2003 955 2145 1005 esse,
2171 953 2226 997 et
2250 947 2432 1001 omnia
2464 948 2659 1005 intueri
2694 949 2877 1021 (Prov.
2911 956 3035 1024 xx);
3066 965 3121 1011 et
3143 962 3440 1016 commina-

165 1043 297 1097 visci
352 1042 529 1112 cupit.
573 1042 640 1097 Et
692 1043 797 1097 hoc
832 1043 1234 1099 observandum
1280 1054 1365 1103 est
1400 1045 1467 1101 de
1505 1048 1759 1103 omnibus
1862 1029 2062 1084 ιίθηθη)
2093 1032 2236 1087 illam
2267 1049 2387 1103 (Ιυαθ
2416 1036 2675 1093 adversus
2704 1041 2915 1111 PiBl'l'm
2942 1046 3150 1112 Pl‘Olala
3181 1058 3284 1114 εει,
3314 1062 3440 1105 ante

166 1131 331 1189 mus.
1860 1122 2046 1177 oculos
2096 1124 2323 1193 habeat,
2376 1137 2431 1183 et
2460 1146 2612 1199 spem
2665 1134 2849 1188 multm
2897 1137 3269 1197 retributionis
3324 1142 3438 1201 Dei.

608 1221 1127 1280 ιΝτΕιζῃοαΑΤιο
1166 1224 1326 1287 LX".
1858 1211 1948 1278 qui
1978 1216 2287 1282 repromisit
2320 1233 2418 1288 per
2447 1220 2671 1277 Paulum
2706 1225 3009 1292 apostolum
3041 1226 3265 1283 dicens:
3300 1230 3439 1296 Quia

170 1308 304 1378 Quid
353 1320 434 1365 εει
485 1311 802 1375 humilitas;
847 1324 895 1366 ει
937 1315 1202 1392 gum);de
1254 1318 1492 1377 eamdem
1542 1321 1757 1392 imp/ere
1859 1309 2215 1380 unusquisque
2254 1314 2521 1382 propriam
2564 1317 2854 1369 mercedem
2895 1320 3112 1388 accipiet
3153 1323 3438 1376 secundum

805 1384 1065 1479 possimus
1090 1385 1116 1437 2’
1614 1384 1625 1392 ’
1857 1413 2012 1450 suum
2038 1398 2269 1456 laborem
2293 1403 2342 1473 (l
2374 1402 2495 1458 Cor.
2523 1406 2607 1475 ιιι)
2635 1424 2649 1461 :
2674 1416 2729 1461 et
2754 1410 2797 1462 si
2822 1425 2926 1479 qua
2955 1411 3148 1466 similia
3193 1413 3246 1467 in
3291 1413 3439 1469 Scri-

232 1470 396 1529 Rasr.
437 1470 728 1527 Humilitas
767 1474 986 1543 quidem
1032 1483 1115 1531 est
1158 1477 1294 1544 haec,
1328 1491 1389 1534 ut
1425 1496 1617 1539 omnes
1658 1485 1756 1538 ho—
1856 1490 2030 1555 pluris
2071 1493 2275 1547 sanctis
2313 1493 2686 1561 inveniuntur,
2724 1513 2845 1566 qum
2883 1500 2949 1553 de
3000 1500 3186 1556 labore
3225 1505 3435 1573 patien-

172 1562 340 1617 mines
375 1565 717 1619 aestimemus
745 1567 1055 1635 superiores
1087 1569 1266 1636 nobis,
1299 1572 1594 1628 secundum
1624 1574 1756 1628 deﬁ-
1858 1580 1947 1632 tim
1992 1589 2049 1635 et
2091 1597 2312 1653 Operam
2357 1588 2719 1644 sollicitudine
2741 1562 2833 1645 'ad
2883 1591 2976 1646 Dei
3022 1562 3251 1663 gloriam
3297 1595 3436 1652 refe-

169 1652 425 1707 nitionem
476 1654 723 1724 Apostoli
764 1653 931 1726 (Phil.
970 1658 1055 1727 ιι).
1087 1656 1316 1727 Implere
1338 1668 1518 1715 autem
1552 1662 1605 1716 id
1632 1679 1757 1734 pos-
1786 1682 1830 1741 Β
1860 1682 2071 1731 runtur.

170 1757 370 1808 sumus,
417 1744 466 1798 si
509 1758 783 1799 memores
814 1743 1079 1801 fuerimus
1114 1745 1329 1803 Domini
1357 1749 1752 1806 dicentiszbi-
2254 1767 2768 1824 INTERROGATIO
2819 1770 3023 1827 luxv".

168 1836 287 1891 πίίε
330 1853 361 1888 α
411 1853 495 1889 me
532 1838 658 1907 φιλία
702 1848 1012 1892 mansuetus
1062 1856 1177 1893 sum
1223 1832 1271 1894 έε
1316 1842 1529 1897 humu“
1574 1846 1730 1899 σονάϐ
1855 1854 1915 1910 Si
1937 1856 2186 1937 quianon
2215 1866 2486 1910 contentus
2512 1869 2585 1937 est
2611 1859 3432 1937 quotidie‘sibialiquidinjungi

170 1926 380 1996 (llatth.
407 1928 487 2000 XI)
509 1945 524 1982 :
550 1930 693 1998 quod
726 1930 778 1984 in
812 1930 996 1985 multis
1037 1946 1180 2002 saepe
1220 1942 1276 1987 et
1308 1935 1546 1990 ostendit
1567 1946 1623 1990 et
1652 1937 1742 1991 do-

1924 1926 1989 2006 d_e
2023 1927 2105 1979 his
2293 1943 2386 1996 pro
2416 1926 2801 2016 tuandqfohpei
2842 1926 3103 2016 incidunt,
3133 1935 3225 1987 sed
3241 1926 3433 2016 arti/i-

165 2019 289 2071 cuit.
323 2018 392 2072 Et
414 1996 640 2074 credere
674 2019 934 2075 debemus
978 1996 1317 2095 Prominenti
1345 2040 1358 2076 :
1395 2023 1533 2090 Quia
1573 2027 1662 2097 qui
1696 2043 1750 2082 se
1923 1996 2617 2097 fi?’i'.‘3‘.’i.f€‘fff.’?.‘.”"“"
2644 1999 2768 2053 vilia
2796 2002 3059 2070 mgnum?
3086 2012 3177 2057 aut
3206 2005 3252 2057 εἰ
3274 1996 3430 2076 ορόν⁶

1924 2075 1996 2118 tet
2023 2067 2071 2119 ei
2101 2067 2469 2135 acquiescere?

1922 2157 2083 2211 Res».
2124 2156 2231 2212 Iste
2266 2157 2386 2213 talis
2423 2166 2476 2212 et
2503 2170 2867 2231 praesumptor
2915 2172 3020 2227 est,
3070 2173 3126 2220 ct
3167 2165 3270 2221 sibi
3316 2169 3434 2238 pla-

1849 2264 2002 2315 cens,
2034 2257 2088 2303 ct
2119 2249 2373 2317 inﬁdelis,
2401 2253 2490 2322 qui
2523 2268 2628 2307 non
2661 2253 2814 2309 timet
2842 2260 3169 2313 sententiam
3219 2260 3432 2317 Domini

1849 2340 2082 2396 dicentis
2109 2359 2119 2393 :
2150 2340 2329 2395 Estote
2367 2344 2577 2411 parati;
2616 2345 2743 2415 quia
2768 2346 2901 2421 hora
2930 2364 3034 2418 qua
3070 2367 3173 2404 non
3205 2354 3427 2421 putatis,

1847 2430 1991 2498 ﬁlius
2023 2432 2250 2486 hominis
2281 2433 2440 2485 ueniet
2465 2431 2617 2504 (Luc.
2644 2434 2765 2505 ιιι).
2799 2435 2854 2490 Si
2894 2438 3037 2492 enim
3075 2441 3315 2510 quotidie
3340 2459 3434 2499 ex-

1846 2530 2057 2593 spectat
2098 2522 2220 2590 quis
2279 2522 2584 2589 dominum,
2636 2524 2895 2581 sollicitus
2940 2537 3021 2582 est
3067 2539 3123 2584 et
3166 2533 3431 2603 trepidus,

1845 2613 2118 2681 quomodo
2154 2623 2475 2685 pratsentem
2515 2615 2657 2669 diem
2698 2632 2804 2670 non
2845 2627 3088 2674 transeat
3115 2623 3342 2688 otiosus,
3374 2631 3434 2681 et

1846 2702 1976 2756 nihil
2007 2703 2237 2775 amplius
2277 2706 2491 2775 quaerit.
2529 2705 2586 2760 Si
2630 2716 2810 2763 autem
2857 2709 3153 2779 imperatur
3182 2712 3233 2767 ei
3259 2713 3432 2768 artili-

1845 2794 1987 2847 cium
2035 2794 2266 2860 discere,
2306 2797 2628 2851 obedientiae
2657 2814 2766 2854 suae
2795 2800 2993 2855 haheat
3022 2802 3256 2869 lucrum,
3288 2814 3344 2859 et
3372 2805 3425 2869 in

1845 2883 1945 2936 hoc
1981 2884 2189 2953 pI.-.ceat
2214 2886 2351 2949 Deo;
2384 2897 2433 2939 et
2466 2904 2571 2941 non
2600 2888 2651 2942 in
2679 2905 2766 2954 eo,
2796 2891 2937 2959 quod
2972 2892 3074 2947 sibi
3107 2894 3308 2962 placet,
3336 2910 3425 2950 as.

1845 2975 2322 3045 Slllnatjuiicilun.
2382 2972 2389 2977 ⁷

2239 3065 2754 3125 ΙΝτΕιιιιυαΑΤιο
2808 3070 3034 3126 LXVIII.

1844 3152 1904 3207 Si
1929 3154 2045 3224 quis
2075 3155 2366 3215 industrius
2392 3159 2483 3223 sit,
2514 3168 2562 3211 et
2590 3171 2860 3230 promptus
2888 3163 2956 3215 ad
2984 3163 3250 3234 implenda
3278 3183 3420 3222 man.

1912 3245 2037 3303 data
2056 3286 2073 3307 ,
2095 3256 2217 3316 agat
2240 3256 2434 3312 autem,
2467 3266 2571 3303 non
2594 3251 2733 3319 quod
2763 3253 2810 3305 ei
2829 3253 3143 3324 injuugitur,
3172 3256 3264 3311 sed
3283 3260 3425 3330 quod

1912 3339 2024 3407 ipse
2052 3338 2191 3392 vult:
2220 3357 2378 3411 quam
2402 3343 2689 3397 mercedem
2715 3343 2967 3400 habebit?

1900 3429 2063 3487 Rssr.
2103 3431 2309 3489 Merces
2338 3432 2455 3502 ejus
2484 3434 2571 3488 illa
2606 3433 2725 3505 ipsa
2770 3446 2874 3503 est,
2919 3439 3063 3508 quod
3092 3441 3194 3495 sibi
3220 3441 3424 3511 placet.

1841 3520 1975 3576 Cum
2019 3531 2201 3578 autem
2239 3523 2531 3593 Apostolus
2575 3527 2761 3581 dicat:
2795 3527 3163 3601 Unusquisque
3200 3541 3424 3586 vestrum

1839 3611 2079 3678 proximo
2106 3629 2201 3666 suo
2223 3612 2428 3681 placeat
2461 3614 2515 3666 in
2550 3614 2683 3668 bono
2709 3616 2778 3668 ad
2810 3618 3210 3686 (edi/irationem
3236 3620 3417 3690 (Rom,

1840 3703 1952 3770 xv).
1982 3701 2050 3754 Et
2085 3710 2145 3755 ut
2185 3703 2416 3772 amplius
2455 3703 2742 3759 inclinaret
2787 3713 2842 3759 ct
2887 3708 3285 3779 constringeret
3326 3726 3422 3765 au.

1839 3794 2069 3858 dientes,
2110 3792 2319 3849 addidit
2347 3795 2533 3850 dicens
2559 3813 2571 3848 :
2607 3795 2746 3860 Quia
2776 3798 2886 3867 ipse
2915 3796 3155 3853 Christus
3187 3817 3291 3855 non
3322 3802 3422 3859 sibi

1838 3884 2057 3956 placuit,
2118 3886 2259 3940 scire
2298 3887 2459 3941 debet
2498 3887 2865 3957 unusquisque
2908 3889 3207 3958 periculum
3261 3909 3420 3951 suum

1838 3989 1957 4030 esse
1993 3976 2046 4030 iu
2076 3991 2160 4040 eo,
2197 3978 2339 4047 quod
2378 3977 2490 4033 vult
2536 3979 2638 4033 sibi
2678 3979 2892 4048 placere
2917 3997 2929 4039 ;
2958 3981 3120 4036 simul
3156 3984 3301 4038 enim
3336 3986 3421 4043 in-

1838 4066 2098 4127 ohediens
2134 4068 2428 4122 invenitur.

2259 4184 2777 4241 INTERROGATIO
2812 4184 2999 4241 LXIX.

1841 4275 1903 4332 Si
1942 4277 2058 4331 licet
2098 4276 2262 4332 alicui
2304 4293 2561 4349 excusare
2606 4293 2736 4347 opus
2785 4277 2925 4349 quod
2954 4278 3002 4330 ei
3031 4277 3330 4349 iujungitur
3371 4289 3422 4335 et

166 2110 540 2176 humiliarerit,
573 2104 894 2169 eia/tollitur
929 2112 1081 2184 (Luc.
1126 2114 1305 2186 xvm).
1348 2116 1554 2171 Deinde
1585 2126 1643 2171 ιιι
1668 2119 1745 2174 inv

168 2200 476 2256 desinenter
527 2208 581 2257 et
630 2202 838 2273 absque
885 2203 993 2259 ulla
1042 2206 1346 2260 cessatione
1395 2207 1447 2260 ill
1496 2208 1750 2263 omnibus

166 2294 391 2360 actibus,
422 2303 477 2349 et
502 2294 557 2349 in
587 2295 735 2350 omni
764 2297 985 2365 negotio
1014 2296 1334 2352 humiliores
1359 2298 1572 2355 cmleris
1602 2299 1751 2354 inve~

167 2384 261 2441 uiri
291 2385 632 2450 Studeamus,
667 2392 722 2440 et
748 2385 800 2439 in
832 2385 935 2440 hoc
960 2387 1279 2441 exercitium
1304 2395 1549 2442 nostrum
1583 2404 1751 2459 pona-

171 2493 297 2531 mus.
330 2475 435 2531 V'ix
462 2477 613 2531 enim
641 2478 719 2531 sic
740 2479 1043 2548 poterimus
1070 2478 1312 2548 pristinae
1338 2494 1369 2533 a
1404 2479 1561 2534 nobis
1595 2494 1750 2534 arro—

169 2570 353 2639 gentia:
384 2568 610 2625 abolere
649 2570 988 2633 memoriam,
1034 2578 1090 2623 et
1134 2568 1383 2624 allectum
1424 2570 1747 2627 humilitatis

173 2677 465 2725 assumere,
497 2661 641 2716 sicut
671 2662 834 2716 etiam
868 2662 922 2717 in
956 2661 1205 2716 artiﬁciis
1240 2660 1356 2716 ﬁeri
1393 2662 1547 2717 solet.
1576 2662 1747 2717 Idem-

168 2768 261 2821 que
306 2754 505 2808 modus
556 2754 662 2807 erit
704 2754 868 2809 etiam
910 2755 965 2808 in
1010 2755 1224 2808 cmteris
1262 2753 1556 2809 virtutibus
1606 2754 1745 2809 obti-

170 2844 372 2909 nendis,
411 2860 532 2914 qua:
559 2859 622 2898 ex
660 2844 915 2900 mandato
938 2844 1154 2903 Domini
1190 2845 1360 2900 nostri
1387 2843 1514 2900 Jesu
1543 2844 1744 2901 Christi

167 2936 402 2989 veniunt.

579 3024 1092 3084 INTERROGATIO
1139 3020 1300 3083 LXIII
1768 3030 1811 3087 C

521 3116 580 3171 Si
611 3127 807 3186 oportet
837 3117 1085 3171 honorem
1112 3118 1386 3188 querere?

230 3207 387 3262 Resp.
450 3207 699 3261 Reddere
743 3207 961 3276 quidem
1012 3209 1102 3266 cui
1162 3209 1424 3263 honorem
1475 3210 1738 3267 honorem

170 3301 325 3355 cdocti
354 3316 547 3355 sumus
577 3300 755 3370 (Rom.
786 3309 930 3369 ml);
957 3300 1237 3370 requirere
1266 3310 1449 3356 autem
1479 3304 1741 3360 honorem

169 3391 435 3457 prohibiti,
480 3390 712 3446 Domino
757 3392 1015 3447 dicente:
1050 3392 1328 3457 Quomodo
1374 3398 1587 3463 potestis
1624 3415 1737 3451 cre-

169 3481 297 3545 dere,
334 3483 564 3552 giarium
602 3492 893 3553 qua'rentes
920 3483 984 3537 ab
1014 3484 1230 3538 invicem
1254 3498 1272 3535 :
1299 3494 1348 3538 et
1375 3485 1596 3555 gloriam
1624 3506 1741 3559 qum

171 3584 233 3627 est
257 3576 320 3629 ab
356 3592 463 3629 uno
496 3575 629 3640 Deo,
675 3593 777 3629 non
816 3575 1050 3646 quieritis
1089 3576 1272 3647 (Joau.
1304 3578 1401 3647 v)?
1433 3578 1618 3648 Itaque
1656 3596 1742 3636 re-

173 3667 378 3735 quirere
417 3666 487 3719 ab
523 3668 834 3722 hominibus
873 3666 1099 3737 gloriam
1150 3667 1233 3721 vel
1273 3667 1557 3735 honorem,
1596 3670 1740 3725 indi-

172 3756 297 3811 cium
335 3767 418 3813 est
450 3757 805 3823 inﬁdelitatis,
855 3766 913 3813 et
958 3758 1165 3812 alienos
1194 3773 1293 3812 nos
1324 3773 1444 3813 esse
1475 3775 1504 3813 a
1534 3760 1740 3828 pietate

174 3846 277 3913 Dei,
308 3850 543 3904 maxime
583 3865 706 3904 cum
743 3859 798 3904 et
824 3849 1114 3920 Apostolus
1144 3850 1288 3904 dicat
1314 3868 1327 3903 :
1356 3848 1414 3905 Si
1444 3851 1618 3905 adhuc
1646 3852 1740 3905 Ito-

172 3939 382 3993 minibus
432 3939 641 4008 placere
695 3938 894 4003 vellem,
941 3937 1139 3994 Christi
1192 3956 1371 3994 servus
1429 3957 1531 3995 non
1575 3958 1738 3996 essem

174 4030 302 4097 (ϐαι.
331 4032 390 4103 ι).
435 4033 491 4087 Si
523 4048 651 4102 ergo
694 4032 748 4086 hi
779 4034 871 4101 qui
920 4033 990 4088 ab
1036 4034 1347 4089 hominibus
1388 4034 1615 4106 gloriam
1654 4035 1738 4091 vel

172 4122 417 4178 honorem
453 4124 558 4178 sibi
599 4124 838 4183 oblatum
882 4125 1207 4195 suscipiunt,
1250 4125 1324 4180 ita
1365 4127 1736 4183 condemnau-

175 4220 271 4276 tur,
317 4215 370 4268 hi
404 4215 496 4283 qui
547 4228 648 4269 nec
693 4214 938 4273 oblatum
988 4215 1206 4291 quidem
1254 4216 1559 4291 requirunt,
1588 4215 1737 4286 quali

166 4299 356 4373 judicio
380 4305 523 4374 digni
558 4304 723 4359 sunt?

1758 4368 1815 4428 .D
2407 4346 2557 4400 aliud
2578 4346 2852 4417 quaerere?

566 4413 1079 4470 INTERROGATIO
1130 4415 1314 4470 LXIV-
1763 4413 1810 4428 υ
1910 4435 2071 4490 Resr.
2113 4434 2248 4490 Cum
2292 4413 2697 4490 deﬁnitum'sit
2744 4449 3055 4493 mensuram
3100 4436 3421 4493 obedientize
3518 4438 3523 4445 ’

390 4506 667 4572 Quomodo
697 4506 914 4559 invicem
945 4504 1197 4559 obaudire
1225 4505 1512 4560 debemus?

1856 4542 2010 4594 isque
2052 4527 2119 4580 ad
2153 4534 2384 4580 mortem
2427 4540 2566 4588 esse,
2607 4526 2700 4595 qui
2731 4525 2933 4582 devitat
2959 4525 3063 4581 hoc
3086 4528 3228 4595 quod
3256 4527 3307 4580 ei
3336 4526 3441 4581 in~‘

232 4596 384 4651 lisse.
423 4598 578 4653 Sicut
608 4598 751 4652 servi
788 4597 1041 4659 dominis,
1087 4597 1384 4654 secundum
1429 4604 1573 4667 quod
1606 4611 1739 4665 pras-

1859 4616 2096 4686 ungitur,
2123 4624 2180 4670 et
2202 4615 2346 4669 aliud
2376 4616 2588 4685 qumrit,
2614 4616 2795 4685 primo
2832 4615 3075 4671 omnium
3104 4615 3419 4671 inobedien.

169 4686 289 4755 cipit
324 4688 583 4743 Dominus
609 4707 622 4741 :
652 4687 791 4753 Quia
828 4687 918 4758 qui
945 4687 1049 4741 vult
1084 4688 1141 4742 in
1172 4688 1318 4741 vobis
1347 4704 1459 4744 esse
1494 4703 1736 4756 magnus,

1863 4707 1925 4759 ire
1965 4721 2095 4761 reus
2141 4714 2254 4769 est,
2295 4712 2351 4759 et
2389 4690 2675 4758 manifeste
2713 4704 3019 4759 ostenditur
3053 4704 3146 4774 qui
3176 4706 3412 4765 nondum

170 4778 259 4841 ﬁat
293 4782 518 4834 omnium
565 4780 901 4844 nouissimus,
944 4788 993 4832 et
1035 4779 1266 4835 omnium
1297 4795 1477 4832 seruus
1507 4777 1723 4848 (Matth.

1854 4798 2054 4868 legavit
2108 4796 2481 4866 semetipsum.
2540 4795 2744 4851 Deinde
2800 4796 3093 4850 multorum
3146 4796 3413 4851 malorum

172 4867 277 4959 ss).
305 4870 506 4936 Quibus
534 4869 763 4935 addidit,
795 4878 857 4924 ut
887 4868 1059 4937 magis
1085 4884 1185 4923 nos
1210 4868 1433 4923 inclinet
1459 4869 1526 4924 ad
1556 4869 1733 4922 humi-
1835 4867 1997 4946 eadm
2045 4889 2279 4945 emciml.
2320 4899 2428 4945 tam
2473 4890 2577 4944 sibi
2617 4905 2780 4959 quam
2821 4891 2986 4945 “iam
3015 4891 3245 4953 caeteris,
3278 4892 3406 4959 quia

170 4956 359 5014 lltatem
383 4979 395 5014 :
420 4963 553 5016 sicut
582 4960 726 5030 ﬁlius
747 4961 974 5015 hominis
995 4975 1100 5014 non
1127 4959 1264 5051 venit
1296 4960 1608 5051 ministrari,
1641 4960 1733 5027 δεά
1834 4982 2039 5036 aditum
2082 4981 2526 5038 contradictionis
2565 4956 2808 5050 pluribus
2835 4983 3029 5051 aperit,
3077 4990 3133 5035 et
3173 4956 3409 5050 seipsum

170 5052 470 5108 ministrare.
517 5052 627 5109 Sed
667 5061 722 5108 et
760 5052 904 5106 aliud
933 5051 1075 5121 quod
1123 5049 1193 5104 ab
1231 5050 1492 5120 Apostolo
1528 5050 1731 5104 dictum

1854 5072 1900 5125 Id
1945 5069 2428 5126 contradicendllm
2472 5070 2757 5134 insuescit;
2800 5078 2855 5123 et
2892 5085 3016 5123 cum
3057 5085 3163 5124 non
3204 5070 3412 5139 possint

170 5150 283 5194 est:
312 5142 411 5197 Per
437 5144 748 5199 charitatem
776 5142 993 5212 spiritus
1031 5141 1184 5196 seruit
1221 5141 1438 5195 invicem
1469 5138 1615 5198 (Gal.
1652 5143 1726 5195 vl.

1854 5162 2030 5231 tinguli
2071 5162 2380 5216 discernere
2411 5161 2553 5230 quod
2589 5160 2779 5214 melius
2806 5169 2882 5214 est
2912 5168 2968 5213 et
2988 5138 3215 5230 eligere.
3232 5169 3411 5230 potest

573 5250 1089 5309 INTERROGATIO
1136 5250 1297 5306 LXV.
1833 5251 1969 5309 ﬁeri.
2001 5252 2044 5305 si
2075 5252 2200 5306 talis
2238 5261 2322 5306 est
2363 5250 2603 5314 licentia,
2646 5259 2704 5305 ut
2743 5251 2943 5320 aliquid
2987 5253 3128 5320 quod
3170 5252 3411 5305 deterius

174 5340 330 5414 L'sque
365 5350 433 5402 ad
462 5365 612 5419 queat
656 5347 869 5419 modum
918 5346 1185 5419 obaudire‘
1212 5354 1418 5419 oportet
1455 5362 1594 5419 eum,
1640 5347 1731 5416 qui
1832 5353 1917 5397 est
1960 5344 2142 5413 eligat.
2197 5341 2334 5395 Tum
2382 5343 2576 5396 deinde
2632 5343 2797 5396 etiam
2846 5342 3207 5411 suspicionem
3258 5341 3411 5401 dabit

394 5415 637 5489 placendi
665 5417 772 5471 Deo
798 5419 1014 5487 implere
1044 5415 1276 5485 regulam
1301 5417 1482 5484 cupit?
1654 5415 1658 5416 ⁷

1854 5436 2114 5499 'ratribus,
2158 5434 2300 5503 quod
2339 5432 2591 5502 passione
2640 5433 2842 5501 aliqua,
2881 5432 2965 5486 vel
3001 5431 3070 5485 ad
3114 5447 3248 5501 opus
3278 5432 3407 5487 illud

235 5525 384 5582 Ilssr.
418 5528 708 5599 Apostolus
752 5527 1007 5591 ostendit,
1059 5540 1366 5595 proponens
1405 5523 1560 5577 nobis
1601 5522 1730 5577 obe-
1833 5526 1973 5595 quod
2005 5524 2175 5595 eligit,
2202 5523 2554 5593 astringatur,
2590 5520 2673 5575 vel
2698 5530 2846 5575 certe
2871 5537 2997 5591 erga
3025 5535 3121 5575 eos
3140 5535 3263 5575 cum
3286 5522 3405 5591 qlliv

172 5613 409 5674 dlclltiam
450 5620 662 5674 ῐιοιιιὶηἰ
689 5637 701 5671 :
732 5617 835 5683 Qui
874 5618 1044 5687 factus
1086 5627 1181 5679 est,
1231 5617 1432 5685 inquit,
1486 5616 1729 5669 obcdieus
1834 5618 1933 5669 bus
1959 5627 2180 5667 necesse
2204 5620 2289 5666 est
2317 5611 2550 5681 operari.
2584 5611 2765 5679 Itaque
2787 5610 2934 5664 omni
2967 5610 3126 5687 modo
3151 5625 3257 5665 non
3279 5611 3407 5664 obl.-
