3974 6192
453 237 560 295 sto
1217 287 1221 291 _
1331 214 1393 268 s.
1434 206 1794 268 causam“
1830 201 2124 259 ABBATIS
2164 194 2576 255 ANlANi-JNSIS
3591 184 3702 241 δίο

452 348 590 409 dire,
614 339 908 396 multorum
939 332 1201 389 malorum
1244 342 1403 382 causa
1439 330 1523 379 est
1550 330 1605 377 et
1631 319 1806 375 radix.
1839 315 1898 371 Si
1935 329 2031 369 au—
2057 317 2109 375 Α
2133 322 2217 368 est
2240 327 2270 365 a
2318 322 2580 365 conservo
2607 320 2726 370 suo,
2772 311 2828 359 et
2862 302 3036 358 noluit
3073 301 3344 370 patienter
3390 313 3549 368 agere
3583 319 3595 354 :
3626 301 3708 357 Et

454 389 734 493 tem,ratio
763 434 848 481 est
876 423 1055 491 aliqua
1089 435 1195 489 qua
1235 416 1338 472 sibi
1380 422 1528 468 recte
1557 422 1819 465 excusare
1847 405 2028 459 videa-
2130 403 2361 457 uidentes
2381 440 2397 465 ,
2428 397 2622 467 inquit,
2660 394 2891 449 conserui
2918 391 3345 446 renuntiaverunt
3372 389 3587 444 domino
3607 405 3710 446 suo

459 482 731 591 $15,...
775 515 929 578 illud,
966 482 1123 583 quod
1153 514 1395 570 excusat,
1425 510 1662 573 exponat
1688 503 1828 555 banc
1857 498 2028 567 ipsam
2132 491 2349 562 (Matth.
2404 488 2582 559 xvnt).
2643 487 2817 542 Iratus
2873 492 3057 539 autem
3121 482 3373 537 dominus
3435 482 3717 538 revocavit

453 573 676 670 causam
725 609 851 663 huic
891 573 1237 675 qni'prteest,
1276 607 1333 654 et
1378 598 1647 667 relinquat
1668 589 2028 661 ejusjudicio,
2131 596 2348 637 omnem
2383 579 2616 650 gratiam
2641 592 2804 647 quam
2834 585 3176 631 concesserat
3226 573 3417 638 debiti,
3460 581 3518 627 et
3548 573 3715 627 tradi.

456 663 686 771 inriti—se
737 663 930 768 Probei.
982 663 1041 749 si.
1081 663 1430 765 excusatior);
1486 663 1706 757 dignum
1758 688 1843 737 est
1888 675 2031 747 Ψιοά
2133 672 2215 726 δίε
2267 686 2390 726 cum
2450 668 2747 723 “ﬂoribus
2790 680 3069 736 “quoquo
3115 663 3370 719 redderet
3403 678 3569 720 omne
3623 663 3720 719 de.

458 762 673 862 allegat.
737 762 753 768 -
1390 762 1401 765 ⁷
2136 762 2330 819 bitum.

2543 844 3056 905 INTERROGATIO
3092 844 3284 900 LXXV

2136 943 2413 1010 Quomodo
2432 943 2550 1020 quis
2587 942 2734 997 debet
2770 940 2962 1020 habete
2995 937 3274 1020 eum,nqui
3314 935 3383 989 ad
3422 936 3720 994 orationem

2690 1010 2906 1064 suscitat
2935 1008 3126 1076 fratres
3150 1008 3174 1059 ?

877 866 1391 930 [NTERROGATIO
1440 863 1576 918 LXX

458 977 519 1035 Si
548 976 844 1045 injunctum
877 966 1032 1037 fuerit
1061 960 1261 1030 aliquid
1306 956 1479 1045 frqtrj,
1526 964 1581 1045 et
1616 947 1991 1045 contradiafrit
2016 985 2032 1011 ,

585 1018 960 1115 Zéiiéiz'iiat'ém
992 1050 1088 1087 sua
1117 1018 1603 1101 sponte'obedierit,
1636 1020 1762 1093 quid
1790 1018 1908 1075 est?

528 1096 689 1188 Birtsr.
727 1130 785 1185 in
814 1143 880 1182 eo
909 1121 1049 1194 quod
1088 1096 1435 1180 contradixit,
1474 1113 1627 1185 quasi
1676 1126 1781 1171 non
1822 1107 2037 1163 obtem-
2209 1105 2372 1160 Raso.
2429 1101 2485 1158 Si
2530 1102 2652 1171 quis
2678 1102 2955 1170 cognoscit
2978 1098 3232 1151 damnum
3261 1097 3402 1165 quod
3446 1096 3514 1151 de
3533 1111 3728 1152 somno

459 1238 658 1298 parans
683 1188 1011 1287 iudicandus
1053 1218 1154 1274 est,
1199 1217 1253 1262 et
1294 1206 1443 1261 velut
1490 1213 1717 1259 caeteros
1757 1200 1823 1254 ad
1865 1196 2040 1255 simile
2138 1198 2359 1268 patitur,
2411 1209 2534 1249 cum
2583 1207 2759 1267 neque
2803 1191 2885 1252 sui
2928 1190 3097 1259 ipsius
3142 1203 3360 1267 sensum
3409 1188 3615 1251 habet;
3671 1197 3731 1240 ct

461 1281 743 1369 concitans
784 1305 1005 1361 malum.
1032 1302 1088 1356 in
1112 1314 1218 1368 quo
1256 1297 1391 1351 sciat
1426 1310 1484 1355 se
1520 1293 1593 1348 illi
1631 1289 1910 1347 sententize
1946 1287 2042 1341 ob-
2142 1289 2390 1360 intelligit
2418 1296 2678 1357 quantum
2711 1285 2780 1341 sit
2803 1284 3013 1341 lucrum
3056 1281 3385 1353 vigiliarum,
3441 1291 3502 1335 et
3535 1282 3735 1350 pmci.

463 1404 705 1463 noxium,
751 1413 871 1467 quas
906 1394 1080 1450 dixit:
1110 1388 1569 1445 Contradictiones
1609 1384 1829 1440 suscitat
1877 1380 2043 1435 omnis
2142 1397 2245 1451 puc
2288 1397 2411 1437 cum
2438 1379 2690 1451 vigilatur
2725 1378 2791 1431 ad
2813 1375 3221 1446 glorificandum
3252 1375 3420 1428 Deum
3445 1375 3498 1428 in
3531 1376 3742 1429 oratio-v

464 1491 637 1545 malus
676 1505 691 1547 ;
740 1463 998 1543 Dominus
1059 1490 1233 1535 autem
1294 1476 1538 1548 angelum
1584 1471 2046 1529 immisericordem
2146 1472 2335 1533 nibus;
2386 1469 2459 1523 ita
2487 1468 2648 1527 debet
2692 1466 2894 1520 habere
2928 1480 3050 1519 eum
3080 1463 3170 1532 qui
3197 1463 3263 1517 ad
3291 1464 3395 1517 hoc
3433 1477 3493 1519 se
3538 1463 3740 1518 invitat

465 1584 705 1641 immittet
726 1580 773 1633 ei
797 1577 981 1650 (Prov.
1000 1572 1155 1645 xvn).
1201 1571 1335 1631 Cum
1369 1579 1552 1625 autem
1595 1575 1775 1621 certus
1820 1565 1891 1619 sit
1921 1562 2047 1631 quia
2148 1571 2204 1617 et
2226 1560 2452 1617 suscitat
2492 1560 2867 1619 dormientem,
2897 1565 3152 1624 tanquam
3176 1570 3298 1609 eum
3326 1570 3426 1624 per
3452 1570 3616 1623 quem
3644 1556 3731 1610 di-

468 1690 572 1728 non
595 1647 1293 1735 homini'obtempcratﬁcd
1314 1659 1544 1714 Domino
1558 1655 1755 1711 dicenti
1776 1672 1789 1707 :
1808 1652 1944 1718 Quia
1963 1651 2052 1723 qui
2080 1652 2128 1711 B
2156 1656 2281 1710 vina
2302 1654 2453 1708 lucra
2476 1661 2532 1707 et
2558 1650 2798 1705 cmlestia
2830 1650 2969 1706 dona
3006 1648 3387 1716 consequitur;
3445 1647 3560 1701 sive
3592 1649 3639 1702 is
3667 1649 3741 1701 ad

467 1767 615 1820 audit
658 1780 770 1827 vos,
815 1777 897 1814 me
935 1757 1107 1821 audit,
1153 1764 1201 1808 et
1246 1753 1334 1824 qui
1374 1751 1569 1822 spernit
1606 1765 1718 1811 vos,
1747 1763 1828 1801 me
1854 1744 2051 1816 spernit
2152 1746 2476 1807 orationem,
2497 1744 2614 1797 sive
2637 1741 2703 1795 ad
2744 1740 2889 1795 aliud
2911 1738 3271 1809 quodcunque
3287 1736 3603 1794 mandatum
3634 1737 3738 1792 Dei

472 1856 624 1919 (Luc.
657 1853 711 1923 ς)
739 1822 822 1907 :vsi
864 1856 1221 1917 compunctus
1258 1822 1345 1896 est
1386 1838 1765 1897 recordatione
1790 1832 2050 1897 mandati.
2154 1837 2351 1893 invitat
2375 1842 2430 1890 et
2454 1838 2713 1904 provocat
3074 1822 3115 1857 ί

471 1947 622 2017 prius
665 1941 994 2002 satisfaciat;
1033 1945 1089 1992 et
1120 1936 1217 1999 ita,
1246 1933 1291 1988 si
1319 1931 1674 2002 permittitur,
1704 1927 1848 1998 quod
1883 1923 2056 1993 injunv

474 2044 619 2093 ctum
647 2042 730 2088 cst
759 2030 998 2100 impleat.

888 2113 1400 2174 INTERROGATlO
1438 2110 1624 2167 LXXI.

750 2211 811 2267 Si
835 2221 1008 2264 autem
1037 2206 1278 2262 obediens
1299 2204 1413 2276 quis
1439 2209 1724 2255 murmure!
1752 2200 1777 2252 ?

547 2305 704 2360 Rssu.
745 2298 1001 2370 Apostolo
1012 2297 1222 2351 dicente
1241 2313 1254 2348 :
1275 2293 1463 2349 Omnia
1478 2290 1635 2361 facite
1647 2290 1756 2342 sine
1769 2302 2061 2341 murmura-

477 2399 616 2455 tione
643 2404 689 2453 et
716 2388 1133 2448 ha’sitationibus
1160 2383 1326 2460 (Phil.
1358 2383 1419 2454 ιι)
1437 2401 1451 2448 ;
1476 2382 1684 2437 alienus
1697 2381 1811 2435 sita
1833 2377 2059 2432 fratrum

477 2491 685 2549 unitate
707 2486 797 2557 qui
830 2489 1155 2544 murmurat,
1195 2488 1250 2535 et
1291 2493 1427 2549 opus
1452 2476 1569 2546 ejus
1589 2471 1895 2541 abjiciatur.
1950 2469 2064 2523 Ma-

478 2580 734 2635 nifestum
759 2576 902 2632 enim
933 2581 1017 2628 est
1043 2572 1144 2627 iste
1170 2570 1261 2647 qui
1302 2567 1423 2623 talis
1445 2574 1547 2629 est,
1583 2565 1710 2633 quia
1742 2560 2063 2617 infidelitate

480 2679 743 2742 n'grotat,
805 2675 860 2723 et
924 2672 1133 2723 certum
1197 2661 1391 2717 futurze
1457 2657 1571 2729 Spei
1637 2654 1891 2710 fiduciam
1955 2666 2064 2707 non

488 2765 648 2834 gerit.

897 2842 1411 2907 lNTERROGATIO
1450 2839 1656 2896 LXXII.

487 2943 526 3003 S
556 2936 732 3013 frater
753 2942 970 3011 fratrem
997 2934 1403 3061 contrisfiauergt,
1435 2930 1696 3003 quomodo
1723 2928 1871 2986 debet
1887 2942 2064 2983 emen-

506 3028 507 3033 ‘
1235 3021 1315 3058 αντ

506 3028 507 3033 “
1196 3021 1315 3058 ααντ

560 3103 720 3156 ltusr.
774 3100 830 3152 Si
867 3097 1082 3166 quidem
1133 3092 1559 3156 contristaverit,
1603 3091 1745 3147 sicut
1784 3090 2072 3162 Apostolus

489 3195 620 3251 dicit
658 3210 671 3244 :
699 3190 1006 3244 Contristati
1030 3188 1167 3241 enim
1190 3187 1335 3249 estis,
1360 3194 1415 3239 ut
1454 3186 1508 3239 in
1536 3183 1680 3238 nullo
1707 3183 2072 3238 detrimentum

488 3282 795 3356 pateremini
835 3295 899 3333 ex
926 3277 1070 3333 nobis
1118 3275 1201 3346 (II
1226 3274 1349 3330 Cor.
1398 3274 1496 3344 vn)
1519 3291 1538 3339 ;
1567 3290 1672 3329 non
1700 3262 1789 3330 ille
1821 3273 1911 3343 qui
1942 3289 2073 3328 cond

491 3373 726 3429 tristavit
765 3369 1040 3426 emendari
1081 3368 1258 3431 debet,
1310 3366 1404 3422 sed
1459 3366 1547 3421 ille
1587 3366 1679 3435 qui
1725 3364 2077 3420 contristatus

495 3474 612 3529 est;
646 3472 700 3519 et
721 3463 919 3518 indicia
965 3458 1082 3529 ejus
1114 3458 1371 3523 tristitiae,
1423 3472 1542 3527 quae
1570 3454 1867 3511 secundum
1906 3454 2075 3509 Deum

496 3567 599 3622 est,
652 3556 811 3610 debet
845 3552 1151 3608 ostendere.
1197 3547 1255 3603 Si
1288 3561 1420 3603 vero
1461 3546 1834 3603 indifferenter
1876 3547 2079 3601 contri-

496 3649 680 3713 stavit,
728 3646 779 3700 id
809 3653 917 3708 est,
971 3657 1076 3697 non
1118 3639 1414 3697 secundum
1457 3638 1642 3701 Deum,
1692 3652 1901 3691 memor
1943 3635 2079 3690 sitis

499 3741 591 3812 qui
647 3735 989 3794 contristavit
1032 3731 1272 3804 Apostoli
1315 3727 1675 3785 dicentis:Si
1721 3735 1898 3781 autem
1956 3742 2082 3797 pro-

499 3840 614 3904 pter
639 3844 808 3884 escam
837 3826 1002 3895 frater
1037 3833 1158 3877 tuus
1195 3822 1557 3882 contristatur,
1592 3818 1711 3888 jam
1763 3833 1866 3871 non
1899 3831 2082 3870 secun-

498 3926 624 3979 dum
659 3921 964 3976 charitatem
990 3912 1228 3970 ambulas
1270 3911 1439 3984 (Rom.
1474 3908 1608 3982 xw).
1648 3908 1861 3964 Etcum
1884 3922 2083 3977 cogno-

498 4015 640 4070 verit
665 4012 771 4065 tale
797 4009 1052 4064 delictum
1080 4020 1199 4059 esse
1222 4019 1400 4066 suum,
1454 4002 1676 4070 impleat
1705 4000 1836 4055 illud
1866 3999 2012 4068 quoi
2047 4014 2077 4051 a

503 4102 732 4157 Domino
764 4098 967 4151 dictum
990 4101 1074 4147 est
1104 4110 1117 4145 :
1155 4091 1213 4145 Si
1241 4092 1398 4159 oﬁ'ers
1420 4106 1608 4143 munus
1632 4100 1780 4142 tuum
1802 4089 1872 4141 ad
1890 4088 2079 4147 altare,

503 4203 549 4246 et
580 4187 882 4243 recordatus
904 4184 1066 4253 fueris
1092 4181 1163 4235 ibi
1190 4181 1314 4250 quia
1361 4180 1528 4247 frater
1556 4188 1676 4233 tuus
1702 4178 1853 4230 habet
1875 4177 2078 4248 aliquid

508 4283 758 4336 adversus
794 4286 863 4341 te,
898 4273 1128 4344 relinque
1151 4271 1223 4325 ibi
1254 4284 1444 4323 manus
1467 4278 1617 4321 tuum
1638 4277 1759 4321 ante
1787 4267 1979 4331 altare,
2031 4277 2080 4321 et

504 4371 633 4426 uade
658 4369 801 4439 prius
824 4362 1152 4420 reconciliari
1178 4359 1331 4429 fratri
1358 4369 1447 4411 tuo
1473 4367 1561 4421 ;et
1584 4367 1706 4410 tunc
1730 4357 1934 4410 veniens
1956 4358 2081 4426 o/I‘e-
2113 4357 2158 4413 ι)

508 4448 589 4515 res
615 4474 804 4513 munus
832 4466 981 4509 tuum
1003 4451 1221 4521 (Matth.
1246 4448 1324 4519 v).

906 4536 1420 4597 INTERROGA'I‘IO
1458 4535 1689 4591 LXXIII.

508 4640 650 4708 Quid
690 4638 737 4693 si
782 4653 887 4691 non
934 4634 1230 4754 acquiesgat
1275 4638 1333 4683 ut
1369 4629 1699 4751 (sgittsfaciat,
1752 4628 1879 4700 quid
1930 4644 2087 4699 agen-

1186 4717 1273 4754 um
1312 4716 1365 4753 es
1402 4739 1415 4751 .

1186 4717 1273 4755 um
1312 4716 1385 4753 ρει
1402 4716 1415 4751 ἐ

581 4803 743 4857 Resp.
774 4795 1002 4866 implere
1040 4792 1296 4847 debemus
1338 4791 1390 4844 in
1417 4805 1482 4845 eo
1507 4790 1655 4854 illud,
1686 4789 1828 4860 quod
1853 4806 1881 4844 a
1909 4789 2089 4845 Domi-

513 4911 582 4949 no
614 4892 818 4949 dictum
841 4894 929 4943 est
964 4884 1034 4939 de
1054 4897 1119 4937 eo
1137 4880 1230 4950 qui
1258 4879 1520 4949 peccavit,
1556 4887 1611 4934 et
1636 4895 1742 4934 non
1772 4880 1884 4949 egit
1913 4878 2091 4949 poeni—

514 4984 762 5045 tentiam,
816 4992 942 5038 eum
984 4973 1161 5031 dixit;
1198 4969 1260 5025 Si
1305 4979 1478 5023 autem
1528 4968 1815 5023 Ecclesium
1862 4987 1965 5023 non
1998 4987 2095 5023 att—

513 5076 712 5139 dierit,
763 5070 829 5125 sit
877 5069 970 5124 tibi
1018 5066 1152 5123 sicut
1196 5058 1402 5135 gentilis
1450 5069 1497 5113 et
1541 5059 1851 5129 publicanus
1875 5059 2091 5131 (Matth.

536 5182 647 5220 LVIII
660 5182 694 5220 1ο

519 5182 576 5220 ὓ
590 5166 694 5236 m).
903 5248 1418 5307 iNTERROGA’I‘lO
1464 5244 1699 5301 LXXIV.

522 5346 659 5412 Quid
687 5345 751 5408 si,
796 5345 1147 5412 satisfaciente
1186 5358 1247 5395 eo
1289 5340 1379 5412 qui
1419 5333 2093 5412 contristarerit,‘noluerit

768 5406 1091 5467 reconciliari
1140 5413 1185 5465 is
1226 5406 1317 5482 qui
1364 5408 1703 5463 contristatus
1726 5406 1848 5460 est?

591 5506 755 5561 Rssr.
810 5504 1091 5559 Manifesta
1137 5511 1220 5558 cst
1275 5502 1341 5558 de
1388 5502 1492 5556 hoc
1536 5498 1750 5555 Domini
1803 5500 2094 5559 sententia,

523 5614 643 5664 (me
677 5593 905 5650 refertur
949 5596 999 5648 in
1029 5593 1114 5647 illa
1147 5591 1400 5664 parabola
1432 5591 1496 5645 dc
1538 5604 1693 5644 servo
1734 5588 1823 5657 qui
1876 5597 2099 5657 rogatus

2544 1940 3056 1998 INTERROGATIO
3096 1940 3329 1995 LXXVI.

2159 2042 2313 2109 Quod
2352 2043 2397 2097 si
2434 2041 2774 2095 contristatur
2801 2037 2890 2091 ille
2929 2037 3318 2109 quiqea‘citatur,
3355 2044 3447 2109 aut
3487 2036 3648 2089 etiam
3694 2034 3744 2088 si

2580 2112 2857 2172 irascetur,
2908 2106 3034 2178 quid
3057 2106 3245 2175 dignus
3265 2106 3379 2159 est?

2230 2229 2390 2283 lisse.
2447 2224 2670 2280 Interim
2699 2221 3162 2279 excommunicari
3188 2220 3345 2274 debet
3370 2227 3425 2273 et
3445 2234 3555 2274 non
3586 2234 3754 2273 man—

2159 2317 2392 2379 ducare;
2433 2314 2480 2369 si
2537 2313 2675 2368 forte
2722 2319 3075 2380 compunctus
3112 2315 3373 2379 agnoscat
3419 2308 3641 2377 quantis
3695 2318 3755 2363 et

2161 2408 2410 2478 qualibus
2456 2405 2612 2461 bonis
2637 2402 2986 2473 semetipsum
3009 2400 3328 2470 insipienter
3349 2396 3650 2459 defraudct,
3698 2406 3757 2451 et

2164 2501 2237 2556 ita
2258 2512 2551 2553 conversus
2579 2495 2806 2564 recipiat
2835 2494 3101 2565 gratiam;
3146 2490 3265 2560 ejus
3295 2492 3347 2546 in
3399 2505 3459 2546 se
3491 2489 3756 2545 affectum

2164 2603 2402 2649 sumens.
2437 2588 2528 2656 qui
2558 2585 2691 2640 dixit
2722 2602 2734 2635 :
2765 2584 2967 2638 Memor
2991 2582 3069 2651 fui
3101 2582 3217 2647 Dei,
3239 2578 3286 2635 et
3313 2581 3601 2635 delectatus
3621 2596 3750 2634 sum

2166 2677 2338 2759 (ἕζεαι.
2364 2676 2568 2747 LXXVI).
2614 2674 2767 2742 Quod
2792 2675 2837 2729 si
2864 2673 3224 2743 permanserit
3254 2673 3308 2726 in
3339 2672 3589 2738 stultitia,
3634 2687 3757 2725 non

2166 2769 2472 2838 intelligens
2510 2767 2761 2838 gratiam,
2813 2763 3160 2819 abscindatur
3214 2771 3472 2832 tanquam
3507 2760 3765 2831 putrefaq

2169 2873 2316 2919 etum
2368 2858 2672 2915 membrum
2717 2872 2747 2910 a
2789 2869 3036 2924 corpore.
3093 2852 3371 2924 Scriptum
3424 2860 3509 2907 est
3554 2851 3753 2905 enim:

2173 2956 2314 3023 Quia
2375 2951 2579 3022 expedit
2638 2957 2695 3003 ut
2758 2957 2933 3018 pereat
2990 2963 3155 3000 unum
3215 2946 3565 3000 membrorum
3632 2953 3762 2996 tuo-

2095 3012 2140 3074 Ο
2174 3063 2316 3111 rum,
2336 3052 2384 3099 et
2408 3060 2512 3098 non
2543 3057 2696 3096 omne
2724 3055 2914 3107 corpus
2935 3048 3082 3093 tuum
3117 3040 3358 3091 mittatur
3384 3038 3441 3091 in
3465 3036 3766 3107 gehennam

2175 3136 2394 3209 (Matth.
2428 3133 2505 3205 ν).

2562 3220 3077 3279 lNTERROGATIO
3113 3219 3368 3276 LXXVII.

2177 3317 2317 3383 Quid
2374 3326 2489 3378 est,
2539 3313 2716 3368 Nolite
2771 3313 3047 3382 judicare,
3110 3322 3166 3366 ut
3236 3329 3340 3383 non
3395 3310 3767 3383 judicemini:

2321 3386 2481 3439 nolite
2518 3381 2884 3445 condemnare,
2938 3392 2993 3436 ut
3032 3400 3135 3436 non
3167 3381 3622 3436 condemnemini?

2248 3500 2409 3553 lisse.
2461 3498 2594 3553 Cum
2624 3497 2885 3551 Dominus
2934 3495 3221 3565 aliquando
3251 3496 3431 3549 dicat:
3461 3494 3640 3549 Nolite
3682 3494 3775 3563 jn-

2178 3590 2376 3654 dicare,
2424 3599 2480 3642 ut
2519 3605 2621 3642 non
2638 3587 2958 3657 judicemini
2999 3586 3215 3657 (Matth.
3269 3586 3413 3654 vn);
3469 3586 3775 3655 aliquando

2178 3697 2309 3736 vero
2336 3699 2349 3734 :
2371 3682 2575 3751 justum
2591 3678 2852 3748 judicium
2872 3678 3111 3747 judicate
3140 3677 3322 3747 (Joan.
3351 3678 3486 3745 vn);
3521 3694 3628 3731 non
3656 3678 3775 3731 utiv

2181 3785 2286 3840 que
2321 3770 2463 3824 omni
2516 3769 2674 3823 modo
2703 3767 3247 3838 prohibetjudicandi
3271 3767 3625 3831 facultatem;
3668 3767 3773 3821 sed

2183 3859 2539 3915 differentiam
2583 3856 2771 3925 judicii
2816 3871 2977 3911 nosse
3011 3871 3110 3910 nos
3147 3857 3323 3918 docet,
3357 3867 3417 3910 ut
3448 3856 3690 3910 sciamus
3721 3855 3777 3909 ia

2181 3951 2376 4021 quibus
2402 3957 2647 4020 oporteat
2679 3963 2784 4002 non
2809 3947 3054 4016 judicare
3079 3957 3135 4002 et
3170 3935 3234 4002 'in
3266 3949 3463 4017 quibus
3509 3962 3638 4001 non.
3695 3947 3775 4001 De

2185 4043 2287 4097 hoc
2306 4048 2484 4095 autem
2508 4039 2794 4094 manifeste
2820 4041 2975 4094 nobis
2997 4038 3285 4110 Apostolus
3309 4039 3548 4098 tradidit,
3577 4038 3770 4091 dicens

2185 4133 2252 4187 de
2276 4133 2369 4187 bis
2409 4132 2591 4186 causis
2616 4146 2735 4200 qua:
2778 4131 3199 4200 uniuscujusque
3249 4128 3476 4184 arbitrio
3506 4144 3629 4183 esse
3676 4130 3776 4182 dc-

2185 4221 2316 4275 bent
2351 4238 2364 4273 :
2400 4218 2477 4272 Tu
2502 4227 2677 4272 autem
2705 4235 2867 4288 quare
2899 4218 3116 4288 judicas
3142 4218 3359 4285 fratrem
3398 4227 3547 4285 tuum
3589 4214 3775 4284 (Rom.

2189 4309 2338 4377 xw)?
2374 4308 2650 4362 Etiterum
2678 4325 2689 4359 :
2715 4304 2836 4359 Non
2854 4322 2973 4376 ergo
2995 4305 3211 4359 invicem
3231 4304 3531 4374 judicemus
3557 4301 3773 4373 (Ibidi).

2183 4398 2241 4452 in
2265 4398 2352 4453 bis
2381 4413 2508 4453 vero
2549 4396 2762 4451 actibus
2791 4396 2882 4465 qui
2912 4402 3098 4465 aperte
3120 4395 3228 4448 Deo
3253 4408 3357 4447 non
3381 4393 3619 4462 placent,
3668 4407 3773 4444 no-

2189 4497 2269 4542 tat
2307 4504 2400 4544 cos
2428 4488 2519 4557 qui
2567 4502 2672 4541 non
2696 4484 2963 4555 judicant,
3017 4494 3072 4542 et
3100 4484 3213 4554 ipse
3252 4500 3404 4539 suam
3440 4481 3772 4539 sententiam

2186 4581 2363 4650 prodit
2396 4595 2494 4651 per
2518 4580 2636 4634 htec
2660 4594 2780 4648 quas
2803 4577 2973 4639 dicit:
3009 4576 3121 4645 Ego
3150 4574 3360 4646 quidem
3398 4576 3533 4630 sicut
3579 4572 3769 4627 absens

2187 4688 2424 4741 corpore,
2451 4686 2681 4741 prwsens
2704 4678 2877 4723 autent
2894 4667 3101 4739 spiritu,
3118 4666 3236 4736 jam
3253 4663 3491 4734 judicavi
3516 4672 3773 4733 tanquam

2187 4779 2414 4835 presens
2435 4779 2576 4826 eum,
2622 4762 2711 4833 qui
2733 4762 2843 4816 Iure
2870 4767 3114 4829 operatus
3136 4767 3233 4821 est,
3274 4758 3330 4810 in
3349 4757 3557 4811 nomine
3590 4754 3777 4808 Domi-

2196 4861 2249 4914 ni
2279 4861 2443 4914 nostri
2477 4856 2607 4913 Iesu
2628 4854 2845 4920 Christi,
2890 4853 3218 4925 congregatis
3247 4852 3385 4906 vobis
3406 4860 3453 4904 et
3482 4866 3598 4907 meo
3623 4848 3781 4918 spiri-

2194 4959 2273 5014 tu,
2318 4965 2436 5002 cum
2476 4949 2665 5002 uirtute
2683 4947 2896 5002 Domini
2919 4947 3084 5001 nostri
3110 4948 3238 5000 Jesu
3276 4941 3514 5005 Christi;
3571 4939 3781 4993 tradere

2196 5038 2557 5112 hujuscemodi
2583 5040 2844 5095 hominem
2886 5037 3102 5092 Solatur
3122 5036 3176 5088 in
3199 5033 3463 5088 interitum
3483 5046 3681 5091 (arms,
3724 5037 3779 5080 ut

2196 5132 2410 5203 spiritus
2443 5130 2617 5186 salvus
2647 5130 2741 5198 ﬁat
2763 5130 2821 5183 in
2852 5127 2936 5181 die
2977 5126 3187 5180 Domini
3226 5123 3392 5203 nostri
3421 5121 3549 5177 Iesu
3585 5116 3780 5173 Christi

2198 5225 2250 5295 (1
2280 5224 2410 5280 Cor.
2444 5224 2557 5289 xv).
2614 5222 2671 5278 Si
2716 5221 2844 5293 quid
2877 5222 3059 5290 itaque
3082 5219 3134 5272 in
3165 5202 3350 5271 nostra
3383 5221 3654 5283 potestate
3692 5209 3772 5262 ποι

2197 5315 2425 5376 arbitrio
2453 5314 2686 5384 positum
2714 5322 2769 5368 et
2799 5313 3063 5367 insertum
3093 5317 3195 5372 est,
3222 5322 3330 5362 non
3352 5312 3571 5375 oportet
3600 5302 3666 5355 de
3695 5301 3781 5356 bis

2195 5406 2442 5477 judicare
2478 5404 2725 5469 fratrem,
2772 5402 3067 5459 secundum
3099 5400 3203 5455 boc
3223 5398 3365 5466 quod
3390 5394 3683 5467 Apostolus
3703 5392 3779 5445 (il-

2200 5496 2291 5557 cit,
2352 5504 2610 5564 tanquam
2641 5493 2814 5550 deliis
2840 5506 2960 5564 qua:
3008 5486 3578 5562 ignoranturzltaque
3625 5483 3783 5539 noii'e

2203 5598 2324 5641 ante
2357 5596 2556 5658 tempus
2579 5585 2704 5663 quid
2724 5585 2993 5655 judicare,
3022 5596 3286 5652 usquequo
3306 5579 3475 5633 ueniat
3506 5574 3778 5635 Dona'nus.
