3974 6192
294 219 401 277 '52!

297 424 521 480 consilia
560 427 798 481 cordium
837 427 889 499 (1
919 428 1039 485 Cor.
1073 429 1170 503 tv).
1213 432 1307 487 Dei
1335 442 1512 489 autem
1533 433 1738 504 judicia
1758 438 1878 493 vin-

299 513 486 571 dicare
509 516 661 572 omni
703 518 866 573 modo
893 522 1259 576 necessarium
1287 530 1404 589 est;
1459 538 1527 578 ne
1548 523 1689 581 forte
1703 534 1760 580 et
1779 541 1880 582 nos

300 604 463 660 simili
500 606 583 661 ira
633 606 1047 676 absorbeamur,
1096 612 1144 667 si
1173 613 1304 694 quid
1331 614 1570 671 sciamus
1598 629 1728 687 erga
1754 631 1881 687 pec-

296 704 487 751 cantes
510 705 569 752 et
595 697 874 754 sileamus.
935 700 1051 756 Nisi
1079 701 1221 757 forte
1260 704 1384 774 quis
1426 705 1614 761 eadem
1651 706 1876 776 faciens,

296 786 552 844 ﬁduciam
578 805 688 845 non
732 790 931 847 habeat
951 796 1238 864 arguendi,
1295 813 1472 869 neque
1496 802 1877 857 auctoritatem

288 876 571 947 iudicandi
608 880 857 948 fratrem,
892 883 1122 942 Domino
1165 887 1381 945 dicente
1413 909 1426 944 :
1453 890 1605 962 Ejiee
1647 894 1876 963 primum

292 971 497 1026 trabem
524 973 592 1027 de
620 974 773 1030 oculo
792 985 905 1043 tuo,
928 987 977 1032 et
1006 987 1131 1034 tunc
1162 981 1355 1036 videbis
1387 984 1577 1055 ejicere
1617 984 1875 1055 festucam

291 1060 355 1114 de
381 1061 540 1117 oculo
551 1063 736 1134 fratris
758 1066 836 1120 tui
856 1066 1073 1139 (Matth.
1104 1069 1226 1144 vn).

623 1230 626 1233 Α
646 1174 1038 1235 INTERROGA
1048 1180 1160 1236 TIO
1197 1181 1459 1239 LXXVIII
1465 1222 1478 1236 .

294 1263 571 1332 Quomodo
597 1270 912 1340 intelligitur
933 1275 1073 1342 quis,
1114 1274 1162 1329 si
1197 1275 1308 1330 zelo
1344 1275 1442 1330 Dei
1482 1288 1752 1333 moveatur
1784 1281 1874 1334 ad-

362 1352 538 1460 vers?
571 1350 886 1460 feccantem
944 1342 1196 1413 fratrem,
1263 1354 1355 1399 aut
1406 1362 1440 1400 a
1488 1349 1705 1419 propria
1758 1351 1872 1404 ira-

362 1422 463 1459 cun
503 1425 557 1460 ta
804 1436 809 1439 -

360 1422 557 1460 cunam
571 1422 599 1460 ἵ
804 1436 809 1439 “

358 1514 525 1572 Raso.
573 1516 633 1573 Si
675 1519 743 1574 ad
774 1535 935 1576 omne
963 1530 1252 1592 peccatum
1283 1522 1466 1581 fratris
1490 1527 1698 1596 patitur
1721 1527 1869 1595 illud,

288 1606 431 1675 quod
456 1606 720 1678 scriptum
746 1617 863 1665 est:
882 1609 1216 1683 Consumpsit
1238 1630 1319 1668 me
1341 1614 1484 1670 zelus
1511 1615 1699 1672 domus
1741 1628 1869 1685 tute,

986 226 1215 284 CODEX
1253 228 1709 289 REGULARUM.
1746 264 1819 275 —
1857 233 2039 292 PARS
2074 238 2115 292 i.
2157 240 2463 300 REGULE
2504 248 2606 304 PP.
2641 251 2913 311 ORIENT.

299 334 387 403 qui
445 331 737 388 illustrabit
782 335 985 390 occulta
1029 338 1380 407 tenebrarum,
1428 348 1479 395 et
1522 342 1878 414 manifestabit
1906 348 1958 405 Α

3456 260 3562 317 522

2354 354 2871 420 INTERROGATIO
2908 366 3167 423 LXXXII.

1984 435 2048 492 Si
2107 439 2225 496 licet
2270 446 2551 518 unicuique
2609 452 2776 575 vitsre
2831 471 2961 525 opus
3021 460 3162 529 quod
3220 463 3437 530 gravius
3485 467 3561 521 tri-

2717 532 2851 575 etur.

2717 532 2851 578 etur.

2052 600 2223 694 lisse.
2250 603 2350 671 Qui
2400 608 2631 667 fideliter
2669 623 2725 669 et
2748 631 2884 685 pure
2921 619 3091 675 Deum
3122 623 3315 694 diligit,
3367 635 3424 683 et
3447 643 3568 683 cer-

1981 696 2066 744 tus
2091 699 2174 747 est
2193 692 2260 749 de
2283 699 2639 758 retributione
2682 705 2919 774 Domini,
2959 725 3027 765 ne
3055 692 3304 770 sufﬁcere
3331 718 3434 774 sibi
3461 732 3561 788 pu-

1979 783 2058 880 tat
2086 795 2150 835 ea
2177 799 2297 852 qua:
2320 786 2708 860 injunguntur;
2752 798 2847 852 sed
2875 813 3092 871 semper
3114 818 3407 878 augmenta
3430 783 3561 880 ope-

1980 869 2056 923 ris
2088 873 2305 939 quaerit,
2340 883 2395 929 et
2416 877 2624 946 majora
2650 896 2815 951 quam
2858 869 3232 961 iniunguntur,
3286 869 3563 955 desiderat

1976 964 2032 1056 et
2058 967 2299 1029 exoptat,
2346 963 2558 1027 etiamsi
2587 984 2749 1040 supra
2777 974 2923 1031 vires
2948 979 3198 1037 videatur
3250 999 3370 1040 esse
3412 987 3560 1056 quod

1976 1045 2125 1102 facit.
2154 1049 2266 1105 Nec
2286 1052 2578 1124 aliquando
2599 1074 2822 1120 securus
2850 1075 2955 1134 est,
3002 1077 3259 1140 tanquam
3282 1045 3447 1145 opere
3466 1094 3536 1135 ex

1974 1137 2155 1208 pleto;
2191 1145 2284 1199 sed
2320 1161 2351 1200 e
2380 1152 2658 1208 contrario
2695 1155 2961 1215 sollicitus
2989 1169 3075 1217 est
3100 1137 3157 1218 et
3183 1137 3396 1234 anxius,
3436 1177 3559 1226 tan—

1975 1245 2137 1331 quam
2162 1234 2254 1304 qui
2298 1238 2434 1331 nihil
2471 1241 2692 1313 dignum
2734 1251 3024 1320 prmceptis
3053 1256 3383 1326 evangelicis
3436 1276 3561 1331 ege-

1974 1319 2047 1374 rit
2082 1340 2094 1375 :
2133 1339 2343 1379 memor
2360 1327 2504 1385 illius
2533 1332 2799 1392 Dominici
2833 1342 3100 1398 sermonis
3126 1344 3356 1403 dicentis
3387 1365 3399 1402 :
3426 1349 3561 1406 Cum

1975 1420 2147 1465 autem
2165 1413 2392 1483 feceritis
2414 1424 2591 1477 omnia
2612 1443 2935 1501 quacunque
2953 1436 3204 1505 prwcipio
3232 1438 3394 1506 vobis,
3437 1451 3561 1496 tunc

1975 1500 2158 1556 dicetis
2181 1522 2199 1559 :
2227 1508 2362 1560 servi
2399 1509 2610 1567 inutiles
2644 1500 2860 1582 sumus;
2888 1500 3030 1590 quod
3055 1523 3330 1583 debuimus
3356 1529 3553 1599 facere,

1975 1589 2193 1659 fecimus
2220 1593 2371 1666 (Luc.
2416 1602 2569 1672 xm).
2604 1602 2712 1659 Sed
2746 1615 2803 1661 et
2829 1589 3169 1668 imitabimur
3192 1589 3511 1688 Apostoium

286 1699 538 1771 quoniam
586 1699 732 1754 obliti
784 1711 907 1756 sunt
955 1702 1229 1758 verborum
1281 1714 1495 1761 tuorum
1537 1709 1738 1764 inimici
1768 1713 1873 1766 mei
1901 1687 1947 1745 B
1977 1684 2214 1776 (δώ-σθω
2260 1690 2492 1746 mundus
2532 1702 2678 1749 esset
2718 1698 3030 1767 crucmms'
3094 1712 3149 1759 θί
3177 1704 3291 1776 ipse
3331 1711 3552 1776 mundo,

287 1786 461 1858 (Psal.
500 1789 720 1863 sum).
769 1791 1086 1849 Manifestus
1128 1802 1214 1850 est
1241 1796 1386 1851 enim
1422 1806 1477 1852 et
1516 1797 1572 1853 in
1615 1799 1721 1855 hoc
1770 1798 1868 1856 Dei

285 1880 451 1937 zelus.
508 1866 897 1939 Verumtamen
924 1885 1089 1940 etiam
1115 1884 1169 1941 in
1194 1886 1280 1942 his
1317 1896 1535 1958 oportet
1567 1891 1869 1960 prudenter

287 1972 468 2027 omnia
498 1972 825 2042 dispensari.
870 1973 928 2029 Si
949 1990 1081 2046 ergo
1107 1976 1255 2032 hunc
1281 1976 1533 2033 affectum
1583 1980 1748 2036 etiam
1773 1997 1867 2036 an-

284 2071 367 2117 tea
393 2078 503 2119 non
540 2063 727 2120 habuit
758 2065 813 2120 in
843 2066 1025 2122 animo
1063 2083 1180 2134 suo,
1230 2078 1412 2125 motus
1434 2085 1563 2127 suos
1588 2073 1729 2128 sciat
1750 2089 1866 2129 ma-

285 2155 366 2223 gis
380 2168 448 2209 ex
476 2155 732 2225 passione
753 2172 915 2227 quam
937 2173 1005 2214 ex
1033 2160 1144 2216 Deo
1175 2161 1525 2229 descendere,
1550 2172 1606 2220 et
1625 2164 1681 2220 in
1717 2166 1865 2221 nullo

282 2262 439 2316 posse
463 2247 700 2304 oliicium
726 2250 943 2320 pietatis
970 2251 1212 2323 implere.

681 2380 1192 2443 INTERROGATIO
1226 2387 1463 2445 LXXIX.

282 2491 478 2549 Dicunt
520 2494 737 2565 quidam
775 2498 901 2569 quia
941 2499 1259 2581 impossibile
1295 2512 1371 2559 est
1419 2522 1524 2559 non
1572 2507 1735 2563 irasci
1772 2509 1866 2563 ho-

950 2572 1139 2624 minem
1160 2572 1185 2625 ?

350 2677 516 2734 Resp.
555 2676 706 2736 Sicut
748 2696 851 2739 nec
883 2683 1138 2753 possibile
1186 2694 1270 2742 est
1300 2687 1457 2743 militi
1484 2688 1539 2743 in
1573 2697 1866 2760 conspectu

282 2772 361 2827 sui
384 2772 530 2844 regis
558 2774 741 2830 irasci.
761 2773 867 2831 Sed
893 2792 992 2832 nec
1015 2777 1095 2833 sic
1116 2779 1333 2849 quidem
1356 2779 1579 2836 habebit
1600 2782 1867 2838 rationem

281 2864 384 2921 hoc
427 2868 572 2936 quod
617 2867 833 2923 dicitur.
877 2868 1156 2927 Humanus
1199 2872 1344 2926 enim
1386 2872 1568 2930 vultus
1613 2872 1866 2943 ejusdem

283 2954 473 3014 formae
499 2958 736 3013 hominis
757 2960 824 3014 ad
848 2960 1120 3016 hominem
1162 2970 1383 3032 propter
1408 2958 1671 3020 unitatem
1701 2973 1860 3022 natu—

280 3061 375 3115 ra,
428 3048 525 3103 ubi
566 3063 690 3104 cum
735 3050 849 3105 sola
887 3050 959 3105 sit
997 3029 1279 3122 dignitatis
1310 3053 1622 3121 eminentia,
1679 3064 1859 3113 tamen
1887 3029 1932 3093 Ο

280 3137 532 3207 prohibet
550 3139 887 3209 passionem;
913 3150 1116 3210 quanto
1146 3143 1319 3211 magis
1343 3144 1509 3210 Deus,
1538 3160 1701 3215 quem
1723 3149 1859 3204 certi

281 3242 467 3283 sumus
491 3229 657 3284 etiam
682 3231 832 3286 cordi
879 3239 1066 3289 nostro
1092 3242 1413 3302 praesentem
1438 3243 1494 3291 et
1521 3252 1713 3294 omnes
1743 3255 1860 3295 mo-

280 3324 363 3371 tus
384 3325 604 3375 nostros
623 3319 920 3391 inspicere?
965 3321 1131 3391 Cujus
1168 3325 1520 3383 manifestum
1546 3337 1632 3385 est
1652 3340 1856 3401 quanta

279 3405 349 3460 sit
364 3406 683 3474 eminentia,
706 3410 870 3467 etiam
893 3412 995 3467 hoc
1016 3412 1133 3482 ipso
1154 3415 1296 3483 quod
1315 3424 1590 3473 scrutatur
1611 3421 1776 3476 corda
1800 3429 1857 3479 et

281 3510 462 3562 renes,
484 3506 541 3551 et
561 3497 708 3553 videt
728 3507 907 3556 motus
927 3502 1142 3558 animas.

698 3628 1213 3691 INTERROGATIO
1249 3634 1463 3691 LXXX.

282 3736 340 3793 Si
381 3746 587 3809 oportet
646 3739 722 3794 ire
770 3757 1092 3813 quocunque,
1140 3761 1259 3820 ‘non
1298 3747 1612 3801 commonita
1659 3763 1719 3801 eo
1765 3750 1856 3820 qui

930 3822 1115 3882 pra'est
1136 3813 1162 3866 7

347 3920 509 3977 lisse.
558 3920 695 3978 Cum
737 3922 997 3980 Dominus
1023 3926 1207 3981 dicat:
1239 3925 1364 3982 Non
1403 3929 1542 3983 enim
1576 3931 1691 3985 ueni
1740 3942 1855 3985 uta

277 4029 357 4068 me
380 4013 579 4083 faciam
604 4013 912 4087 quidquam,
932 4016 1021 4070 sed
1037 4016 1101 4070 ab
1129 4016 1222 4070 illo
1252 4019 1346 4088 qui
1378 4035 1458 4073 me
1482 4020 1622 4074 misit
1668 4020 1850 4092 (Joan.

277 4105 365 4175 v);
418 4113 627 4177 quanto
649 4106 819 4176 magis
846 4108 1212 4177 unusquisque
1233 4117 1477 4164 nostrum
1505 4111 1608 4165 sibi
1631 4112 1855 4181 permit-

280 4205 393 4252 tere
419 4195 560 4251 nihil
587 4196 793 4251 debet?
844 4196 947 4263 Qui
970 4197 1115 4253 enim
1145 4213 1243 4253 sua
1274 4199 1602 4256 auctoritate
1648 4201 1855 4271 aliquid

279 4287 405 4357 agit,
439 4286 902 4341 manifestissima:
947 4286 1215 4356 superbiae
1241 4288 1432 4344 morbo
1469 4289 1739 4346 detinetur
1763 4310 1776 4345 :
1798 4301 1854 4347 et

281 4374 553 4445 subjectus
580 4384 664 4431 est
682 4375 757 4431 illi
786 4378 1065 4431 sententiae
1085 4392 1204 4447 qua:
1216 4377 1346 4433 dicit
1373 4396 1386 4432 :
1424 4378 1580 4445 Quod
1607 4381 1662 4435 in
1685 4382 1853 4436 homi-
1881 4371 1935 4430 D

280 4465 428 4520 nibus
460 4464 739 4535 superbum
768 4473 866 4530 est,
910 4464 1229 4519 abominatio
1261 4475 1336 4520 est
1360 4467 1415 4520 in
1453 4478 1733 4538 conspectu
1759 4469 1857 4523 Dei

281 4556 426 4629 (Luc.
458 4555 591 4627 xvi).
626 4554 731 4611 Sed
757 4556 808 4611 in
830 4558 1081 4612 omnibus
1105 4574 1199 4613 sua
1222 4568 1410 4628 sponte
1432 4559 1516 4614 vel
1538 4562 1856 4617 auctoritate

281 4648 478 4720 aliquid
499 4663 684 4719 agere,
711 4648 974 4718 culpabile
998 4661 1077 4707 est
1098 4652 1120 4704 ?

712 4782 1228 4842 INTERROGATIO
1254 4786 1472 4841 LXXXI

279 4893 332 4949 Si
356 4895 570 4949 omnino
600 4893 790 4950 volenti
813 4895 1011 4969 litteras
1051 4896 1267 4969 discere,
1305 4898 1386 4952 vel
1411 4898 1618 4953 lectioni
1643 4917 1845 4969 vacare,

800 4967 1172 5039 indulgendum
1199 4977 1275 5021 est
1291 5006 1309 5024 .

340 5076 504 5132 Rssr.
547 5076 807 5148 Apostolo
852 5080 1065 5136 dicente
1106 5097 1120 5134 :
1160 5079 1229 5135 Ut
1274 5098 1378 5137 non
1417 5098 1533 5155 quae
1561 5082 1737 5149 vultis,
1786 5100 1847 5139 ea

279 5164 482 5234 faciatis
539 5165 682 5238 (Gal.
736 5169 833 5239 v);
886 5170 941 5224 in
975 5171 1121 5227 omni
1171 5172 1386 5243 negotio
1429 5187 1526 5228 sua
1572 5174 1849 5231 voluntate

277 5260 590 5326 permittere
639 5276 1079 5333 unumquemque
1116 5278 1296 5336 agere,
1337 5264 1703 5335 perniciosum
1731 5276 1846 5334 est;

276 5344 368 5399 sed
402 5354 617 5416 oportet
642 5346 771 5403 illud
811 5350 1086 5421 suscipere
1122 5351 1265 5422 quod
1297 5353 1364 5408 ab
1384 5353 1471 5408 his
1496 5353 1587 5423 qui
1609 5364 1852 5424 praesunt

278 5432 591 5505 injnngitur,
644 5436 859 5491 etiamsi
890 5448 1076 5493 contra
1121 5441 1458 5495 voluntatem
1502 5442 1576 5497 sit
1605 5441 1723 5511 ejus
1763 5446 1848 5500 cui

276 5520 604 5594 iniungitur;
640 5526 941 5580 secundum
963 5527 1177 5583 Domini
1201 5529 1527 5605 exemplum,
1579 5531 1847 5589 dicentis:

283 5609 456 5682 Pater,
483 5630 588 5669 non
616 5631 732 5671 mea
768 5617 1034 5684 uoluntas,
1060 5618 1152 5673 sed
1176 5630 1266 5674 tua
1295 5621 1391 5690 ﬁat
1438 5621 1589 5694 (Luc.
1616 5625 1774 5698 xxii).

634 5705 909 5766 Parnm”
956 5705 1115 5767 CIII.

1971 1774 2243 1830 erubescit
2271 1777 2452 1835 dicere
2486 1798 2499 1835 :
2536 1781 2675 1848 Quia
2714 1803 2807 1858 ego
2844 1791 3101 1861 meipsum
3142 1774 3370 1851 nondum
3414 1774 3555 1856 a'sti;

1968 1878 2054 1918 mo
2091 1872 2474 1937 apprehendere
2505 1890 2523 1927 :
2554 1891 2715 1931 unum
2740 1888 2939 1948 autem,
2981 1900 3044 1938 ea
3082 1888 3290 1957 quidem
3318 1907 3438 1962 qum
3472 1911 3552 1953 re.-

1969 1962 2051 2008 tro
2071 1966 2193 2011 sunt
2233 1958 2558 2030 obliviscens,
2604 1968 2672 2019 ad
2699 1985 2761 2022 ea
2782 1980 2977 2037 autem,
3021 1991 3139 2045 qua:
3161 1988 3282 2034 ante
3302 1958 3384 2036 me
3405 1995 3548 2049 sunt,

1968 2062 2049 2100 me
2078 2049 2378 2118 extendens,
2425 2056 2715 2111 secundum
2744 2064 3071 2130 propositum
3105 2083 3294 2138 sequor
3330 2072 3402 2125 ad
3429 2075 3546 2144 pal-

1966 2152 2106 2235 ma‘m
2134 2154 2375 2209 superna:
2410 2145 2698 2202 vocationis
2739 2150 2838 2204 Dei
2872 2153 2929 2207 in
2967 2153 3177 2213 Christo
3213 2160 3343 2217 Jesu
3383 2163 3552 2235 (Phil.

1885 2308 1888 2312 Δ
1980 2223 2087 2295 ιιι).
2125 2227 2192 2282 Εῑ
2217 2231 2307 2298 qui
2331 2246 2452 2286 cum
2479 2233 2706 2292 haberet
2735 2248 3079 2313 potestatem,
3110 2256 3171 2302 ut
3200 2223 3553 2324 Evangelium

1968 2318 2296 2375 annuntians
2325 2321 2393 2377 de
2436 2322 2731 2396 Evangelia
2778 2330 2988 2389 viveret
3019 2352 3032 2389 :
3060 2335 3234 2409 Magis
3272 2341 3328 2396 in
3357 2318 3553 2400 ‘labore

1969 2418 2016 2462 et
2061 2408 2410 2480 fa:igatione,
2459 2416 2656 2487 inquit,
2711 2430 2860 2477 nocte
2905 2441 2969 2478 ac
3004 2426 3090 2481 die
3129 2408 3351 2501 operans
3414 2436 3543 2491 vixi.

1971 2498 2093 2554 Non
2114 2501 2238 2571 quia
2262 2519 2365 2558 non
2386 2506 2636 2565 habemus
2656 2522 2964 2583 potestatem
2985 2534 3004 2583 ;
3027 2519 3119 2574 sed
3130 2498 3188 2575 ut
3208 2539 3302 2578 nos
3323 2525 3551 2594 formam

1971 2588 2215 2645 daremus
2231 2592 2396 2658 vobis,
2440 2596 2511 2649 ad
2532 2599 2848 2657 imitandum
2869 2621 2965 2660 nos
2987 2605 3076 2678 (II
3105 2609 3256 2666 Thes.
3300 2588 3383 2683 ll).
3421 2615 3552 2684 Quae

1968 2693 2091 2735 cum
2128 2681 2201 2736 ita
2246 2683 2377 2749 sint,
2431 2687 2555 2757 quis
2594 2688 2667 2744 ita
2714 2692 2911 2750 stultus
2945 2703 3031 2752 est
3068 2698 3155 2753 vel
3184 2681 3463 2769 inﬁdelis;
3488 2715 3552 2761 ut

1967 2777 2119 2845 putet
2154 2787 2213 2828 se
2236 2772 2530 2843 majoribus
2551 2792 2713 2848 quam
2742 2782 2903 2839 debet
2926 2788 3179 2845 oneribus
3198 2796 3548 2863 prmgravari,

1969 2876 2091 2916 cum
2114 2862 2168 2918 in
2191 2864 2294 2922 hoc
2325 2869 2471 2938 quod
2501 2884 2758 2928 mensura
2789 2876 2965 2946 poscit
2986 2876 3228 2936 nondum
3247 2862 3419 2952 possit
3448 2862 3545 2940 itu;

1966 2953 2117 3023 plere
2137 2956 2160 3010 ?

2342 3072 2861 3135 INTERROGATIO
2898 3080 3178 3141 LXXXIII.

1962 3161 2235 3229 Quomodo
2255 3168 2372 3238 quis
2393 3182 2664 3255 promptus
2683 3174 2777 3242 fiat
2797 3177 2957 3255 etiam
2990 3179 3062 3255 ad
3078 3181 3314 3250 pericula
3336 3195 3550 3255 propter

2439 3242 2750 3297 mandatum
2788 3244 3002 3302 Domini
3027 3251 3054 3302 ?

2029 3322 2190 3379 Resp.
2230 3325 2413 3383 Primo
2441 3329 2683 3399 quidem,
2733 3340 2795 3388 ut
2841 3337 3149 3395 consideret
3174 3341 3300 3411 quia
3325 3350 3380 3398 et
3422 3343 3544 3415 ipse

1959 3413 2220 3471 Dominus
2245 3419 2486 3474 ohedivit
2508 3421 2657 3477 Patri
2684 3438 2784 3492 pro
2811 3425 2966 3482 nobis
2987 3443 3161 3499 usque
3181 3431 3249 3486 ad
3274 3413 3538 3488 mortem:

1956 3510 2013 3558 et
2041 3512 2222 3560 certus
2248 3506 2320 3561 sit
2343 3508 2469 3577 quia
2505 3511 2817 3566 mandatum
2858 3512 3073 3570 Domini
3101 3518 3157 3572 in
3184 3518 3296 3573 vita
3334 3530 3539 3578 aeterna

1957 3602 2062 3655 est.
2091 3593 2232 3648 sicut
2249 3596 2514 3665 scriptum
2546 3605 2649 3652 est.
2685 3599 2838 3655 Tunc
2861 3601 3059 3658 deinde
3101 3604 3289 3672 etiam,
3330 3615 3392 3662 ut
3420 3625 3542 3667 cre-

1957 3681 2051 3736 dat
2076 3683 2306 3740 Domino
2326 3686 2525 3742 dicenti
2550 3706 2562 3742 :
2593 3687 2733 3755 Quia
2754 3692 3050 3764 quicunque
3066 3693 3283 3751 voluerit
3308 3699 3540 3756 animam

1956 3787 2108 3825 suam
2135 3773 2335 3829 salvam
2357 3776 2549 3845 facere,
2593 3781 2775 3849 perdet
2797 3798 2912 3837 eam
2935 3799 2954 3837 :
2989 3784 3082 3856 qui
3103 3796 3277 3841 autem
3299 3790 3540 3859 perdide-

1961 3863 2026 3916 rit
2047 3865 2276 3919 animam
2297 3883 2449 3922 suam
2467 3879 2681 3940 propter
2699 3888 2797 3936 me,
2847 3883 2896 3928 et
2921 3886 3131 3946 propter
3170 3878 3537 3952 Et'angelium,

1956 3950 2158 4007 salvam
2180 3954 2336 4024 faciet
2360 3972 2477 4011 eam
2525 3957 2709 4031 (Joan.
2734 3961 2852 4033 xu).

2340 4084 2853 4149 INTERROGATIO
2890 4095 3160 4155 LXXXIV.

1957 4154 2090 4224 Cum
2121 4174 2267 4244 quali
2309 4177 2501 4246 affectu
2540 4181 2749 4266 obedire
2773 4194 2973 4266 oportet
2993 4186 3152 4266 ei_qui
3172 4206 3266 4246 nos
3307 4193 3377 4247 ad
3402 4196 3533 4266 opus

2451 4249 2690 4305 mandati
2713 4249 3021 4309 cohortatur
3044 4256 3071 4310 ?

2029 4328 2193 4390 Resp.
2254 4336 2329 4393 Eo
2376 4338 2569 4396 aii‘ectu
2608 4357 2716 4412 quo
2753 4346 3000 4401 esuriens
3039 4352 3294 4417 parvulus
3335 4358 3533 4415 nutrici

1959 4428 2142 4485 obedit
2163 4430 2230 4484 ad
2266 4432 2433 4487 ubera
2456 4432 2737 4502 invitanti;
2766 4436 2850 4491 vel
2878 4452 2987 4506 quo
3008 4438 3203 4495 ali‘cctu
3229 4446 3407 4502 omnis
3437 4449 3533 4505 ho-

1959 4533 2051 4572 mo
2096 4519 2323 4588 suscipit
2361 4520 2430 4575 ab
2456 4520 2637 4592 aliquo
2662 4538 2725 4578 ea
2756 4541 2876 4596 qua:
2913 4528 2980 4583 ad
3020 4529 3189 4585 vitam
3233 4536 3528 4605 pertinent,

1959 4608 2068 4662 imo
2095 4615 2150 4662 et
2174 4609 2220 4663 si
2248 4610 2376 4678 quid
2401 4611 2667 4681 amplius;
2723 4630 2824 4684 pro
2841 4629 2906 4672 eo
2935 4620 3078 4689 quod
3103 4621 3272 4677 multo
3293 4634 3378 4680 est
3398 4642 3525 4697 pre-

1958 4699 2147 4755 tiosior
2167 4700 2342 4755 futura
2374 4701 2482 4755 vita
2509 4719 2669 4774 quam
2698 4721 2956 4776 praesens,
3012 4711 3149 4767 sicut
3183 4723 3240 4769 et
3271 4715 3531 4774 Dominus

1842 4821 1851 4830 .
1957 4791 2134 4845 dixit:
2167 4789 2304 4856 Quia
2344 4791 2598 4847 mandata
2642 4811 2755 4849 mea
2780 4799 2883 4852 vita
2923 4810 3119 4856 wterna
3177 4815 3297 4859 sunt
3341 4806 3525 4879 (Joan.

1960 4882 2077 4945 xu).
2132 4875 2282 4931 Sicut
2313 4892 2444 4949 ergo
2468 4894 2707 4949 praesens
2734 4885 2842 4940 vita
2868 4896 3083 4944 constat
3114 4890 3170 4944 in
3199 4892 3321 4948 cibo
3345 4875 3525 4964 panis,

1960 4967 2035 5022 ita
2062 4976 2263 5023 aeterna
2286 4968 2397 5023 vita
2427 4979 2641 5025 constat
2670 4972 2723 5027 in
2758 4989 2920 5046 Opere
2947 4980 3206 5046 mandati,
3240 4982 3382 5039 sicut
3410 4985 3525 5056 ipse

1961 5060 2217 5116 Dominus
2255 5060 2450 5116 iterum
2488 5063 2620 5118 dicit
2658 5082 2671 5117 :
2708 5064 2857 5120 Meus
2897 5068 3041 5123 cibus
3088 5080 3186 5138 est,
3233 5085 3288 5128 ut
3328 5076 3527 5146 faciam

1954 5149 2268 5205 voluntatem
2315 5153 2450 5223 eius,
2490 5154 2580 5223 qui
2630 5170 2712 5207 me
2761 5157 2935 5221 misit,
2988 5158 3166 5216 Patris
3211 5161 3390 5235 (Joan.
3425 5170 3523 5241 tv).

2327 5284 2718 5341 INTERROGA
2727 5286 2838 5343 ’ΠΟ
2872 5289 3134 5348 LXXXV.

1953 5370 2111 5439 Quali
2140 5371 2337 5455 “animo
2365 5371 2534 5455 ndebet
2581 5389 2693 5455 esse
2736 5375 2854 5455 quis
2905 5380 3158 5455 pro__lt_oc_
3218 5384 3333 5455 ipso
3383 5392 3528 5455 quod

2161 5402 2337 5424 uumw
2390 5402 2533 5426 υσυυι
2581 5402 2693 5428 eoat:
2736 5402 2854 5445 quia
2905 5402 3001 5449 pro
3057 5402 3154 5436 Ιιοσ
3218 5402 3333 5455 ιριο

2116 5440 2306 5511 dignus
2357 5440 2569 5496 habitus
2608 5452 2683 5497 est
2730 5445 2786 5498 in
2823 5462 2975 5517 opere
2994 5448 3092 5505 Dei
3140 5402 3454 5510 inveniri?”

2020 5531 2183 5586 Resr.
2238 5530 2314 5585 Eo
2357 5548 2465 5601 quo
2505 5542 2625 5587 erat
2676 5535 2765 5591 ille
2815 5539 2904 5607 qui
2950 5540 3213 5597 dicebat:
3250 5538 3379 5611 Quis
3429 5565 3521 5620 ego

1949 5642 2087 5690 sum,
2117 5622 2374 5677 Domine?
2420 5632 2509 5676 aut
2537 5641 2655 5694 qurr
2679 5636 2750 5681 cst
2781 5632 2968 5684 domus
3014 5633 3175 5694 patris
3204 5635 3351 5690 mei?
3395 5653 3524 5706 quo-

2978 5723 3048 5782 Π
