3974 6192
415 198 518 253 523

1370 193 1429 248 S.
1463 191 1822 248 BENEDICTI
1858 188 2149 246 ABBATIS
2185 185 2593 243 ANIANENSIS

3545 185 3648 240 525

418 309 563 360 niam
584 304 811 360 dilexisti
838 319 919 358 me
942 305 966 358 t
987 303 1070 374 (ll
1089 303 1214 372 Reg.
1251 300 1369 372 vn.)
1391 299 1624 370 Explens
1651 315 1749 369 per
1772 298 1980 369 singula
2009 302 2063 360 Α
2089 295 2390 361 tinentiam,
2421 309 2528 363 qua
2556 308 2614 347 se
2640 291 2762 362 quis
2785 306 2813 345 a
2834 292 3106 361 prioribus
3142 291 3255 348 suis
3282 291 3649 362 voluptatibus

419 395 473 450 id
507 395 662 464 quod
703 393 962 463 scriptum
1010 400 1096 446 est
1122 406 1136 444 :
1165 390 1377 444 Gratias
1415 398 1622 459 agentes
1656 389 1767 442 Deo
1806 387 1979 452 Patri,

415 483 507 554 qui
525 484 737 538 idoneos
761 497 854 535 nos
875 481 994 550 fecit
1019 481 1072 533 in
1102 489 1302 549 partem
1322 480 1478 531 sortis
1497 487 1797 532 sanctorum
1823 477 1877 530 in
1903 476 1985 529 lu-

415 573 556 628 mine
580 589 599 625 :
629 571 718 640 qui
757 579 804 622 et
832 568 1066 622 liberavit
1112 583 1206 620 nos
1245 567 1309 620 de
1341 575 1594 637 potestate
1627 565 1977 628 tenebrarum,

418 674 466 717 et
514 660 779 716 transtulit
843 661 900 713 in
959 675 1173 728 regnum
1208 656 1340 711 Filii
1393 657 1649 711 claritatis
1700 671 1810 710 sate
1856 653 1982 726 (Co-

419 753 541 808 lo“.
598 752 639 823 1)
831 840 1343 898 INTERROGATIO
1379 840 1670 896 LXXXVI.

420 939 692 1004 Quomodo
715 937 897 992 debent
938 938 994 989 hi
1013 936 1100 1004 qui
1124 944 1482 1003 processerunt
1529 935 1586 988 in
1606 932 1783 986 labore
1812 934 1982 1002 aperis

488 1009 604 1130 Diali,
653 1008 906 1109 in’struere
962 1005 1038 1058 vel
1079 1005 1348 1058 instituere
1405 1020 1493 1058 eos
1537 1005 1626 1075 qui
1682 1019 1847 1073 nuper
1888 1019 1982 1055 ac-

489 1095 543 1131 ce
583 1086 707 1130 unt.

487 1166 643 1220 Resp.
687 1163 742 1219 Si
772 1164 988 1234 quidem
1021 1178 1249 1232 corpore
1302 1163 1479 1217 adhuc
1516 1163 1690 1233 vegeti
1723 1170 1847 1216 sunt
1889 1176 1986 1230 per

417 1257 518 1309 hoc
544 1255 686 1323 quod
711 1253 935 1323 impigre
965 1253 1031 1308 ad
1057 1260 1248 1306 cuncta
1279 1251 1576 1306 habilitatis
1596 1251 1764 1305 ofﬁcia
1789 1260 1984 1306 semet-

417 1343 560 1412 ipsos
587 1351 806 1412 paratos
854 1340 1128 1404 exhibent,
1186 1340 1456 1395 aediﬁcant
1488 1355 1604 1405 eos,
1651 1349 1706 1395 et
1755 1339 1983 1394 formam

416 1432 496 1485 eis
522 1431 704 1485 utilem
737 1430 803 1484 ad
827 1445 1041 1483 omnem
1087 1428 1386 1498 profectum
1435 1437 1714 1499 praestant.
1763 1429 1820 1484 Si
1847 1445 1978 1485 vero

417 1522 738 1576 inﬁrmiores
775 1527 901 1574 sunt
941 1533 1187 1586 corpore,
1225 1533 1323 1587 per
1366 1519 1470 1574 hoc
1519 1520 1662 1588 quod
1687 1520 1984 1574 ostendunt

413 1613 494 1666 eis
519 1627 577 1666 se
599 1610 652 1664 in
673 1609 920 1664 omnibus
953 1609 1036 1662 vel
1065 1609 1295 1674 actibus,
1314 1609 1397 1664 vel
1423 1610 1679 1676 motibus,
1709 1610 1794 1664 vel
1817 1611 1981 1665 etiam
2009 1629 2056 1688 Β

415 1703 530 1769 ipso
555 1697 722 1763 vultu,
765 1697 857 1750 Dei
884 1710 1094 1765 semper
1133 1697 1333 1750 habere
1375 1706 1430 1751 et
1477 1697 1714 1766 cogitare
1739 1713 1978 1767 przesen-

416 1789 565 1851 tiam,
589 1786 682 1840 sed
710 1794 762 1839 et
787 1785 839 1839 in
865 1785 949 1838 his
969 1799 1088 1852 quae
1117 1784 1185 1837 ab
1204 1782 1462 1853 Apostolo
1490 1793 1800 1839 enumerata
1831 1794 1978 1852 sunt,

415 1878 734 1948 specialibus
761 1875 1043 1930 charitatis
1076 1873 1375 1939 aﬁ'ectibus,
1405 1875 1602 1944 quibus
1629 1877 1706 1930 ait
1745 1894 1758 1928 :
1789 1875 1979 1930 Chari-

414 1949 494 2022 tas
534 1968 734 2037 patiens
756 1975 851 2030 est,
887 1975 935 2019 et
970 1965 1190 2034 benigna
1211 1974 1285 2019 est
1311 1978 1328 2015 :
1352 1981 1455 2018 non
1478 1964 1701 2033 zelatur,
1749 1983 1852 2020 non
1872 1967 1980 2037 agit

417 2071 709 2126 perperam,
753 2071 855 2106 non
880 2053 1116 2122 inflatur,
1145 2069 1247 2106 non
1273 2052 1664 2121 dehonestatur,
1712 2073 1815 2110 non
1839 2073 1982 2126 quae-

412 2148 478 2200 rit
519 2162 634 2214 qua:
673 2161 770 2198 sua
797 2154 935 2208 sunt,
964 2161 1066 2197 non
1105 2144 1369 2211 irritatur,
1415 2162 1519 2199 non
1541 2147 1732 2217 cogitat
1759 2147 1978 2214 malum,

415 2255 520 2294 non
549 2238 740 2309 gaudet
765 2253 920 2306 super
959 2237 1250 2306 iniquitate,
1300 2237 1588 2307 congaudet
1630 2247 1804 2292 autem
1849 2238 1992 2302 veri:

413 2329 510 2383 tati
541 2342 557 2380 :
586 2328 762 2382 omnia
801 2326 1007 2394 suﬂ'ert,
1051 2326 1226 2379 omnia
1269 2335 1466 2395 sperat,
1506 2327 1685 2380 omnia
1739 2327 1979 2396 patitur:

411 2420 642 2474 charitas
680 2431 962 2486 numquam
1002 2415 1194 2468 excidit
1241 2413 1294 2486 (I
1313 2412 1435 2468 Car.
1483 2415 1626 2486 xm).
1676 2414 1802 2469 Haac
1833 2416 1980 2470 enim

409 2511 590 2566 omnia
654 2510 818 2566 etiam
870 2509 926 2564 in
965 2507 1181 2562 inﬁrmo
1237 2521 1463 2577 corpore
1530 2507 1744 2578 impleri
1801 2506 1978 2578 possi-

409 2601 514 2658 bile
546 2609 649 2656 est.

790 2687 1298 2746 INTERROGATIO
1335 2687 1640 2744 LXXXVII.

409 2783 468 2838 Si
505 2784 644 2836 dicat
665 2782 825 2853 quis:
862 2779 988 2853 volo
1008 2779 1148 2852 apud
1167 2797 1465 2853 vosparum
1505 2779 1708 2851 aliquid
1731 2778 1979 2850 temporis

479 2850 686 2974 facerg,
712 2861 768 2904 ut
804 2850 1078 2921 proﬁciam
1099 2865 1162 2904 ex
1183 2850 1323 2904 vobis
1344 2866 1365 2915 ,°
1405 2851 1451 2905 si
1494 2850 1691 2920 oportet
1723 2865 1842 2903 eum
1863 2864 1981 2903 sus-

498 2939 596 2974 nm

498 2939 596 2992 (ιρι

481 3011 643 3065 Resp.
686 3009 917 3064 Domino
946 3008 1327 3078 pronuntiante
1355 3025 1368 3062 :
1399 3005 1535 3073 Quia
1563 3007 1849 3062 venientem
1907 3005 1976 3060 ad

407 3117 488 3154 me
509 3116 611 3153 non
643 3098 851 3168 ejiciam
875 3091 1018 3167 foras
1042 3096 1222 3168 (Joan.
1257 3097 1332 3169 vn)
1358 3115 1374 3162 ;
1407 3106 1463 3152 et
1497 3096 1754 3166 Apostolo
1779 3097 1977 3152 nihilo-

409 3189 589 3242 minus
614 3188 828 3242 dicente
871 3203 885 3240 :
916 3185 1140 3255 Propter
1161 3185 1580 3239 subintroductos
1619 3195 1792 3238 autem
1816 3184 1978 3254 falsos

408 3279 621 3347 fratres,
652 3277 743 3347 qui
770 3275 1180 3330 subintroierunt
1226 3273 1502 3345 explorare
1537 3273 1830 3328 libertatem
1879 3290 1978 3327 no-

406 3377 591 3433 stram,
641 3380 799 3437 quam
842 3363 1088 3418 habemus
1130 3365 1186 3418 in
1223 3364 1431 3420 Christo
1459 3363 1589 3419 Jesu
1617 3378 1635 3417 :
1663 3364 1849 3434 quibus
1886 3381 1978 3418 nec

408 3455 477 3510 ad
515 3457 700 3510 horam
721 3455 967 3509 cessimus
991 3454 1340 3524 subjectioni;
1383 3463 1439 3509 ut
1478 3456 1670 3509 veritas
1709 3453 1977 3525 Evangelii
2047 3487 2052 3490 -

407 3554 706 3618 permaneat
726 3543 867 3616 apud
881 3560 966 3600 vos
991 3542 1132 3616 (Gal.
1165 3545 1259 3615 ιι);
1290 3546 1511 3602 concedi
1541 3546 1758 3615 quidem
1785 3545 1835 3602 ei
1857 3561 1981 3601 con-

401 3639 554 3693 venit
578 3639 901 3709 ingressum,
924 3646 1144 3707 propter
1158 3637 1394 3692 incertos
1407 3637 1584 3693 exitus
1596 3653 1798 3692 rerum.
1813 3637 1979 3693 Inter-

407 3729 534 3784 dum
557 3729 702 3785 enim
722 3737 899 3798 potest
917 3727 1032 3783 ﬁeri
1047 3735 1104 3782 ut
1127 3743 1222 3798 per
1243 3737 1451 3798 tempus
1465 3728 1732 3798 proﬁciat,
1753 3736 1809 3784 et
1834 3729 1978 3784 dele-

407 3829 585 3877 ctetur
613 3821 904 3877 sanctitate
932 3821 1076 3884 vitae,
1101 3828 1156 3874 et
1170 3829 1481 3890 permaneat
1515 3820 1571 3874 in
1595 3820 1806 3890 ereptis,
1838 3820 1979 3874 sicut

384 3919 462 3965 «et
500 3909 810 3979 frequenter
838 3908 1044 3963 factum
1086 3909 1306 3972 scimus.
1356 3907 1462 3964 Sed
1495 3919 1551 3964 et
1581 3917 1638 3962 ut
1684 3907 1976 3963 manifesta

389 4000 506 4054 .ﬁat
529 4001 730 4054 veritas
772 3998 1174 4052 institutionum
1199 4005 1526 4063 nostrarum,
1550 3998 1615 4054 de
1653 3999 1849 4067 quibus
1872 3997 1980 4052 for-

388 4093 573 4148 .tassis
598 4092 843 4146 homines
867 4089 1024 4144 aliter
1044 4091 1352 4157 opinantur.
1374 4089 1600 4159 Oportet
1627 4098 1805 4145 tamen
1829 4089 1977 4143 circa

407 4197 532 4236 eum
565 4179 774 4235 cautius
803 4179 889 4250 agi
913 4186 966 4233 et
994 4177 1343 4249 diligentius;
1407 4185 1466 4231 ut
1493 4179 1606 4232 sive
1652 4179 1708 4232 in
1747 4179 1977 4233 veritate

384 4305 392 4335 .>
407 4281 723 4346 permaneat
765 4273 851 4330 vel
878 4272 1142 4344 proﬁciat,
1193 4272 1306 4326 sive
1334 4271 1730 4326 institutionum
1770 4279 1976 4325 nostra-

2001 4322 2052 4381 D

2083 384 2340 440 continet.
2365 384 2632 450 Quantum
2649 389 2829 435 autem
2849 381 3045 434 habeat
3067 381 3317 450 periculi,
3345 397 3435 451 qu;
3457 382 3650 438 volun-

2083 485 2247 532 tatem
2277 475 2550 546 propriam
2572 473 2686 528 vult
2713 473 2909 537 facere,
2939 482 2996 528 et
3015 489 3120 528 non
3161 474 3394 538 Domini,
3436 486 3649 532 certum

2082 577 2252 624 estex
2271 567 2356 621 his
2379 580 2498 635 quae
2524 564 2812 635 Apostolus
2834 565 2966 618 dicit
2990 582 3004 619 :
3034 563 3310 620 Faeientes
3333 565 3654 622 voluntatem

2084 657 2256 711 carnis
2289 664 2338 710 et
2375 656 2771 724 cogitationum,
2801 669 3010 708 eramus
3051 664 3242 709 natura
3265 654 3366 724 lilii
3395 647 3489 712 ira:
3513 659 3653 713 sicut

2083 757 2132 801 et
2157 747 2331 801 ceteri
2385 744 2601 818 (Ephes.
2627 745 2711 814 ιι),

2487 858 3002 915 INTERROGATIO
3039 857 3326 914 LXXXIX.

2087 930 2190 998 Qui
2223 931 2350 984 satis
2369 929 2600 999 jejunat,
2644 932 2764 982 etin
2791 929 3066 998 refectione
3099 946 3200 984 non
3232 938 3394 999 potest
3419 947 3652 986 commu-

2155 1016 2270 1053 nem
2311 999 2478 1070 cibum
2502 1014 2618 1070 cum
2663 1000 2900 1051 omnibus
2934 1015 3171 1070 sumere;
3205 999 3329 1069 quid
3352 1003 3518 1070 magis
3557 1003 3651 1056 eli-

2157 1085 2272 1136 gere
2311 1068 2480 1130 debet,
2511 1067 2757 1135 jejunare
2814 1083 2943 1138 cum
2978 1067 3226 1138 fratribus
3269 1077 3316 1121 et
3359 1067 3478 1138 cum
3524 1071 3651 1138 ipsis

2155 1139 2380 1216 reﬁcere,
2436 1145 2532 1258 put
2587 1145 2798 1206 propter
2834 1136 3040 1204 majora
3079 1137 3285 1206 jejunio
3325 1137 3459 1192 alios
3509 1136 3650 1195 cibos

2156 1221 2415 1258 requirere

2156 1221 2415 1274 requirere

2153 1297 2311 1352 Resr.
2352 1294 2546 1363 Jejunii
2581 1310 2832 1351 mensura
2861 1311 2967 1351 non
2997 1296 3158 1352 debet
3198 1313 3266 1352 ex
3311 1297 3654 1367 uniuscujus-

2085 1402 2188 1456 que
2210 1387 2485 1440 voluntate
2523 1385 2774 1454 pendere,
2825 1386 2920 1440 sed
2969 1401 3034 1440 ex
3062 1384 3217 1454 jussu
3242 1395 3298 1442 et
3319 1389 3654 1444 institutione

2086 1493 2274 1533 eorum
2298 1478 2390 1546 qui
2414 1477 2772 1531 communiter
2811 1477 2923 1532 Deo
2957 1478 3198 1534 serviunt
3229 1494 3243 1532 :
3273 1481 3413 1534 sicut
3441 1489 3494 1535 et
3530 1482 3652 1536 illo-

2087 1589 2207 1628 rum
2237 1573 2290 1626 in
2341 1571 2592 1626 omnibus
2647 1569 2974 1624 unanimitas
2991 1579 3045 1624 et
3081 1573 3429 1626 consonantia
3477 1574 3652 1628 refer-

2085 1670 2192 1726 tur,
2255 1660 2343 1730 qui
2392 1660 2446 1714 in
2493 1659 2712 1715 Actibus
2765 1660 3128 1729 apostolorum
3175 1677 3269 1715 cor
3293 1671 3347 1715 et
3397 1662 3639 1716 animam

2080 1767 2245 1807 unam
2267 1751 2520 1805 habuisse
2549 1750 2830 1819 signantur
2857 1747 2994 1821 (Act.
3027 1751 3123 1821 ιν).
3165 1751 3222 1804 Si
3258 1751 3379 1820 quis
3405 1767 3534 1822 ergo
3569 1767 3653 1806 ra-

2079 1841 2477 1898 tionabiliteret
2515 1839 2743 1895 ﬁdeliter
2766 1837 2997 1910 jejunat,
3047 1842 3210 1897 etiam
3257 1843 3533 1907 virtutem,
3589 1850 3652 1897 ut

2076 1932 2345 1987 sustinere
2361 1930 2551 2000 possit,
2565 1945 2596 1983 a
2617 1929 2844 1983 Domino
2865 1930 3214 1998 consequitur
3238 1948 3250 1984 :
3271 1929 3467 1986 Fidelis
3503 1935 3644 1986 enim

2078 2031 2174 2086 est,
2199 2023 2288 2092 qui
2315 2021 2602 2092 repromisit
2627 2018 2814 2091 (Hebr.
2843 2017 2899 2090 x)
2919 2061 2934 2078 .

2529 2129 3044 2188 INTERROGATIO
3080 2132 3190 2187 XC.

2081 2203 2354 2270 Quomoao
2378 2214 2576 2274 oportet
2591 2202 2858 2274 jejunare,
2881 2217 3004 2274 cum
3020 2202 3367 2274 necessarium
3379 2202 3648 2274 jejunium

2148 2269 2475 2343 injungitu'r;
2521 2274 2575 2343 si
2593 2269 2886 2338 aliquando
2932 2270 3130 2340 aliquid
3175 2272 3314 2343 quod
3342 2269 3520 2342 religio
3558 2274 3649 2326 de-

2147 2341 2332 2464 polscit,
2360 2341 2667 2465 erpéendum
2697 2346 2794 2404 est,
2836 2347 3083 2408 tanquam
3111 2341 3528 2407 exinecessitate,
3581 2360 3648 2396 an

2149 2430 2208 2467 vo
2233 2421 2438 2465 untarie

2148 2501 2308 2556 Rese.
2349 2501 2576 2556 Domino
2611 2503 2824 2558 dicente
2856 2521 2868 2557 :
2899 2503 3048 2557 Beati
3076 2502 3164 2573 qui
3213 2501 3448 2555 esuriant
3489 2509 3536 2552 et
3574 2499 3647 2553 si-

2080 2592 2216 2646 tiunt
2238 2592 2504 2661 justitiam
2531 2591 2742 2662 (Matth.
2774 2592 2851 2663 v),
2883 2609 3044 2648 omne
3072 2593 3214 2664 quod
3240 2591 3307 2646 ad
3333 2591 3648 2662 religionem

2079 2681 2334 2753 pertinet,
2367 2680 2472 2735 nisi
2501 2695 2565 2734 ex
2589 2683 2866 2752 proposito
2899 2691 2954 2737 et
2984 2682 3263 2736 devotione
3287 2681 3397 2741 ﬁat,
3438 2679 3649 2749 pericu-

2081 2771 2190 2825 lum
2235 2779 2476 2842 generat.
2526 2771 2695 2826 Debet
2749 2787 2875 2843 ergo
2920 2771 3128 2842 jejunio
3172 2771 3369 2826 sociari
3415 2769 3648 2826 devotio.

2080 2859 2215 2928 Quia
2239 2868 2418 2915 autem
2442 2861 2807 2915 necessarium
2831 2861 2902 2915 sit
2923 2860 3182 2931 jejunium
3219 2860 3272 2914 in
3303 2859 3500 2914 talibus
3525 2860 3648 2929 qui-

2006 2957 2050 3020 C
2080 2951 2287 3020 basque
2315 2950 2513 3015 causis,
2563 2958 2618 3006 et
2643 2952 2875 3006 maxime
2903 2966 3024 3005 cum
3049 2950 3418 3006 desideramus
3447 2950 3650 3019 aliquid

2076 3037 2364 3107 impetrare
2391 3052 2421 3091 a
2449 3037 2698 3103 Domino,
2725 3039 2888 3093 etiam
2918 3046 3137 3093 sanctus
3159 3038 3448 3109 Apostolus
3468 3037 3644 3104 docet,

2075 3129 2165 3198 qui
2198 3129 2339 3183 inter
2372 3138 2596 3184 caeteras
2626 3145 2750 3184 suas
2794 3130 3020 3184 virtutes
3052 3129 3261 3184 addidit
3297 3131 3461 3185 etiam
3505 3131 3644 3185 hoc:

2079 3219 2216 3286 Quia
2261 3219 2317 3273 in
2332 3220 2554 3290 jejuniis
2581 3221 2878 3290 frequenter
2907 3222 2960 3294 (Ι
2983 3221 3108 3276 Cor.
3139 3222 3239 3293 xl).

2501 3333 3012 3389 INTERROGATIO
3049 3333 3182 3388 XCI.

2077 3400 2182 3468 Qui
2236 3419 2339 3473 non
2384 3403 2491 3456 vult
2551 3405 2676 3473 ipsis
2727 3404 2852 3458 cibis
2897 3404 3030 3457 vesci
3093 3419 3158 3456 ea:
3221 3403 3405 3473 quibus
3454 3405 3646 3472 fratres

2167 3472 2493 3540 reﬁciuntur,
2540 3472 2630 3526 sed
2670 3473 2802 3527 alios
2837 3475 3070 3543 requirit,
3117 3474 3161 3526 si
3203 3472 3335 3527 recte
3372 3474 3498 3542 facit
3524 3475 3551 3526 2

2148 3561 2308 3617 Raso.
2351 3561 2674 3636 Specialiter
2700 3565 2804 3620 hoc
2831 3565 3025 3636 ipsum,
3057 3580 3301 3636 quazrere
3338 3565 3540 3631 cibum,
3567 3573 3649 3621 est

2077 3659 2264 3706 contra
2305 3653 2617 3707 mandatum
2664 3654 2900 3721 Domini,
2951 3655 3180 3710 dicentis
3231 3674 3245 3710 :
3289 3655 3468 3710 Nolite
3505 3674 3648 3728 qua:-

2079 3757 2190 3794 rere
2226 3740 2352 3810 quid
2383 3742 2729 3811 manducetis,
2779 3744 2857 3798 vel
2885 3745 3011 3816 quid
3048 3746 3236 3800 bibatis
3275 3745 3491 3817 (Matth.
3537 3747 3636 3815 vr).

2077 3830 2144 3884 Et
2172 3837 2231 3884 ut
2275 3846 2373 3885 nos
2420 3833 2590 3901 magis
2625 3840 2860 3890 attentos
2911 3833 3115 3889 faceret
3159 3836 3226 3889 ad
3261 3851 3325 3890 ea
3357 3851 3475 3904 quae
3503 3836 3646 3893 dice-

2076 3920 2170 3975 bat
2207 3922 2412 3976 addidit
2437 3935 2452 3975 :
2477 3920 2606 3976 Hac
2627 3925 2764 3977 enim
2787 3934 2961 3995 gentes
2989 3925 3277 3996 inquirunt.
3305 3924 3448 3980 Sane
3482 3925 3640 3980 debet

2080 4011 2383 4066 sollicitudo
2447 4011 2564 4081 ejus
2615 4028 2733 4070 esse
2774 4016 2864 4084 qui
2931 4025 3156 4086 praeest,
3213 4024 3273 4071 ut
3325 4017 3544 4086 impleat
3587 4017 3648 4070 il-

2076 4101 2166 4155 lud
2203 4103 2347 4171 quod
2399 4104 2658 4175 scriptum
2704 4114 2786 4160 est
2817 4124 2829 4159 :
2862 4107 3209 4162 Dividebatur
3242 4117 3415 4162 autem
3442 4109 3646 4161 unicui-

2073 4207 2172 4260 que
2197 4192 2480 4246 secundum
2502 4193 2558 4246 id
2577 4194 2714 4264 quod
2735 4211 2862 4265 Opus
2886 4206 2998 4250 erat
3018 4196 3154 4268 (Act.
3193 4195 3289 4267 tv).

2496 4294 3007 4362 INTERROGATIO
3045 4305 3199 4360 xcn.

391 4384 528 4423 rum
588 4367 812 4422 libertas
853 4364 1182 4436 exploretur,
1230 4361 1524 4432 probabilis
1567 4361 1872 4416 inveniatur
1923 4370 1977 4416 et
2001 4361 2051 4381 "
2079 4369 2181 4435 Qui
2202 4370 2345 4434 dicit,
2375 4371 2498 4440 quia
2525 4372 2668 4426 («edit
2687 4391 2766 4428 me
2781 4375 2897 4440 hoc,
2921 4385 2968 4429 et
2986 4361 3330 4429 contristatur
3355 4378 3402 4430 si
3421 4378 3472 4431 ei
3505 4377 3641 4431 alius

389 4475 561 4531 pura.
607 4459 685 4513 Ita
721 4472 955 4528 namque
987 4464 1041 4510 et
1069 4471 1168 4510 nos
1197 4454 1308 4508 Deo
1343 4452 1708 4524 placebimus;
1765 4462 1820 4509 et
1862 4453 1972 4517 ille,

407 4560 501 4606 aut
528 4550 790 4623 proﬁciet.
819 4552 865 4606 si
887 4565 1049 4604 verax
1076 4557 1189 4614 est;
1227 4557 1320 4603 aut
1350 4549 1395 4603 si
1418 4547 1700 4603 simulator
1725 4554 1831 4612 est,
1852 4561 1976 4601 eru-

408 4644 610 4698 besem.
759 4724 1280 4786 INTERROGATIO
1315 4724 1644 4782 LXXXVIII.

403 4845 464 4900 Si
487 4845 602 4915 quis
628 4841 959 4915 supra_vires
998 4840 1108 4915 vult
1153 4841 1432 4915 abstinere,
1488 4838 1781 4915 ita_etiam,
1824 4846 1881 4891 ut
1915 4838 1970 4915 in

475 4907 626 4983 opere
653 4907 1024 4983 mandatorum
1073 4910 1392 4983 impediatur
1404 4925 1513 4983 _per
1537 4907 1852 4962 nimietatem
1884 4907 1972 4960 ab-

473 4979 762 5047 stinentia;
787 4982 832 5036 si
881 4990 1076 5052 oportet
1098 4979 1154 5034 ei
1170 4979 1422 5036 concedi?

469 5091 632 5147 Besr.
686 5091 1039 5164 Interrogatio
1066 5103 1248 5146 vestra
1293 5105 1400 5145 non
1430 5088 1562 5144 mihi
1585 5087 1797 5142 videtur
1826 5101 1973 5141 com-

391 5187 650 5248 petenter
673 5178 933 5233 adhibita.
985 5179 1101 5234 Non
1143 5179 1291 5234 enim
1327 5176 1718 5232 continentiam
1751 5175 1804 5229 in
1837 5175 1972 5229 cibis

401 5267 579 5322 solum
606 5282 726 5323 esse
753 5267 986 5322 diximus
1025 5287 1037 5321 :
1071 5283 1192 5321 nam
1241 5268 1355 5321 hrec
1399 5267 1466 5321 ab
1521 5263 1760 5334 apostolo
1804 5263 1971 5318 Paulo

404 5357 568 5411 etiam
597 5356 873 5426 culpabilis
898 5356 1186 5438 invenitur,
1213 5356 1257 5410 si
1287 5371 1392 5410 non
1415 5370 1534 5410 curn
1566 5353 1668 5407 ﬁde
1687 5360 1741 5406 et
1763 5353 1971 5406 ratione

383 5444 521 5511 κῆαι,
548 5460 670 5501 cum
695 5447 826 5502 dicit
861 5466 872 5501 :
900 5447 1222 5501 Abstinentes
1237 5463 1290 5500 se
1310 5464 1342 5499 a
1369 5445 1495 5499 cibis
1511 5461 1639 5516 quos
1670 5443 1812 5497 Deus
1833 5459 1974 5497 crea-

395 5537 474 5591 uit
489 5535 541 5610 (I
560 5537 692 5594 Tim.
708 5545 806 5611 tv).
835 5539 942 5596 Sed
960 5539 1107 5594 illam
1127 5539 1361 5596 diximus
1384 5552 1502 5594 esse
1523 5535 1817 5606 perfectam
1842 5552 1970 5594 con-

2357 4461 2504 4514 cibus
2527 4478 2628 4515 non
2658 4462 2816 4531 fuerit
2840 4465 3016 4531 datus,
3039 4465 3210 4535 qualis
3235 4475 3309 4518 est
3332 4465 3357 4518 Ρ

2140 4549 2298 4604 Βεει».
2339 4550 2575 4620 Apparet
2608 4553 2736 4621 quia
2767 4553 2855 4608 hic
2889 4569 2996 4608 non
3035 4563 3121 4608 est
3165 4553 3306 4608 ﬁxus
3355 4555 3408 4608 in
3441 4571 3536 4626 spe
3557 4557 3644 4610 illa

2069 4654 2229 4708 quam
2250 4639 2538 4694 Eleazarus
2559 4642 2751 4697 habuit
2773 4641 2858 4712 (11
2885 4641 3059 4697 Much.
3092 4643 3201 4713 v1);
3236 4658 3336 4698 nec
3369 4643 3434 4698 de
3467 4646 3646 4700 chari‘

2076 4740 2186 4787 tate
2215 4731 2329 4801 ejus
2358 4733 2448 4801 qui
2476 4739 2692 4801 praeest,
2722 4742 2778 4786 et
2796 4731 3210 4787 sollicitudinem
3235 4740 3345 4788 tam
3373 4733 3454 4788 sui
3481 4749 3642 4804 quam

2073 4821 2313 4875 omnium
2367 4821 2526 4891 gerit,
2582 4829 2765 4876 certus
2821 4829 2924 4876 est.
2970 4822 3356 4878 Verumtamen
3401 4822 3645 4879 absolute

2075 4924 2250 4978 neque
2277 4909 2344 4963 de
2377 4911 2464 4964 his
2500 4925 2621 4978 quae
2657 4910 2878 4977 laedunt,
2924 4925 3099 4981 neque
3133 4912 3198 4967 de
3234 4911 3319 4967 his
3357 4927 3479 4982 quae
3518 4927 3644 4982 pro-

2079 5009 2223 5066 sunt,
2259 5001 2593 5070 permittitur
2625 5001 2914 5071 unicuique
2937 5001 3142 5072 judicio
3186 5017 3284 5057 suo
3309 5003 3393 5057 vel
3449 5002 3640 5058 volun-

2077 5099 2188 5145 tate
2243 5090 2447 5160 aliquid
2507 5106 2702 5162 agere;
2747 5094 2840 5146 sed
2879 5091 2996 5161 ejus
3051 5093 3145 5162 qui
3196 5099 3392 5162 prmest
3437 5091 3644 5161 judicio

2075 5181 2514 5235 committendum
2545 5189 2648 5246 est,
2681 5189 2742 5235 ut
2775 5181 3085 5251 unicuique,
3129 5191 3290 5252 prout
3322 5197 3409 5237 res
3437 5182 3519 5235 vel
3547 5197 3638 5236 ne-

2072 5272 2297 5326 cessitas
2353 5273 2576 5341 expetit,
2631 5273 2878 5328 consulat
2921 5291 2933 5326 :
2975 5273 3150 5343 primo
3185 5272 3424 5327 omnium
3467 5273 3518 5327 in
3558 5274 3642 5327 his

2071 5377 2192 5431 qua:
2247 5362 2439 5416 animae
2491 5369 2752 5431 prosunt;
2803 5369 2930 5418 tunc
2985 5361 3178 5416 deinde
3233 5362 3469 5416 secundo
3524 5361 3643 5415 loco

2071 5449 2236 5503 etiam
2259 5458 2319 5503 ut
2345 5450 2398 5503 in
2420 5451 2794 5519 corporalibus
2816 5451 3002 5508 usibus
3022 5451 3316 5508 secundum
3339 5450 3434 5507 Dei
3455 5450 3646 5512 volunt-

2068 5546 2240 5594 tatem
2274 5539 2600 5595 moderetur.
3542 5568 3580 5598 ιι
