3974 6192
271 245 380 303 5‘25

729 355 1239 413 INTERROGATIO
1279 357 1456 413 XCIII.

953 246 1177 302 CODEX
1219 244 1671 302 REGULARUM.
1712 277 1782 298 -.-—
1818 246 1998 304 PARS
2037 249 2077 303 I.
2122 249 2425 306 REGL'LAS
2469 249 2570 304 PP.
2612 251 2887 306 ORIENT.

3425 256 3528 311 525

1877 366 1925 424 Α
1953 360 2170 415 libenter
2190 362 2454 432 accipiunt
2485 361 2699 432 (Matth.
2726 364 2846 434 xv);
2885 365 2932 417 is
2963 366 3048 419 cui
3081 365 3410 435 dispensatio
3440 369 3524 421 in-

271 453 331 509 Si
372 467 490 508 vero
505 453 666 508 etiam
685 450 801 521 quis
827 458 1112 521 murmuret
1132 459 1343 521 propter
1363 465 1558 521 escam,
1584 465 1702 520 qua?
1724 465 1848 519 erga
1944 448 2129 517 juncta
2161 458 2262 515 est,
2296 465 2421 505 cum
2453 451 2886 506 consideratione
2912 453 3072 507 debet
3101 454 3204 508 hoc
3229 453 3426 510 facere.
3466 455 3527 511 Si

721 535 839 572 eum
853 520 1109 573 sententia
1133 519 1427 572 servabitur
1439 520 1465 572 γ

348 612 505 664 Res».
565 607 645 662 Ea
689 622 811 676 qua:
854 607 1002 660 circa
1063 606 1184 660 illos
1237 606 1329 674 qui
1373 615 1852 660 murmuravcruut

275 705 327 758 in
365 703 600 757 deserto.
643 700 782 756 Dicit
807 699 951 754 enim
972 697 1298 767 Apostolus:
1335 697 1418 752 Ne
1437 697 1852 750 murmuraveri-

274 793 359 854 tis,
381 791 516 843 sicut
546 788 761 858 quidam
783 802 959 839 eorum
982 794 1457 850 murmuraverunt,
1514 794 1562 838 et
1585 783 1850 854 perierunt

274 884 336 938 ab
364 879 769 936 exterminatore
815 876 867 947 (l
896 875 1020 930 Cor.
1057 874 1137 946 Χ).

729 984 1250 1042 INTERROGATIO
1287 983 1467 1038 XCIV.

344 1060 623 1131 Sioportet
646 1073 762 1112 eum
784 1057 872 1131 qui
893 1055 1008 1125 plus
1029 1055 1254 1131 laborat,
1295 1056 1554 1131 requirere
1591 1053 1708 1124 plus
1755 1054 1854 1108 ali-

729 1124 855 1197 quid
879 1124 910 1178 a
936 1124 1306 1178 consuetudine
1331 1124 1354 1176 ?

343 1225 504 1279 Resr.
548 1223 605 1278 Si
635 1231 854 1292 prepter
889 1218 1296 1274 retributionem
1330 1219 1425 1272 Dei
1464 1218 1707 1273 laborem
1735 1233 1855 1272 sus-

277 1315 426 1385 cipit,
454 1329 562 1368 non
590 1313 681 1366 hic
714 1311 991 1381 requirere
1021 1309 1179 1364 debet
1203 1307 1403 1364 laboris
1438 1310 1520 1364 sui
1547 1309 1852 1365 mercedem

275 1404 355 1457 vel
392 1403 656 1472 requiem,
688 1403 781 1456 sed
810 1416 907 1470 pro
941 1400 1026 1453 bis
1059 1400 1127 1453 ad
1163 1401 1431 1472 promissa
1466 1401 1678 1456 Domini
1703 1401 1856 1456 festi—

276 1509 406 1547 nare
435 1511 447 1545 :
478 1492 654 1545 sciens
671 1491 796 1561 quia
819 1490 959 1546 sicut
979 1507 1077 1561 pro
1129 1492 1402 1546 laboribus
1438 1492 1721 1546 mercedes
1763 1508 1858 1562 pa-

277 1583 412 1636 ravit
443 1581 726 1645 Dominus,
770 1580 846 1634 ita
893 1581 1060 1635 etiam
1097 1596 1195 1651 pro
1223 1580 1490 1651 angustiis
1533 1580 1858 1635 consolatio-

275 1689 390 1728 nes.
432 1674 816 1728 Verumtamen
843 1672 897 1726 hi
937 1673 1031 1742 qui
1063 1679 1322 1742 prtesunt,
1384 1672 1747 1726 observabunt
1775 1686 1858 1726 re-

276 1765 476 1836 gulam,
518 1779 636 1833 qua:
659 1763 792 1818 dicit
817 1780 829 1812 ε
861 1763 1204 1817 Dividebatur
1231 1762 1510 1832 unicuique
1529 1772 1684 1832 prout
1727 1779 1854 1833 Opus

276 1864 387 1907 erat
442 1853 577 1924 (Act.
624 1852 723 1923 ιν).
771 1851 979 1906 Debent
1033 1853 1176 1906 enim
1229 1866 1670 1922 unumquemque
1722 1866 1863 1920 prae-

275 1944 490 2009 venire,
527 1951 586 1997 ut
606 1941 902 1998 secundum
933 1941 1174 1998 laborem
1207 1943 1370 1998 etiam
1390 1941 1584 1997 solatia
1609 1941 1858 1998 refectio-

281 2039 366 2092 nis
397 2037 659 2092 inveniat.

736 2125 1248 2183 INTERROGATIO
1285 2125 1444 2182 XCV.

280 2217 443 2285 Quali
464 2219 662 2288 a/I‘ectu
683 2227 880 2288 oportet
903 2219 1135 2288 accipere
1156 2216 1232 2272 vel
1251 2218 1630 2288 vestimentum,
1655 2217 1730 2271 vel
1752 2216 1861 2270 cal-

593 2287 938 2351 ceamentum,
966 2287 1322 2358 qualecunque
1355 2287 1513 2355 fuerit
1536 2287 1561 2340 2’

347 2377 515 2432 Rcsr.
558 2375 834 2446 Siquidem
872 2375 1036 2429 breve
1069 2381 1162 2428 aut
1211 2376 1412 2444 grande
1439 2384 1541 2440 est,
1597 2375 1664 2428 ad
1716 2390 1860 2428 men-

279 2481 460 2521 suram
513 2476 736 2522 staturae
774 2465 886 2521 sua:
921 2466 1024 2520 hoc
1066 2464 1315 2534 judicare
1351 2464 1532 2530 debet,
1597 2466 1692 2520 sed
1733 2479 1858 2519 cum

280 2561 426 2614 omni
481 2560 806 2616 verecundia
837 2569 890 2615 et
917 2561 1349 2615 mansuetudine.
1383 2560 1440 2615 Si
1469 2575 1598 2616 vero
1632 2575 1732 2630 pro
1766 2561 1859 2615 ab-

279 2648 492 2719 jectiori
519 2660 573 2706 et
603 2651 778 2707 viliori
821 2659 1087 2715 movetur,
1112 2658 1205 2705 aut
1235 2649 1361 2720 quia
1386 2665 1491 2706 non
1527 2658 1611 2705 est
1635 2665 1856 2714 novum,

282 2729 592 2797 meminerit
627 2743 862 2798 mandati
901 2743 1142 2809 Domini,
1172 2744 1408 2799 dicentis
1437 2760 1450 2797 :
1487 2742 1628 2809 Quia
1666 2743 1857 2814 dignus

281 2843 375 2898 est,
413 2849 523 2890 non
551 2834 876 2906 quicunque,
902 2835 991 2890 sed
1020 2835 1290 2906 operarius
1314 2836 1548 2891 mercede
1567 2853 1664 2890 sua
1702 2835 1854 2908 (Luc.

284 2923 358 2991 χ).
412 2925 677 2980 Discutiat
717 2928 972 2997 seipsum,
1021 2928 1066 2982 si
1095 2928 1253 2998 digne
1289 2935 1544 2998 operatus
1581 2936 1664 2985 est
1694 2943 1857 2999 opera

1951 541 2072 608 quis
2094 551 2274 595 autem
2307 549 2506 610 prmtcr
2534 541 2678 595 illius
2699 541 3028 596 voluntatem
3057 542 3236 598 facere
3265 545 3367 599 hoc
3386 559 3526 614 pra!-

1952 629 2134 695 sumit,
2166 638 2423 698 tanquam
2460 631 2733 700 inquietus
2753 638 2809 684 et
2837 631 3274 700 indisciplinatus
3305 632 3532 689 confun-

1952 718 2130 780 datur,
2162 732 2443 786 usquequo
2471 718 2646 772 discat
2681 720 2780 773 loci
2837 720 2917 774 sui
2945 721 3191 774 ordinem
3219 723 3524 790 custodire;

1951 809 2244 863 secundum
2274 811 2418 878 quod
2435 809 2722 878 Apostolus
2749 810 2884 864 dixit
2918 830 2928 864 :
2966 812 3322 881 unusquisque
3351 813 3405 867 in
3428 831 3530 884 quo

1955 908 2166 952 vocatus
2193 908 2290 964 est,
2319 900 2373 951 in
2404 916 2462 952 eo
2501 909 2804 968 permaneat
2837 899 2887 970 (1
2913 901 3036 954 Cor.
3061 901 3180 971 vn).

2368 1008 2573 1062 INTER
2583 1009 2883 1064 ROGATIO
2922 1009 3108 1066 XCIX.

1957 1077 2016 1132 Si
2051 1078 2166 1130 licet
2194 1079 2475 1149 unicuique
2505 1089 2724 1149 veterem
2761 1097 2914 1133 suam
2944 1081 3177 1134 tunicam
3205 1094 3294 1136 aut
3331 1083 3534 1138 calcea-

2024 1156 2253 1200 mentum
2307 1148 2436 1200 dare
2482 1149 2568 1200 cui
2626 1148 2884 1214 voluerit,
2947 1151 3320 1206 misericordite
3373 1169 3534 1209 causa

2025 1228 2231 1286 propter
2269 1217 2574 1270 mandatum
2594 1218 2618 1270 ?

2026 1311 2186 1363 Rssr.
2219 1311 2358 1364 Dare
2388 1310 2590 1379 aliquid
2640 1313 2877 1366 mandati
2909 1314 3113 1382 gratia,
3148 1330 3254 1369 non
3285 1325 3368 1370 est
3419 1331 3535 1370 om-

1956 1402 2127 1464 nium,
2159 1401 2252 1456 sed
2276 1416 2462 1456 eorum
2493 1402 2689 1470 quibus
2710 1402 2852 1457 istud
2875 1404 3114 1458 ofﬁcium
3140 1406 3406 1462 creditum
3428 1417 3533 1462 est.

1959 1491 2049 1547 Sic
2078 1507 2208 1563 ergo
2233 1493 2300 1546 ad
2331 1508 2492 1562 quem
2523 1493 2758 1563 pertinet
2785 1495 3138 1563 dispensatio,
3166 1499 3281 1552 sive
3313 1514 3533 1562 novum,

1958 1583 2071 1639 sive
2096 1593 2253 1638 vetus
2296 1585 2676 1639 vestimentum
2712 1585 2828 1654 ipse
2857 1587 2948 1640 det
2981 1588 3067 1641 cui
3118 1589 3233 1642 dari
3275 1588 3436 1643 debet
3480 1600 3534 1644 et

1961 1673 2075 1742 ipse
2099 1674 2359 1744 suscipiat
2387 1689 2416 1727 a
2456 1689 2564 1742 quo
2593 1675 2794 1744 suscipi
2825 1675 3006 1729 debet.

2435 1786 2946 1844 INTERROGATIO
2983 1789 3041 1843 C.

1963 1855 2025 1911 Si
2055 1857 2221 1925 frater
2257 1857 2444 1928 junior
2462 1857 2621 1925 fuerit
2637 1858 2824 1926 jussus
2867 1857 3318 1928 docerealiquem
3368 1859 3538 1913 senio-

2032 1927 2457 2046 rﬁm’secuudum
2489 1936 2717 1992 (etatem,
2747 1928 3006 1997 quomodo
3038 1927 3187 1981 debet
3233 1944 3384 1999 agere
3419 1943 3538 1981 cum

2032 2011 2046 2046 ι
2091 2013 2122 2046 o
2141 2035 2154 2046 .

2029 2011 2154 2048 ιιιοέ

2031 2084 2190 2139 Rssr.
2224 2085 2503 2155 Tanquam
2528 2085 2888 2140 ministerium
2920 2084 3185 2140 exhibens
3209 2085 3277 2139 ad
3308 2084 3538 2155 implen-

1959 2173 2087 2227 dum
2113 2175 2427 2228 mandatum
2461 2172 2698 2238 Domini,
2749 2188 2873 2228 cum
2903 2173 3049 2227 omni
3077 2172 3416 2238 reverentia;
3473 2172 3544 2227 ti-

1960 2275 2114 2314 mens
2138 2260 2281 2315 illam
2306 2261 2630 2315 sententiam
2658 2276 2779 2330 qua:
2806 2260 2937 2315 dicit
2962 2279 2974 2314 :
3006 2259 3326 2314 Maledictus
3350 2261 3441 2331 qui
3460 2259 3545 2330 {a—

1960 2352 2027 2403 cit
2053 2367 2210 2420 opera
2234 2349 2331 2403 Dei
2377 2349 2694 2420 negligenter
2716 2349 2852 2419 (Jer.
2892 2349 3082 2420 xum)
3120 2368 3132 2402 :
3171 2349 3422 2405 observet
3447 2365 3542 2403 au-

1961 2446 2093 2502 tem,
2119 2452 2185 2490 ne
2218 2436 2391 2492 elatus
2415 2437 2468 2491 in
2493 2437 2758 2507 judicium
2781 2437 2988 2493 incidat
3007 2437 3226 2492 diaboli.

2437 2545 2950 2603 INTERROGATIO
2978 2548 3059 2603 CI.

1959 2636 2018 2692 Si
2046 2637 2228 2691 debent
2249 2637 2508 2706 peregrini
2540 2637 2739 2708 intrare
2758 2637 3027 2708 usquead
3048 2637 3141 2690 illa
3170 2637 3285 2690 loca
3323 2638 3412 2690 ubi
3431 2637 3544 2705 fra-

2030 2717 2134 2761 tres
2156 2705 2440 2778 operantur
2466 2705 2584 2778 trel
2610 2708 2785 2778 etiam
2810 2705 2856 2760 si
2881 2705 2973 2759 alii
2996 2707 3060 2760 de
3073 2707 3251 2778 eodem
3277 2717 3541 2778 monaste-

2030 2778 2108 2830 rio
2133 2774 2311 2830 deben:
2337 2774 2528 2829 relictis
2554 2776 2664 2829 suis
2685 2775 2812 2830 locis
2840 2777 3039 2829 intrare
3061 2775 3130 2829 ad
3161 2775 3292 2829 alios
3309 2776 3334 2828 .9

2029 2866 2192 2921 Rcsr.
2244 2865 2450 2919 Praeter
2493 2865 2641 2920 illum
2691 2864 2776 2920 cui
2809 2865 3076 2920 creditum
3123 2876 3208 2919 est
3260 2864 3543 2933 requirere

1958 2963 2278 3026 operantes;
2311 2954 2364 3009 id
2395 2961 2497 3020 est,
2539 2955 2611 3009 ad
2635 2969 2796 3026 quem
2827 2968 2962 3024 opus
2986 2954 3222 3024 pertinet
3251 2962 3306 3008 et
3329 2953 3545 3023 dispen-

285 3013 405 3119 Dciﬁ
439 3024 491 3070 et
535 3016 1158 3119 _a‘i_impleveri“2m_“iat
1197 3035 1533 3119 “meum”?
1569 3030 1854 3119 -Ρττεθεῖβίθ
1884 3057 1928 3119 C
1961 3013 2119 3113 satio,
2145 3047 2189 3102 si
2211 3013 2334 3117 quis
2372 3047 2623 3101 iuventus
2653 3013 2832 3100 'fuerit
2861 3013 3245 3110 boc-faciens,
3279 3013 3542 3114 tanquam

286 3115 448 3172 sunt;
497 3115 551 3162 et
600 3117 727 3163 tunc
773 3124 878 3164 non
917 3109 1061 3164 aliud
1111 3111 1371 3179 requiret,
1418 3113 1513 3167 sed
1553 3112 1618 3167 de
1647 3127 1712 3167 eo
1743 3113 1858 3184 ipso

286 3197 427 3264 quod
480 3196 530 3250 ei
586 3199 744 3252 datur
785 3199 962 3253 adhuc
1015 3198 1121 3253 erit
1173 3199 1456 3263 sollicitus,
1523 3200 1652 3268 quia
1691 3215 1857 3270 super

287 3301 442 3341 suum
491 3287 744 3342 meritum
784 3289 1000 3358 accipit.
1052 3288 1166 3343 Iloc
1211 3289 1355 3343 enim
1411 3288 1553 3359 quod
1603 3305 1728 3345 esca
1777 3291 1858 3343 di-

287 3384 432 3428 ctum
500 3383 624 3440 est,
683 3377 850 3432 etiam
893 3377 960 3431 de
1017 3375 1164 3431 omni
1199 3392 1256 3432 re
1305 3391 1426 3446 quae
1460 3377 1529 3431 ad
1563 3392 1694 3434 usus
1741 3390 1860 3432 cor-

289 3467 434 3533 poris
481 3468 715 3537 pertinet
751 3468 940 3523 eadem
975 3467 1149 3523 forma
1177 3469 1383 3523 servari
1401 3475 1598 3538 potest.

715 3579 1226 3636 INTERROGATIO
1263 3580 1445 3636 XCVI.

292 3647 351 3702 Si
384 3649 502 3718 quis
531 3649 701 3702 iratus
742 3651 924 3722 fuerit,
968 3652 1147 3704 nolens
1193 3652 1426 3722 accipere
1449 3651 1652 3722 aliquid
1677 3665 1858 3706 eorum

696 3736 812 3790 qua:
841 3721 909 3772 ad
959 3737 1109 3773 usum
1129 3719 1428 3791 prwbentur
1451 3719 1476 3774 ?

361 3807 522 3863 Rcsr.
579 3807 683 3863 Iste
733 3809 855 3864 talis
903 3809 1096 3880 dignus
1131 3818 1214 3864 est
1251 3809 1413 3864 etiam
1452 3816 1512 3864 ut
1561 3809 1606 3863 si
1654 3817 1863 3878 quaerat

297 3912 402 3950 non
450 3899 713 3968 accipiat,
763 3915 1043 3969 usquequo
1080 3900 1275 3970 probet
1313 3897 1359 3954 is
1409 3899 1499 3968 qui
1545 3905 1863 3967 praestet

299 4000 416 4039 cum
459 3987 657 4042 viderit
684 3989 872 4043 vitium
898 3990 1063 4044 animi
1088 3996 1360 4054 curatum,
1385 3997 1510 4044 tunc
1530 3988 1694 4044 etiam
1722 3988 1864 4058 quod

299 4076 540 4144 corporis
574 4077 762 4132 usibus
791 4079 1158 4134 necessarium
1201 4077 1382 4142 fuerit,
1419 4078 1700 4148 prmbebit.

697 4187 1208 4244 INTERROGATIO
1245 4187 1451 4244 XCVII.

300 4250 355 4306 Si
395 4271 598 4330 necesse
648 4267 722 4310 est
769 4275 946 4311 omnes
989 4259 1260 4312 convenire
1299 4258 1368 4311 ad
1408 4260 1593 4330 horam
1629 4259 1860 4330 prandii,

366 4327 599 4448 eumqui
641 4337 870 4382 remanet
901 4337 948 4380 et
989 4336 1106 4397 post
1151 4329 1310 4393 venit,
1352 4327 1638 4399 quomodo'
1665 4329 1860 4382 transi-

368 4409 471 4448 mm
509 4412 535 4448 s

368 4409 535 4462 gimus

365 4481 524 4538 Resp.
568 4483 843 4555 Siquidem
886 4485 1216 4542 necessitate
1262 4485 1348 4541 vel
1403 4485 1506 4540 loci
1551 4486 1632 4541 vel
1683 4487 1864 4557 Operis

298 4576 556 4629 remansit
593 4591 623 4629 a
665 4577 939 4632 communi
983 4577 1203 4642 ordine,
1246 4576 1337 4646 qui
1384 4583 1579 4645 praeest
1617 4576 1866 4644 probabit

299 4669 354 4715 et
376 4663 640 4732 ignoscet.
671 4663 728 4718 Si
768 4679 898 4718 vero
923 4678 1045 4718 cum
1085 4672 1286 4734 posset,
1330 4679 1438 4718 non
1464 4663 1596 4717 satis
1631 4664 1742 4733 egit
1767 4677 1862 4718 oc-

299 4763 536 4817 currere,
576 4751 814 4806 fateatur
842 4752 1053 4823 culpam
1093 4752 1433 4823 negligentia:
1477 4767 1610 4815 suae,
1653 4759 1710 4806 et
1753 4767 1866 4807 ma-

300 4850 422 4894 neat
453 4839 574 4896 sine
598 4841 720 4897 cibo
746 4857 916 4911 usque
939 4843 1007 4896 ad
1030 4841 1177 4895 illam
1208 4843 1397 4897 horam
1419 4855 1524 4910 qua
1548 4840 1870 4896 convenitur

278 4930 365 5003 'ad
389 4931 572 4987 cibum
602 4931 657 4984 in
687 4939 962 5000 posterum
991 4931 1153 4986 diem.

685 5043 1200 5099 INTERROGATIO
1237 5042 1462 5098 XCVIII.

305 5111 566 5184 Pauperes
595 5115 854 5184 venientes
899 5115 969 5167 ad
1015 5115 1207 5168 ostium
1236 5123 1284 5167 et
1306 5121 1564 5183 petentes,
1607 5115 1868 5184 quomodo

368 5184 682 5254 dimittimus
706 5183 730 5236 ἒ)
750 5183 828 5254 Et
850 5184 896 5238 si
937 5183 1082 5254 debet
1112 5184 1464 5254 unusquisque
1490 5185 1754 5254 porrigere
1783 5200 1872 5252 pa-

370 5268 506 5317 nem,
529 5253 960 5324 t'elqttodcunque
981 5252 1162 5324 aliud;
1193 5251 1282 5305 aut
1306 5251 1502 5322 oportet
1541 5251 1730 5306 hoc’ad
1753 5251 1872 5307 eum

367 5324 455 5390 qui
484 5332 673 5393 prrcest
697 5323 1000 5392 pertinere?

370 5413 530 5469 Resp.
555 5415 691 5470 Cum
721 5414 980 5470 Dominus
1010 5415 1210 5470 dixerit
1235 5432 1247 5468 :
1293 5412 1415 5467 Non
1457 5422 1532 5467 est
1561 5412 1752 5466 bonum
1776 5411 1876 5466 tol-

1960 3137 2330 3193 iutcrturbans
2353 3137 2690 3206 disciplinam
2713 3145 2767 3191 et
2790 3136 3035 3190 ordinem
3051 3134 3304 3200 fratrum,
3335 3150 3365 3187 a
3387 3149 3537 3188 com-

1956 3226 2106 3280 muni
2139 3234 2404 3280 conventu
2431 3226 2770 3291 excludatur,
2800 3232 2855 3279 et
2882 3225 3104 3279 omnino
3130 3224 3296 3278 etiam
3319 3239 3350 3277 a
3375 3221 3540 3278 licitis

1958 3315 2333 3384 progressibus
2362 3315 2702 3380 inhibeatur;
2755 3322 2811 3368 et
2851 3313 3043 3368 sedens
3071 3313 3125 3366 in
3155 3327 3262 3366 uno
3297 3310 3439 3377 loco,
3483 3311 3540 3365 in

1957 3421 2064 3475 quo
2087 3404 2414 3476 judicaverit
2445 3405 2491 3459 is
2525 3405 2617 3474 qui
2644 3413 2861 3475 praeest,
2892 3411 3017 3473 apto
3047 3403 3114 3456 ad
3141 3404 3541 3471 correptionein

1957 3506 2014 3552 et
2035 3498 2348 3562 vindictam,
2392 3511 2659 3566 nusquam
2708 3509 2934 3565 prorsus
2971 3493 3321 3562 permittatur
3358 3493 3542 3548 absce—

1959 3587 2107 3651 dere,
2155 3587 2250 3641 sed
2277 3592 2536 3655 urgeatur
2564 3585 2618 3637 in
2647 3598 2783 3652 opus
2801 3623 2815 3647 ,
2845 3582 3016 3636 multo
3044 3581 3165 3650 plus
3220 3595 3381 3650 quam
3410 3596 3542 3635 con-

1960 3677 2189 3732 suetudo
2234 3683 2347 3742 est;
2381 3683 2436 3731 et
2485 3674 2723 3744 quotidie
2750 3673 3021 3743 exigatur,
3061 3686 3341 3741 usquequo
3363 3671 3541 3726 discat

1961 3766 2183 3838 implere
2214 3767 2317 3822 hoc
2351 3766 2495 3836 quod
2526 3765 2817 3834 Apostolus
2849 3763 2987 3818 dixit
3013 3781 3026 3817 :
3070 3761 3435 3833 Unusquisque
3480 3763 3534 3814 in

1963 3873 2067 3926 qua
2090 3857 2354 3909 vocatione
2382 3864 2592 3909 vocatus
2615 3862 2712 3920 est,
2735 3855 2790 3908 in
2806 3870 2867 3908 ea
2891 3861 3192 3924 permaneat
3221 3851 3274 3924 (I
3291 3851 3386 3906 Coi
3418 3851 3538 3923 vn).

2414 3966 2924 4024 INTERROGATIO
2961 3965 3064 4021 CII.

1965 4061 2026 4117 Si
2055 4069 2251 4130 oportet
2276 4076 2363 4130 eos
2403 4058 2490 4130 qui
2514 4066 2761 4130 nouerunt
2785 4055 3013 4130 arti/icio
3054 4055 3407 4130 suscipereab
3445 4055 3542 4108 ali¢

2032 4123 2132 4201 quo
2157 4146 2283 4199 opus
2307 4123 2731 4201 absquescientia
2759 4126 2836 4181 vel
2856 4123 3094 4201 jussione
3112 4123 3328 4195 ejusqui
3350 4134 3538 4195 prwest

2033 4197 2082 4254 et
2105 4197 2316 4270 operum
2343 4197 2745 4252 sollicitudinem
2769 4197 2942 4266 gerit?

2034 4289 2195 4343 Rcsr.
2227 4286 2376 4342 Furti
2401 4303 2528 4343 reus
2554 4287 2659 4341 erit
2680 4285 2966 4354 ejusmodi,
2993 4285 3080 4341 vel
3113 4286 3307 4341 similis
3333 4286 3415 4341 eis
3444 4285 3539 4356 qui

1892 4393 1941 4452 ι)
1967 4376 2176 4434 furibus
2197 4386 2544 4433 concurrunt.

2416 4465 2929 4522 INTERROGATIO
2967 4464 3091 4520 CIII.

1969 4557 2243 4624 Quomodo
2264 4558 2446 4612 debent
2476 4557 2529 4638 Iri
2555 4558 2644 4638 qui
2671 4565 2974 4638 operantur,
2997 4570 3178 4638 curam
3214 4569 3389 4638 gerere
3434 4554 3542 4622 fer-

2037 4638 2412 4748 ramenjorum,
2437 4625 2512 4679 uel
2544 4624 2840 4680 utensilium
2880 4641 3062 4679 eorum
3084 4624 3147 4678 de
3181 4624 3367 4694 quibus
3411 4639 3536 4692 ope-

2040 4713 2098 4750 ra
2123 4713 2188 4750 ur
2205 4735 2218 4749 .

2039 4784 2200 4837 Rcsr.
2224 4783 2464 4838 Primum
2487 4782 2702 4851 quidem
2729 4783 2868 4837 sicut
2888 4782 3034 4837 vasis
3062 4781 3179 4846 Dei,
3202 4780 3287 4836 vel
3311 4779 3396 4835 bis
3423 4794 3542 4850 qua),

1964 4873 2075 4943 jam
2099 4873 2209 4928 Deo
2234 4879 2548 4927 consecrata
2571 4879 2713 4936 sunt,
2731 4872 2810 4925 uti
2832 4872 3048 4926 debent.
3069 4870 3270 4924 Deinde
3285 4876 3539 4937 tanquam

1971 4963 2063 5033 qui
2097 4979 2202 5018 non
2230 4962 2437 5032 possint
2461 4962 2580 5016 sine
2625 4961 2757 5031 ipsis
2805 4961 3107 5016 devotionis
3165 4967 3221 5015 et
3264 4958 3427 5013 studii
3457 4958 3540 5012 sui

1970 5053 2333 5108 emolumenta
2359 5051 2638 5120 consequi.

2417 5160 2929 5218 INTERROGATIO
2964 5161 3092 5217 CIV.

1976 5254 2116 5322 Quid
2144 5255 2190 5308 si
2210 5271 2303 5325 per
2331 5252 2695 5332 negligentiam
2715 5249 3108 5332 pereataliquid
3127 5267 3192 5305 ex
3211 5252 3313 5316 his,
3341 5259 3431 5304 aut
3453 5267 3544 5321 per

2413 5319 2761 5390 contemptum
2790 5319 3108 5390 dissipetur?

2046 5414 2205 5468 RESP.
2230 5413 2280 5470 Is
2329 5412 2547 5483 quidem
2585 5412 2677 5482 qui
2719 5411 3034 5478 contemnit,
3070 5412 3218 5467 velut
3246 5411 3541 5483 sacrilegus

306 5500 404 5557 lere
429 5521 620 5574 panem
645 5504 899 5574 ﬁliorum,
922 5517 971 5559 et
999 5508 1199 5560 mittere
1225 5497 1442 5558 canibus
1473 5516 1492 5556 .'
1523 5503 1614 5556 sed
1639 5512 1687 5557 et
1718 5519 1873 5556 canes
1968 5501 2293 5572 iudicandus
2319 5511 2436 5568 est;
2459 5513 2514 5556 et
2545 5503 2635 5572 qui
2666 5502 2898 5573 perdidit
2928 5517 3024 5571 per
3052 5501 3456 5574 negligentiam,
3486 5510 3542 5554 et

307 5593 622 5649 Manducure
637 5593 702 5650 de
729 5594 898 5662 micis,
923 5611 1039 5665 qua:
1065 5595 1259 5648 cadunt
1279 5594 1342 5650 de
1365 5609 1539 5647 mensa
1568 5607 1872 5660 puerorum,

1976 5592 2091 5662 ipse
2145 5593 2320 5650 simile
2353 5594 2557 5650 crimen
2609 5594 2836 5650 incurrit
2876 5611 2888 5645 :
2923 5607 3020 5663 pro
3067 5607 3131 5647 eo
3177 5592 3321 5662 quod
3362 5590 3544 5652 omnia
