3974 6192
409 274 507 327 5‘27

1397 258 1456 311 S.
1497 251 1860 311 BENEDICTI
1900 245 2189 303 ABBATIS
2229 239 2637 298 ANIANENSIS

3559 229 3664 285 528

410 403 527 459 qth
561 385 630 437 ad
672 396 802 435 usus
832 393 1112 434 servorum
1135 376 1228 429 Dei
1260 374 1512 442 deputata
1555 376 1702 429 sunt.
1730 365 1842 420 Deo
1867 363 1984 418 sine
2011 366 2060 426 Α
2087 357 2384 426 gratiarum
2415 353 2626 459 actio'ne
2651 362 2864 459 semper
2893 346 3174 459 volvamgs
3199 345 3252 459 ip
3290 351 3495 459 mente,
3530 346 3671 403 sicut

408 477 571 532 dubio
591 479 907 528 consecrata
936 478 1083 524 sunt.

870 557 1259 616 INTERROGA
1272 554 1385 611 TIO
1419 552 1460 610 C
1473 554 1530 608 V.

414 659 552 726 Quid
581 660 626 712 si
651 675 683 711 a
703 655 872 724 seipse
899 649 1228 770 commodat:
1260 643 1480 767 vlolugerit
1508 641 1689 703 alicui,
1725 649 1817 693 aut
1848 637 1985 692 acci-

1010 735 1182 770 nerea
1245 734 1275 769 a
1301 732 1378 768 to.

1010 735 1129 790 pere
1151 732 1215 770 av
1245 732 1378 769 altat

487 820 648 872 Rnsr.
677 815 958 883 Tanquam
987 809 1227 865 insolens
1248 815 1304 860 et
1344 803 1668 860 temerarius
1712 799 1993 854 habendus

414 918 514 964 est.
547 908 669 963 Haec
698 905 841 960 enim
871 915 1059 957 eorum
1081 899 1173 968 qui
1202 903 1460 968 praesunt,
1483 903 1538 948 et
1559 908 1745 948 curam
1775 891 1992 960 dispen-

395 997 638 1052 ~sationis
667 1001 883 1065 gerunt,
914 989 1088 1046 ollicia
1115 987 1335 1058 propria
1363 992 1507 1040 sunt.

868 1096 1384 1159 INTERROGATIO
1421 1095 1554 1152 CVI.

415 1202 552 1268 Quid
603 1202 648 1254 si
691 1197 966 1252 necessitas
1005 1201 1180 1262 poscat
1226 1199 1304 1268 ttt_
1328 1191 1373 1242 is
1411 1188 1502 1258 qui
1546 1185 1995 1268 pra’est‘requirat

487 1273 547 1325 ab
595 1269 770 1338 aliqua
811 1260 1117 1320 eorum—vas
1162 1260 1240 1314 vel
1277 1260 1669 1328 ferramentum,
1711 1265 1758 1308 et
1785 1263 1994 1308 contra-

485 1341 670 1395 dixerit
688 1341 712 1391 Ρ

482 1433 643 1486 Iit-:59.
673 1428 774 1496 Qui
815 1426 1052 1494 seipsum
1085 1429 1138 1477 et
1164 1421 1408 1476 membra
1446 1433 1544 1473 sua
1575 1416 1801 1471 tradidit
1843 1415 1897 1469 in
1927 1413 2000 1468 al-

414 1524 583 1578 terius
632 1525 954 1588 potestatem
992 1521 1217 1584 propter
1253 1511 1566 1566 mandatum
1598 1506 1832 1571 Domini,
1865 1519 1999 1574 quo-

414 1615 571 1669 modo
599 1610 783 1666 licebit
834 1607 884 1662 ei
933 1607 999 1660 de
1042 1602 1365 1658 utensilibus
1415 1598 1818 1662 contradicere,
1869 1595 1999 1650 huic

413 1704 680 1774 praecipue
707 1701 794 1756 cui
821 1712 953 1754 cura
994 1694 1282 1750 commissa
1313 1700 1416 1746 est.

844 1803 1358 1865 INTERROGATIO
1390 1801 1560 1858 CVII.

414 1905 472 1960 Si
498 1907 542 1960 is
571 1906 659 1977 qui
688 1904 829 1977 circa
866 1899 1157 1962 cellarium,
1193 1893 1268 1949 vel
1296 1894 1597 1963 coquinam,
1629 1891 1709 1945 vel
1751 1888 1993 1977 aliajhu-

481 1959 770 2048 jttscemoa'i
796 1987 951 2048 opera
980 1959 1261 2048 occupatus
1284 1959 1380 2027 est,
1397 1979 1510 2048 non
1539 1967 1780 2048 occurrat
1810 1959 1993 2048 qdesse

483 2028 657 2098 brdini
708 2028 1042 2110 psallentium
1073 2028 1148 2090 vel
1178 2033 1247 2087 ad
1291 2033 1602 2097 orationem,
1646 2028 1775 2084 nihil
1813 2029 1992 2081 damni

485 2115 685 2183 patitur
707 2109 760 2164 in
785 2109 985 2162 anima.

486 2205 646 2258 Resr.
676 2200 1056 2270 Unusquisque
1087 2196 1142 2251 in
1180 2210 1346 2266 opere
1379 2210 1478 2252 suo
1502 2194 1798 2249 observare
1835 2189 1998 2244 debet

413 2297 687 2368 propriam
717 2293 981 2365 regulam,
1011 2292 1151 2346 sicut
1189 2291 1493 2346 membrum
1535 2289 1590 2342 in
1639 2299 1895 2355 corpore;
1941 2291 1998 2336 et

415 2389 671 2442 damnum
703 2384 943 2449 habebit,
967 2383 1013 2438 si
1037 2381 1336 2454 neglexerit
1362 2381 1416 2435 in
1443 2395 1508 2435 eo
1529 2379 1672 2449 quod
1692 2379 1994 2448 injunctum

416 2489 498 2531 est
539 2475 608 2540 ei,
633 2483 688 2529 et
719 2475 784 2528 de
830 2473 1106 2528 communi
1158 2471 1391 2525 fratrum
1437 2470 1671 2524 utilitate
1723 2466 1998 2537 negligens

411 2565 647 2636 amplius
675 2561 1094 2634 periclitabitur.
1139 2561 1202 2614 Et
1229 2560 1351 2615 ideo
1389 2568 1500 2615 tota
1540 2565 1720 2612 mente
1747 2565 1804 2610 et
1837 2555 2000 2610 devo-

417 2657 563 2710 tione
597 2653 870 2723 complere
908 2653 1068 2707 debet
1102 2651 1156 2705 id
1184 2651 1330 2720 quod
1379 2651 1638 2720 scriptum
1670 2655 1756 2703 est
1794 2665 1808 2700 :
1861 2645 2000 2699 Can-

417 2756 586 2802 tantes
649 2754 698 2800 et
763 2743 1041 2815 psallentes
1109 2744 1165 2797 in
1225 2741 1468 2796 cordibus
1527 2739 1708 2794 vestris
1772 2737 1999 2792 Domino

419 2836 633 2907 (Ephes.
667 2835 744 2908 γ).
777 2834 833 2889 Si
851 2834 995 2889 enim
1024 2832 1380 2902 corporaliter
1403 2847 1510 2887 non
1535 2836 1792 2885 occurrat
1811 2827 2003 2883 adesse

418 2944 542 2982 cum
574 2928 788 2983 caeteris
818 2927 885 2980 ad
917 2925 1180 2979 orationis
1209 2924 1411 2986 locum,
1439 2924 1492 2977 in
1523 2933 1846 2991 quocunque
1883 2916 2003 2971 loco

421 3019 671 3073 inventus
697 3017 884 3081 fuerit,
911 3016 1056 3084 quod
1076 3014 1378 3070 devotionis
1402 3021 1487 3068 est
1513 3011 1744 3081 expleat.
1779 3008 2004 3077 Oportet

2021 1735 2070 1792 B

2092 448 2354 517 scriptum
2382 452 2466 500 est
2497 461 2509 497 :
2544 439 2766 495 Psallite
2790 440 3052 509 sapienter
3074 434 3245 508 (Psal.
3286 434 3456 507 XLVI).

2553 527 3066 588 INTERROGATIO
3102 528 3215 582 CX.

2431 627 2496 681 Et
2522 625 2648 697 quid
2671 633 2764 686 est,
2795 621 3002 692 psallite
3029 619 3339 690 sapienter?

2166 723 2324 777 Resr.
2356 718 2509 788 Quod
2535 725 2620 771 est
2644 715 2697 769 in
2715 714 2963 768 omnibus
2986 711 3122 767 cibis
3143 718 3302 779 gustu
3325 722 3683 778 unumquem-

2094 829 2200 884 que
2225 813 2544 882 dignoscere
2562 805 2715 874 cujus
2741 802 2950 873 saporis
2977 803 3067 866 sit,
3092 801 3194 855 hoc
3222 807 3307 854 est
3331 807 3387 852 et
3411 799 3467 852 in
3496 797 3681 854 verbis

2095 911 2297 958 sancta:
2327 900 2618 969 Scriptura:
2664 893 2962 965 prudentia
3000 905 3210 946 sensus.
3263 887 3466 942 Fauces
3514 889 3680 952 enim,

2097 995 2291 1066 inquit,
2329 1009 2472 1048 escas
2497 989 2802 1061 gustabunt,
2829 1001 3011 1040 sensus
3039 993 3214 1037 autem
3243 982 3394 1035 verba
3424 980 3681 1034 discernit

2098 1086 2238 1158 (Job.
2270 1082 2476 1151 xxxiv).
2505 1080 2562 1135 Si
2589 1078 2712 1148 quis
2732 1092 2862 1146 ergo
2884 1076 2957 1130 ita
2985 1073 3224 1127 animam
3253 1085 3407 1126 suam
3434 1071 3686 1124 intendat

2097 1177 2152 1231 in
2190 1174 2400 1245 singula
2440 1172 2602 1226 verba
2633 1169 2988 1240 psalmorum,
3019 1167 3161 1220 sicut
3199 1171 3388 1235 gustus
3440 1163 3686 1218 intentus

2097 1276 2181 1323 est
2226 1267 2295 1320 ad
2325 1263 2707 1320 discretionem
2765 1259 2976 1329 saporis
3006 1258 3272 1320 ciborum,
3327 1255 3428 1309 iste
3477 1263 3561 1309 est
3589 1255 3683 1324 qui

2098 1357 2365 1429 compleat
2403 1358 2504 1410 hoc
2531 1354 2674 1424 quod
2698 1353 2896 1407 dicitur
2924 1370 2936 1403 :
2978 1348 3200 1403 Psallite
3229 1348 3510 1418 sapienter.

2547 1461 3064 1520 INTERROGATIO
3103 1461 3236 1517 CXI.

2103 1541 2218 1607 Qua
2251 1555 2494 1593 mensura
2524 1537 2678 1607 debet
2694 1545 2982 1607 temperare
3003 1542 3309 1607 potestatem
3335 1531 3690 1607 dispensatio-

2279 1611 2358 1663 nis
2387 1625 2498 1662 sua:
2520 1608 2564 1660 is
2596 1606 2682 1660 cui
2707 1602 2909 1658 cellarii
2932 1621 3060 1656 cura
3086 1602 3364 1655 commissa
3393 1603 3509 1654 est?

2172 1700 2332 1753 Rnsr.
2365 1698 2504 1766 Erga
2551 1710 2674 1750 eum
2705 1692 2925 1764 quidem
2950 1692 3042 1761 qui
3082 1692 3132 1746 ei
3164 1691 3392 1746 credidit
3434 1689 3693 1758 hujusce-

2099 1791 2241 1847 modi
2261 1789 2742 1861 dispensationem,
2760 1785 3074 1841 meminisse
3094 1785 3252 1839 debet
3273 1783 3486 1838 Domini
3505 1783 3696 1837 dicen-

2099 1883 2200 1938 tis:
2227 1881 2351 1935 Non
2370 1895 2580 1951 possum
2603 1894 2696 1948 ego
2717 1895 2748 1930 a
2770 1893 2848 1930 me
2874 1877 2983 1946 ipso
3003 1874 3175 1943 facere
3196 1874 3482 1944 quidquam
3501 1871 3692 1943 (Joan.

2097 1972 2173 2044 v).
2207 1971 2286 2025 Ad
2319 1979 2546 2025 cmteros
2585 1984 2716 2022 vero
2755 1967 2984 2021 sollicite
3007 1965 3148 2020 scire
3179 1964 3340 2018 debet
3372 1963 3501 2032 quid
3524 1979 3697 2019 unus-

2099 2064 2328 2133 quisque
2376 2076 2512 2130 opus
2533 2060 2754 2123 habeat,
2783 2066 2843 2111 ut
2868 2055 3139 2126 compleat
3181 2055 3312 2109 illud
3365 2055 3511 2124 quod
3555 2056 3698 2110 scri-

2098 2163 2250 2224 ptum
2294 2162 2380 2208 est
2413 2169 2425 2204 :
2456 2149 2800 2204 Dividebatur
2829 2157 3000 2200 autem
3039 2147 3318 2215 unicuique
3348 2157 3502 2214 prout
3557 2163 3692 2216 apus

2099 2253 2211 2298 erat
2238 2242 2376 2312 (Act.
2409 2238 2505 2310 Iv).
2536 2239 2738 2293 Eadem
2766 2245 2946 2291 autem
2969 2235 3108 2289 ratio
3129 2235 3408 2289 observari
3437 2235 3607 2289 debet
3627 2237 3698 2290 ab

2101 2335 2351 2390 omnibus
2379 2330 2791 2402 quibuscunque
2833 2327 3011 2396 aliqua
3041 2325 3330 2380 ministerii
3363 2325 3451 2380 vel
3473 2326 3702 2396 dispen-

2103 2425 2330 2480 sationis
2358 2421 2664 2478 sollicitudo
2689 2418 2978 2474 commissa
3003 2426 3108 2472 est.

2541 2531 3054 2590 INTERROGATIO
3093 2529 3251 2586 CXII.

2107 2607 2224 2674 Qua
2247 2608 2498 2662 sententia
2537 2605 2896 2660 observabitur
2917 2620 3040 2673 erga
3062 2603 3472 2674 dispensantem,
3522 2603 3574 2654 si
3601 2601 3703 2655 ali-

2174 2679 2300 2748 quid
2322 2677 2606 2748 secundum
2622 2690 2856 2744 persona:
2877 2670 3248 2743 acceptionem,
3274 2670 3354 2726 vel
3364 2688 3460 2741 per
3478 2683 3705 2726 conten-

2178 2747 2370 2803 tionem
2399 2747 2559 2816 faciat
2584 2747 2609 2799 ?

2179 2839 2341 2894 anr.
2369 2835 2625 2907 Apostolo
2665 2833 3035 2906 praecipiente,
3079 2831 3370 2903 aliquando
3414 2831 3643 2901 quidem
3684 2847 3700 2883 :

2110 2930 2194 2985 Nc
2218 2929 2344 3001 quid
2381 2928 2548 2997 facias
2597 2926 2885 2981 secundum
2937 2925 3192 2994 favorem,
3247 2922 3323 2978 vel
3362 2923 3417 2976 in
3471 2921 3704 2976 alteram

2108 3031 2309 3092 partem
2356 3017 2668 3073 declinando
2713 3016 2760 3088 (Ι
2799 3016 2936 3071 Tim.
2965 3019 3055 3086 v);
3088 3014 3378 3085 aliquando
3405 3022 3595 3070 autem
3625 3015 3706 3069 di-

421 3120 601 3162 tamen
631 3107 960 3162 observare.
997 3119 1066 3160 ne
1115 3103 1256 3160 forte
1305 3104 1478 3174 possit
1505 3103 1630 3172 quis
1675 3099 1900 3170 implere
1948 3098 2004 3151 in

2119 3119 2263 3167 cente
2289 3129 2300 3163 :
2333 3109 2471 3175 Quia
2496 3110 2541 3162 si
2563 3109 2678 3178 quis
2717 3107 2921 3162 videtur
2945 3107 3300 3159 contentiosus
3323 3121 3454 3169 esse,
3495 3122 3595 3159 nos
3623 3116 3705 3158 ta-

426 3207 664 3266 tempore
678 3211 775 3250 suo
799 3195 944 3264 quod
965 3194 1342 3263 complendum
1367 3201 1452 3247 est
1474 3200 1530 3247 et
1549 3206 1840 3247 occurrere
1863 3206 1877 3244 :
1909 3193 2006 3249 sed

423 3291 551 3344 dum
575 3287 723 3356 loqui
743 3287 877 3352 vult,
895 3286 1209 3342 occasiones
1229 3285 1670 3354 nectittanquam
1691 3284 1745 3338 in
1768 3284 2009 3339 ministe-

427 3381 493 3434 rii
533 3394 698 3448 opere
729 3386 1047 3448 occupatus.
1072 3375 1222 3442 Quod
1271 3375 1317 3430 si
1363 3375 1516 3440 facit,
1549 3384 1602 3428 et
1627 3373 2004 3429 oll‘endiculum

429 3471 641 3526 caeteris
665 3477 906 3542 praestat,
945 3476 999 3522 et
1030 3469 1144 3539 ipse
1175 3467 1494 3538 negligentis
1518 3467 1727 3522 crimen
1753 3465 2004 3522 incurrit.

850 3577 1367 3636 INTERROGATIO
1403 3576 1578 3634 CVIII.

401 3673 704 3741 ‘Quomodo
727 3671 975 3727 obtinebit
998 3671 1116 3742 quis
1144 3681 1200 3724 ut
1217 3672 1276 3793 ‘in
1303 3668 1538 3768 ooratione
1559 3686 1742 3725 sensus
1771 3671 1885 3741 ejus
1905 3687 2010 3725 non

1091 3757 1214 3793 vaae
1241 3757 1303 3793 ur
1321 3779 1334 3793 .

1091 3757 1303 3812 vagetur
1321 3757 1334 3794 ξ

465 3849 484 3854 ·’
504 3833 666 3888 Resp.
715 3831 773 3887 Si
815 3839 998 3888 certus
1026 3831 1098 3886 sit
1125 3831 1382 3886 assistere
1409 3845 1467 3886 se
1513 3838 1640 3886 ante
1667 3830 1854 3886 oculos
1884 3829 2003 3885 Dei.

433 3925 490 3981 Si
511 3927 666 3980 enim
707 3925 830 3994 quis
859 3922 1099 3992 judicem
1137 3938 1293 3978 suum
1323 3924 1514 3978 videns
1543 3923 1624 3978 Vel
1661 3924 1962 3993 principem
1991 3948 2010 3988 ·,

431 4025 487 4069 et
515 4015 740 4084 loquens
766 4029 890 4068 cum
925 4028 1013 4077 eo,
1056 4028 1165 4067 non
1195 4012 1296 4068 sibi
1323 4013 1496 4068 credit
1527 4013 1732 4068 licitum
1764 4027 1886 4068 esse
1915 4029 2010 4066 va-

434 4105 547 4174 gari
575 4103 772 4166 oculis,
798 4110 854 4155 et
877 4102 1135 4156 aliorsum
1159 4103 1420 4170 aspicere,
1447 4105 1574 4158 dum
1601 4105 1717 4172 ipse
1743 4105 2009 4174 loquitur;

435 4201 640 4262 quanto
667 4191 840 4260 magis
887 4191 978 4259 qui
1027 4189 1234 4245 accedit
1279 4191 1345 4244 ad
1385 4191 1698 4256 Dominum,
1748 4207 2013 4262 nusquam

437 4280 596 4335 debet
622 4294 840 4334 movere
887 4279 1103 4334 oculum
1147 4279 1348 4344 cordis,
1378 4281 1472 4334 sed
1522 4282 1762 4336 intentus
1791 4295 1913 4337 esse
1960 4282 2016 4336 in

437 4388 584 4438 eum,
615 4372 708 4442 qui
741 4380 1013 4426 scrutatur
1061 4386 1220 4426 renes
1258 4378 1313 4426 et
1354 4372 1517 4426 corda
1565 4370 1736 4443 (Psal.
1780 4372 1916 4443 vn)?
1956 4381 2016 4427 ut

441 4464 658 4534 impleat
702 4463 832 4518 illud
872 4463 1016 4532 quod
1062 4462 1324 4531 scriptum
1353 4470 1437 4516 est
1466 4480 1479 4515 :
1514 4461 1764 4516 Levantes
1799 4472 2011 4518 sanctas

441 4573 628 4611 manus
657 4557 769 4610 sine
791 4555 872 4608 ira
901 4563 949 4608 et
971 4554 1345 4624 disceptatione
1375 4552 1429 4625 (I
1464 4552 1598 4607 Tim.
1624 4555 1708 4623 tt).

891 4662 1402 4720 INTERROGATIO
1439 4663 1573 4719 CIX.

443 4756 501 4813 Si
527 4756 768 4828 possibile
794 4765 867 4810 est
889 4756 1118 4809 obtinere
1145 4755 1425 4818 hominem,
1459 4764 1514 4828 ut
1541 4757 1597 4811 in
1618 4757 1760 4828 omni
1786 4766 2014 4828 tempore

497 4824 562 4883 et
589 4828 701 4880 loco
729 4842 830 4880 non
853 4835 1066 4896 vagetur
1087 4841 1230 4878 mens
1257 4841 1354 4879 sua
1378 4842 1395 4883 ε
1427 4824 1503 4879 vel
1528 4827 1787 4896 quomodo
1816 4827 1870 4881 id
1889 4824 2016 4897 ﬁeri

489 4955 496 4960 _
513 4906 676 4968 potest
694 4897 720 4950 Ρ

500 5009 676 5063 Resp.
720 5007 856 5074 Quia
889 5009 1148 5078 possibile
1184 5021 1267 5064 est
1305 5009 1543 5064 ostendit
1573 5009 1662 5065 ille
1707 5009 1799 5078 qui
1832 5010 1968 5064 dixit
2001 5029 2012 5063 :

449 5098 602 5153 Oculi
626 5100 726 5152 mei
755 5117 956 5157 semper
979 5100 1047 5154 ad
1074 5099 1355 5154 Dominum
1384 5097 1557 5172 (Psal.
1597 5101 1806 5172 xxxrv).
1840 5102 1906 5155 Et
1928 5103 2024 5157 ite-

451 5208 569 5246 rum
596 5207 609 5244 :
642 5189 984 5244 Providebatn
1024 5190 1307 5244 Dominum
1349 5191 1406 5244 in
1441 5203 1718 5260 conspectu
1749 5209 1862 5246 meo
1887 5209 2023 5246 sem-

449 5297 574 5350 per;
601 5278 725 5350 quia
745 5296 778 5332 α
801 5279 998 5334 dextris
1019 5289 1091 5334 est
1113 5280 1256 5343 mihi,
1283 5289 1338 5334 ut
1367 5297 1468 5335 non
1489 5297 1816 5336 commovcar
1845 5280 2016 5354 (Psal.

453 5373 563 5443 xv).
601 5371 884 5439 Quomodo
913 5381 1090 5426 alitem
1115 5373 1374 5441 possibile
1401 5373 1490 5439 sit,
1523 5374 1872 5443 praediximus
1897 5392 1911 5441 ;
1967 5375 2021 5429 id

453 5472 558 5528 est,
585 5462 630 5517 si
659 5476 766 5516 non
787 5462 975 5515 demus
1009 5461 1202 5516 anima:
1231 5471 1430 5518 nostra:
1456 5465 1647 5530 otium,
1670 5465 1763 5520 sed
1794 5465 1849 5518 in
1874 5466 2021 5520 omni

457 5564 697 5620 tempore
722 5551 788 5605 de
810 5551 921 5606 Deo
940 5560 994 5606 et
1027 5551 1092 5604 de
1119 5553 1371 5622 operibus
1401 5568 1465 5608 ac
1487 5553 1552 5608 de
1579 5553 1857 5609 beneﬁciis
1885 5554 2020 5623 ejus,

457 5652 512 5698 et
559 5641 626 5698 de
667 5639 820 5698 donis
866 5641 1182 5712 cogitemus,
1217 5651 1271 5698 et
1300 5643 1414 5700 haec
1443 5659 1562 5702 cum
1604 5643 1942 5701 confessione
1969 5654 2024 5701 et

2110 3199 2211 3254 lem
2235 3197 2666 3253 consuetudinem
2713 3214 2816 3250 non
2847 3196 3120 3260 habemus,
3158 3211 3319 3264 neque
3358 3193 3607 3249 Ecclesia
3651 3195 3704 3266 (1

2111 3291 2235 3345 Cor.
2267 3291 2366 3360 ιι).
2402 3289 2460 3343 Si
2509 3289 2632 3358 quis
2679 3288 2783 3341 hoc
2814 3285 2968 3351 facit,
2995 3294 3234 3350 notetur,
3265 3299 3549 3353 usquequo
3583 3300 3708 3340 con-

2109 3381 2335 3450 rigatur.
2366 3379 2750 3433 Verumtamen
2775 3384 2990 3445 oportet
3019 3390 3142 3428 cum
3163 3389 3372 3428 summa
3411 3374 3704 3444 diligentia

2109 3479 2164 3526 et
2188 3468 2506 3539 probatione
2543 3467 2816 3522 discutere
2840 3474 2895 3520 et
2916 3464 3263 3520 considerare
3293 3464 3360 3518 ad
3385 3477 3550 3532 quam
3579 3478 3708 3532 par-

2109 3571 2218 3616 tem
2242 3559 2608 3628 unusquisque
2635 3565 2792 3628 aptus
2819 3557 2890 3612 sit
2923 3555 3010 3610 vel
3039 3564 3398 3624 opportunus,
3448 3563 3505 3607 et
3532 3555 3586 3608 ei
3619 3555 3704 3608 in-
3747 3569 3754 3575 ·

2105 3652 2256 3722 jungi
2291 3651 2650 3721 quodcunque
2680 3648 2809 3702 illud
2841 3648 3020 3717 operis
3043 3655 3127 3701 est
3158 3646 3241 3700 vel
3271 3644 3432 3700 oliicii
3465 3663 3477 3698 :
3522 3655 3586 3700 ut
3612 3661 3707 3700 ne-

2111 3759 2217 3815 que
2238 3743 2417 3812 illiqui
2442 3741 2728 3812 iniungunt
2751 3755 2822 3794 ex
2846 3740 2951 3793 hoc
2970 3739 3087 3808 ipso
3101 3738 3531 3792 condemnentur
3555 3738 3706 3807 quod

2112 3849 2219 3888 non
2250 3841 2433 3903 aptum
2460 3831 2623 3886 alicui
2661 3828 2897 3885 oliicium
2931 3827 3285 3896 injunxerint,
3315 3836 3371 3881 et
3409 3828 3704 3882 invenian-

2112 3932 2202 3979 tur
2248 3923 2376 3978 mali
2433 3922 2835 3990 dispensatores
2859 3934 2980 3975 esse
3033 3919 3147 3973 sive
3194 3919 3521 3983 animarum,
3586 3919 3704 3973 sive

2112 4017 2491 4072 mandatorum
2544 4014 2672 4080 Dei;
2707 4026 2882 4081 neque
2907 4012 2980 4066 illi
3005 4012 3106 4081 ipsi
3131 4012 3326 4080 quibus
3355 4009 3666 4080 injungitur
3689 4049 3705 4076 ,

2112 4109 2456 4166 occasionem
2485 4106 2692 4177 peccati
2723 4121 2787 4159 ex
2813 4106 2915 4159 hoc
2943 4104 3144 4160 habere
3174 4103 3479 4157 videantur.

2539 4193 3056 4250 INTERROGATIO
3094 4193 3276 4248 CXIII.

2225 4293 2282 4350 Si
2304 4303 2477 4348 autem
2509 4290 2791 4361 neglexerit
2830 4290 2959 4342 dare
2986 4288 3142 4358 fratri
3165 4287 3304 4359 quod
3327 4304 3456 4358 opus
3479 4288 3604 4342 est?

2187 4385 2347 4440 Resp.
2402 4383 2681 4438 Manifesta
2716 4389 2801 4436 est
2845 4381 2912 4435 de
2959 4381 3063 4434 hoc
3091 4379 3359 4434 sententia
3409 4393 3480 4433 ex
3529 4379 3708 4447 ipsius

2116 4476 2330 4532 Domini
2352 4473 2800 4538 verbis,dicentis
2828 4490 2840 4525 :
2876 4471 3182 4526 Disceditea
3203 4487 3304 4535 me,
3329 4469 3624 4534 maledicti,
3650 4471 3705 4523 in

2114 4568 2283 4637 ignem
2307 4576 2577 4628 aeternum,
2604 4565 2694 4636 qui
2717 4573 3045 4634 prteparatus
3076 4571 3152 4616 est
3174 4561 3386 4615 diabolo
3414 4571 3463 4615 et
3497 4561 3705 4632 angelis

2115 4661 2247 4728 ejus.
2277 4657 2489 4710 Esurivi
2525 4657 2686 4720 enim,
2712 4664 2760 4708 et
2792 4670 2896 4707 non
2924 4653 3142 4707 dedistis
3174 4653 3301 4706 mihi
3335 4653 3704 4716 manducare;

2113 4750 2252 4804 sitivi
2273 4758 2323 4803 et
2363 4766 2466 4803 non
2496 4748 2719 4802 dedistis
2765 4748 2894 4801 mihi
2923 4747 3113 4810 bibere,
3150 4756 3207 4800 et
3234 4762 3298 4802 ea
3319 4761 3438 4815 quae
3461 4761 3704 4814 sequun-

2116 4851 2206 4898 ων
2236 4841 2452 4914 (Matth.
2502 4840 2653 4910 xxv).
2697 4839 2838 4905 Quia
2881 4837 3190 4892 maledictus
3239 4838 3406 4891 omnis
3451 4838 3544 4908 qui
3574 4837 3706 4906 facit

2119 4948 2276 5001 opera
2298 4930 2510 4985 Domini
2537 4929 2856 5000 negligenter
2873 4927 3013 5000 (Jer.
3038 4928 3251 5000 XLVIII).

2529 5040 3044 5098 INTERROGATIO
3096 5041 3279 5097 CXIV.

2124 5136 2191 5191 In
2219 5135 2534 5206 profectibus
2559 5133 2928 5206 mandatorum
2964 5133 3060 5186 Dei
3076 5150 3196 5206 una
3222 5143 3295 5206 est
3321 5150 3568 5206 mensura
3593 5150 3702 5206 orn-

2195 5202 2382 5346 ξ
2425 5205 2508 5259 An
2553 5204 2692 5259 alius
2724 5203 2981 5275 amplius,
3032 5202 3168 5256 alius
3204 5205 3376 5256 minus
3411 5203 3559 5257 debet
3595 5204 3702 5258 ali-

2194 5367 2354 5422 Resp.
2392 5365 2529 5434 Quia
2560 5381 2668 5421 non
2696 5367 2768 5422 sit
2793 5382 2898 5421 una
2927 5380 3178 5420 mensura
3209 5365 3263 5419 in
3291 5365 3573 5430 omnibus,
3605 5364 3701 5419 sed

2123 5461 2250 5530 quia
2281 5459 2372 5513 alii
2393 5459 2514 5528 plus
2542 5459 2786 5514 creditur
2813 5468 2868 5514 et
2895 5459 2984 5513 alii
3011 5459 3210 5523 minus,
3249 5456 3594 5513 manifestum
3618 5465 3702 5511 est

2123 5551 2237 5606 base
2274 5551 2441 5620 ipsius
2469 5551 2678 5606 Domini
2722 5552 2902 5605 verbis
2926 5592 2941 5617 ,
2986 5566 3130 5604 nunc
3161 5551 3378 5620 quidem
3418 5548 3650 5604 dicentis
3682 5563 3698 5600 :

2123 5643 2282 5699 Aliud
2308 5660 2478 5700 semen
2523 5643 2704 5699 cecidit
2739 5660 2894 5713 super
2929 5653 3124 5698 terram
3171 5643 3355 5696 bonam
3383 5653 3401 5693 :
3431 5650 3479 5694 et
3518 5639 3599 5694 hic
3624 5645 3702 5691 est
