3974 6192
297 349 404 407 59.9

300 467 389 539 qui
417 462 568 518 audit
593 463 749 517 verba
778 480 892 518 mea
914 474 962 519 et
1002 469 1266 536 intelligit,
1307 474 1356 519 et
1400 472 1654 537 fructum-
1684 464 1839 533 affert
1867 505 1880 529 ,
1911 468 1961 525 Α

301 555 449 613 aliud
488 554 822 608 centesimum
849 594 864 618 ,
913 552 1061 607 aliud
1106 554 1484 623 sexagesimum
1512 596 1526 620 ,
1574 554 1721 608 aliud
1764 570 1880 608 vero

298 645 625 718 trigesimum
679 641 847 715 (Luc.
873 642 1025 715 VIII).
1085 642 1200 699 Hoc
1240 643 1381 698 idem
1420 652 1600 698 autem
1635 644 1799 699 etiam
1827 644 1879 697 in

298 738 419 802 his,
446 736 544 807 qui
573 735 985 805 dispensandam
1018 736 1300 805 pecuniam
1330 744 1705 806 susceperunt,
1732 735 1883 790 inve-
1919 757 1923 760 ν

295 829 480 892 nitur;
531 841 658 883 cum
704 824 921 890 dicitur,
967 825 1057 879 alii
1092 826 1309 895 quidem
1344 827 1466 881 data
1493 841 1615 881 esse
1640 826 1881 896 quinque

298 918 527 985 talenta,
560 915 653 973 alii
683 917 811 982 duo,
837 915 929 970 alii
951 931 1117 971 unum
1143 916 1356 989 (Matth.
1388 916 1536 989 xxv).

729 1049 1247 1107 INTERROGATIO
1291 1049 1451 1106 CXV.

298 1161 359 1219 Si
382 1168 586 1232 oportet
614 1159 889 1231 aequaliter
914 1160 1097 1234 haberi
1130 1176 1218 1234 eos
1250 1161 1341 1234 qui
1367 1160 1488 1231 plus
1522 1162 1802 1234 proﬁciunt
1829 1172 1880 1218 et

862 1246 951 1285 eos
981 1231 1073 1301 qui
1098 1231 1271 1284 minus
1294 1231 1321 1283 2’

366 1341 541 1397 Resp.
573 1342 708 1400 Illud
738 1342 1133 1397 observandum
1173 1350 1258 1398 est
1286 1342 1341 1398 in
1367 1345 1474 1400 hoc
1512 1345 1658 1416 quod
1696 1345 1766 1402 de
1795 1360 1882 1401 re-

295 1432 560 1487 missione
600 1440 944 1503 peccatorum
971 1432 1234 1489 Dominus
1274 1436 1485 1502 statuit,
1518 1437 1704 1492 dicens
1735 1456 1747 1492 :
1782 1437 1884 1492 Re-

295 1522 456 1575 missa
483 1530 607 1575 sunt
649 1523 696 1576 ei
729 1532 942 1591 peccata
973 1522 1144 1577 multa
1168 1565 1184 1590 ,
1234 1526 1483 1596 quoniam
1530 1526 1716 1581 dilexit
1747 1527 1883 1581 mul-

295 1624 406 1670 tum
436 1614 593 1687 (Luc.
625 1615 745 1686 vn).
786 1615 884 1671 Cui
912 1624 1092 1671 autem
1114 1633 1306 1687 parum
1341 1619 1658 1687 remittitur,
1689 1636 1883 1691 parum

296 1706 490 1779 diligit.
550 1707 619 1762 Et
656 1708 885 1775 iterum,
922 1709 1067 1779 quod
1113 1710 1181 1765 de
1226 1711 1561 1783 presbyteris
1589 1711 1881 1783 Apostolus

300 1797 514 1863 statuit,
545 1797 770 1853 dicens:
807 1797 910 1864 Qui
935 1799 1060 1854 bene
1079 1809 1311 1870 praesunt
1333 1802 1650 1873 presbyteri,
1685 1803 1881 1874 duplici
1909 1800 1957 1860 B

299 1886 496 1940 honore
526 1885 869 1952 honorentur,
899 1888 1125 1943 maxime
1156 1889 1247 1961 qui
1273 1889 1516 1946 laborant
1557 1891 1614 1946 in
1643 1892 1792 1947 verbo
1830 1900 1881 1946 et

301 1977 543 2032 doctrina
574 1975 629 2048 (ι
658 1977 795 2033 Tim.
822 1977 901 2051 ν).
952 1979 1066 2036 Hoc
1109 1980 1166 2036 in
1213 1983 1467 2039 omnibus
1509 1981 1880 2053 hujuscemodi

298 2065 478 2122 causis
508 2066 904 2122 observandum
933 2078 1082 2137 puto.

724 2181 1240 2241 INTERROGATIO
1269 2185 1458 2242 CXVI.

301 2293 442 2374 Quid
541 2294 886 2374 contristatur
905 2298 952 2352 is
970 2299 1061 2369 qui
1080 2301 1584 2374 minushonoratur,
1609 2319 1727 2357 cum
1747 2321 1883 2374 prte-

367 2364 501 2444 ferri
535 2364 637 2418 sibi
665 2365 847 2444 viderit
881 2364 1118 2444 eumqui
1145 2371 1203 2424 in
1225 2372 1412 2444 timore
1436 2364 1646 2428 Domini
1681 2364 1879 2444 prlece-

364 2433 464 2497 dit,
499 2435 759 2505 quomodo
785 2452 905 2490 eum
930 2433 1279 2496 habebimus?

368 2539 536 2596 Raso.
572 2541 625 2597 Is
652 2544 744 2614 qui
772 2544 896 2601 talis
925 2553 1028 2613 est,
1061 2556 1271 2604 certum
1305 2557 1391 2606 est
1422 2551 1550 2622 quia
1576 2551 1884 2624 malignita-

302 2631 371 2686 tis
395 2632 531 2688 vitio
561 2649 670 2688 non
701 2644 870 2702 caret,
898 2639 1195 2695 secundum
1228 2639 1509 2715 Evangelii
1543 2644 1881 2713 parabolam,

303 2719 354 2774 in
383 2736 491 2790 qua
539 2723 674 2778 dicit
714 2725 975 2783 Dominus
1020 2728 1089 2783 ad
1135 2743 1230 2784 eos
1260 2730 1354 2800 qui
1402 2733 1711 2788 contristati
1734 2745 1879 2802 sunt,

307 2813 429 2882 quia
457 2814 740 2884 aequaliter
760 2833 882 2872 cum
911 2818 1046 2888 ipsis
1070 2820 1321 2876 honorati
1351 2830 1478 2877 sunt
1503 2823 1595 2878 alii
1621 2841 1635 2877 :
1664 2824 1768 2890 An,
1799 2825 1884 2880 in-

301 2903 437 2972 quit,
467 2903 654 2959 oculus
684 2914 805 2961 tuus
829 2906 1000 2963 malus
1020 2918 1115 2975 est,
1141 2911 1266 2981 quia
1291 2910 1455 2966 bonus
1478 2928 1593 2966 sum
1616 2912 1877 2983 ?(Matth.

300 2995 417 3066 xx.)
449 2995 519 3050 Et
546 2997 835 3053 manifesta
872 3007 963 3055 est
993 3001 1206 3056 Domini
1248 3003 1520 3058 sententia
1549 3004 1615 3060 de
1637 3005 1725 3060 his
1755 3005 1879 3060 tali-

299 3082 420 3151 bus,
452 3101 575 3156 quae
601 3086 734 3142 dicit
757 3103 853 3157 per
872 3087 1203 3159 Prophetam
1231 3109 1244 3145 :
1270 3092 1352 3144 Ad
1374 3090 1597 3146 nihilum
1622 3092 1878 3149 deductus

297 3187 371 3231 est
400 3179 459 3231 in
485 3188 762 3250 conspectu
795 3180 908 3251 ejus
948 3181 1253 3253 malignus;
1290 3184 1529 3240 timentes
1566 3192 1742 3238 autem
1770 3184 1882 3240 Do-

299 3266 499 3321 minum
529 3269 833 3339 magnificat
867 3267 1039 3341 (Psal.
1072 3270 1208 3344 xxv).

710 3376 1226 3438 INTERROGATIO
1262 3381 1468 3439 CXVII.

301 3466 494 3520 Anima
535 3478 669 3542 post
696 3469 864 3524 multa
907 3481 1120 3541 peccata
1162 3481 1212 3528 et
1236 3473 1431 3529 multas
1455 3474 1574 3529 vita:
1616 3476 1881 3542 miserias,

368 3553 491 3614 cum
523 3538 671 3608 quali
700 3542 885 3614 timore
907 3538 973 3595 'et
1001 3541 1243 3614 qualibus
1285 3543 1530 3614 lacrymis
1561 3544 1706 3599 debet
1746 3538 1885 3599 recc;

368 3607 553 3684 delrec
579 3610 915 3684 peccatis_?_et
937 3607 1056 3684 cum
1074 3610 1218 3683 quali
1241 3629 1331 3683 spe
1351 3607 1616 3684 et'affectu
1637 3614 1885 3670 accedere

370 3675 441 3728 ad
468 3674 754 3732 Dominum
775 3679 964 3735 debet?

372 3784 534 3841 lisse.
577 3786 765 3845 Primo
812 3791 1028 3861 quidem
1080 3793 1261 3851 odisse
1308 3795 1470 3850 debet
1507 3795 1599 3851 illa
1644 3796 1884 3866 priorem

302 3889 459 3932 suam
502 3878 669 3933 vitam
709 3883 1036 3951 notabilem,
1085 3893 1141 3940 et
1195 3885 1362 3956 ipsam
1398 3886 1721 3943 memoriam
1767 3885 1885 3956 ejus

300 3964 721 4036 perhorrescere
764 3979 926 4041 atque
964 3976 1233 4031 execrari.
1274 3973 1548 4046 Scriptum
1580 3985 1666 4033 est
1689 3976 1834 4033 enim
1865 3994 1880 4032 :

301 4054 646 4128 Iniquitatem
694 4063 815 4117 odio
857 4064 1018 4120 habui
1063 4076 1115 4122 et
1161 4069 1492 4123 abominatus
1529 4085 1682 4136 sum;
1720 4068 1883 4140 legem

296 4153 474 4198 autem
493 4155 640 4201 tuam
661 4147 821 4205 dilexi
851 4149 1024 4224 (Psal.
1055 4156 1267 4229 cxvm).
1309 4156 1514 4213 Deinde
1535 4166 1599 4213 ut
1621 4156 1883 4227 majorem

301 4236 553 4292 timorem
580 4239 775 4297 habeat
800 4245 1038 4301 maximo
1063 4256 1247 4303 utatur
1272 4249 1413 4321 ignis
1437 4251 1629 4305 aeterni
1656 4259 1802 4307 metu
1828 4259 1887 4306 et

298 4341 479 4395 paena:
506 4339 800 4400 perpetuas.
845 4333 951 4391 Sed
986 4345 1041 4393 et
1074 4338 1437 4410 lacrymarum
1468 4351 1683 4412 tempus
1721 4358 1884 4414 agno-

300 4424 421 4470 scat
463 4432 573 4487 per
603 4423 1012 4495 paenitentiam,
1061 4430 1204 4485 sicut
1230 4430 1401 4488 David
1429 4433 1615 4490 docuit
1643 4434 1699 4490 in
1729 4443 1882 4491 sexto

296 4507 509 4576 psalmo
557 4488 930 4582 purgationem
979 4488 1323 4589 peccatorum
1368 4488 1485 4578 ﬁeri
1512 4488 1686 4594 posse
1713 4525 1877 4580 uber-
1905 4488 1960 4548 Β

299 4608 410 4653 tate
436 4598 804 4672 lacrymarum
834 4608 889 4662 in
917 4611 1177 4681 sanguine
1205 4611 1427 4681 Christi,
1455 4631 1552 4685 per
1578 4618 1877 4687 potentiam

298 4691 691 4750 misericordiae
732 4695 869 4766 ejus,
913 4708 968 4756 et
1011 4718 1110 4772 per
1142 4704 1541 4762 multitudinem
1570 4709 1877 4764 miseratio-

299 4797 427 4837 num
452 4783 593 4851 Dei,
640 4788 734 4856 qui
778 4790 950 4846 dixit:
986 4792 1124 4858 Quia
1152 4797 1198 4850 si
1223 4797 1422 4866 fuerint
1457 4809 1668 4869 peccata
1707 4810 1878 4856 vestra

300 4872 431 4927 sicut
467 4875 786 4945 phaenicium
808 4921 824 4949 ,
861 4891 917 4937 ut
943 4884 1112 4940 nivem
1159 4887 1452 4945 dealbabo:
1481 4892 1528 4946 si
1562 4902 1734 4947 autem
1757 4894 1875 4965 fue-

300 4963 402 5057 rint
423 4966 563 5020 sicut
595 4984 801 5037 coccus,
823 4982 881 5027 ut
905 4974 1083 5030 lanam
1106 4979 1385 5034 candidam
1406 4983 1623 5053 efﬁciam
1646 4963 1782 5056 (Isa.
1810 4985 1872 5057 ι).

301 5049 367 5143 lit
405 5064 535 5123 post
567 5055 685 5113 haec
726 5071 945 5133 recepta
990 5065 1190 5121 virtute
1237 5076 1295 5123 et
1337 5049 1594 5128 facultate
1628 5049 1875 5143 placendi

303 5139 428 5209 Deo,
458 5146 629 5201 dicit:
655 5148 966 5210 Convertisti
992 5155 1260 5225 planctum
1291 5175 1463 5214 meum
1502 5162 1557 5217 in
1584 5139 1873 5232 gaudium;

301 5235 597 5291 conscidisti
638 5254 849 5295 saccum
878 5260 1047 5298 meum
1067 5285 1082 5310 ,
1119 5254 1167 5299 et
1192 5248 1515 5316 prtecinxisti
1553 5267 1636 5305 me
1669 5250 1871 5318 la’titia,

191 5385 196 5389 _
300 5327 604 5413 utpsallam
651 5339 702 5384 te
744 5331 914 5402 gloria
943 5352 1059 5391 mea
1099 5336 1272 5409 (Psal.
1304 5342 1476 5413 nux).
1523 5343 1685 5398 Etita
1721 5359 1876 5401 acce-

298 5412 427 5469 dens
452 5419 522 5472 ad
548 5420 834 5477 Dominum
863 5426 1057 5495 psallat
1083 5437 1137 5483 et
1161 5429 1304 5485 dicat
1329 5449 1341 5485 :
1370 5431 1631 5487 Exaltabo
1660 5443 1728 5500 te,
1761 5435 1873 5491 Do-

298 5505 453 5571 mine,
475 5510 724 5578 quoniam
755 5516 1023 5587 suscepisti
1052 5535 1165 5585 me;
1195 5530 1244 5576 et
1277 5539 1379 5577 non
1408 5523 1676 5580 delectasti
1700 5527 1875 5581 inimi-

299 5608 381 5648 cos
412 5612 553 5652 meos
581 5616 739 5671 super
768 5620 847 5657 me
872 5603 1082 5678 (Ibid).

982 352 1211 409 CODEX
1249 350 1707 409 BECULARUM.
1749 382 1818 390 ——
1856 349 2035 406 PARS
2074 350 2117 406 I.
2158 350 2462 407 ΒΕΟΠῙΑΕ
2501 348 2604 405 PP.
2643 348 2920 405 ORIEN'I.

3456 347 3562 405 530

2378 460 2892 519 INTERROGATIO
2930 460 3155 516 CXVIII.

1991 552 2252 619 Quoniam
2277 556 2529 624 scriptum
2571 564 2648 608 est
2676 567 2701 624 :A
2730 552 3033 624 Redemptio
3074 551 3264 624 animle
3285 551 3417 624 __vir_i_
3440 567 3564 622 pro-

2054 624 2186 693 pria:
2214 620 2411 677 divitia:
2431 624 2545 692 ejus
2570 637 2589 674 :
2616 622 2762 677 nobis
2788 620 3109 693 quibusnon
3148 620 3336 693 accidit
3363 620 3567 693 disper-

2055 690 2175 761 gere
2216 709 2312 762 pro
2349 690 2542 746 animm
2583 690 2935 762 redemptione
2962 692 3206 757 divitias,
3247 690 3372 763 quid
3396 690 3563 762 fa‘cie-
3611 740 3621 756 ,

2054 776 2194 815 mus.

2055 851 2219 905 Rnsr.
2263 850 2545 921 Siquidem
2576 847 2849 918 volumus,
2876 860 2932 907 et
2960 868 3067 908 non
3099 852 3373 924 potuimus
3406 870 3421 907 :
3453 867 3565 907 nte-

1983 956 2164 996 mores
2212 941 2385 997 simus
2428 942 2798 1012 responsionis
2826 942 3042 997 Domini
3084 943 3152 997 ad
3192 933 3435 1008 Petrum,
3471 943 3564 1012 qui

1982 1045 2106 1085 cum
2138 1031 2205 1086 de
2232 1030 2335 1086 hac
2358 1046 2418 1086 re
2446 1040 2594 1087 esset
2621 1030 2903 1098 sollicitus,
2936 1041 2992 1088 et
3014 1033 3218 1088 diceret
3242 1051 3256 1086 :
3300 1032 3436 1087 Ecce
3470 1049 3566 1086 nos

1981 1120 2276 1175 dimisimus
2302 1121 2500 1189 omnia,
2544 1130 2592 1176 et
2622 1123 2786 1177 secuti
2809 1139 2989 1177 sumus
3017 1132 3101 1189 te;
3143 1124 3269 1195 quid
3306 1139 3427 1194 ergo
3467 1123 3566 1177 erit

1982 1211 2130 1265 nobis
2181 1210 2399 1283 (Matth.
2449 1211 2615 1285 nx)?
2658 1213 2959 1285 Respondit
3006 1215 3056 1269 ei
3098 1214 3334 1269 dicens:
3381 1214 3568 1269 Omnis

1982 1302 2074 1374 qui
2096 1302 2362 1375 reliquerit
2389 1306 2603 1360 domum
2622 1346 2637 1372 ,
2686 1316 2778 1360 aut
2808 1307 3000 1377 fratres
3019 1348 3034 1374 ,
3082 1316 3172 1362 aut
3204 1324 3430 1386 sorores,
3474 1312 3568 1361 aut

1981 1401 2218 1463 patrem,
2271 1404 2365 1449 aut
2392 1404 2644 1463 matrem,
2697 1406 2793 1451 aut
2821 1414 3076 1464 uxorem,
3125 1406 3218 1452 aut
3257 1397 3431 1468 ﬁlios,
3474 1405 3590 1455 aut"

1983 1501 2137 1555 agros
2162 1495 2374 1557 propter
2412 1503 2494 1540 me
2512 1528 2527 1553 ,
2564 1497 2612 1541 et
2637 1497 2850 1558 propter
2875 1487 3241 1558 Evangelium,
3269 1487 3567 1559 centuplum

1983 1576 2222 1646 accipiet,
2256 1586 2305 1630 et
2325 1578 2487 1631 vitam
2512 1588 2763 1632 mternam
2791 1588 3133 1648 consequetur
3162 1577 3374 1649 (Ibid.).
3414 1577 3567 1644 Quod

1985 1666 2032 1722 si
2060 1682 2159 1737 per
2202 1666 2586 1739 negligentiam
2632 1668 2832 1724 accidit
2863 1669 3118 1741 cuiquam
3156 1669 3406 1725 omisisse
3431 1668 3569 1723 divi-

1989 1755 2113 1821 tias,
2142 1754 2230 1811 vel
2276 1771 2421 1810 nunc
2466 1756 2721 1812 adhibeat
2761 1760 3081 1828 propensius
3113 1760 3381 1824 studium,
3417 1767 3479 1813 ut
3499 1774 3563 1814 ex

1989 1858 2154 1914 opere
2188 1859 2450 1902 manuum
2489 1845 2765 1917 largiens,
2806 1847 3110 1919 neglectum
3150 1850 3411 1905 resarciat
3436 1865 3568 1921 pen-

1981 1950 2122 1991 sum.
2153 1934 2309 2003 Quod
2337 1937 2381 1992 si
2412 1954 2482 1993 ne
2508 1954 2652 1995 nunc
2690 1940 2905 2009 quidem
2945 1941 3032 1996 vel
3058 1950 3269 2013 tempus
3294 1943 3451 1999 nobis
3479 1958 3569 1998 su-

1980 2032 2189 2093 perest,
2221 2025 2304 2080 vel
2334 2026 2511 2082 virtus
2535 2029 2603 2084 ad
2635 2027 3009 2098 hujuscemodi
3034 2031 3411 2098 ministerium,
3439 2047 3569 2087 con-

1981 2114 2190 2169 solatur
2234 2130 2338 2172 nos
2378 2116 2673 2188 Apostolus
2709 2120 2901 2175 dicens
2936 2139 2947 2173 :
2982 2118 3105 2174 Non
3128 2137 3308 2192 quwro
3341 2138 3458 2193 qua:
3488 2139 3569 2176 vc-

1980 2214 2091 2259 stra
2122 2216 2265 2273 sunt,
2297 2207 2389 2262 sed
2419 2225 2506 2263 vos
2528 2201 2616 2281 (ΙῚ
2645 2206 2768 2264 Cor.
2800 2209 2923 2282 xu).

2401 2317 2919 2379 INTERROGATIO
2956 2322 3153 2382 CXIX.

1982 2404 2041 2461 Si
2061 2407 2179 2486 quis
2200 2409 2421 2465 audiens
2443 2426 2732 2486 sermonem
2748 2412 2981 2486 Domini,
3010 2414 3230 2486 dicentis
3253 2413 3404 2486 (Luc.
3430 2415 3563 2486 xu):

2096 2424 2179 2462 uis
2200 2423 2421 2465 audiens
2443 2426 2732 2467 sermonem
2748 2423 2981 2477 Domini,
3010 2423 3230 2469 dicentis
3253 2423 3404 2486 (Luc.
3430 2423 3563 2486 xu):

2053 2423 2398 2553 Quidservus
2427 2481 2522 2553 qui
2540 2484 2777 2553 cognovit
2804 2482 3122 2538 voluntatem
3148 2484 3350 2553 domini
3373 2485 3478 2551 sui,
3513 2495 3563 2539 et

2053 2562 2158 2600 non
2183 2547 2305 2616 fecit
2324 2547 2622 2624 secundum
2636 2551 2955 2624 voluntatem
2984 2553 3124 2623 ejus,
3147 2552 3413 2624 vapulabit
3434 2547 3563 2608 mul-

2053 2624 2216 2704 tum;
2259 2617 2351 2688 qui
2387 2635 2513 2704 verti
2548 2637 2653 2674 non
2679 2621 2956 2704 cognovit,
2998 2617 3361 2704 _Et_n_on'fecit
3383 2624 3566 2704 digna,

2052 2684 2224 2761 plagis
2250 2684 2514 2761 vapulabit
2535 2691 2718 2761 paucis
2734 2684 3009 2761 {negligat
3042 2701 3089 2745 et
3115 2684 3411 2745 dissimulet
3434 2684 3567 2747 s'cire

2051 2754 2371 2811 voluntatem
2400 2754 2641 2825 Domini,
2678 2761 2724 2814 si
2758 2754 3138 2833 habet'aliquid
3168 2762 3521 2817 excusationis
3543 2763 3569 2815 ?

2053 2845 2216 2902 lisse.
2259 2847 2577 2911 Manifestus
2612 2859 2730 2917 est,
2779 2852 2871 2921 qui
2905 2849 3279 2920 hujuscemodi
3306 2859 3410 2919 est,
3438 2853 3567 2923 quia

1982 2935 2203 2991 simulat
2236 2938 2598 3008 ignorantiam
2621 2979 2638 3005 ,
2684 2955 2786 2995 nec
2831 2941 2940 2996 ullo
2980 2956 3178 3012 genere
3201 2938 3417 3011 effugiet
3440 2955 3568 3011 pec-

1982 3025 2088 3080 cati
2126 3027 2475 3083 sententiam.
2525 3027 2587 3084 Si
2629 3030 2767 3084 enim
2806 3046 2910 3084 non
2935 3031 3212 3094 venissem,
3251 3029 3427 3102 inquit
3456 3031 3566 3086 Do-

1910 3141 1956 3204 C
1985 3117 2188 3183 minus,
2211 3128 2261 3173 et
2282 3116 2486 3174 locutus
2513 3121 2590 3175 eis
2631 3138 2736 3176 non
2775 3122 2991 3193 fuissem
3009 3162 3025 3189 ,
3048 3130 3317 3194 peccatum
3339 3139 3443 3177 non
3473 3123 3570 3177 ha-

1986 3205 2196 3273 berent;
2220 3224 2359 3263 nunc
2382 3226 2499 3265 vero
2542 3210 2929 3268 excusationem
2961 3229 3066 3268 non
3099 3213 3287 3268 habent
3317 3231 3413 3286 pro
3439 3230 3563 3286 pec-

1986 3308 2104 3356 cato
2130 3315 2227 3354 suo
2256 3299 2439 3372 (Ioan.
2469 3302 2583 3374 XV).
2626 3302 2719 3358 Sic
2755 3319 2886 3375 ergo
2915 3315 3104 3362 sancta
3135 3304 3419 3376 Scriptura
3444 3323 3564 3363 ont—

1985 3388 2146 3445 nibus
2172 3398 2229 3446 et
2253 3391 2585 3448 voluntatem
2614 3395 2711 3450 Dei
2739 3396 3051 3464 denuntiat,
3081 3407 3140 3453 ut
3164 3414 3271 3454 non
3299 3398 3444 3454 inter
3473 3413 3568 3456 eos

1985 3478 2079 3549 qui
2102 3478 2359 3553 ignorant
2377 3481 2479 3536 iste
2509 3481 2633 3539 talis
2660 3481 2956 3552 judicetur,
2988 3486 3085 3541 sed
3110 3501 3234 3542 cum
3260 3487 3367 3543 illis
3392 3487 3570 3558 magis

1984 3568 2050 3624 de
2092 3570 2290 3640 quibus
2324 3572 2586 3642 scriptum
2618 3583 2701 3629 est
2730 3594 2745 3628 :
2791 3575 2930 3641 Quia
2967 3577 3105 3632 sicut
3143 3579 3352 3649 aspides
3387 3580 3567 3638 surda:

1986 3660 2290 3718 obturantes
2317 3680 2474 3720 aures
2498 3682 2645 3730 suas,
2694 3684 2757 3721 ne
2781 3669 3068 3725 exaudiam
3089 3688 3264 3726 vocem
3290 3673 3568 3730 incautam

1984 3750 2133 3816 tium,
2166 3760 2218 3806 et
2257 3762 2508 3809 curentur
2544 3756 2951 3825 medicamento,
2987 3762 3130 3832 quod
3172 3765 3500 3835 componitur
3529 3785 3563 3821 a

1983 3845 2216 3917 sapiente
2242 3845 2416 3917 (Psal.
2455 3848 2607 3921 Lm).
2651 3849 3034 3908 Verumtamen
3074 3856 3121 3911 is
3142 3856 3484 3927 quiprteest,
3512 3869 3569 3916 et

1984 3937 2136 3993 verbi
2160 3937 2259 3994 Dei
2291 3940 2654 3998 ministerium
2681 3943 2918 4011 exhibet,
2963 3946 3009 4002 si
3036 3948 3332 4020 neglexerit
3356 3965 3568 4007 annim-

1986 4028 2124 4083 tiare
2147 4028 2441 4100 unicuique
2465 4071 2482 4098 ,
2518 4039 2575 4087 et
2604 4032 2857 4091 intimare
2908 4036 2974 4091 de
2999 4036 3246 4109 singulis,
3295 4040 3442 4096 velut
3468 4043 3565 4097 hor

1985 4119 2185 4176 micida
2206 4119 2542 4190 judicabitur
2565 4126 2868 4182 animarum
2885 4168 2899 4194 ,
2928 4131 3225 4187 secundum
3254 4131 3566 4205 Seripturas

1987 4207 2213 4281 (Ezech.
2232 4212 2455 4283 χχχιιι).

2409 4304 2927 4368 INTERROGATIO
2965 4311 3127 4368 CXX.

1987 4397 2052 4454 Si
2092 4400 2137 4455 is
2161 4402 2251 4472 qui
2276 4402 2405 4473 facit
2446 4403 2763 4486 voluntatem
2792 4408 3056 4489 alicujus,
3104 4413 3260 4468 etiam
3303 4419 3563 4489 particeps

2505 4474 2618 4544 ejus
2641 4486 2716 4530 est
2738 4476 2814 4531 vel
2838 4474 3051 4534 socius?

2057 4558 2219 4615 Ruso.
2261 4558 2320 4616 Si
2341 4562 2613 4620 credimus
2642 4564 2868 4623 Domino
2892 4568 3090 4626 dicenti
3116 4590 3130 4626 :
3158 4571 3295 4639 Quia
3318 4578 3409 4646 qui
3437 4578 3564 4646 facit

1985 4656 2273 4735 peccatum,
2304 4667 2481 4708 servus
2505 4662 2579 4708 est
2604 4658 2801 4724 peccati
2825 4657 3011 4729 (Joan.
3038 4663 3178 4735 vni).
3217 4664 3286 4719 Et
3315 4666 3510 4722 iterum
3545 4689 3559 4723 :

1994 4734 2097 4790 Vos
2125 4754 2189 4792 ex
2220 4749 2369 4808 patre
2413 4741 2621 4797 diabolo
2647 4747 2801 4812 estis,
2843 4758 2892 4802 et
2922 4734 3185 4807 desideria
3210 4758 3376 4823 patris
3409 4761 3563 4812 vestri

1986 4827 2158 4896 facere
2194 4830 2348 4885 vultis
2376 4832 2598 4914 (Ibid);
2630 4837 2862 4906 scimus,
2879 4842 3004 4911 quia
3025 4859 3135 4899 non
3155 4845 3330 4901 solum
3350 4851 3558 4906 socium

1984 4929 2039 4977 et
2062 4923 2407 4994 participem,
2433 4926 2823 4985 sed-dominum
2849 4931 2954 4987 sibi
2977 4947 3041 4988 ac
3067 4934 3365 5007 principem
3397 4940 3563 4994 ascrip

1977 5013 2056 5068 bit
2084 5030 2206 5069 eum
2230 5014 2390 5083 cujus
2411 5032 2547 5087 opus
2573 5017 2720 5073 facit.
2784 5019 3035 5076 Testatur
3062 5031 3247 5079 autem
3274 5026 3341 5081 de
3374 5028 3460 5084 his
3506 5037 3562 5084 et

1975 5103 2286 5175 Apostolus,
2334 5105 2520 5161 dicens
2554 5124 2567 5159 :
2595 5107 2677 5161 An
2710 5110 2939 5174 nescitis,
2982 5111 3105 5181 quia
3136 5114 3222 5167 cui
3248 5115 3559 5172 exhibuistis

1977 5212 2062 5250 vos
2098 5213 2272 5250 servos
2299 5197 2368 5249 ad
2391 5197 2733 5251 obediendum
2752 5238 2767 5262 ,
2800 5199 2933 5252 servi
2964 5202 3087 5255 estis
3116 5203 3231 5273 ejus
3259 5205 3344 5259 cui
3375 5206 3558 5261 obedi-

1976 5285 2103 5348 stis;
2126 5284 2228 5338 sive
2247 5286 2445 5354 peccati
2471 5286 2527 5338 in
2559 5296 2776 5341 mortem
2794 5327 2810 5353 ,
2844 5288 2949 5342 sive
2977 5289 3282 5348 obedientice
3308 5294 3378 5348 ad
3398 5296 3561 5365 justi-

1981 5375 2108 5429 tiam
2142 5374 2314 5445 (Rom.
2343 5374 2462 5447 v1)?

2344 5521 2351 5530 -
2382 5491 2908 5552 \INTERBOGATIO
2936 5497 3121 5554 CXXI.

1981 5580 2039 5636 Si
2065 5583 2108 5636 is
2131 5584 2220 5654 qui
2242 5585 2494 5637 consentit
2521 5583 2738 5640 alterius
2765 5599 2997 5698 peccvato,
3033 5592 3189 5646 etiam
3214 5593 3326 5664 ipse
3354 5595 3556 5666 peccati

2635 5672 2754 5698 rp":
2775 5668 2848 5698 ne!

2635 5672 2754 5711 reus
2774 5668 2848 5712 est
2873 5668 2888 5713 Ξ

2050 5745 2206 5801 Rusr.
2248 5745 2370 5802 llaec
2411 5749 2675 5804 sententia
2713 5759 2795 5806 cst
2830 5752 3114 5810 manifesta
3143 5772 3209 5810 ex
3233 5756 3413 5812 verbis
3447 5753 3555 5808 υο·
