3974 6192
405 319 498 373 551

1388 317 1443 372 S.
1486 316 1847 373 BENEDlCTl
1887 317 2178 375 ABBATIS
2213 318 2618 374 ANIANENSIS

3535 323 3629 382 532

405 430 533 484 mini
560 469 574 494 ,
605 431 800 500 quibus
841 430 916 485 ait
957 431 1024 484 ad
1070 429 1301 485 Pilatum
1345 430 1568 484 dicens:
1616 429 1720 495 Qui
1751 431 1969 485 tradidit
1997 436 2045 494 Α
2076 431 2161 502 (Il
2189 430 2308 486 Cor.
2344 431 2457 506 xv).
2496 433 2590 487 Vel
2627 431 2788 488 illud:
2817 433 2954 487 Ecce
2977 434 3114 487 enim
3137 434 3234 490 hoc
3260 436 3432 506 ipsum
3461 455 3636 496 secun-

402 537 483 574 me
512 521 638 588 tibi,
683 521 857 590 majus
883 530 1149 591 peccatum
1178 520 1327 573 habet
1362 518 1542 592 (Joan.
1575 519 1754 591 vaII).
1795 520 1969 575 Mani-

404 609 599 665 festum
629 625 861 679 namque
903 617 986 664 est
1014 625 1078 664 ex
1105 609 1208 664 hoc
1228 650 1243 676 ,
1283 610 1411 678 quia
1449 620 1504 664 et
1529 606 1973 682 Pilatusacquie—

404 715 560 755 seens
588 701 674 756 his
712 702 802 770 qui
847 701 1184 756 tradiderunt
1221 701 1508 755 Dominum
1528 742 1542 765 ,
1566 709 1846 771 peccatum
1879 703 1974 756 ha-

402 791 547 856 beat,
579 790 706 846 licet
747 792 927 847 minus
975 807 1134 862 quam
1174 793 1268 846 illi.
1326 791 1640 847 Ostenditur
1664 801 1845 847 autem
1872 793 1973 848 hoc

405 885 565 937 etiam
591 884 645 938 in
671 899 735 939 eo
761 886 903 955 quod
947 884 1116 938 Adam
1147 884 1417 954 acquievit
1448 884 1590 948 Evae,
1624 883 1707 937 vel
1743 899 1972 938 consen-

405 974 504 1040 sit,
534 990 653 1044 quae
686 975 1031 1044 acquieverat
1065 975 1318 1043 serpenti.
1368 973 1555 1027 Nullus
1581 974 1726 1026 enim
1751 990 1817 1027 ex
1843 974 1974 1044 ipsis

407 1078 501 1120 aut
527 1065 782 1120 innocens
804 1065 1074 1135 judicatus
1103 1072 1205 1130 est,
1243 1070 1335 1117 aut
1365 1062 1662 1132 impunitus
1687 1063 1970 1118 abscessit.

407 1156 513 1210 Sed
537 1164 591 1210 et
627 1156 742 1226 ipsa
773 1155 866 1208 Dei
895 1154 1218 1224 indignatio,
1244 1170 1362 1225 quae
1391 1155 1648 1208 adversus
1669 1168 1762 1208 eos
1791 1152 1973 1207 habita

405 1255 508 1311 est,
540 1247 642 1300 hoc
675 1247 849 1314 ipsum
873 1245 1091 1299 indicat.
1129 1243 1260 1300 Cum
1285 1245 1428 1298 enim
1467 1243 1638 1297 Adam
1671 1257 1771 1310 pro
1806 1257 1973 1296 excu-

403 1337 611 1392 satione
655 1351 748 1390 sua
797 1335 1085 1406 objecisset
1125 1355 1136 1388 :
1187 1333 1323 1400 Quia
1367 1335 1555 1389 mulier
1590 1350 1748 1405 quam
1785 1333 1976 1387 dedisti

401 1431 560 1497 mihi,
593 1431 707 1500 ipsa
733 1430 860 1484 mihi
882 1429 1056 1494 dedit,
1092 1437 1137 1482 et
1173 1428 1484 1482 manducavi
1514 1425 1667 1498 (Gen.
1700 1425 1809 1497 III),
1838 1425 1975 1492 Quia

403 1521 620 1584 audisti,
644 1519 820 1588 inquit
841 1520 1002 1581 Deus,
1036 1535 1206 1572 vocem
1231 1517 1465 1571 mulieris
1497 1526 1633 1582 tute,
1664 1525 1711 1571 et
1753 1517 1977 1570 mandu-

402 1611 534 1664 casti
585 1609 649 1663 de
699 1608 878 1678 ligno,
925 1609 989 1662 de
1037 1625 1139 1678 quo
1179 1613 1524 1678 prwceperam
1564 1607 1688 1673 tibi,
1739 1623 1800 1661 ne
1827 1606 1890 1659 de
1917 1622 1975 1659 eo

401 1702 747 1756 manducares
773 1742 788 1767 ,
830 1700 1109 1755 maledicta
1163 1711 1304 1755 terra
1353 1703 1449 1755 erit
1488 1702 1542 1754 in
1591 1701 1828 1772 operibus
1871 1703 1976 1754 tuis

403 1789 619 1862 (Ibid).

804 1881 1316 1938 [NTERROGATIO
1351 1882 1558 1939 CXXII.

401 1971 459 2024 Si
490 1982 686 2042 oportet
710 1973 1042 2042 peccantibus
1066 1972 1317 2041 fratribus
1340 1973 1490 2028 silere
1524 1983 1571 2029 et
1609 1975 1974 2043 acquiescere?

471 2061 630 2116 Resr.
671 2063 808 2129 Quia
836 2077 941 2116 non
980 2071 1192 2131 oportet
1217 2063 1502 2118 manifesta
1537 2072 1618 2118 est
1661 2065 1774 2118 haec
1803 2065 1971 2132 ipsius

400 2151 611 2205 Domini
639 2151 942 2220 praeceptis,
985 2152 1179 2221 quibus
1225 2153 1277 2206 in
1319 2154 1500 2208 Veteri
1532 2153 1749 2222 quidem
1785 2152 1972 2209 Testa-

398 2248 580 2294 mento
608 2240 773 2294 dicit:
804 2241 977 2310 Argue
997 2242 1294 2310 proximum
1324 2251 1469 2295 tuum
1489 2284 1503 2309 ,
1536 2253 1582 2296 et
1607 2260 1710 2296 non
1738 2260 1970 2298 assumes

397 2344 461 2382 ex
489 2344 550 2382 eo
573 2338 842 2398 peccatum
865 2328 1008 2400 (Leo.
1037 2328 1169 2401 xu).
1209 2330 1266 2384 In
1291 2331 1579 2402 Evangelio
1605 2339 1781 2386 autem
1805 2331 1965 2386 dicit:

397 2417 460 2472 Si
487 2419 774 2498 peccaverit
799 2419 853 2471 in
875 2427 924 2472 te
953 2418 1119 2488 frater
1139 2428 1284 2484 tuus,
1315 2420 1442 2474 vade
1471 2429 1518 2474 et
1543 2437 1706 2491 argue
1731 2437 1848 2474 eum
1881 2422 1968 2475 ἕης

394 2517 474 2562 ter
496 2516 545 2562 te
572 2516 619 2562 et
644 2507 813 2578 ipsum
838 2506 1024 2562 solum.
1060 2506 1117 2562 Si
1153 2509 1376 2562 audierit
1407 2516 1485 2572 te,
1523 2508 1756 2562 lucratus
1783 2525 1835 2563 es
1859 2509 1969 2578 fra-

394 2607 525 2650 trem
565 2608 734 2650 tuum.
795 2594 853 2652 Si
893 2613 1008 2651 vero
1055 2612 1158 2651 non
1205 2598 1427 2652 audierit
1455 2607 1525 2664 te,
1564 2615 1770 2654 assume
1796 2599 1968 2653 adhuc

392 2698 562 2742 tecum
586 2687 749 2742 alium
776 2705 938 2742 unum
966 2730 980 2755 ,
1022 2698 1113 2743 aut
1152 2689 1312 2755 duos,
1360 2700 1415 2743 ut
1448 2692 1502 2744 in
1528 2707 1615 2745 ore
1643 2691 1868 2745 duorum
1891 2691 1967 2745 uel

392 2778 552 2830 trium
589 2779 798 2832 testium
836 2789 933 2833 stet
976 2796 1126 2834 omne
1172 2780 1399 2834 verbum.
1461 2779 1520 2834 Si
1549 2789 1722 2834 autem
1759 2790 1804 2834 et
1829 2781 1968 2851 ipsos

392 2883 495 2920 non
525 2867 789 2932 audierit,
831 2868 915 2921 dic
953 2867 1222 2922 Ecclesiw.
1283 2867 1345 2925 Si
1377 2884 1494 2922 vero
1543 2885 1633 2922 nec
1674 2869 1966 2922 Ecclesium

390 2957 651 3022 audierit,
697 2960 765 3012 sit
797 2959 890 3012 tibi
926 2961 1061 3012 sicut
1095 2959 1300 3029 gentilis
1338 2970 1386 3014 et
1415 2959 1723 3030 publicanus
1748 2960 1960 3031 (Matth.

391 3047 570 3118 xvm).
629 3047 899 3116 Quantum
945 3046 1122 3102 autem
1172 3051 1241 3103 sit
1284 3051 1487 3103 crimen
1533 3048 1691 3118 hujus
1731 3051 1961 3120 peccati,

2075 525 2199 577 dum
2228 523 2392 578 Deum
2422 526 2750 589 contristari,
2791 535 3044 598 quantum
3074 537 3342 596 operatum
3378 540 3452 584 est
3479 531 3531 587 in
3559 551 3638 589 uo-

2075 617 2151 670 bis
2177 615 2610 682 sollicitudinem,
2644 617 2734 670 sed
2765 619 3168 682 excusationem,
3216 619 3305 672 sed
3333 621 3640 691 indignatio-

2075 722 2211 770 nem,
2239 706 2330 760 sed
2354 707 2616 772 timorem,
2642 707 2733 760 sed
2755 707 3088 771 desiderium,
3118 707 3208 761 sed
3238 709 3637 778 aemulationem,

2074 797 2164 851 sed
2206 797 2490 851 vindictam
2538 795 2622 869 (II
2671 795 2795 851 Cor.
2825 796 2968 867 vn)?
3018 796 3172 852 Unde
3207 805 3262 852 et
3295 807 3537 854 metuere
3561 802 3642 857 de-

2075 888 2224 953 bent,
2266 903 2336 943 ne
2376 886 2515 942 forte
2550 887 2711 942 etiam
2743 901 2886 941 nunc
2909 885 3139 941 similem
3160 887 3433 943 veteribus
3461 889 3642 945 interi-

2077 988 2191 1033 tum
2217 987 2452 1044 sumant,
2480 979 2534 1034 hi
2571 980 2662 1050 qui
2690 978 2942 1033 similiter
2966 977 3264 1048 negligunt,
3291 978 3399 1032 imo
3424 989 3478 1033 et
3503 988 3643 1036 tanto

2076 1071 2312 1138 gravius,
2343 1079 2546 1138 quanto
2583 1085 2838 1140 spernere
2873 1068 3043 1140 legem
3070 1068 3269 1124 Christi
3296 1071 3644 1140 perniciosius

2077 1169 2162 1215 est
2188 1177 2348 1230 quam
2377 1161 2548 1231 legem
2580 1161 2799 1232 Moysis.
2839 1161 2908 1216 Et
2943 1162 3027 1216 his
3052 1162 3323 1231 compedit
3349 1163 3477 1218 illud
3504 1173 3646 1234 apta.

2078 1252 2145 1317 ri,
2181 1255 2324 1320 quod
2352 1253 2487 1307 dixit
2525 1271 2538 1306 :
2572 1252 2772 1323 Septies
2816 1254 3134 1308 vindicatum
3168 1263 3242 1309 est
3282 1254 3347 1308 de
3383 1253 3558 1310 Cain:
3587 1258 3645 1312 de

2077 1340 2302 1395 Lamech
2325 1358 2442 1396 vero
2465 1344 2757 1412 septuagies
2785 1343 2973 1412 septies
2998 1341 3151 1413 (Cen.
3180 1344 3265 1414 II).

2467 1449 2980 1506 INTERROGATIO
3017 1450 3247 1507 CXXIII.

2079 1519 2187 1575 Cur
2213 1520 2488 1592 aliquoties
2515 1522 2706 1574 anima:
2729 1561 2744 1586 ,
2767 1521 2972 1592 etiamsi
2995 1537 3098 1592 non
3121 1523 3249 1592 satis
3277 1531 3400 1588 agat
3420 1563 3442 1592 ν,
3471 1533 3648 1590 sponte

2147 1590 2320 1644 tamen
2344 1590 2570 1661 quodam
2601 1606 2785 1661 genere
2818 1591 3018 1661 incidit
3040 1591 3087 1661 ei
3129 1591 3280 1661 dolor
3300 1591 3516 1660 quidam
3542 1610 3650 1645 cor-

2148 1661 2228 1713 dis
2271 1669 2320 1713 et
2355 1658 2694 1729 'compunctio
2741 1660 2943 1713 timoris
2976 1658 3130 1730 Dei;
3186 1658 3458 1730 aliquoties
3505 1671 3647 1714 tanta

2149 1730 2403 1784 securitas
2447 1739 2493 1783 et
2539 1730 2852 1798 negligentia
2893 1729 3124 1782 animam
3153 1729 3317 1794 tenet,
3361 1739 3416 1783 ut
3446 1731 3650 1784 etiamsi

2007 1799 2053 1856 B
2149 1809 2301 1868 cogat
2325 1816 2379 1853 se
2403 1799 2579 1863 homo,
2606 1815 2708 1870 non
2729 1798 2889 1868 possit
2913 1798 3146 1870 dolorem
3173 1799 3396 1870 aliquem
3417 1800 3494 1855 vel
3515 1817 3651 1855 com-

2143 1869 2476 1940 punctionem
2506 1869 2679 1922 cordis
2702 1869 3004 1922 assumere?

2144 1958 2306 2014 Resp.
2345 1956 2728 2026 Huiuscemodi
2772 1958 2990 2027 quidem
3037 1959 3376 2028 compunctio
3437 1973 3508 2013 ex
3561 1959 3651 2016 Dei

2073 2048 2214 2102 dono
2237 2047 2414 2112 venit,
2461 2046 2528 2100 ad
2558 2047 2960 2116 provocandum
3000 2047 3360 2112 desiderium;
3407 2056 3464 2101 ut
3489 2049 3648 2120 degu-

2071 2146 2222 2192 stans
2250 2137 2431 2190 anima
2460 2136 2799 2194 dulcedinem
2823 2135 3191 2205 hujuscemodi
3224 2140 3651 2208 compunctionis

2070 2231 2154 2285 vel
2197 2230 2402 2286 doloris
2424 2269 2438 2294 ,
2480 2237 2806 2299 provocetur
2846 2238 2902 2284 et
2938 2231 3196 2285 incitetur
3225 2230 3288 2284 ad
3325 2231 3650 2286 imitandum

2071 2321 2302 2378 similem
2349 2321 2600 2392 gratiam.
2667 2319 2986 2376 Ostenditur
3029 2321 3173 2376 enim
3221 2321 3347 2392 quia
3400 2321 3446 2376 si
3492 2323 3652 2376 datur

2071 2411 2237 2466 etiam
2265 2425 2371 2465 non
2403 2411 2537 2466 satis
2568 2407 2878 2480 agentibus,
2927 2419 3127 2478 quanto
3157 2409 3327 2478 magis
3355 2409 3580 2463 dabitur
3602 2418 3654 2464 et

2070 2501 2157 2556 his
2182 2501 2276 2570 qui
2303 2501 2613 2555 desiderant
2654 2508 2709 2554 et
2753 2499 3001 2554 laborant
3035 2514 3248 2568 semper
3275 2513 3394 2553 esse
3419 2499 3471 2552 in
3503 2514 3650 2553 com-

2069 2593 2359 2662 punctione
2382 2591 2593 2645 timoris
2616 2589 2748 2644 Dei?
2786 2597 2841 2644 et
2871 2599 2929 2643 ut
2959 2589 3066 2644 sint
3097 2588 3519 2653 inexcusabilcs,
3561 2588 3650 2657 qui

2069 2695 2164 2753 per
2183 2683 2565 2753 negligentiam
2592 2681 2751 2736 istam
2789 2681 3016 2752 gratiam
3047 2681 3296 2750 perdunt.
3344 2679 3652 2745 Quodvero

2069 2779 2357 2849 aliquoties
2401 2779 2776 2849 compellimus
2817 2776 3197 2845 nosmetipsos,
3245 2781 3300 2826 et
3327 2786 3432 2824 non
3459 2785 3652 2840 possu-

2068 2887 2190 2926 mus
2220 2872 2488 2937 obtinere,
2520 2871 2788 2926 indicatur
2810 2885 2872 2924 ex
2904 2869 3008 2923 hoc
3035 2865 3178 2937 quod
3218 2866 3271 2918 in
3309 2864 3415 2918 alio
3439 2872 3650 2933 tempo-

2069 2976 2128 3015 re
2155 2961 2384 3016 multum
2414 2961 2766 3031 negleximus.
2824 2959 2940 3014 Non
2989 2960 3134 3013 enim
3174 2956 3430 3026 possibile
3472 2965 3565 3010 est
3595 2964 3650 3010 ut

2068 3055 2115 3110 is
2137 3057 2230 3125 qui
2265 3070 2441 3124 neque
2487 3053 2956 3118 meditationibus,
3007 3066 3182 3120 neque
3218 3049 3650 3103 institutionibus

390 3138 724 3209 dignoscitur
769 3139 1001 3209 primum
1052 3141 1267 3209 quidem
1311 3157 1376 3196 ex
1424 3144 1688 3197 sententia
1728 3142 1958 3209 Domini,
1991 3125 2035 3186 (ἶ
2067 3145 2265 3201 divinis
2312 3145 2546 3216 seipsum
2584 3142 2786 3216 jugitcr
2832 3143 3107 3205 exercuit,
3157 3141 3335 3196 subito
3362 3139 3553 3193 veniat
3585 3139 3648 3193 ad

389 3245 510 3300 qum
523 3231 682 3286 dicit:
701 3228 802 3296 Qui
815 3231 1111 3285 incredulus
1123 3231 1233 3300 ﬁlio
1261 3233 1441 3302 fuerit,
1465 3249 1566 3286 non
1583 3233 1784 3287 habebit
1803 3235 1964 3288 vitam

392 3331 676 3386 wternam;
707 3321 798 3375 sed
823 3322 905 3375 ira
945 3321 1042 3376 Dei
1070 3331 1240 3377 manet
1275 3324 1330 3376 in
1367 3339 1426 3376 eo
1452 3322 1632 3393 (Joan.
1665 3322 1768 3395 ιιι).
1811 3324 1976 3378 Tunc‘

396 3411 590 3466 deinde
617 3427 685 3466 ex
712 3413 955 3467 historiis
983 3428 1101 3482 quae
1131 3413 1211 3467 vel
1247 3413 1300 3467 in
1329 3414 1547 3480 Veteri,
1595 3414 1678 3468 vel
1720 3415 1774 3468 in
1813 3413 1963 3468 Novo

390 3500 736 3558 Testamento
765 3503 1090 3558 referuntur.
1151 3503 1285 3558 Nam
1323 3505 1505 3560 Achor
1536 3505 1622 3560 illc
1660 3521 1780 3560 cum
1817 3505 1962 3560 fura-

389 3603 474 3648 tus
517 3602 661 3650 esset
702 3595 940 3664 regulam
974 3611 1225 3663 auream,
1275 3612 1437 3667 super
1469 3613 1682 3652 omnem
1707 3598 1959 3667 populum

389 3685 526 3741 facta
558 3694 643 3741 est
673 3687 750 3740 ira
781 3685 873 3741 Dei
909 3685 1042 3758 (los.
1077 3687 1198 3760 vn).
1250 3689 1316 3742 Et
1341 3690 1554 3758 quidem
1583 3689 1810 3758 populus
1833 3705 1960 3759 pec-

384 3784 565 3828 eatum
604 3777 746 3845 quod
790 3777 1136 3833 commiserat
1168 3779 1449 3848 ignorabat
1488 3793 1764 3849 nsquequo
1789 3781 1961 3835 mani-

384 3864 640 3920 festatum
678 3873 789 3929 est,
838 3873 894 3919 et
931 3866 1152 3935 pertulit
1197 3882 1319 3921 cum
1348 3867 1492 3921 omni
1527 3866 1685 3922 domo
1711 3881 1804 3921 sua
1834 3868 1960 3922 hor~

385 3956 610 4011 rendum
653 3957 802 4010 illum
852 3971 917 4011 ac
966 3956 1383 4012 famosissimum
1419 3957 1715 4012 interitum.
1774 3955 1881 4011 Sed
1906 3964 1961 4010 et

389 4048 508 4102 Heli
534 4050 806 4112 sacerdos,
851 4056 906 4101 et
939 4050 1153 4116 quidem
1183 4065 1306 4103 cum
1347 4050 1581 4104 siluisset
1606 4051 1958 4120 peccantibus

385 4139 532 4203 ﬁliis,
563 4139 653 4207 qui
683 4144 837 4190 erant
866 4136 960 4190 lilii
990 4138 1306 4206 pestilentiae
1325 4180 1338 4203 ,
1368 4141 1475 4193 imo
1511 4139 1820 4208 frequenter
1841 4155 1957 4194 mo—

385 4243 520 4282 nens
547 4237 601 4282 et.
646 4227 914 4296 castigans
958 4227 1092 4282 dixit
1117 4247 1129 4280 :
1169 4228 1374 4292 Nolite,
1403 4229 1539 4296 ﬁlii:
1576 4247 1679 4284 non
1708 4232 1842 4285 bona
1864 4248 1956 4300 ego
1983 4248 1989 4254 '

381 4318 542 4371 audio
565 4319 628 4372 de
650 4319 820 4384 vobis,
867 4327 922 4373 et
949 4327 1140 4375 cmtera
1179 4318 1231 4390 (I
1262 4318 1388 4388 Reg.
1417 4319 1478 4386 II)
1523 4338 1534 4372 :
1573 4321 1664 4389 qui
1690 4336 1811 4374 cum
1839 4336 1956 4389 pec-

382 4413 562 4461 catmn
589 4415 870 4477 argueret,
899 4416 952 4462 et
988 4409 1054 4462 de
1083 4407 1176 4462 Dei
1193 4407 1396 4478 judicio
1419 4417 1784 4463 eommoneret
1805 4450 1820 4474 ,
1865 4419 1951 4463 ta-

2065 3236 2368 3291 orationem
2387 3277 2401 3302 ,
2443 3243 2498 3291 et
2527 3237 2781 3292 continuo
2809 3236 3051 3290 obtineat
3076 3233 3219 3303 quod
3248 3232 3501 3301 requirit.
3547 3229 3646 3284 Sed

2063 3327 2366 3380 ostenditur
2389 3341 2488 3395 per
2517 3326 2648 3390 hoc,
2682 3321 3049 3394 hujuscemodi
3078 3323 3314 3378 animam
3350 3321 3473 3376 aliis
3500 3322 3645 3375 vitiis

2061 3415 2145 3470 vel
2169 3415 2512 3486 passionibus
2541 3414 2899 3484 praegravari,
2927 3428 3157 3482 quorum
3185 3411 3558 3466 dominatione
3580 3411 3645 3464 ad

2061 3521 2124 3561 ea
2150 3520 2269 3576 quae
2297 3504 2411 3560 vult
2436 3504 2638 3558 habere
2659 3545 2674 3570 ,
2719 3519 2827 3558 non
2862 3501 3196 3572 permittitur
3236 3500 3487 3555 libertate
3516 3499 3596 3553 uti
3629 3515 3643 3552 :

2061 3595 2356 3652 secundum
2402 3595 2532 3650 illud
2566 3595 2709 3666 quod
2739 3604 2794 3650 et
2829 3594 3118 3664 Apostolus
3150 3601 3371 3659 tractat,
3404 3593 3596 3648 dicens
3629 3611 3642 3646 :

2063 3685 2324 3751 Quoniam
2369 3702 2462 3755 ego
2501 3685 2732 3740 carnalis
2756 3702 2895 3751 sum,
2927 3685 3251 3740 venundatus
3279 3684 3375 3738 sub
3403 3694 3641 3754 peccato.

2063 3775 2186 3830 Non
2233 3777 2371 3829 enim
2413 3775 2551 3846 quod
2594 3774 2708 3830 volo
2757 3791 2892 3846 ago;
2935 3775 3025 3829 sed
3051 3773 3192 3845 quod
3217 3774 3324 3839 odi,
3370 3773 3468 3828 hoc
3503 3775 3642 3844 facio

2061 3863 2238 3938 (Rom.
2278 3864 2418 3936 Vill).
2461 3865 2529 3920 Et
2575 3881 2828 3920 rursum:
2863 3864 3020 3918 Nunc
3049 3875 3224 3928 autem
3256 3864 3374 3933 jam
3414 3880 3526 3919 non
3553 3880 3643 3933 ego

2060 3971 2246 4025 operor
2272 3955 2424 4021 illud,
2448 3955 2538 4010 sed
2559 3955 2698 4027 quod
2728 3955 2928 4008 habitat
2956 3956 3010 4008 in
3038 3971 3117 4009 me
3133 3963 3399 4025 peccatum
3423 3952 3640 4026 (Ibid.).

2059 4043 2210 4110 Quod
2226 4053 2280 4099 et
2293 4046 2465 4115 ipsum
2476 4045 2743 4115 permittit
2758 4044 2898 4100 Deus
2911 4045 3065 4098 nobis
3081 4059 3179 4113 pro
3192 4052 3372 4097 nostra
3400 4043 3642 4097 utilitate

2057 4134 2375 4203 provenire;
2424 4145 2485 4189 ut
2510 4150 2609 4204 per
2637 4136 2753 4190 haec
2781 4135 2896 4204 ipsa
2929 4149 3048 4204 quze
3089 4141 3280 4188 contra
3303 4131 3640 4186 voluntatem

2057 4226 2236 4280 anima
2263 4227 2499 4298 patitur,
2528 4227 2828 4296 corrigatur
2866 4224 3172 4293 aliquando,
3206 4231 3259 4277 et
3285 4229 3640 4276 convertatur

2057 4315 2124 4369 ad
2146 4331 2270 4370 eum
2296 4317 2386 4386 qui
2414 4316 2618 4385 repleat
2645 4317 2699 4370 in
2739 4317 2895 4371 bonis
2926 4315 3252 4370 desiderium
3280 4312 3395 4380 ejus
3413 4352 3429 4376 ,
3473 4320 3534 4366 et
3561 4328 3642 4365 re-

2055 4405 2199 4461 levet
2241 4422 2359 4462 eam
2407 4409 2475 4463 ab
2502 4409 2756 4462 oneribus
2801 4407 2952 4461 suis:
2994 4414 3050 4460 et
3093 4412 3377 4475 cognoscat
3413 4405 3638 4458 tandem

383 4513 504 4552 men
535 4499 787 4567 quoniam
818 4513 925 4552 non
955 4498 1281 4563 vindicavit,
1326 4512 1497 4566 neque
1526 4498 1686 4568 digno
1716 4498 1832 4553 zelo
1855 4499 1948 4555 Dei
1974 4479 2028 4539 D
2053 4498 2396 4566 semetipsam
2423 4540 2438 4563 ,
2485 4513 2548 4553 ac
2576 4498 2887 4568 resipiscat;
2919 4506 2975 4552 et
3006 4496 3268 4566 intelligat
3297 4495 3439 4563 quod
3467 4495 3527 4550 in
3560 4495 3638 4548 la-

381 4587 644 4642 adversus
673 4601 767 4642 eos
796 4596 975 4642 motus
1019 4595 1124 4652 est,
1169 4587 1222 4640 in
1248 4595 1455 4642 tantum
1491 4588 1821 4644 iracundiam
1855 4589 1949 4644 Dei

381 4678 724 4748 provocavit,
749 4684 808 4730 ut
845 4678 1006 4732 etiam
1038 4667 1320 4731 universus
1344 4677 1570 4747 populus
1595 4679 1800 4746 pariter
1826 4694 1947 4734 cum

379 4767 506 4822 (iliis
530 4767 640 4822 suis
663 4767 1122 4837 exstingueretur,
1160 4775 1214 4820 et
1244 4781 1369 4821 arca
1398 4768 1704 4821 testamenti
1730 4767 1797 4822 ab
1825 4767 1950 4822 alie-

379 4855 592 4925 nigenis
630 4864 930 4924 raperetur,
975 4865 1030 4910 et
1056 4855 1171 4925 ipse
1201 4855 1419 4924 insuper
1447 4855 1694 4908 omnibus
1719 4856 1946 4909 subver-

376 4945 452 5000 sis
502 4947 806 5002 miseranda
840 4955 1014 5001 morte
1039 4954 1334 5000 corrueret.
1391 4945 1543 5012 Quod
1582 4945 1626 4999 si
1652 4945 1737 4998 vel
1764 4945 1818 4998 in
1842 4961 1939 5014 po-

375 5034 557 5102 pulum
589 5037 924 5106 ignorantem
960 5036 1026 5090 de
1068 5036 1226 5090 unius
1264 5044 1506 5103 peccato,
1542 5035 1623 5088 vel
1651 5035 1701 5087 in
1732 5042 1940 5103 patrem

375 5129 468 5197 qui
494 5128 832 5197 corripuerat
858 5129 1015 5192 ﬁlios,
1033 5143 1132 5196 pro
1157 5135 1399 5198 peccato,
1433 5134 1577 5179 tanta
1608 5125 1699 5178 Dei
1728 5126 1941 5180 iracun-

373 5218 462 5273 dia
496 5219 713 5274 incensa
744 5229 854 5281 est,
887 5220 1014 5289 quid
1045 5220 1365 5288 sperandum
1396 5225 1479 5271 est
1514 5218 1579 5272 de
1620 5217 1705 5272 his
1733 5219 1823 5286 qui
1853 5235 1941 5273 co-

374 5317 637 5375 gnoscunt
683 5309 908 5363 aliorum
947 5308 1139 5362 delicta
1183 5317 1236 5362 et
1279 5309 1524 5371 reticent,
1573 5322 1674 5361 nec
1700 5309 1936 5376 qualem-

373 5411 585 5466 cunque
613 5398 868 5453 adhibent
894 5397 1320 5466 correptioncm?
1342 5396 1487 5461 Quos
1522 5396 1707 5464 utique
1743 5411 1938 5452 conve-

374 5485 514 5539 niret
557 5486 845 5540 observare
876 5486 1003 5540 illud
1031 5485 1172 5556 quod
1198 5485 1488 5554 Apostolus
1523 5485 1589 5538 ad
1627 5485 1936 5543 Corinthios

373 5574 539 5628 dicit:
574 5573 747 5638 Quare
778 5593 879 5629 non
913 5577 1083 5646 potius
1110 5575 1305 5628 luctum
1341 5575 1621 5639 habuistis,
1654 5585 1708 5628 ut
1731 5575 1935 5629 tollere-

374 5676 460 5720 tur
501 5683 528 5719 e
569 5666 734 5719 medio
760 5677 999 5731 vestrum,
1045 5669 1130 5736 qui
1170 5668 1266 5720 hoc
1304 5682 1429 5734 opus
1461 5666 1620 5734 fecit?
1648 5675 1699 5721 et
1729 5667 1932 5736 reliqua

2052 4583 2208 4655 queis
2249 4585 2446 4640 diaboli
2491 4593 2646 4656 capta
2686 4585 2976 4640 detinetur.
3027 4585 3084 4638 ln
3125 4600 3261 4654 quos
3285 4599 3382 4637 sua
3410 4584 3635 4651 quidem

2050 4688 2240 4748 sponte
2259 4680 2478 4745 incidit;
2509 4679 2602 4733 sed
2626 4678 2741 4747 jam
2767 4677 2918 4747 quasi
2943 4676 3153 4746 captiva
3181 4715 3195 4739 ,
3229 4690 3335 4729 non
3363 4689 3484 4744 qua:
3518 4675 3635 4727 vult

2053 4770 2192 4839 agit;
2237 4768 2330 4824 sed
2365 4769 2512 4838 ‘qnod
2553 4768 2694 4833 odit,
2744 4768 2872 4822 illud
2900 4766 3029 4821 facit
3059 4765 3232 4837 (Rom.
3263 4764 3384 4832 vn).
3437 4764 3547 4818 Sed
3585 4764 3632 4818 si

2050 4866 2403 4914 convertatur
2449 4859 2516 4912 ad
2556 4857 2844 4911 Dominum
2867 4897 2882 4923 ,
2932 4857 3022 4926 qui
3053 4857 3385 4910 liberet‘eam
3418 4855 3481 4908 de
3505 4871 3631 4907 cor-

2047 4961 2179 5016 pore
2224 4946 2417 5000 mortis
2454 4945 2648 5016 hujus,
2685 4946 2870 5000 statim
2897 4945 3135 4998 inveniet
3169 4942 3621 5005 misericordiam,

2045 5041 2090 5095 si
2119 5041 2325 5112 integre
2353 5049 2408 5094 et
2433 5054 2500 5095 ex
2528 5047 2640 5094 toto
2666 5039 2826 5094 corde
2851 5037 3129 5108 poeniteat.

2441 5148 2952 5204 INTERROGATIO
2989 5147 3217 5204 CXXIV.

2046 5237 2315 5304 Quomodo
2336 5255 2452 5310 quis
2491 5238 2679 5308 dignus
2962 5237 3217 5307 particeps
3242 5235 3357 5305 ﬁeri
3384 5235 3622 5305 Spiritus

2113 5395 2272 5451 lisse.
2308 5397 2566 5451 Dominus
2595 5404 2781 5451 noster
2817 5395 2973 5451 Jesus
3008 5393 3258 5450 Christus
3285 5394 3461 5449 docuit
3488 5409 3617 5461 nos,

2040 5487 2226 5540 dicens
2251 5504 2265 5539 :
2299 5485 2359 5542 Si
2384 5487 2599 5556 diligitis
2621 5503 2719 5550 me,
2747 5486 2997 5539 mandata
3027 5502 3141 5539 mea
3176 5494 3406 5548 servate;
3441 5492 3492 5535 et
3517 5499 3617 5552 ego

2041 5582 2232 5647 rogabo
2263 5575 2476 5630 Patrem
2501 5593 2670 5630 meum
2688 5618 2701 5643 ,
2742 5586 2787 5630 et
2811 5575 2973 5629 alium
3002 5573 3327 5629 Paraclitum
3355 5572 3497 5626 dabit
3530 5588 3618 5624 νος

2040 5668 2133 5734 bis,
2167 5665 2415 5736 Spiritum
2467 5669 2692 5723 veritatis
2711 5709 2726 5738 ,
2762 5685 2913 5739 quem
2952 5669 3034 5722 hic
3066 5668 3288 5722 mundus
3319 5683 3417 5720 non
3436 5673 3610 5732 potest
