3974 6192
288 347 395 404 533

288 462 525 532 accipere
559 455 753 524 (Joan.
805 469 893 508 xxv
910 454 952 524 ).

294 549 545 613 mandata
574 543 818 609 Domini,
869 558 969 598 nec
1013 557 1202 597 sumus
1237 541 1373 598 tales
1397 551 1458 596 ut
1480 542 1596 612 ipse
1624 543 1691 597 de
1715 540 1873 597 nobis

296 636 662 696 testimonium
692 633 853 699 lerat,
884 633 1070 688 dicens
1095 648 1111 686 :
1144 630 1282 698 Quia
1305 649 1391 687 vos
1417 649 1521 687 non
1541 633 1664 707 estis
1687 632 1752 686 de
1775 632 1872 685 hoc

292 728 515 792 mundo,
547 725 785 796 Spiritus
811 723 985 779 sancti
1010 722 1354 794 participium
1380 722 1583 779 habere
1612 737 1718 778 non
1746 737 1873 793 pos-

290 837 501 880 sumus.

698 905 1214 965 INTERROGATIO
1256 906 1466 963 CXXV.

690 1001 796 1066 Qui
819 1008 939 1054 sunt
977 1015 1228 1070 pauperes
1257 998 1483 1069 spiritu?

359 1095 523 1151 Resp.
569 1094 797 1149 Domino
833 1092 1080 1157 dicente,
1122 1092 1413 1161 aliquando
1439 1092 1658 1160 quidem
1690 1108 1704 1145 :
1734 1089 1874 1155 Quia

290 1188 466 1250 verba,
502 1201 621 1256 qua:
645 1201 739 1254 ego
767 1182 972 1238 locutus
985 1197 1101 1237 sum
1117 1181 1282 1246 vobis,
1307 1181 1523 1251 spiritus
1553 1189 1601 1234 et
1627 1181 1731 1234 rita
1752 1188 1874 1232 sunt

289 1276 478 1350 (Joan.
506 1273 618 1343 vt);
651 1272 941 1343 aliquando
967 1279 1146 1326 autem
1177 1288 1190 1325 :
1235 1268 1374 1336 Quia
1409 1268 1636 1341 Spiritus
1662 1277 1875 1323 sanctus

290 1384 382 1423 ros
405 1365 607 1421 docebit
633 1364 833 1430 omnia,
860 1372 908 1417 et
931 1361 1273 1417 commonebit
1302 1377 1416 1427 vos,
1439 1377 1556 1432 qua'
1575 1360 1687 1414 dixi
1713 1359 1872 1414 vobis.

294 1457 421 1517 Non
467 1456 606 1510 enim
652 1452 893 1524 loquetur
935 1469 966 1506 a
1013 1468 1086 1515 se,
1110 1450 1201 1505 sed
1223 1451 1399 1505 omnia
1421 1466 1538 1521 qua:
1564 1448 1735 1515 audit,
1764 1449 1876 1503 htec

290 1547 533 1617 loquetur
570 1542 752 1617 (Ioan.
791 1541 926 1603 xvr).
973 1540 1064 1597 Isti
1093 1549 1219 1595 sunt
1262 1554 1527 1610 pauperes
1564 1539 1757 1608 spiritu
1783 1537 1875 1608 qui

290 1652 400 1693 non
449 1635 554 1689 alia
601 1634 782 1703 aliqua
831 1647 996 1689 causa
1044 1643 1312 1702 pauperes
1357 1637 1483 1685 sunt
1509 1629 1612 1684 nisi
1658 1637 1879 1699 propter

291 1727 600 1782 doctrinam
622 1723 857 1789 Domini,
884 1723 1113 1778 dicentis
1141 1740 1154 1775 :
1192 1719 1362 1788 Vade,
1383 1720 1542 1776 vende
1564 1721 1738 1775 omnia
1759 1736 1877 1791 qua:

977 339 1205 396 CODEX
1246 340 1700 398 REGULARUM.
1741 370 1754 382 -
1782 370 1814 381 ν
1852 337 2031 395 PARS
2063 337 2102 393 l.
2145 336 2452 393 REGULJE
2490 337 2595 392 PP.
2635 338 2915 394 ORIENT.

1039 452 1222 508 Donec
1268 469 1399 525 ergo
1444 469 1552 510 non
1595 467 1874 509 servamus
1901 456 1943 513 Α
1975 451 2066 522 qui
2086 450 2227 505 misit
2253 466 2355 517 me,
2389 449 2569 505 Patris
2597 450 2779 522 (Joan.
2805 451 2903 523 Iv).
2952 452 3206 511 Voluntas
3238 463 3418 512 autem
3443 458 3550 514 Pa-

3444 346 3551 399 δδι

1976 543 2076 597 tris
2102 547 2188 597 est
2214 541 2581 598 esurientibus
2601 542 2784 598 cibum
2811 544 2966 610 dare,
2990 545 3301 604 sitientibus
3325 556 3552 620 potum;

1973 630 2149 686 nudos
2168 631 2406 701 operire,
2435 638 2492 687 et
2519 640 2716 688 caetera
2745 632 3139 703 hujuscemodi.
3191 637 3327 692 'I‘unt
3357 640 3567 699 deinde

1974 720 2343 776 necessarium
2384 729 2470 777 est
2508 729 2565 777 et
2604 721 2919 793 Apostolum
2968 725 3205 793 imitari,
3237 727 3502 784 dicentem
3535 748 3568 783 τ’

1978 807 2168 863 Omnia
2216 809 2419 864 ostendi
2475 810 2647 876 vobis,
2696 812 2822 882 quia
2871 822 3073 884 oportet
3117 831 3211 869 nos
3255 815 3553 873 laborantes

1974 898 2237 967 suscipere
2259 898 2501 967 inﬁrmos
2530 897 2672 971 (Act.
2696 899 2811 972 xx).
2842 902 2911 956 Et
2938 918 3068 959 cum.
3092 904 3289 960 iterum
3318 907 3510 963 doceat
3536 927 3548 962 :

1976 986 2150 1058 Magis
2175 997 2350 1042 autem
2382 988 2581 1044 laboret
2610 993 2967 1062 unusquisque
2985 1033 3001 1060 ,
3042 995 3282 1051 manibus
3301 998 3411 1052 suis
3433 1014 3555 1068 ope-

1975 1096 2100 1135 rans
2123 1081 2262 1152 quod
2288 1081 2478 1137 bonum
2504 1092 2604 1148 est,
2627 1093 2685 1138 ut
2721 1086 2885 1155 poss’t
2909 1086 3175 1157 impertire
3196 1091 3552 1145 necessitatem

1974 1170 2292 1239 patientibus
2326 1169 2540 1243 (Ephes.
2569 1171 2666 1245 iv).
2705 1173 2841 1230 Cum
2868 1192 3000 1247 ergo
3031 1178 3148 1233 haec
3174 1179 3251 1234 ita
3283 1180 3441 1236 nobis
3466 1182 3554 1236 vel

1976 1258 2236 1315 Dominus
2265 1260 2320 1315 in
2360 1261 2688 1333 Evangelio,
2739 1265 2822 1320 vel
2857 1264 3116 1337 Apostolo
3149 1269 3350 1336 tradat,
3381 1271 3555 1324 mani-

1977 1348 2176 1405 festum
2208 1360 2291 1407 est
2315 1351 2439 1422 quia
2469 1369 2570 1424 pro
2599 1356 2755 1411 nobis
2777 1357 2909 1425 ipsis
2948 1358 3161 1414 solliciti
3188 1361 3404 1430 quidem
3433 1375 3565 1417 esse—

1977 1455 2085 1496 non
2111 1442 2369 1499 debemus
2400 1458 2576 1513 neque
2621 1444 2871 1501 laborare
2905 1464 2918 1502 :
2952 1448 3047 1504 sed
3081 1459 3304 1520 propter
3326 1451 3552 1507 manda—

1979 1539 2092 1586 tum
2142 1531 2351 1588 Domini
2403 1542 2459 1588 et
2500 1544 2722 1604 propter
2757 1538 3138 1594 necessitatem
3182 1541 3553 1612 proximorum
3611 1604 3623 1623 ⁸

1978 1620 2193 1676 solliciti
2220 1636 2343 1678 esse
2371 1622 2628 1678 debemus
2654 1632 2710 1679 et
2734 1626 2950 1696 operari
2978 1628 3264 1695 attentius;
3299 1638 3356 1685 et
3383 1630 3557 1685 maxi-

1978 1727 2066 1768 me
2092 1713 2217 1783 quia
2246 1714 2504 1770 Dominus
2526 1715 2582 1770 in
2609 1716 2848 1787 seipsum
2875 1718 3071 1789 recipit
3100 1734 3163 1775 ea
3192 1735 3313 1790 quae
3344 1721 3396 1775 in
3435 1737 3553 1777 ser-

288 1817 465 1880 habes,
489 1824 538 1870 et
567 1816 636 1868 da
657 1812 971 1885 pauperibus
1007 1811 1221 1883 (Matth.
1248 1808 1385 1882 xxx).
1416 1810 1474 1866 Si
1506 1818 1686 1881 autem
1707 1810 1871 1864 etiam
1899 1793 1946 1853 Β
1972 1822 2071 1861 vos
2093 1806 2211 1878 ejus
2239 1805 2530 1863 fecerimus
2551 1848 2567 1873 ,
2607 1817 2662 1864 ct
2699 1824 2921 1880 regnum
2961 1811 3220 1868 ctelorum
3243 1828 3344 1884 pro
3370 1812 3561 1884 hujus-

290 1906 417 1976 quis
444 1918 768 1974 quacunque
803 1916 868 1959 ex
900 1917 1062 1957 causa
1092 1902 1400 1971 impositam
1442 1900 1545 1955 sibi
1586 1906 1873 1971 pauperta-

290 2003 401 2051 tem
432 1994 730 2050 secundum
772 1993 1104 2048 voluntatem
1141 1992 1356 2047 Domini
1398 1991 1692 2061 dispenset,
1723 2001 1779 2045 et
1805 1989 1879 2044 fe-
1922 2008 1925 2015 λ

289 2098 398 2155 rat,
428 2090 571 2143 sicut
599 2087 686 2142 ille
710 2086 949 2141 Lazarus
1005 2084 1155 2157 (Luc.
1184 2083 1260 2157 Vl)
1279 2125 1294 2150 ,
1326 2084 1491 2139 etiam
1526 2085 1630 2140 iste
1653 2100 1683 2138 a
1703 2084 1876 2140 beati-

289 2179 479 2234 tudine
501 2192 608 2232 non
636 2177 740 2230 erit
767 2175 994 2241 alienus,
1030 2174 1260 2229 Domino
1281 2174 1629 2246 praecipiente
1653 2192 1667 2229 :
1697 2173 1874 2228 Nol'te
1944 2228 1955 2241 ,

284 2286 401 2323 ase
442 2267 656 2322 solliciti
693 2267 820 2339 quid
865 2267 1192 2321 manducetis
1216 2308 1231 2333 ,
1265 2265 1343 2321 vel
1393 2267 1519 2338 quid
1563 2266 1768 2333 bibatis,
1797 2265 1875 2321 vel

286 2360 419 2431 quid
442 2360 740 2414 induamini
767 2357 983 2426 (Matth.
1011 2356 1108 2429 Vl).

688 2446 1205 2504 INTERROGATIO
1241 2447 1476 2503 CXXVI.

286 2539 466 2611 Usque
490 2539 563 2593 ad
602 2553 755 2609 quem
808 2536 1770 2611 modum__estobservatioAmandati?
1797 2534 1874 2591 vel

682 2607 941 2677 quomodo
967 2606 1249 2677 adimpleri
1269 2614 1436 2677 potest
1460 2606 1486 2659 ν

359 2699 525 2753 Resp.
566 2697 799 2752 Mandati
849 2696 1069 2766 quidem
1111 2697 1424 2752 observatio
1465 2704 1548 2752 est
1592 2712 1761 2767 usque
1806 2698 1873 2752 ad

285 2800 548 2854 mortem,
577 2788 704 2858 quia
732 2795 789 2842 et
820 2787 1078 2842 Dominus
1105 2787 1364 2842 obediens
1392 2795 1479 2842 est
1508 2786 1683 2843 factus
1704 2802 1876 2857 usque

289 2880 357 2935 ad
383 2886 621 2934 mortem
669 2897 681 2932 :
735 2877 1016 2947 adimpleri
1060 2885 1239 2932 autem
1268 2885 1446 2948 potest
1480 2892 1579 2948 per
1603 2878 1708 2933 hoc
1730 2877 1874 2947 quod

289 2972 460 3029 habet
490 2972 865 3040 unusquisque
895 2970 1225 3026 desiderium
1252 2977 1306 3024 et
1330 2984 1569 3026 amorem
1592 2970 1709 3026 Dei.
1763 2970 1872 3041 Do-

285 3061 473 3116 minus
502 3059 651 3114 enim
685 3074 807 3114 cum
846 3058 1171 3115 exclusisset
1216 3059 1632 3117 sollicitudinem
1666 3062 1872 3129 saeculi,

1975 1896 2121 1953 modi
2150 1897 2420 1968 promittit
2444 1898 2745 1967 obsequiis.

2352 2007 2866 2064 INTERROGATIO
2900 2010 3189 2069 CXXVIII.

1977 2095 2036 2152 Si
2057 2098 2173 2168 quis
2199 2098 2256 2170 in
2282 2098 2438 2153 corde
2464 2116 2560 2153 suo
2591 2101 2782 2170 cogitat
2806 2101 2870 2155 de
2898 2100 3027 2154 cibis
3045 2142 3059 2166 ,
3089 2112 3214 2160 tunc
3248 2107 3434 2164 deinde
3462 2128 3556 2165 ηο-

2046 2167 2383 2248 tetuseips-um.
2417 2178 2465 2222 et
2504 2167 2726 2248 arguat_;
2776 2170 2823 2223 si
2868 2179 2917 2224 et
2955 2171 3040 2228 hie
3066 2176 3217 2245 quasi
3238 2178 3470 2248 cogitans
3492 2180 3558 2235 de

2045 2235 2239 2290 talibus
2256 2235 2584 2306 judicandus
2603 2238 2668 2291 sit
2687 2239 2713 2292 ?
2804 2264 2807 2265 ν

2047 2324 2208 2383 Resr.
2245 2327 2522 2398 Siquidem
2549 2343 2656 2384 non
2680 2329 2733 2383 id
2766 2336 3031 2404 temporis
3054 2342 3166 2403 est,
3198 2353 3306 2408 quo
3330 2346 3556 2393 natura-

1976 2417 2102 2475 liter
2119 2419 2399 2490 requirere
2418 2420 2569 2476 cibos
2590 2419 2750 2479 famis
2775 2428 3100 2483 necessitate
3125 2443 3555 2496 commonemur,

1976 2508 2323 2564 manifestum
2369 2517 2489 2577 est,
2533 2510 2589 2567 id
2634 2528 2756 2571 esse
2783 2531 2934 2586 vagae
2973 2518 3170 2572 mentis
3191 2517 3469 2584 indicium,
3501 2528 3562 2575 et

1975 2602 2170 2656 anima:
2218 2615 2347 2671 erga
2395 2605 2686 2673 prmsentia
2738 2605 2991 2663 allectum
3036 2609 3290 2679 gerentis,
3342 2618 3397 2665 et
3425 2626 3556 2683 erga

1972 2692 2306 2748 voluntatem
2354 2694 2450 2750 Dei
2483 2694 2683 2750 desidis
2726 2704 2782 2751 et
2807 2698 3047 2753 remissa:
3086 2716 3099 2751 :
3141 2700 3444 2769 proximam
3475 2709 3548 2755 ta-

1974 2800 2097 2840 men
2129 2784 2294 2842 habet
2314 2786 2413 2841 Dei
2434 2787 2887 2852 miscricordiam,
2916 2796 2972 2844 et
2997 2804 3095 2859 pro
3125 2789 3227 2845 hoc
3247 2791 3386 2860 ipso,
3411 2795 3563 2861 quod

1975 2874 2213 2946 seipsum
2243 2877 2422 2948 arguit
2447 2885 2501 2932 et
2526 2879 2750 2943 notavit,
2784 2886 2908 2933 nota
2938 2880 3183 2935 criminis
3215 2881 3514 2937 exsolvitur
3533 2902 3551 2939 :

1976 2968 2021 3023 si
2075 2974 2255 3023 tamen
2301 2976 2483 3023 servet
2529 2968 2595 3024 de
2652 2977 2852 3025 caetero
2906 2970 3294 3042 cogitationum
3344 2971 3552 3041 lapsus,

1976 3072 2185 3114 memor
2205 3057 2468 3113 Dominici
2503 3060 2804 3126 sermonis,
2836 3074 2943 3130 quo
2977 3059 3053 3112 ait
3082 3077 3095 3113 :
3125 3058 3260 3114 Ecce
3281 3076 3442 3115 sanus
3472 3059 3557 3129 fa-

285 3151 574 3223 conjungit
619 3152 802 3208 statim
847 3153 1224 3221 promissionis
1276 3168 1458 3224 spem,
1506 3139 1728 3212 dicens:
1762 3156 1870 3213 Scit
1898 3136 1943 3199 C
1976 3158 2087 3203 ctus
2110 3148 2321 3218 cadam
2364 3146 2475 3202 noli
2521 3164 2737 3219 peccare
2763 3190 2778 3215 ,
2828 3166 2891 3204 ue
2921 3148 3049 3219 quid
3084 3148 3178 3203 tibi
3208 3148 3433 3204 deterius
3458 3148 3554 3218 ﬁat
3644 3164 3649 3169 '

285 3246 428 3299 enim
478 3244 638 3299 Pater
671 3253 835 3300 vester
859 3286 873 3310 ,
914 3244 1103 3317 quibus
1151 3262 1280 3316 opus
1320 3245 1555 3314 habetis,
1595 3258 1874 3320 antequam

287 3337 480 3406 petatis
510 3334 665 3409 (Luc.
690 3334 811 3408 xu).
864 3334 972 3391 Sed
1001 3343 1056 3390 et
1087 3334 1377 3407 Apostolus
1403 3337 1536 3392 dicit
1562 3355 1574 3392 :
1606 3338 1745 3404 Quia
1782 3356 1874 3394 nos

286 3429 386 3498 ipsi
417 3429 476 3483 in
506 3429 654 3483 nobis
684 3428 811 3499 ipsis
846 3445 1149 3498 responsum
1183 3430 1368 3483 mortis
1394 3428 1665 3496 habemus,
1689 3441 1748 3484 ut
1771 3448 1875 3485 non

284 3519 455 3574 simus
484 3519 706 3589 ﬁdentes
733 3520 788 3573 in
809 3519 977 3585 nobis,
1004 3520 1095 3574 sed
1120 3521 1175 3575 in
1200 3518 1337 3586 Deo,
1374 3520 1464 3591 qui
1490 3522 1709 3575 suscitat
1740 3536 1878 3576 mor-

286 3616 405 3663 tuos
431 3607 519 3680 (II
543 3608 668 3663 Cor.
697 3607 758 3681 I).
785 3607 1091 3664 Secundum
1114 3610 1448 3680 propositum
1477 3624 1607 3681 ergo
1627 3616 1875 3666 nostrum

290 3701 345 3747 et
372 3695 571 3747 animae
604 3694 1085 3764 prteparationem,
1114 3695 1358 3763 quotidie
1378 3696 1663 3762 morimur,
1689 3696 1877 3751 volun-

292 3791 404 3839 tate
455 3795 637 3840 autem
666 3785 761 3840 Dei
804 3800 1181 3840 reservamur:
1222 3785 1452 3855 Propter
1473 3785 1617 3855 quod
1642 3793 1699 3842 et
1732 3786 1878 3855 Apo-

291 3874 462 3928 stolus
495 3888 620 3928 eum
660 3874 807 3928 omni
841 3874 1035 3929 ﬁducia
1083 3873 1301 3929 dicebat
1334 3892 1347 3927 :
1396 3872 1461 3928 Ut
1491 3876 1799 3939 morientes,
1829 3885 1877 3931 et

288 3983 405 4020 ecce
433 3968 653 4021 vivimus
688 3966 775 4039 (II
808 3966 932 4021 Cor.
959 3966 1057 4039 γι).
1103 3966 1264 4023 Juvat
1290 3975 1473 4024 autem
1504 3966 1874 4037 hujuscemodi

288 4056 628 4126 propositum
657 4056 819 4109 etiam
847 4056 991 4111 circa
1026 4057 1281 4112 mandata
1311 4056 1430 4122 Dei,
1463 4058 1740 4112 ardentior
1760 4058 1876 4112 ani-

292 4161 416 4201 mus
448 4155 503 4202 et
534 4147 863 4204 desiderium
893 4149 1201 4206 insatiabile
1240 4169 1252 4204 :
1287 4165 1395 4221 quo
1429 4151 1522 4221 qui
1559 4150 1877 4222 constringi-

293 4246 399 4303 tur,
438 4254 541 4293 non
586 4239 807 4295 habebit
850 4243 1020 4296 otium
1057 4256 1159 4297 nec
1201 4251 1415 4313 tempus
1455 4242 1710 4312 occupari
1747 4256 1875 4312 erga

290 4330 606 4401 corporales
633 4347 764 4388 usus
786 4332 872 4387 vel
897 4341 1070 4388 actus.

682 4440 1195 4498 INTERROGATIO
1230 4443 1481 4499 CXXVII.

1977 3235 2161 3308 (Ioan.
2192 3236 2267 3311 v).
2311 3237 2368 3294 Si
2399 3247 2580 3293 autem
2617 3239 2667 3293 id
2699 3240 2953 3311 temporis
2980 3238 3071 3305 sit,
3101 3254 3209 3310 quo
3236 3238 3556 3294 naturaliter

1977 3328 2043 3383 de
2083 3328 2219 3383 cibis
2265 3329 2578 3399 appetendis
2623 3344 3062 3395 commonemur;
3095 3344 3249 3384 meus
3289 3339 3467 3385 autem
3500 3330 3558 3383 in

1976 3417 2289 3472 melioribus
2338 3428 2631 3489 occupata,
2681 3419 2938 3475 inferiora
2967 3421 3175 3488 spernit
3219 3430 3273 3474 et
3305 3420 3562 3489 despicit,

1975 3522 2083 3562 non
2131 3507 2434 3563 recordatio
2479 3508 2724 3563 ciborum
2768 3507 3045 3572 notabilis,
3097 3507 3190 3562 sed
3214 3516 3572 3579 contemptus.

1977 3594 2264 3651 laudabilis
2292 3597 2582 3651 invenitur.

2363 3708 2877 3765 INTERROGATIO
2923 3709 3161 3765 CXXIX.

1978 3798 2038 3855 Si
2071 3799 2187 3854 licet
2216 3809 2525 3853 nocturnam
2560 3800 2793 3854 tunicam
2821 3799 3010 3855 habere
3047 3798 3299 3867 alteram,
3341 3801 3417 3856 vel
3444 3803 3557 3856 cili»

2338 3870 2534 3934 cinam,
2571 3869 2647 3923 uel
2667 3868 2829 3924 alium
2855 3869 3185 3940 quamlibet?

2044 3957 2205 4013 Resr.
2246 3956 2421 4013 Cilicii
2467 3957 2686 4028 quidem
2726 3973 2856 4013 usus
2899 3956 3066 4014 habet
3103 3960 3380 4031 proprium
3414 3968 3553 4017 tem-

1974 4061 2095 4117 pus,
2138 4062 2245 4102 non
2289 4047 2433 4102 enim
2479 4055 2706 4118 propter
2748 4064 2879 4105 usus
2898 4050 3144 4137 corporip
3167 4093 3182 4119 ,
3216 4052 3310 4108 sed
3332 4062 3553 4124 propter

1975 4136 2315 4194 atllictionem
2342 4138 2459 4210 ejus
2483 4140 2760 4196 inventum
2781 4149 2867 4198 est
2889 4136 3257 4211 hujuscemodi
3281 4147 3554 4206 indumen-

1976 4235 2109 4292 tum,
2140 4235 2195 4282 et
2218 4243 2317 4298 pro
2342 4230 2644 4287 humilitate
2665 4233 2878 4287 animae.
2913 4233 3048 4303 Cum
3078 4244 3258 4291 autem
3296 4237 3429 4294 duas
3468 4249 3552 4293 tus

1865 4338 1883 4359 κ
1975 4319 2126 4374 nicas
2152 4318 2348 4374 habere
2377 4320 2659 4389 prohibeat
2686 4337 2865 4377 sermo
2896 4323 3106 4379 divinus
3124 4365 3139 4390 ,
3169 4326 3437 4394 quomodo
3458 4342 3552 4396 po-

1978 4416 2081 4461 test
2128 4409 2230 4463 hoc
2278 4410 2498 4479 suscipi,
2551 4411 2654 4466 nisi
2686 4413 2753 4467 ad
2811 4428 2904 4468 eos
2950 4428 3080 4468 usus
3118 4428 3254 4483 quos
3302 4416 3555 4485 superius

288 4503 349 4561 Si
372 4523 498 4581 ergo
528 4474 1564 4581 nequelhjaliegndjitirtet
1599 4514 1664 4567 de
1698 4530 1873 4568 neces—
1897 4474 1952 4534 Β
1975 4496 2209 4552 diximus
2244 4496 2458 4568 (Mauh-
2488 4498 2578 4570 XI?

356 4580 520 4653 s_ariis_
565 4579 747 4653 usibus
788 4581 1076 4653 _ad__vitam
1092 4598 1123 4653 ,ﬁ
1169 4594 1241 4653 ειΔ
1265 4579 1413 4637 aliud
1444 4592 1524 4653 est
1559 4592 1871 4653 pra’ceptum

360 4645 578 4702 Domini
591 4648 825 4722 dicentis
849 4649 1032 4722 (Joan.
1056 4650 1173 4721 v1):
1207 4650 1510 4722 Operamini
1543 4645 1745 4722 cibum,
1781 4653 1871 4722 qui

357 4731 465 4768 non
489 4718 661 4786 perit;
689 4720 1012 4789 superﬂuum
1039 4718 1378 4774 est'manibus
1409 4722 1614 4789 operari
1629 4721 1653 4774 .’

361 4801 523 4857 Resp.
564 4803 683 4873 Ipse
707 4805 964 4861 Dominus
995 4806 1047 4859 in
1078 4806 1184 4860 alio
1218 4806 1335 4861 loco
1356 4817 1683 4878 praeceptum
1714 4825 1870 4864 suum

293 4893 625 4961 explanavit.
663 4895 798 4949 Nam
824 4896 897 4950 ibi
923 4896 1139 4965 quidem
1164 4897 1336 4962 dixit,
1368 4913 1474 4951 non
1505 4907 1753 4967 oportere
1782 4916 1871 4954 rc-

294 4983 437 5053 quiri
464 4984 668 5055 aliquid
717 4985 786 5040 ad
824 4986 1022 5054 vitam,
1068 5001 1191 5040 cum
1222 4986 1389 5040 dicit:
1436 4984 1614 5041 Nolite
1639 5004 1871 5058 quwrere

293 5072 421 5141 quid
458 5074 784 5146 manducetis
805 5117 820 5141 ,
862 5084 953 5130 aut
990 5076 1116 5147 quid
1149 5076 1337 5131 bibatis
1362 5092 1379 5131 :
1404 5078 1514 5131 lucc
1539 5078 1674 5131 enim
1696 5078 1870 5131 omnia

294 5173 467 5231 gentes
488 5163 650 5235 hujus
671 5165 854 5218 mundi
885 5166 1156 5236 requirunt
1175 5165 1391 5236 (Matth.
1418 5166 1524 5237 vt);
1552 5174 1606 5220 et
1631 5166 1867 5221 addidit:

297 5251 529 5317 Qucerite
549 5267 725 5310 autem
752 5274 965 5327 regnum
992 5258 1109 5323 Dei,
1138 5267 1184 5311 et
1215 5258 1483 5327 justitiam
1520 5259 1636 5328 ejus
1658 5256 1867 5330 (Ibid.).

295 5339 362 5394 Et
396 5345 668 5411 quomodo
714 5354 966 5414 oporteat
1013 5347 1209 5415 qumri,
1257 5346 1702 5402 indicavit:cum
1726 5348 1871 5411 enim

296 5428 556 5487 dixisset:
594 5431 776 5488 Nolite
814 5438 1020 5505 operari
1059 5437 1229 5489 cibum
1267 5435 1356 5506 qui
1398 5436 1529 5506 perit
1568 5435 1746 5507 (Joan.
1775 5434 1874 5505 vi),

296 5518 506 5575 addidit
546 5540 560 5576 :
611 5521 717 5576 Sed
756 5532 873 5576 eum
907 5524 995 5594 qui
1034 5533 1301 5594 permanet
1340 5525 1394 5576 in
1435 5524 1592 5576 vitam
1625 5529 1876 5577 aeternam

296 5608 513 5682 (Ibid.).
545 5612 615 5667 Et
638 5612 766 5681 quid
794 5613 897 5669 hoc
931 5622 1077 5669 esset
1102 5615 1216 5683 ipse
1259 5614 1313 5668 in
1344 5614 1450 5668 alio
1478 5613 1597 5669 loco
1620 5612 1877 5678 ostendit,

296 5697 523 5760 dicens:
552 5703 704 5763 Meus
744 5704 885 5760 cibus
913 5715 1016 5774 est,
1065 5715 1122 5761 ut
1167 5705 1358 5775 faciam
1387 5704 1702 5761 voluntatem
1733 5706 1871 5775 ejus,

2380 4606 2894 4666 INTERROGATIO
2931 4610 3141 4667 CXXX.

1975 4693 2033 4751 Si
2053 4696 2167 4750 licet
2198 4696 2245 4748 ei
2266 4698 2353 4765 qui
2382 4697 2663 4762 ministrat,
2696 4701 2897 4768 majore
2925 4717 3073 4768 voce,
3101 4702 3156 4755 id
3188 4710 3264 4756 est
3289 4718 3406 4761 cum
3432 4703 3547 4757 cla-

2572 4784 2739 4834 more,
2773 4771 2951 4842 loqui?

2043 4881 2204 4936 Rssr.
2250 4881 2411 4936 Vocis
2459 4898 2770 4939 mensuram
2814 4884 3003 4941 deﬁnit
3046 4885 3294 4941 audiendi
3333 4887 3545 4941 modus.

1978 4968 2034 5023 Si
2057 4983 2184 5040 ergo
2208 4969 2427 5026 brevior
2468 4970 2631 5026 fuerit
2664 4981 2718 5027 et
2752 4974 3113 5042 compressior
3137 4988 3241 5030 vox
3273 4991 3435 5045 quam
3458 4990 3547 5030 res

1974 5061 2166 5130 poscit,
2212 5075 2380 5132 prope
2420 5070 2505 5117 est
2542 5071 2600 5117 ut
2636 5078 2879 5117 murmur
2918 5064 3096 5134 potius
3124 5064 3209 5121 vel
3245 5065 3549 5122 susurratio

1975 5151 2222 5206 videatur
2261 5166 2423 5221 quam
2469 5167 2666 5207 sermo.
2715 5151 2771 5206 Si
2806 5168 2934 5207 vero
2961 5151 3132 5223 major
3159 5155 3232 5210 sit
3262 5170 3421 5225 quam
3458 5171 3547 5212 res

1978 5243 2243 5313 requirit,
2288 5259 2411 5299 cum
2459 5243 2631 5312 possit
2676 5243 2863 5299 audire
2901 5244 2990 5300 ille
3024 5246 3110 5300 cui
3143 5245 3399 5315 loquitur,
3432 5246 3546 5316 jam

1976 5349 2086 5388 non
2114 5334 2216 5388 erit
2246 5348 2345 5387 vox
2371 5373 2386 5397 ,
2431 5331 2525 5386 sed
2566 5331 2801 5398 clamor;
2847 5334 2990 5402 quod
3026 5344 3111 5392 est
3136 5336 3409 5393 notabile:
3444 5337 3546 5392 nisi

1976 5427 2118 5483 forte
2139 5427 2356 5498 gravior
2383 5427 2456 5482 sit
2483 5425 2698 5481 auditus
2716 5427 2832 5497 ejus
2851 5428 2938 5482 cui
2965 5428 3255 5499 loquimur,
3283 5438 3340 5485 et
3358 5444 3546 5486 neces-

1976 5523 2112 5576 sitas
2132 5536 2230 5576 nos
2250 5528 2409 5591 cogat
2447 5520 2515 5574 ad
2552 5518 2915 5576 clamandum.
2956 5521 3245 5593 Propterea
3274 5531 3331 5579 et
3356 5523 3423 5579 dc
3447 5522 3549 5577 Do»-

1975 5614 2123 5668 mino
2148 5613 2405 5681 scriptum
2431 5618 2515 5666 est
2550 5630 2563 5665 :
2616 5610 2754 5676 Quia
2779 5611 2935 5667 Jesus
2961 5612 3219 5668 clamabat
3241 5613 3417 5669 dicens
3443 5629 3462 5666 :
3489 5610 3549 5666 Si

1974 5704 2091 5775 quis
2117 5703 2278 5758 credit
2323 5704 2396 5775 in_
2428 5717 2528 5769 me,
2569 5717 2670 5756 non
2714 5704 2877 5758 credit
2914 5704 2968 5759 in
2995 5722 3095 5774 me,
3123 5705 3212 5760 sed
3235 5706 3431 5761 incum
3457 5700 3548 5770 qui
