3974 6192
255 342 359 400 537
905 343 1135 399 CODEX
1173 344 1632 402 REGULARUM.
1673 376 1743 387 —-
1781 344 1963 402 PARS
2002 344 2045 400 1.
2086 344 2393 402 ΒΕϐὒιιΕ
2429 347 2535 403 PP.
2578 348 2860 406 ORIENT.
3418 351 3525 409 538

249 457 482 513 exitium
504 454 760 524 pertinet.
787 453 847 510 Si
891 470 1021 526 ergo
1047 457 1334 513 credamus
1358 459 1488 528 quia
1533 473 1677 513 verae
1709 467 1837 516 sunt
1861 462 1910 522 Α
2359 458 2873 517 INTERROGATIO
2908 461 3134 519 CXLIV.

248 548 704 605 comminationes
749 547 915 603 futuri
960 548 1151 617 iudicii
1212 550 1333 615 Dei,
1387 558 1444 605 et
1492 550 1844 606 recordemur
1944 546 2008 602 Si
2039 549 2156 619 quis
2197 550 2451 621 pretiosas
2506 561 2668 621 vestes
2717 552 2956 620 abjiciat,
2993 553 3125 621 ipsa,
3149 563 3324 607 autem
3368 554 3534 609 indu-

251 638 497 694 terrihile
536 638 669 694 illud
714 637 880 694 futuri
923 640 1189 696 examinis
1237 639 1494 705 tribunal,
1533 639 1805 694 timebimu

1921 640 1931 649 ,.
1958 617 2205 672 meum
2226 617 2413 696 piliora
2457 619 2644 689 quibus
2689 617 2875 705 utitur,
2902 617 3022 705 ‘vel'
3045 620 3421 705 calceamenta,
3444 625 3524 679 ita

242 690 669 798 5.15%.}.53."
930 690 1187 696 mm"
1538 690 1805 694 mw"

2010 690 2289 757 composite
2322 696 2523 752 utatur,
2554 698 2608 741 ut
2634 690 2841 743 studeat
2880 691 3116 744 decorem
3154 691 3274 745 inde
3299 693 3528 763 aliquem

1921 778 1929 789 η
2010 772 2237 813 capere;
2280 757 2324 810 si
2368 767 2568 813 peccat.
2606 767 2697 811 aut
2738 760 2863 813 vitio
2902 759 3077 813 aliaue
3112 760 3166 813 id
3211 762 3382 813 facere
3429 779 3528 813 nu-

636 817 1147 876 lNTEBROGATlO
1178 819 1463 876 CXXXIX.

1921 778 1929 789 η
2007 772 2237 877 ῗαρὲνω
2280 762 2349 879 ii?
2366 767 2568 827 peccat,
2606 767 2697 811 aut
2738 762 2863 813 vitio
2902 762 3077 828 aliquo
3112 762 3166 813 id
3209 762 3392 830 facere
3427 779 3529 833 pu-

2030 841 2099 878 an
2140 842 2199 879 us
2226 842 2280 879 es

250 906 527 974 Quomodo
556 907 666 962 lata
694 918 769 964 est
797 919 971 978 porta,
998 911 1327 987 e_t_spatiosa_
1351 911 1434 987 via
1455 926 1575 981 quin
1599 910 1743 964 ducit
1769 909 1839 964 ad
2010 913 2172 969 Rssr.
2202 913 2303 980 Qui
2327 915 2443 969 vult
2465 930 2562 984 per
2584 915 2834 971 decorem
2874 916 3093 972 habitus
3117 917 3331 987 placere
3352 919 3527 974 homi-

743 989 963 1033 ηιονεεηι
988 979 1209 1079 (μαῖαι
1236 982 1335 1079 Ἢξ)
1370 980 1393 1033 Ῡ
1470 979 1518 1079 ⁷·
1623 1078 1629 1079 γ
1788 1071 1801 1079 _
1937 1001 2118 1068 uibus,
2150 979 2498 1058 manifestum
2524 1012 2608 1059 est
2631 1020 2756 1058 eum
2799 1003 2959 1072 hujus
3007 979 3179 1075 ipsius
3221 1008 3336 1063 vitii
3366 1010 3525 1079 aegri-

314 1070 480 1125 Resr.
509 1068 770 1129 Dominus
813 1086 914 1140 pro
937 1071 1108 1126 multa
1134 1086 1232 1126 sua
1268 1070 1556 1126 clementia
1581 1078 1637 1125 et
1657 1071 1804 1125 nomi

1937 1094 2123 1150 tudine
2151 1094 2420 1160 laborare,
2450 1095 2503 1149 id
2533 1103 2638 1161 est,
2676 1068 2986 1150 hominibus
3008 1068 3254 1168 placendi
3285 1115 3299 1162 ;
3324 1108 3376 1153 et
3406 1068 3525 1154 ger-

245 1160 407 1215 nibus
433 1167 491 1214 et
533 1160 717 1215 verbis
749 1161 835 1216 bis
879 1161 1070 1226 utitur,
1121 1160 1320 1229 quibus
1351 1160 1524 1230 possit
1572 1160 1729 1215 nobis
1779 1161 1805 1215 i1

1936 1193 2050 1238 tum
2079 1193 2162 1239 est
2186 1194 2418 1240 mentem
2449 1185 2565 1254 ejus
2592 1160 2629 1240 a7
2652 1187 2763 1242 Deo
2803 1160 3026 1257 lengius.
3063 1160 3302 1260 evagari.
3338 1188 3443 1244 Sed
3468 1198 3525 1246 et

244 1249 496 1349 “fili”?
530 1248 1110 1349 _add“_°""e_d°3_ma‘a
1140 1248 1407 1349 veriuf‘és'
1444 1246 1598 1349 Sic‘f‘
1625 1263 1756 1349 ῗξῧθ
1796 1248 1835 1303 ii
1933 1275 2037 1331 hoc
2069 1277 2241 1347 ipsum
2288 1289 2373 1333 est
2417 1246 2626 1343 vilium,
2670 1246 2955 1348 perperam
2999 1246 3196 1349 agere:
3220 1294 3341 1333 cum
3370 1279 3526 1334 indu-

243 1341 334 1412 qui
362 1340 644 1395 ambulant
687 1341 740 1395 in
786 1342 896 1406 via,
931 1340 978 1396 si
1025 1356 1057 1395 a
1095 1348 1246 1397 recto
1297 1340 1493 1396 itinere
1540 1339 1805 1395 declinent

1933 1368 2132 1423 mentis
2157 1367 2240 1424 vel
2272 1369 2677 1435 calceamentis,
2707 1385 2816 1424 non
2845 1384 2976 1425 usus
3014 1385 3177 1425 causa
3203 1370 3392 1437 utitur,
3430 1370 3526 1425 sed

242 1432 387 1502 quod
436 1432 607 1487 certis
646 1431 802 1487 lineis
848 1440 904 1486 et
946 1431 1238 1487 manifesto
1285 1431 1420 1487 calle
1472 1430 1830 1492 concluditur,
1934 1457 2166 1513 decoris.

215 1524 415 1615 spatia
464 1523 633 1577 multa
681 1531 738 1578 et
784 1538 917 1595 vaga
966 1525 1263 1591 incedunt;
1311 1524 1385 1578 ita
1427 1537 1558 1592 ergo
1585 1530 1639 1577 et
1666 1523 1712 1577 is
1740 1522 1832 1593 qui
2361 1548 2873 1605 INTERROGATIO
2894 1548 3096 1606 CXLV.

241 1616 542 1671 excesserit
568 1616 635 1670 de
659 1616 773 1670 vita
822 1631 942 1685 quae
973 1618 1120 1672 ducit
1157 1618 1225 1672 ad
1276 1632 1503 1685 regnum
1543 1616 1830 1680 caelorum,
2500 1639 2641 1704 Quid
2662 1649 2739 1693 εει
2770 1639 2962 1694 nam?

241 1707 463 1809 ωυίξξξυ
511 1707 853 1809 humilium}
901 1708 1145 1764 incurrit
1174 1708 1400 1775 θΐΐοτίδο
1433 1722 1533 1778 Per
1570 1722 1737 1778 quam
1763 1706 1832 1762 ad
1856 1800 1901 1809 Ἀ
2003 1726 2165 1781 Rssr.
2191 1726 2567 1792 Provincialis,
2601 1728 2655 1781 id
2682 1736 2787 1792 est,
2825 1727 3043 1797 gentilis
3064 1727 3207 1782 illius
3235 1742 3414 1783 sermo
3438 1734 3525 1783 est

239 1796 597 1866 Ρεπίιῑίοηθω
623 1798 952 1868 Pervenit“-
1856 1800 1904 1859 Β
1931 1819 2079 1873 velut
2116 1818 2344 1873 convicii
2373 1818 2611 1883 levioris,
2650 1819 2795 1888 quod
2826 1796 3136 1873 domesticis
3184 1827 3239 1874 et
3274 1819 3362 1874 his
3390 1834 3523 1888 quo-

668 1908 1180 1967 INTERROGATIO
1243 1910 1399 1966 CXL.
1932 1924 2054 1963 rum
2083 1908 2337 1963 ﬁduciam
2366 1908 2488 1978 quis
2514 1908 2670 1979 gerit,
2699 1908 2805 1963 dici
2834 1907 2971 1962 solet
2994 1906 3212 1978 (Matth.
3244 1906 3322 1978 v).

240 1995 515 2062 Quomodo
541 2007 766 2069 angusta
802 2009 953 2070 porta
979 2009 1028 2082 _e_t
1063 2011 1211 2082 arcta
1238 2003 1324 2057 via
1348 2009 1425 2057 est
1445 2018 1564 2073 quis
1593 2002 1739 2057 ducit
1758 2002 1828 2057 ad
2339 2016 2856 2074 INTERROGATIO
2885 2017 3113 2072 CXLVI.

632 2159 679 2180 ε,
705 2072 1256 2180 ’,μῃηῌθῗίῗῗίψ
1296 2167 1340 2180 Δ.
1379 2169 1578 2180 __A____
1608 2162 1633 2180 ιν
1655 2176 1673 2180 Α
1694 2177 1709 2180 Α
1745 2161 1792 2180 ,4
1932 2096 2073 2180 Quid
2095 2119 2167 2163 est
2193 2109 2332 2180 quod
2358 2107 2499 2180 dicit
2526 2072 2848 2180 Apostolus:
2886 2106 3010 2161 Non
3039 2108 3323 2180 ejﬂciamur
3348 2108 3522 2180 inanis

305 2157 467 2213 Resp.
496 2158 566 2213 Et
590 2159 681 2213 hic
703 2159 954 2214 similiter
975 2168 1261 2231 angustum
1288 2167 1344 2216 et
1372 2169 1583 2215 arctum
1608 2162 1715 2217 hoc
1743 2161 1805 2215 in

1935 2157 1971 2173 ’⁸
1985 2157 2181 2248 "ginis
2195 2157 2400 2248 ⁷σῖιᾷνῖάῖ
2411 2157 2690 2248 (cura)?
2704 2157 3520 2248 Εἷὲὶεὶᾑὶἡὶ’Νὸῇῐοὲὶὶῐιῖἠὶ

234 2249 398 2315 dicat,
426 2250 556 2319 quia
602 2252 690 2305 via
718 2252 853 2316 haec,
898 2252 952 2306 id
991 2260 1075 2307 est
1116 2252 1226 2308 vita
1258 2262 1469 2318 nostra,
1501 2262 1827 2324 angustatur
1997 2245 2292 2324 iervientes,
2321 2245 2479 2324 quasi
2514 2245 2810 2324 hominibus
2853 2246 3116 2324 placentes
3155 2245 3370 2324 (Ephes.
3400 2248 3519 2324 vi);

1994 2318 2112 2387 quis
2132 2326 2206 2370 est
2230 2315 2406 2387 inanis
2427 2316 2612 2387 gloria:
2642 2315 2886 2387 cupidus,
2915 2327 2964 2370 et
2989 2317 3107 2387 quis
3128 2315 3202 2370 est
3225 2315 3521 2370 hominibus

233 2347 282 2392 et
301 2348 619 2455 coarctatur
639 2341 1178 2455 in‘tribulationibus.
1211 2341 1653 2445 Donstringimur
1678 2342 1823 2445 enim
1994 2341 2205 2455 32:25:;
2220 2341 2245 2438 ξ

230 2443 294 2484 ex
326 2439 564 2500 utraque
588 2440 745 2501 parte
773 2447 873 2487 nos
898 2433 990 2503 qui
1028 2434 1133 2488 iter
1154 2433 1384 2503 agimus,
1413 2447 1483 2487 ne
1510 2446 1735 2502 prorsus
1769 2433 1823 2488 in

231 2520 372 2575 aliud
420 2521 641 2590 aliquod
675 2521 1029 2578 declinemus.
1076 2522 1383 2577 Periculum
1430 2523 1575 2577 enim
1607 2530 1714 2587 est,
1760 2523 1815 2577 in

230 2612 545 2667 utramlibet
568 2621 779 2682 partem
818 2613 1093 2668 declinare
1120 2632 1133 2667 :
1165 2614 1305 2668 sicut
1334 2612 1387 2667 in
1428 2612 1607 2683 exigui
1645 2613 1824 2681 pontis

230 2707 487 2768 transitu,
515 2703 609 2757 ubi
631 2717 697 2757 ex
732 2710 962 2773 utraque
1000 2712 1153 2773 parte
1200 2718 1323 2758 eum
1352 2703 1445 2772 qui
1492 2700 1633 2756 forte
1657 2702 1821 2756 decli-

233 2794 464 2858 naverit,
494 2794 698 2848 conciti
727 2796 871 2848 unda
897 2792 1137 2847 ﬂuminis
1165 2794 1305 2863 rapit
1343 2801 1400 2848 et
1445 2791 1640 2847 aufert.
1689 2792 1822 2846 Pro-

226 2891 412 2953 pterea
436 2896 572 2952 ergo
598 2882 861 2950 scriptum
886 2889 1005 2936 est:
1031 2881 1113 2935 Ne
1136 2880 1481 2935 declinaveris
1504 2882 1559 2935 in
1577 2880 1818 2934 dextram

228 2988 383 3041 neque
411 2972 470 3026 in
504 2972 776 3024 sinistram
819 2970 1009 3042 (Num.
1043 2970 1159 3042 xx).
1201 2970 1267 3024 Et
1294 2971 1463 3026 David
1496 2971 1609 3025 ait:
1652 2970 1819 3024 Juxta

226 3064 458 3117 semitam
484 3060 796 3116 scandalum
824 3071 1106 3131 posuerunt
1136 3062 1266 3115 mihi
1292 3062 1465 3135 (Psal.
1496 3062 1741 3135 cxxxtx).

1993 2473 2153 2527 Res».
2198 2473 2336 2528 Puto
2380 2475 2522 2543 quod
2568 2474 2747 2529 inanis
2794 2473 2977 2544 gloria:
3023 2473 3249 2543 cupidus
3288 2480 3391 2537 est,
3427 2471 3520 2541 qui

1921 2571 2144 2634 propter
2187 2563 2358 2618 solam
2402 2564 2629 2633 gloriam
2681 2565 2886 2631 saeculi,
2919 2565 2973 2619 id
3017 2573 3122 2629 est,
3170 2572 3396 2634 propter
3422 2578 3518 2618 eos

1921 2654 2014 2723 qui
2036 2653 2222 2707 vident
2244 2661 2301 2708 et
2326 2654 2553 2708 audiunt
2583 2655 2650 2709 de
2675 2668 2733 2709 se
2767 2654 2969 2723 aliquid
2994 2653 3139 2724 quod
3179 2652 3267 2707 vel
3307 2652 3518 2706 laudari

1920 2744 2094 2814 possit
2138 2744 2225 2799 vel
2256 2744 2537 2811 admirari,
2581 2744 2714 2800 facit
2761 2745 2963 2814 aliquid
2999 2743 3084 2797 vel
3135 2742 3285 2798 dicit.
3336 2742 3519 2796 liomi-

1920 2834 2081 2890 uibus
2107 2844 2288 2889 autem
2332 2835 2553 2904 placens
2582 2835 2673 2890 ille
2709 2844 2793 2890 est
2837 2835 2930 2905 qui
2966 2834 3243 2888 voluntate
3289 2831 3517 2901 alicujus

1920 2927 2183 2993 hominis,
2210 2936 2270 2981 ut
2296 2927 2507 2998 placeat
2536 2928 2606 2993 ei,
2633 2927 2763 2982 facit
2785 2926 2986 2995 aliquid
3007 2924 3094 2979 vel
3122 2924 3271 2988 dicit,
3297 2924 3513 2979 etiarnsi

1919 3018 2201 3090 indignum
2226 3018 2298 3073 sit
2322 3026 2377 3073 et
2401 3015 2720 3086 injuriosum
2745 3016 2850 3071 hoc
2882 3016 3058 3086 ipsum
3079 3013 3223 3084 quod
3247 3012 3396 3067 facit.

2322 3126 2837 3186 INTERROGATIO
2864 3125 3113 3184 CXLVII.

662 3171 1176 3228 lNTERROGATlO
1210 3172 1390 3229 CXLI.
1842 3150 1888 3213 C
1925 3223 1963 3238 η
2011 3223 2061 3238 ,,
2217 3224 2229 3235 ,
2324 3150 3113 3238 ¹ὲ¹¹¹⁴¹““υ“³⁴”¹¹¹υ.“⁴λ¹⁴,’¹.¹’
3197 3218 3209 3229 .

369 3263 613 3319 Avaritia
650 3223 1622 3334 una}.instaurata...
1648 3264 1674 3318 γ

1921 3223 2061 3290 Quid
2098 3233 2175 3278 est
2210 3223 2667 3293 inquinamentum
2714 3223 2915 3285 carnis,
2963 3228 3014 3273 et
3061 3223 3515 3289 inquinamentum

1983 3294 2201 3362 spiritus
2226 3293 2250 3345 ἱ)
2280 3292 2348 3346 Et
2375 3292 2636 3362 quomodo
2663 3293 2727 3345 ab
2755 3290 2837 3344 his
2877 3289 3146 3362 emendari
3188 3304 3467 3359 possumus
3489 3287 3515 3340 i

292 3376 451 3434 Resp.
478 3376 616 3432 Cum
647 3385 1020 3446 transgressus
1056 3374 1178 3444 quis
1206 3374 1372 3431 fuerit
1414 3375 1632 3430 modum
1674 3370 1805 3446 legis

1985 3358 2053 3486 Εἴ
2078 3379 2195 3444 qua:
2223 3371 2298 3485 e?st
2328 3358 2695 3430 sanctiﬁcatio,
2729 3370 2777 3414 et
2800 3358 3061 3431 quomodo
3090 3374 3366 3428 possumus
3397 3372 3513 3411 eam

1985 3450 2015 3486 ο
2051 3443 2214 3486 tmere

228 3475 501 3522 statutum.
535 3466 690 3534 Quod
714 3466 1046 3533 designatur,
1078 3465 1372 3519 secundum
1401 3464 1568 3520 Vetus
1588 3464 1811 3534 quidem

228 3557 648 3621 Testamentum,
678 3556 732 3610 in
753 3570 841 3621 eo,
874 3555 920 3609 si
949 3555 1072 3624 quis
1111 3555 1234 3624 plus
1260 3569 1320 3609 se
1343 3554 1549 3624 diligat,
1581 3554 1669 3609 vel
1691 3554 1812 3622 plus

228 3649 276 3704 in
309 3648 541 3718 pecunia
568 3646 654 3701 vel
691 3645 1016 3700 necessariis
1038 3645 1105 3700 de
1135 3657 1195 3700 se
1223 3645 1298 3700 sit
1333 3644 1616 3708 sollicitus,
1645 3659 1808 3712 quam

229 3739 577 3810 deproximo.
619 3736 893 3806 Scriptum
920 3744 1005 3790 est
1030 3735 1178 3791 enim
1209 3753 1222 3789 :
1272 3734 1470 3805 Diliges
1511 3735 1809 3805 proximum

229 3838 362 3884 tamn
379 3832 517 3885 sicut
539 3830 762 3898 teipsum
783 3826 936 3897 (Luc.
958 3826 1095 3898 nx).
1132 3825 1439 3882 Secundum
1457 3826 1807 3897 Evangelium

229 3934 365 3985 vero,
391 3920 437 3974 si
460 3919 587 3989 quis
604 3918 727 3987 plus
747 3916 1009 3973 sollicitus
1030 3917 1101 3972 sit
1129 3931 1294 3986 quam
1316 3915 1382 3971 de
1410 3917 1666 3985 praesenti
1693 3917 1804 3981 die,

227 4009 302 4064 sui
338 4008 591 4064 videlicet
614 4022 779 4063 causa
806 4007 890 4061 vel
930 4006 1199 4076 corporis,
1241 4005 1341 4060 iste
1370 4005 1489 4060 sine
1517 4005 1681 4061 dubio
1710 4021 1808 4060 au-

227 4098 327 4154 diet
347 4116 363 4130 ’
390 4097 577 4162 Stulte,
610 4097 710 4151 hac
730 4104 878 4150 nocte
902 4103 1127 4165 repetent
1161 4094 1255 4148 abs
1283 4104 1332 4148 te
1358 4095 1588 4148 animum
1625 4103 1804 4161 tuam;

225 4196 411 4258 aqua
451 4186 787 4258 preparasti,
832 4185 985 4254 cujus
1026 4193 1178 4238 erunt
1227 4182 1377 4254 (Luc.
1408 4183 1552 4254 xu)?
1602 4184 1806 4251 Quibus

227 4276 425 4331 addidit
464 4276 727 4331 Dominus
774 4275 999 4329 dicens:
1041 4272 1130 4328 Ita
1163 4275 1260 4327 erit
1300 4284 1347 4328 et
1380 4275 1425 4329 is
1450 4276 1540 4346 qui
1568 4274 1667 4329 sibi
1695 4276 1806 4329 tlte-

224 4370 469 4434 saurizat,
498 4377 547 4421 et
572 4383 676 4420 non
698 4376 771 4419 est
796 4365 1019 4418 Domino
1043 4365 1182 4419 dives
1213 4365 1422 4440 (Ibid.).

1984 3523 2144 3577 Resp.
2195 3521 2668 3590 lnquinamentum
2699 3517 2882 3573 carnis
2914 3525 2996 3571 est
3019 3514 3361 3570 commisceri
3387 3529 3510 3568 cum

1909 3614 2015 3679 his,
2033 3614 2124 3682 qui
2142 3612 2327 3667 illicita
2338 3620 2394 3667 et
2409 3612 2636 3666 nefanda
2652 3610 2998 3665 committunt
3012 3607 3096 3678 (ΙΙ
3112 3607 3235 3662 Cor.
3252 3607 3374 3663 vn).
3394 3605 3512 3676 Spi-

1910 3705 2048 3759 ritus
2064 3712 2243 3759 autem
2260 3703 2726 3772 inquinamentum
2738 3708 2842 3764 est,
2872 3714 2995 3753 cum
3023 3697 3393 3753 indifferenter
3414 3697 3508 3751 ha-

1909 3795 2101 3849 bemus
2147 3793 2489 3849 commisceri
2521 3793 2601 3848 eis
2646 3792 2738 3861 qui
2774 3791 2841 3845 de
2889 3789 2994 3845 [ide
3030 3788 3194 3858 impie
3241 3788 3504 3844 sentiunt.

1909 3884 2282 3938 Emundamur
2308 3891 2489 3939 autem
2511 3882 2581 3936 ah
2606 3882 2714 3946 bis,
2749 3895 2872 3936 cum
2897 3879 3183 3948 implemus
3209 3877 3339 3933 illud
3358 3878 3506 3947 quod

1905 3973 2197 4043 Apostolus
2235 3973 2406 4028 dicit:
2458 3970 2591 4027 Cum
2640 3970 2901 4042 ejusmodi
2949 3986 3040 4024 nec
3086 3970 3263 4024 cibum
3301 3985 3506 4024 sumere

1909 4063 1963 4153 (Ι
1990 4062 2115 4118 Cor.
2144 4061 2240 4134 v);
2280 4070 2335 4118 et
2378 4077 2713 4132 quaecunque
2761 4060 2847 4115 bis
2896 4058 3095 4114 similia
3145 4058 3355 4114 statuit.
3407 4055 3505 4112 Vel

1908 4148 2058 4208 certe
2102 4168 2226 4207 cum
2266 4152 2397 4206 illud
2439 4152 2679 4220 patimur
2712 4150 2766 4204 in
2812 4150 2977 4205 corde
3027 4157 3214 4203 nostro
3256 4148 3399 4217 quod
3427 4148 3505 4202 ait

1907 4239 2075 4295 David
2102 4259 2114 4294 :
2151 4240 2388 4294 Tristitia
2413 4240 2575 4293 tenuit
2600 4255 2680 4292 me
2699 4256 2732 4291 a
2753 4237 3111 4308 peccatoribus
3135 4237 3502 4307 derelinquen-

1911 4332 2052 4385 tibus
2098 4330 2261 4401 legem
2310 4340 2456 4385 tuam
2501 4327 2673 4401 (Psal.
2705 4328 2917 4397 cxvm).
2952 4324 3047 4380 Vel
3093 4342 3215 4380 cum
3246 4325 3499 4379 ostende-

1909 4421 2080 4474 rimus
2122 4421 2282 4475 talem
2335 4428 2579 4475 nostram
2629 4419 2929 4483 tristitiam,
2981 4416 3195 4486 qualem
3229 4414 3497 4473 Corinthii

1824 4494 1881 4557 D
1905 4513 2283 4607 ostenderunt,
2312 4528 2434 4567 cum
2464 4511 2736 4607 objurgati
2761 4518 2887 4565 sunt
2969 4480 3135 4563 Paulo
3164 4525 3179 4575 ;
3211 4525 3334 4563 cum
3366 4523 3493 4607 erga

634 4569 774 4636 Quid
802 4582 876 4625 εει
898 4588 1170 4643 Ρενρενανη
1199 4591 1351 4644 ασενε
1372 4573 1399 4627 9
1907 4617 2031 4657 eum
2073 4603 2163 4671 qui
2195 4569 2549 4671 peccaverat:
2583 4569 2874 4656 indiscrete
2906 4609 3153 4671 egerunt,
3196 4614 3317 4654 cum
3362 4569 3502 4653 dicit

283 4677 443 4735 Resp.
473 4678 747 4751 Quidquid
770 4696 877 4736 non
905 4691 1125 4752 propter
1156 4700 1287 4739 usus
1318 4684 1674 4749 necessarios,
1704 4685 1800 4739 sed
1908 4690 1995 4761 (ΙΙ
2020 4689 2146 4745 Cor.
2174 4690 2303 4762 vn):
2334 4691 2402 4745 In
2435 4693 2673 4745 omnibus
2699 4692 3002 4746 exhibuistis
3039 4707 3126 4745 vos
3171 4698 3339 4743 castos
3380 4706 3490 4743 esse

231 4768 298 4822 vel
322 4778 547 4824 ornatus
586 4785 753 4825 causa
796 4772 883 4827 vel
932 4772 1146 4827 decoris
1198 4774 1427 4845 alicujus
1457 4773 1534 4843 lit,
1567 4775 1670 4831 hoc
1716 4783 1801 4831 est
1906 4783 2132 4853 negotio.
2185 4781 2557 4838 Sanctificatio
2603 4791 2782 4838 autem
2815 4793 2917 4848 est,
2964 4783 3242 4837 adhaerere
3286 4781 3395 4835 Deo
3421 4798 3488 4837 ex

228 4874 492 4932 perperam
515 4875 699 4933 agere.

1927 4880 2135 4940 ntegro,
2173 4879 2225 4927 et
2251 4872 2368 4927 sine
2395 4872 2573 4941 aliqua
2616 4874 3018 4929 intermissione
3048 4874 3102 4926 in
3151 4873 3296 4925 omni
3346 4881 3485 4927 tem-

623 4971 1136 5030 INTERROGA'no
1159 4974 1380 5031 cxun,
1901 4977 2035 5031 pore
2065 4961 2355 5016 sollicitum
2380 4976 2520 5028 esse,
2548 4971 2603 5017 et
2646 4965 2883 5018 studium
2924 4979 3112 5034 gerere
3140 4963 3385 5032 placendi
3408 4964 3479 5017 ei.

228 5059 346 5125 Quis
365 5072 460 5130 est,
487 5065 577 5134 qui
605 5064 670 5117 ab
695 5064 943 5134 Apostolo
973 5066 1189 5133 dicitur,
1234 5066 1442 5122 habitus
1478 5068 1751 5124 ordinatus
1770 5070 1796 5124 ?

1921 5053 2168 5119 Quoniam
2203 5053 2419 5123 quidem
2468 5069 2643 5123 neque
2688 5054 2949 5123 pollutum
2988 5054 3190 5123 aliquid
3239 5054 3291 5107 in
3328 5054 3482 5109 donis

1900 5140 1994 5194 Dei
2037 5139 2217 5196 oll'erri
2252 5150 2449 5211 potest,
2492 5142 2576 5197 vel
2619 5143 2993 5207 sanetilicari;
3043 5157 3218 5211 neque
3264 5158 3480 5198 rursum

1896 5230 2041 5297 quod
2088 5231 2255 5284 semel
2298 5231 2538 5285 oblatum
2572 5240 2657 5285 est
2704 5233 2812 5285 Deo
2855 5240 2909 5285 et
2964 5231 3380 5296 sanctificatum,
3410 5234 3478 5287 ad

1897 5334 2241 5374 communem
2272 5321 2492 5375 humani
2538 5321 2826 5375 ministerii
2854 5338 3009 5377 usum
3040 5322 3230 5377 adduci
3258 5331 3473 5391 potest;

1894 5409 2131 5479 alioquin
2155 5418 2211 5465 et
2232 5411 2555 5480 sacrilegum
2584 5414 2687 5466 erit
2715 5421 2769 5493 et
2795 5414 3039 5484 impium.

283 5173 439 5229 lisse.
468 5175 520 5230 ιε
552 5176 643 5245 qui
674 5178 971 5231 secundum
1013 5180 1347 5248 propositum
1375 5180 1795 5251 uniuscujusque

225 5257 470 5318 honestus
518 5276 604 5320 est
663 5282 811 5332 usus,
867 5269 950 5322 vel
994 5270 1287 5324 secundum
1340 5271 1535 5335 locum,
1581 5272 1666 5326 vel
1702 5288 1790 5327 se-

224 5355 438 5408 cundum
469 5362 704 5424 tempus,
738 5357 822 5411 vel
844 5359 1139 5413 secundum
1163 5374 1469 5428 personam.
1501 5362 1619 5416 Non
1649 5363 1787 5417 idem

224 5451 338 5495 usus
369 5459 491 5499 esse
536 5455 717 5516 potest
752 5446 807 5500 in
858 5454 1099 5518 tempore
1139 5448 1334 5505 hiemis
1375 5452 1515 5506 etin
1554 5460 1789 5521 tempore

224 5532 451 5587 astatis:
501 5549 676 5603 neque
719 5535 862 5589 idem
900 5535 1115 5593 habitus
1143 5546 1227 5593 est
1260 5540 1532 5608 operantis
1551 5549 1607 5595 et
1632 5542 1786 5611 quie—
2256 5521 2774 5580 'NTERROGATIO
2814 5524 3091 5581 CXLVI"-

224 5625 444 5692 scentis;
486 5641 587 5681 nec
614 5618 801 5682 militis
842 5628 982 5685 idem
1026 5636 1111 5686 est
1151 5639 1205 5687 et
1233 5631 1448 5700 privati,
1482 5647 1655 5703 neque
1686 5635 1785 5690 viri
2318 5636 2447 5703 Quis
2477 5648 2552 5692 est
2582 5642 2808 5693 mundus
2844 5642 3039 5694 corde?

227 5707 348 5770 idem
378 5715 471 5786 qui
501 5717 762 5774 mulieris.
1217 5803 1222 5809 '
1966 5724 2123 5783 Rssr.
2153 5725 2253 5794 Qui
2282 5728 2515 5798 scipsum
2540 5745 2645 5786 non
2677 5731 3041 5803 reprehendit,
3072 5734 3199 5803 quia
3223 5734 3305 5792 vel
3327 5749 3465 5807 prte-
