3974 6192
278 338 379 394 5H

932 345 1158 404 CODEX
1194 349 1648 414 REGULARUM.
1689 390 1760 400 —
1796 360 1975 417 PARS
2013 365 2052 418 I.
2099 366 2400 424 REGULE
2438 370 2541 425 PP.
2585 371 2856 430 ORIENT.

277 465 462 509 autem
489 454 748 524 possibile
776 455 866 521 sit,
911 459 1096 514 docuit
1126 461 1384 522 Dominus
1421 483 1514 537 per
1542 471 1862 526 charitatem
1891 475 1942 533 Α
1968 474 2090 528 dam
2142 480 2482 547 componitur
2534 491 2589 536 et
2639 493 2896 540 armatur.
2928 485 3142 544 Clamor
3187 507 3400 562 quoque
3427 507 3530 558 est.

279 543 383 599 Dei
410 544 580 599 Patris
605 553 660 600 et
681 561 780 614 per
807 562 958 602 suam
999 551 1383 622 obedientiam,
1416 574 1584 627 usque
1623 563 1691 615 ad
1719 578 1865 616 mora
1965 578 2088 617 cum
2129 543 2278 634 quis‘
2303 567 2383 621 ira
2412 569 2496 622 vel
2526 568 2706 626 furore
2733 583 3030 642 permotus,
3075 592 3172 646 per
3200 581 3348 635 vocis
3393 583 3535 638 indi-

277 643 416 700 tem,
440 651 595 704 quam
623 637 811 706 utique
846 653 943 706 pro
969 637 1201 696 inimicis
1227 645 1403 700 adhuc
1429 657 1484 702 et
1505 649 1682 717 impiis
1708 653 1862 707 nobis
1961 653 2262 721 gnationes,
2287 667 2380 710 aut
2399 656 2453 710 in
2478 657 2882 729 blasphemiam,
2911 674 3003 718 aut
3024 667 3077 721 in
3100 668 3533 726 maledictionem

269 724 556 789 sustinuit,
589 725 730 780 sicut
763 733 818 780 et
841 727 1126 795 Apostolus
1168 739 1417 800 testatur,
1449 737 1632 792 dicens
1662 756 1674 791 :
1705 737 1860 792 Com-
1961 742 2189 810 rapitur.

270 816 490 870 mendat
535 827 708 872 autem
731 818 876 874 Deus
919 838 1069 875 suam
1099 824 1404 882 charitatem
1453 832 1508 884 in
1539 832 1708 897 nobis,
1733 835 1863 903 quia

267 925 390 962 cum
408 909 582 962 adhuc
598 921 894 980 peccatores
909 932 1156 983 essemus,
1171 919 1408 976 Christus
1436 941 1529 993 pro
1550 927 1696 980 nobis
1721 944 1859 980 mor-

266 1009 393 1053 tuus
414 1010 488 1053 est
512 1000 692 1071 (Rom.
725 1001 802 1072 v).
831 1004 935 1059 Sed
957 1016 1013 1060 ct
1040 1023 1137 1063 nos
1171 1011 1236 1063 ad
1263 1011 1366 1066 hoc
1394 1013 1565 1080 ipsum
1605 1018 1855 1070 cohorta-

265 1099 379 1154 tur,
410 1091 594 1146 dicens
623 1107 638 1146 :
662 1092 844 1148 Estote
864 1112 986 1165 ergo
1007 1099 1294 1154 imitatores
1316 1102 1434 1167 Dei,
1451 1106 1582 1157 sicut
1602 1105 1703 1173 ﬁlii
1727 1107 1851 1160 cha-

260 1181 496 1243 rissimi;
533 1191 582 1234 et
607 1182 870 1236 ambulate
893 1186 948 1238 in
1000 1187 1295 1254 dilectione,
1332 1192 1467 1245 sicut
1515 1202 1562 1247 et
1610 1193 1848 1250 Christus

257 1269 447 1322 dilexit
478 1288 595 1336 nos,
624 1281 670 1324 et
696 1275 1028 1342 semetipsum
1055 1279 1271 1332 tradidit
1315 1298 1409 1350 pro
1441 1284 1590 1338 nobis
1617 1285 1843 1340 hostium

257 1367 306 1410 et
331 1357 652 1413 oblationem
701 1360 809 1414 Deo
839 1360 1055 1433 (Ephes.
1083 1365 1161 1435 v).
1194 1367 1478 1438 Nunquam
1505 1382 1683 1428 autem
1710 1389 1846 1443 prae-

255 1447 465 1516 ciperet
496 1448 599 1502 hoc
632 1449 810 1516 justus
833 1460 888 1504 et
916 1452 1154 1510 clemens
1201 1458 1477 1523 Dominus,
1510 1462 1615 1516 nisi
1656 1464 1843 1534 utique

255 1535 422 1588 etiam
453 1536 862 1604 possibilitatem
888 1542 1041 1596 nobis
1064 1543 1335 1599 donasset.
1368 1547 1549 1603 Inessc
1574 1553 1714 1606 enim
1739 1555 1842 1609 hoc

252 1631 468 1677 natura:
498 1633 701 1679 nostra:
727 1630 1056 1695 ostenditur,
1078 1647 1200 1686 cum
1223 1636 1386 1689 etiam
1410 1639 1600 1694 bestiis
1620 1642 1704 1696 vel
1732 1645 1844 1698 ani-

251 1710 488 1766 malibus
515 1727 643 1784 erga
673 1729 767 1769 eos
791 1717 880 1785 qui
911 1719 1010 1772 sibi
1047 1721 1292 1777 beneﬁcii
1330 1725 1530 1794 aliquid
1573 1732 1837 1797 prazstite-

252 1811 384 1855 runt
403 1803 544 1858 inest
586 1806 848 1860 naturalis
873 1809 1113 1864 allectus.
1145 1810 1276 1877 Quis
1301 1822 1481 1870 autem
1512 1825 1717 1872 tantum
1741 1822 1835 1876 be-

247 1894 430 1948 neﬁcii
461 1897 652 1952 amicis
678 1909 900 1967 praestat
927 1911 1187 1970 quantum
1213 1906 1487 1963 inimicis?
1527 1925 1648 1965 cum
1678 1914 1833 1969 nobis

247 2001 414 2040 causa
447 1988 800 2046 beatitudinis
824 1993 1086 2049 elliciatur
1108 1997 1250 2053 illius
1274 1999 1339 2054 de
1363 2016 1467 2070 qua
1495 2003 1627 2058 dicit
1651 2005 1833 2061 Domi-

243 2091 350 2129 nus
384 2093 397 2128 :
424 2075 578 2130 Beati
610 2081 734 2134 estis
779 2099 898 2136 cum
925 2097 1297 2156 persequentur
1322 2106 1410 2144 vos
1447 2101 1498 2146 et
1549 2095 1830 2166 exprobra-

241 2161 397 2228 bant,
432 2173 481 2217 et
505 2165 677 2219 dicent
698 2185 850 2223 omne
886 2171 1084 2226 malum
1113 2176 1361 2232 adversus
1390 2197 1499 2247 vos,
1528 2185 1828 2239 mentientes

236 2261 456 2321 propter
495 2270 597 2318 me,
628 2257 849 2324 gaudete
879 2268 926 2312 et
957 2261 1232 2329 exsultate,
1259 2267 1384 2335 quia
1437 2285 1632 2324 merces
1661 2271 1826 2327 multa

235 2352 312 2396 est
338 2342 396 2396 in
417 2344 556 2398 caelis
581 2345 794 2416 (Matth.
823 2347 900 2421 v).

651 2478 1165 2542 INTERROGATIO
1202 2488 1399 2546 CLVII.

235 2560 384 2626 Quid
403 2573 479 2617 est
506 2566 670 2642 qugd
696 2568 823 2622 dicit
847 2570 1148 2642 _Apostolus
1179 2592 1197 2630 :
1225 2577 1532 2637 Irascimini
1564 2594 1614 2639 et
1661 2587 1822 2642 nolite

304 2649 520 2724 peccare
544 2635 757 2705 (Ephes.
789 2638 898 2724 tv)“;
917 2635 1004 2724 let,
1026 2641 1118 2696 Sol
1148 2663 1250 2724 non
1280 2635 1692 2724 occidatwsuper
1712 2659 1822 2711 ira-

304 2703 560 2781 cundiam
578 2703 797 2781 vestram
822 2703 1030 2781 (ilbid.),
1059 2730 1174 2767 cum
1202 2716 1255 2768 in
1287 2718 1405 2773 aliis
1429 2703 1662 2777 dixerit:
1688 2726 1816 2779 0m-

307 2772 401 2862 nisL
415 2775 744 2862 .amalr'itju‘d'o,
777 2772 853 2830 vel
882 2772 1001 2845 ira,
1018 2772 1096 2834 vel
1145 2772 1438 2856 indignatio
1486 2793 1761 2862 auferatur
1784 2813 1817 2850 a

307 2841 451 2894 vobis
475 2841 704 2915 (lbid.)?

300 2945 466 3002 Resp.
513 2948 765 3007 Arbitror
791 2955 843 3008 in
874 2956 976 3011 hoc
1004 2957 1123 3014 loco
1155 2961 1472 3032 Apostolum
1520 2973 1810 3028 secundum

224 3039 587 3095 imitationem
647 3043 859 3099 Domini
903 3047 1019 3102 hare
1073 3049 1520 3113 locutum:sicut
1565 3062 1707 3116 enim
1753 3065 1807 3117 in

2391 853 2903 916 INTERROGATIO
2941 863 3094 920 CLX.

2050 960 2180 1025 Quis
2218 971 2292 1016 est
2330 966 2420 1035 qui
2459 983 2490 1018 a
2525 966 2752 1024 Domino
2788 971 3118 1041 beatificatur
3151 979 3441 1047 paciﬁcus?

2021 1069 2180 1126 Raso.
2222 1073 2324 1139 Qui
2348 1073 2547 1131 Christi
2591 1079 2805 1148 adjutor
2831 1090 2933 1148 est,
2963 1087 3257 1140 secundum
3284 1092 3424 1158 quod
3447 1094 3530 1147 di-

1949 1161 2367 1231 citApostolus:
2411 1165 2519 1220 Pro
2558 1165 2765 1224 Christo
2792 1171 3046 1241 legatione
3085 1175 3373 1246 fungimur,
3405 1191 3525 1236 tan-

1945 1270 2101 1322 quam
2135 1254 2246 1308 Deo
2271 1258 2578 1312 exhortante
2604 1278 2694 1330 per
2729 1279 2842 1327 nos,
2879 1265 3208 1321 obsecramus
3237 1287 3330 1339 pro
3363 1269 3521 1324 Citri-

1943 1351 2046 1405 sto,
2072 1344 2486 1400 reconciliamini
2526 1348 2636 1401 Deo
2665 1349 2750 1419 (ΙΙ
2791 1351 2914 1405 Cor.
2953 1354 3026 1425 v).
3055 1355 3122 1410 Et
3163 1358 3395 1412 iterum:
3425 1359 3526 1412 Ju-

1941 1432 2156 1499 stiﬁcati
2188 1449 2252 1486 ea:
2284 1433 2390 1501 fide
2418 1453 2598 1504 pacem
2623 1439 2906 1494 habeamus
2929 1443 2998 1494 ad
3040 1443 3203 1496 Deum
3228 1444 3401 1514 (Rom.
3444 1449 3520 1519 v).

1940 1521 2033 1574 Illa
2057 1521 2198 1575 enim
2225 1522 2330 1574 alia
2356 1537 2462 1591 pax
2502 1521 2780 1594 repudiata
2823 1537 2904 1582 est
2934 1545 2964 1582 a
3007 1530 3245 1597 Christo,
3273 1535 3518 1590 dicente:

1940 1612 2130 1665 Pacem
2163 1629 2331 1666 meam
2370 1615 2437 1667 do
2481 1616 2639 1680 vobis,
2673 1635 2776 1671 non
2825 1621 2959 1673 sicut
3002 1621 3085 1675 hic
3135 1625 3360 1679 mundus
3405 1627 3516 1693 dat,

1937 1703 2093 1755 etiam
2121 1720 2214 1773 ego
2253 1704 2319 1757 do
2357 1708 2498 1760 vobis
2535 1706 2716 1777 (Joan.
2749 1710 2883 1782 Xiv).

2359 1832 2428 1886 IN
2433 1833 2873 1893 TERROGATIO
2911 1839 3086 1895 CLXI.

1969 1956 2242 2023 Quomodo
2273 1965 2501 2017 converti
2529 1967 2644 2036 quis
2681 1979 2846 2037 potest
2870 1982 2918 2024 et
2940 1973 3058 2041 ﬁeri
3086 1975 3219 2029 sicut
3257 1977 3480 2047 infans?

2001 2089 2162 2147 Resr.
2217 2093 2334 2165 Ipsa
2383 2096 2547 2153 lectio
2576 2101 2852 2174 Evangelii
2900 2105 3110 2176 (Matth.
3156 2111 3311 2184 xvm)
3359 2115 3514 2172 docet

1928 2192 2028 2234 nos
2049 2195 2267 2237 omnem
2299 2200 2554 2254 causam;
2588 2190 2643 2243 in
2680 2207 2784 2261 qua
2839 2193 2942 2248 hoc
2985 2185 3284 2255 ostenditur
3319 2205 3395 2257 uti
3445 2222 3511 2261 ne

1925 2272 2292 2339 arrogantiam
2336 2277 2677 2344 requiramus
2716 2282 2800 2336 vel
2828 2283 3143 2352 elationem,
3169 2291 3260 2344 sed
3290 2295 3511 2361 aequali-

1924 2363 2092 2412 tatem
2118 2370 2327 2417 natura:
2356 2379 2766 2436 cognoscamus,
2801 2381 2858 2427 8‘.
2907 2391 3246 2445 exaequemus
3293 2398 3389 2437 IIOS
3426 2385 3507 2440 εἰς

1924 2445 2018 2516 qui
2049 2448 2304 2506 videntur
2351 2453 2658 2512 inferiores.
2700 2459 2815 2516 IIoe
2846 2464 2990 2518 enim
3038 2476 3121 2521 est
3166 2473 3383 2542 proprie
3426 2475 3507 2529 in-

1926 2534 2178 2604 fantium,
2223 2545 2457 2612 aequales
2482 2562 2601 2603 esse
2634 2550 2719 2605 his
2748 2554 2943 2622 quibus
2973 2573 3077 2611 non
3102 2534 3380 2619 nobilitate
3408 2567 3504 2621 sed

1919 2634 2077 2682 aztate
2093 2629 2396 2700 junguntur
2424 2651 2438 2700 ;
2474 2637 2644 2692 donec
2667 2656 2926 2709 processu
2961 2650 3218 2716 temporis
3245 2660 3298 2705 et
3329 2655 3502 2708 moni-

1923 2723 2100 2772 torum
2129 2723 2373 2790 nequitia
2400 2725 2649 2784 elationis
2688 2731 3000 2789 inﬁciantur
3026 2741 3266 2795 venenis.

2305 2853 2824 2918 INTERROGATIO
2891 2864 3095 2922 CLXII.

1915 2957 2056 3023 Quid
2080 2971 2178 3027 est,
2222 2965 2529 3045 prudentem
2563 2986 2670 3056 esse
2706 2975 2866 3056 sicuti
2883 2989 3180 3056 serpentem
3205 2992 3254 3036 et
3293 2985 3494 3056 simpli-

2227 3048 2336 3086 cem
2359 3037 2496 3089 sicut
2524 3040 2816 3095 columbam
2848 3037 3061 3116 (Malth.
3089 3050 3184 3120 x)?

220 3125 522 3197 Evangelio
571 3131 831 3189 Dominus
869 3135 1083 3191 dicebat
1132 3141 1364 3210 (Matth.
1421 3147 1494 3219 ν)
1525 3167 1536 3201 :
1564 3149 1804 3208 Audistis

1979 3135 2137 3190 Resp.
2192 3137 2439 3198 Prudens
2475 3146 2693 3214 quidem
2744 3159 2804 3204 ut
2843 3168 3064 3223 serpens
3093 3166 3192 3225 est,
3236 3164 3327 3230 qui
3368 3180 3489 3220 cum

218 3218 354 3286 quia
389 3219 595 3275 dictum
640 3232 722 3278 est
743 3227 979 3295 antiquis
1002 3229 1131 3285 illud
1157 3234 1240 3287 vel
1270 3236 1431 3304 illud;
1457 3218 1512 3294 et
1551 3242 1667 3311 ipse
1713 3245 1807 3299 ad-

217 3309 389 3364 debat
420 3312 649 3368 dicens:
679 3315 789 3386 Ego
832 3327 1013 3373 autem
1062 3322 1183 3376 dico
1209 3327 1361 3383 vobis
1411 3330 1515 3387 hoc
1542 3309 1626 3388 vel
1671 3337 1802 3402 hoc;

217 3400 297 3453 ita
331 3402 493 3455 etiam
519 3402 827 3474 Apostolus,
865 3424 985 3462 cum
1013 3413 1164 3480 prius
1208 3419 1546 3476 meminisset
1571 3400 1805 3495 antiqui;

216 3491 373 3555 tatis,
395 3507 493 3560 per
521 3493 627 3548 hoc
651 3496 794 3564 quod
820 3497 1033 3553 docitur
1058 3520 1070 3554 :
1101 3502 1404 3562 Irascimini
1429 3519 1477 3563 et
1501 3512 1661 3567 nolite
1686 3491 1804 3584 pec-

214 3596 342 3633 care
367 3580 584 3651 (Ephes.
614 3585 712 3654 tv),
745 3587 904 3655 paulo
925 3598 1044 3657 post
1068 3593 1272 3648 addidit
1297 3599 1440 3664 quod
1476 3614 1542 3652 ex
1579 3616 1637 3656 se
1684 3580 1801 3657 erat

213 3678 272 3726 et
296 3674 437 3742 quod
467 3677 624 3730 nobis
649 3683 982 3749 conveniret,
1018 3685 1200 3741 dicens
1232 3707 1244 3741 :
1268 3688 1452 3745 Omnis
1477 3696 1794 3760 amaritudo,

211 3773 262 3816 et
314 3767 420 3830 ira,
467 3778 516 3822 et
560 3770 871 3840 indignatio,
926 3785 975 3830 et
1024 3776 1222 3833 clamor
1269 3781 1546 3850 auferatur
1581 3803 1612 3839 a
1658 3787 1796 3842 vobis

606 3949 1120 4014 INTERROGATIO
1159 3959 1378 4016 CLVIII.

599 4039 738 4106 Quid
766 4055 858 4109 est,
889 4046 1021 4103 Date
1048 4049 1218 4106 locant
1249 4054 1385 4109 ine?

281 4141 439 4198 Resp.
469 4145 586 4200 Non
641 4149 896 4208 resistere
951 4157 1092 4212 malo
1116 4156 1292 4230 (Rom.
1323 4161 1442 4234 xu),
1491 4169 1786 4224 secundum

199 4235 351 4302 quod
395 4238 652 4306 scriptum
679 4250 791 4308 est;
824 4247 917 4300 sed
960 4256 1014 4302 et
1052 4251 1100 4305 ei
1130 4254 1221 4320 qui
1276 4263 1326 4309 te
1351 4262 1681 4326 percusserit
1731 4265 1783 4316 iu

197 4325 486 4381 dexteram
515 4331 814 4400 maxillam,
839 4340 1080 4406 prmbere
1109 4352 1164 4397 et
1201 4325 1425 4402 alteram
1456 4350 1669 4421 (Matth.
1703 4355 1780 4424 ν),

194 4424 255 4470 et
277 4416 502 4486 implere
532 4435 595 4473 ea
618 4425 799 4479 omnia
829 4441 947 4494 quin
979 4442 1312 4499 sequuntur:
1337 4439 1420 4492 vel
1452 4416 1580 4495 illud
1607 4461 1618 4494 :
1648 4416 1776 4496 Cum

192 4507 456 4572 persecuti
485 4523 569 4561 vos
598 4509 791 4579 fuerint
820 4514 874 4567 in
904 4531 1008 4570 una
1029 4520 1253 4588 civitate,
1285 4524 1446 4595 fugite
1473 4528 1528 4581 in
1557 4528 1772 4584 alteram

193 4590 414 4661 (Matth.
444 4592 524 4665 ι).

618 4708 1132 4772 INTERROGATIO
1168 4718 1347 4775 CLIX.

188 4790 326 4856 Quae
353 4803 429 4846 est
457 4794 752 4882 differentia
798 4804 1185 4882 amaritudinis,
1229 4818 1277 4882 et
1306 4810 1532 4882 furoris,
1560 4823 1607 4867 et
1648 4816 1763 4882 inc,

635 4868 878 4925 clamoris
899 4885 946 4926 et
975 4868 1322 4931 irritationis?

257 4970 421 5027 Resp.
453 4974 677 5032 Furoris
705 4981 921 5048 quidem
947 4991 1002 5038 et
1031 4986 1124 5040 irze
1147 4987 1504 5047 diﬂerentiam
1534 5005 1664 5065 puto
1705 5000 1760 5054 in

177 5062 369 5117 animo
416 5075 669 5122 constare
714 5078 768 5122 et
796 5081 944 5127 motu
983 5077 1146 5144 :quia
1181 5079 1270 5146 qui
1314 5062 1589 5151 irascitur,
1617 5087 1759 5142 intra

173 5150 422 5205 animum
474 5168 632 5208 suum
680 5157 856 5213 adhuc
905 5161 1095 5214 vitium
1131 5164 1327 5232 volvit;
1359 5169 1500 5226 sicut
1536 5187 1603 5227 ex
1653 5175 1758 5231 hoc

171 5238 298 5308 ipso
336 5239 613 5308 judicatur
659 5247 802 5316 quod
844 5249 974 5304 dicit
1001 5269 1014 5304 :
1045 5251 1346 5311 Irascimini
1373 5269 1424 5314 et
1451 5262 1609 5316 nolite
1633 5282 1757 5334 pec-

167 5345 299 5384 care
328 5328 504 5400 (Psal.
545 5333 656 5405 1v);
700 5337 791 5404 qui
825 5353 954 5393 vero
991 5339 1140 5407 furit,
1170 5347 1399 5414 amplius
1424 5328 1643 5420 aliquid
1657 5370 1756 5423 per

166 5427 383 5474 motum
406 5423 566 5490 gerit.
601 5422 779 5478 Furor
800 5431 962 5494 enim,
987 5429 1180 5500 inquit,
1202 5436 1275 5489 eis
1300 5440 1583 5494 secundum
1606 5445 1752 5498 simi-

162 5506 450 5562 litudinem
473 5516 724 5581 serpentis
745 5515 915 5587 (Psal.
939 5522 1089 5592 Lvu).
1118 5523 1496 5582 Vehementius
1515 5545 1643 5586 vero
1669 5532 1750 5587 l‘u-

162 5611 354 5652 rorem
409 5603 708 5666 concitare.
765 5607 997 5667 irritatio
1052 5615 1378 5672 nominatur.
1429 5619 1746 5680 Aiuaritudo

163 5699 351 5744 autem
379 5691 470 5745 illa
499 5701 601 5762 est,
629 5712 748 5752 eum
777 5702 976 5758 malitia
1007 5705 1062 5760 in
1091 5708 1253 5764 corde
1280 5710 1440 5767 etiam
1470 5723 1587 5771 arte
1611 5733 1743 5786 qua-

1908 3223 2308 3296 circumspecte
2342 3240 2397 3285 et
2441 3237 2784 3295 considerate
2828 3232 2946 3311 quae
2975 3247 3084 3300 sint
3119 3223 3392 3319 possibilia
3437 3265 3491 3311 et

1907 3328 2026 3382 qua:
2058 3317 2286 3374 honesta
2313 3322 2399 3375 vel
2443 3325 2594 3379 utilia
2638 3332 2946 3400 pervidens,
2996 3317 3295 3395 doctrinam
3334 3359 3487 3398 suam

1904 3405 2198 3475 dispensat,
2229 3419 2281 3465 et
2307 3421 2456 3482 aptat
2479 3430 2542 3469 ea
2573 3427 2690 3473 arte
2718 3437 2822 3490 qua
2860 3425 3072 3480 suaderi
3117 3431 3390 3488 auditores
3417 3437 3484 3489 ad

1901 3495 2264 3553 obedientiam
2292 3505 2520 3570 possint.
2553 3505 2792 3576 Simplex
2823 3522 2999 3566 autem
3019 3525 3076 3568 ut
3100 3519 3344 3573 columba
3374 3531 3477 3584 est,

1901 3585 1992 3652 qui
2023 3601 2123 3640 uec
2150 3589 2204 3641 in
2248 3605 2342 3644 cor
2385 3608 2607 3660 prorsus
2648 3599 2842 3666 recipit
2885 3603 3262 3670 cogitationem
3313 3610 3480 3666 ulcis-

1888 3674 2054 3727 ‘cendi
2083 3675 2139 3729 in
2167 3693 2262 3731 eos
2305 3682 2396 3748 qui
2434 3683 2660 3750 laedunt;
2707 3689 2799 3740 sed
2844 3702 3125 3758 permanet
3161 3697 3214 3750 in
3264 3699 3478 3756 benefa-

1897 3765 2113 3832 ciendo,
2145 3773 2435 3826 secundum
2465 3777 2608 3844 quod
2639 3777 2928 3846 Apostolus
2966 3784 3134 3839 dicit:
3176 3787 3276 3842 Vos
3301 3802 3474 3846 autem

1895 3854 2055 3909 nolite
2076 3858 2296 3926 deficere
2325 3861 2697 3930 benefacicntes
2742 3868 2827 3938 (II
2862 3869 3014 3924 Thes.
3069 3874 3177 3946 ιιι).
3210 3877 3471 3937 Dominus

1897 3944 1962 3997 ad
1993 3947 2432 4014 praedicationem
2471 3953 2694 4010 mittens
2742 3959 3050 4030 discipulos,
3078 3944 3194 4022 haec
3221 3970 3301 4024 eis
3333 3986 3471 4040 pra:-

1891 4035 2162 4104 cipiebat:
2197 4039 2286 4094 ubi
2320 4043 2438 4097 sine
2469 4045 2631 4099 dubio
2650 4060 2912 4116 opuserat
2941 4056 3224 4122 sapientia,
3257 4035 3469 4116 ad-sua-

1889 4124 2123 4180 dendum
2153 4128 2232 4182 eis
2260 4130 2351 4198 qui
2380 4130 2745 4199 docebantur;
2779 4146 2833 4191 et
2872 4141 3152 4212 patientia,
3208 4149 3467 4208 adversus

1885 4227 1980 4266 eos
2001 4214 2093 4282 qui
2125 4215 2524 4275 insidiabantur
2579 4221 2650 4277 Ut
2679 4224 2818 4280 sicut
2846 4229 2948 4283 sibi
2975 4247 3200 4302 serpens
3223 4253 3320 4307 per
3338 4256 3467 4310 pru-

1885 4302 2120 4357 dentiam
2176 4307 2441 4363 intellexit
2493 4325 2654 4380 quam
2690 4331 2977 4384 personam
3030 4322 3095 4375 ad
3133 4302 3464 4392 persuaden-

1883 4392 2006 4446 dum
2059 4397 2277 4464 aggredi
2329 4399 2552 4456 deberet
2601 4400 2752 4474 (Gen.
2785 4405 2890 4478 ill),
2943 4423 3061 4462 eam
3110 4411 3313 4466 scilicet
3340 4432 3460 4484 quae

1803 4477 2126 4550 Dt‘ragilior
2160 4485 2443 4541 videbatur
2493 4491 2559 4544 ad
2607 4495 3061 4561 persuadendum,
3111 4514 3218 4566 quo
3263 4477 3380 4556 eam
3423 4519 3454 4559 a

1875 4569 1986 4624 Deo
2013 4572 2367 4642 abstractam,
2397 4588 2622 4648 peccato
2651 4583 2882 4638 soeiaret
2907 4603 2919 4635 :
2950 4585 3021 4639 ita
3051 4594 3107 4640 et
3140 4603 3237 4642 nos
3264 4605 3452 4658 perso-

1874 4678 2019 4728 nam,
2043 4675 2097 4721 et
2125 4684 2323 4734 mores,
2360 4681 2415 4725 et
2444 4681 2652 4743 tempus
2681 4677 3029 4733 considerare
3058 4688 3113 4734 et
3135 4681 3333 4752 eligere
3359 4685 3447 4737 de-

1870 4752 2081 4820 bemus,
2101 4766 2156 4811 et
2175 4761 2321 4813 omni
2353 4763 2510 4816 modo
2536 4764 2608 4817 ita
2651 4767 2902 4822 ordinare
2930 4783 3206 4824 sermones
3234 4783 3446 4828 nostros

1865 4842 1919 4896 in
1937 4843 2164 4912 judicio,
2193 4857 2254 4902 ut
2293 4851 2562 4918 possimus
2587 4855 2906 4914 abstrahere
2947 4861 3196 4915 homines
3233 4877 3264 4916 a
3311 4879 3443 4932 pec-

1863 4941 1985 4988 cato
2023 4942 2077 4988 et
2109 4937 2320 4992 sociare
2347 4938 2476 4994 Deo.

2249 5075 2765 5137 INTERROGATIO
2828 5083 3045 5140 CLXIII.

1965 5184 2242 5250 Quomodo
2279 5190 2522 5246 debemus
2545 5195 2812 5266 suscipere
2835 5212 3046 5266 regnum
3073 5198 3168 5253 Dei
3195 5202 3327 5258 sicut

2187 5267 2190 5270 ’
2539 5262 2714 5329 infans
2737 5265 2761 5316 ?

1926 5362 2085 5419 Resp.
2138 5365 2195 5420 Si
2237 5368 2372 5422 tales
2422 5368 2682 5426 fuerimus
2729 5375 2796 5428 ad
2842 5377 3140 5432 doctrinam
3194 5380 3424 5450 Domini,

1852 5455 2029 5524 qualis
2070 5465 2156 5510 est
2186 5457 2362 5513 infans
2399 5460 2451 5514 in
2483 5461 2778 5519 discendo:
2823 5468 2915 5535 qui
2949 5485 3123 5538 neque
3149 5475 3425 5529 contradi-

1851 5543 1924 5596 cit
1971 5544 2304 5610 doctoribus,
2341 5564 2516 5618 neque
2547 5552 2786 5610 rationes
2831 5565 2886 5610 et
2923 5560 3084 5613 verba
3128 5564 3420 5634 componit,

1849 5631 2105 5687 adversus
2149 5648 2243 5689 eos
2273 5638 2563 5704 resistens;
2598 5643 2692 5697 sed
2739 5644 2968 5700 ﬁdeliter
3003 5649 3226 5718 suscipit
3249 5631 3422 5720 quod

1847 5721 2091 5789 docetur,
2123 5731 2176 5778 ct
2204 5740 2325 5781 cum
2356 5739 2503 5783 metu
2529 5731 2866 5790 obtcmnerat
2894 5744 2949 5790 et
2974 5739 3294 5808 acquiescit.

3433 389 3538 445 362
3602 415 3607 420 ·
