3974 6192
473 343 582 400 545

855 451 1370 509 INTERROGATIO
1434 449 1660 508 CLXIV.

475 544 700 599 Domino
726 545 969 598 dicente:
1014 542 1119 607 Qui
1147 559 1200 596 se
1227 542 1448 606 exaltat,
1498 541 1862 612 humiliabitur
1893 541 2045 612 (Luc.

550 615 736 677 xvm);
770 622 818 666 et
856 612 1101 682 Apostolo
1121 613 1501 682 prtrcipiente:
1554 611 1731 664 Nolite
1772 611 2051 680 superbum

543 700 725 745 sapere
756 680 928 748 (Romi.
980 681 1089 751 XI).
1123 680 1190 734 Et
1220 682 1388 734 alibi:
1434 680 1772 751 Arrogantes,
1821 681 2048 749 superbi,

542 736 716 817 inﬂati
741 736 822 812 (ἸΙ
852 751 986 806 Tim.
1019 736 1125 819 ut).
1171 751 1237 804 Et
1275 753 1468 819 iterum
1508 767 1524 803 :
1557 736 1802 819 Charitas
1834 736 1936 802 non
1972 736 2053 802 in;

543 822 706 888 ﬂatur
730 821 782 889 (Ι
811 820 932 873 Cor.
968 817 1121 886 xui);
1163 821 1280 886 quis
1321 829 1394 872 est
1422 817 1629 889 elatus?
1655 827 1701 870 et
1727 821 1842 889 quis
1868 829 1942 870 est
1957 819 2051 886 ja-

543 901 692 944 ctans
716 888 790 944 vel
815 891 1112 958 arrogans?
1140 891 1254 961 quis
1283 905 1399 942 vero
1435 888 1797 958 superbus?et
1829 890 1944 960 quis
1976 889 2055 941 in-

543 962 703 1029 ﬂatus
728 960 805 1014 vel
830 961 1075 1012 tumens?

548 1051 707 1104 Rssr.
756 1049 941 1102 Elatus
970 1056 1052 1102 est
1079 1048 1169 1116 qui
1222 1048 1461 1118 seipsum
1506 1046 1663 1101 eﬂ‘ert
1700 1062 1797 1116 pro
1823 1045 1910 1100 his
1936 1061 2055 1115 quae

475 1142 616 1196 forte
645 1149 791 1196 recte
826 1140 908 1194 vel
935 1155 1192 1209 prospere
1221 1148 1372 1209 gesta
1415 1147 1561 1202 sunt,
1605 1147 1660 1192 et
1687 1154 1785 1207 pro
1812 1137 1915 1192 hoc
1942 1153 2056 1191 ma-

474 1246 611 1302 gnus
639 1231 739 1285 sibi
769 1230 981 1284 videtur
1009 1238 1065 1284 et
1104 1229 1308 1294 elatus;
1343 1230 1638 1284 secundum
1676 1229 1820 1282 illum
1862 1229 2055 1282 Phari-

476 1338 641 1378 szeum
672 1321 761 1391 qui
794 1328 849 1375 et
881 1321 997 1389 ipse
1044 1318 1258 1373 inﬂatus
1306 1319 1412 1372 dici
1460 1325 1640 1388 potest
1669 1317 1820 1390 (Luc.
1875 1318 2054 1388 xviu).

479 1413 633 1468 Sicut
665 1411 1026 1480 etApostolus
1060 1409 1371 1464 Corinthios
1413 1409 1612 1479 arguit,
1662 1409 1856 1476 quibus
1903 1409 2057 1464 dicit:

479 1503 549 1557 Et
597 1520 687 1556 vos
722 1502 894 1570 inﬂati
926 1502 1046 1554 estis
1089 1500 1140 1571 (I
1187 1500 1310 1555 Cor.
1362 1500 1460 1572 Iv).
1509 1499 1729 1556 lactans
1769 1508 1946 1554 autem
1975 1500 2058 1554 vel

479 1608 740 1662 arrogans
767 1602 850 1646 est
877 1591 965 1647 ille
993 1593 1084 1660 qui
1115 1607 1222 1646 non
1263 1593 1562 1661 acquiescit
1588 1593 1674 1647 bis
1701 1608 1819 1662 quae
1853 1609 1881 1645 a
1909 1593 2056 1660 prio-

478 1681 629 1735 ribus
656 1681 741 1734 vel
775 1681 1071 1750 majoribus
1118 1690 1320 1735 statuta
1361 1690 1487 1736 sunt
1532 1697 1630 1752 pro
1657 1682 1887 1737 utilitate
1911 1697 2060 1737 com-

1501 338 1559 396 S.
1603 337 1966 394 BENEDICTI
2001 335 2293 391 ABBATIS
2333 335 2746 393 ANIANENSIS

2082 454 2133 514 A

3628 338 3733 396 διδ

2543 449 3057 507 INTERROGATIO
3091 450 3338 509 CLXVII.

2157 537 2379 610 Qualem
2407 538 2729 610 intellectum
2764 538 2844 610 vel
2869 540 3206 610 prudentiam
3235 557 3267 593 a
3299 539 3405 594 Deo
3436 551 3612 610 petere
3640 544 3733 598 de-

2240 609 2460 663 bemus?
2480 608 2559 662 vel
2583 609 2844 678 quomodo
2870 608 2985 662 eam
3015 626 3290 679 possumus
3315 608 3604 680 promereri
3621 614 3648 668 ?

2223 699 2380 753 Ruso.
2429 699 2738 753 Intellectus
2779 699 2995 768 quidem
3018 701 3140 769 quis
3167 702 3238 754 sit
3259 702 3328 755 ab
3359 702 3478 770 ipso
3507 701 3739 760 Domino

2151 804 2248 859 per
2289 792 2609 860 prophetam
2654 792 2930 856 discimus,
2960 793 3265 846 dicentem:
3320 793 3446 846 Non
3474 793 3743 863 glorietur

2153 880 2304 948 fortis
2329 881 2384 933 in
2413 881 2724 949 fortitudine
2754 898 2884 946 sua;
2916 899 3079 952 neque
3104 882 3368 952 glorietur
3398 884 3542 938 dives
3567 886 3624 938 in
3651 886 3741 938 di-

2152 970 2291 1022 vitiis
2320 971 2462 1034 suis;
2490 971 2580 1025 sed
2603 973 2659 1024 in
2685 972 2784 1024 hoc
2812 970 3088 1041 glorietur,
3126 973 3216 1042 qui
3245 972 3532 1042 gloriatur,
3565 976 3619 1028 in
3646 977 3738 1029 in-

2153 1057 2429 1128 telligendo
2457 1069 2503 1114 et
2534 1061 2892 1129 cognoscendo
2924 1060 3206 1114 Dominum
3246 1063 3383 1132 (Jer.
3414 1064 3514 1135 Ix).
3549 1065 3616 1118 Et
3642 1066 3744 1120 ite-

2155 1166 2275 1204 rum
2310 1165 2406 1220 per
2432 1151 2747 1220 Apostolum
2774 1152 2853 1205 sic
2878 1152 3046 1206 dicit:
3081 1151 3188 1206 Sed
3218 1152 3584 1223 intelligentes,
3616 1173 3740 1225 qua:

2153 1238 2219 1292 sit
2246 1238 2488 1293 voluntas
2512 1239 2724 1293 Domini
2753 1239 2969 1310 (Ephes.
2998 1239 3074 1310 v).
3103 1240 3205 1305 Qui
3228 1257 3416 1296 rursus
3443 1243 3520 1297 ait
3545 1261 3557 1296 :
3595 1243 3744 1297 Pru-

2155 1329 2331 1382 dentia
2381 1331 2556 1384 carnis
2604 1347 2744 1384 mors
2795 1340 2893 1395 est,
2945 1331 3226 1400 prudentia
3280 1342 3454 1386 autem
3503 1335 3742 1402 spiritus,

2157 1419 2260 1472 vita
2288 1428 2364 1472 est
2402 1429 2448 1472 et
2480 1435 2589 1489 pax
2643 1418 2821 1490 (Rom.
2873 1419 3015 1489 νιιι).
3067 1419 3360 1474 Possumus
3409 1429 3592 1476 autem
3642 1422 3748 1477 hoc

2156 1507 2318 1561 modo
2349 1506 2668 1575 promereri,
2698 1507 2744 1560 si
2791 1505 3056 1560 faciamus
3112 1506 3241 1560 illud
3283 1508 3428 1575 quod
3482 1509 3747 1577 scriptum

2155 1603 2240 1650 est
2263 1611 2276 1649 :
2324 1595 2519 1649 Vacate
2541 1605 2588 1650 et
2615 1598 2927 1665 cognoscite,
2950 1598 3200 1667 quoniam
3227 1613 3320 1666 ego
3346 1597 3604 1653 Dominus
3627 1618 3749 1655 sum

2157 1682 2330 1756 (Psal.
2361 1690 2520 1756 xw);
2551 1694 2606 1740 et
2626 1685 2671 1739 si
2693 1685 2965 1739 credimus
2992 1700 3154 1740 omne
3175 1686 3400 1740 verbum
3429 1687 3526 1742 Dei
3557 1703 3749 1743 verum

480 1771 650 1834 muni,
685 1786 784 1823 nec
817 1770 1112 1838 acquiescit
1146 1770 1330 1824 verbis
1372 1772 1613 1839 Apostoli
1661 1771 1929 1825 dicentis:
1987 1769 2055 1824 Ut
2086 1787 2132 1845 Β
2159 1793 2315 1833 esse:
2346 1779 2407 1833 Si
2432 1779 2590 1842 enim,
2616 1778 2810 1847 inquit,
2845 1793 2950 1830 ηοη
2977 1777 3327 1844 credideritis,
3354 1793 3518 1848 neque
3552 1780 3752 1834 ξηιευί-

479 1859 661 1912 eadem
685 1859 922 1911 sentiatis
946 1868 993 1910 et
1022 1874 1182 1910 unum
1207 1859 1426 1927 sapiatis
1473 1857 1640 1928 (Phil.
1685 1859 1779 1929 ιι);
1811 1861 1906 1915 sed
1933 1875 2059 1928 pro-

480 1949 656 2018 priam
683 1949 970 2018 quamdam
1011 1948 1174 2000 vitam
1199 1946 1424 2015 justitice
1450 1964 1513 2004 ac
1555 1949 1858 2004 sanctitatis
1885 1950 2062 2018 inqui-

483 2038 576 2091 rit.
607 2037 882 2106 Superbus
909 2045 1011 2102 est,
1042 2038 1132 2106 qui
1165 2039 1331 2092 etiam
1364 2040 1498 2094 nihil
1532 2055 1759 2110 usquam
1788 2041 1842 2094 in
1865 2055 1924 2095 se
1948 2041 2060 2094 vir-

482 2128 614 2180 tutis
642 2143 705 2182 ac
734 2135 1006 2181 rectorum
1055 2137 1329 2196 gestorum
1375 2129 1600 2196 habens,
1652 2130 1826 2184 elatus
1871 2138 1957 2184 est
2008 2138 2065 2185 et

481 2225 715 2280 erectus,
753 2225 808 2270 et
837 2217 1008 2270 videri
1036 2216 1147 2270 vult
1177 2231 1233 2270 se
1264 2217 1382 2286 plus
1415 2232 1535 2273 esse
1563 2233 1727 2287 quam
1757 2228 1861 2273 est.
1899 2218 2064 2272 Simi-

484 2303 550 2358 lis
585 2314 763 2359 autem
786 2321 906 2360 esse
939 2306 1063 2360 huic
1105 2315 1286 2375 potest
1312 2309 1476 2361 etiam
1524 2309 1570 2363 is
1603 2310 1693 2378 qui
1735 2308 1950 2364 inﬂatus
1979 2309 2064 2363 di-

483 2400 626 2452 citur
649 2399 731 2453 vel
752 2407 985 2463 tumens,
1016 2401 1311 2453 secundum
1338 2399 1440 2454 hoc
1473 2401 1617 2468 quod
1651 2401 1938 2471 Apostolus
1977 2400 2062 2455 di-

485 2490 597 2544 cit:
630 2489 736 2546 Sed
765 2491 978 2560 in/latus
1002 2500 1097 2555 est,
1130 2490 1257 2544 nihil
1289 2493 1456 2546 sciens
1489 2491 1628 2562 (Col.
1659 2493 1743 2566 ιι).

909 2601 1422 2658 INTERROGATIO
1459 2602 1663 2658 CLXV.

705 2692 844 2757 Quid
889 2702 985 2757 est,
1015 2693 1258 2746 Charitas
1284 2712 1406 2747 .non
1441 2695 1850 2748 dehonestatur?

557 2781 719 2836 Rsse.
778 2781 932 2834 Sicut
957 2783 1080 2850 quis
1120 2783 1288 2847 dicat,
1335 2784 1401 2837 de
1448 2793 1590 2837 statu
1632 2785 1927 2839 honestatis
1959 2802 2068 2840 sua:

489 2887 598 2926 non
625 2873 929 2928 deducitur.
958 2875 1052 2928 Est
1093 2875 1236 2927 enim
1284 2874 1500 2942 propria
1533 2875 1778 2943 quaedam
1814 2877 2070 2931 honestas

489 2963 794 3026 charitatis,
820 2971 875 3016 et
915 2963 1132 3017 habitus
1170 2965 1287 3032 ejus
1319 2972 1482 3031 atque
1523 2974 1789 3018 ornatus:
1834 2966 1921 3019 ille
1951 2966 2068 3021 sine

489 3051 650 3104 dubio
671 3067 831 3120 quem
861 3069 958 3122 per
997 3053 1237 3122 singulas
1265 3054 1549 3107 charitatis
1574 3055 1802 3109 virtutes
1822 3057 2070 3110 enuntia-

488 3142 566 3195 vit
592 3141 878 3210 Apostolus
909 3143 961 3211 (Ι
1001 3142 1123 3196 Cor.
1161 3144 1315 3215 xm):
1357 3161 1478 3214 quae
1505 3145 1728 3215 singula:
1756 3147 2069 3202 honestates
2097 3137 2141 3198 C

491 3232 733 3301 quaedam
771 3233 889 3303 ejus
913 3242 1037 3286 sunt
1068 3243 1124 3287 et
1150 3243 1396 3288 ornatus.

897 3346 1411 3404 INTERROGATIO
1446 3347 1670 3404 CLXVI.

495 3435 772 3512 Scriptura
818 3438 1058 3512 dicente;
1113 3439 1289 3512 Nolite
1332 3440 1549 3512 gloriari
1591 3459 1751 3512 neque
1795 3441 1936 3512 loqui
1964 3442 2074 3497 alta

565 3506 620 3576 (1
645 3507 770 3576 Reg.
804 3508 890 3578 ιι),
927 3518 974 3562 et
1020 3509 1265 3582 Apostolo
1308 3506 1620 3582 conﬁtente:
1661 3506 1799 3576 Quia
1839 3506 1957 3582 qum
1998 3512 2076 3566 lo-

560 3593 712 3646 quor,
745 3595 847 3632 non
887 3579 1170 3632 secundum
1201 3579 1363 3634 Deum
1388 3579 1600 3646 loquor;
1632 3581 1722 3634 sed
1747 3579 1877 3635 sicut
1905 3583 1960 3636 in
1993 3584 2074 3636 in-

563 3648 830 3714 sipientia,
859 3649 913 3702 in
951 3650 1049 3702 hac
1093 3649 1384 3704 substantia
1411 3648 1672 3719 gloriandi
1707 3651 1793 3772 511
1822 3652 1941 3706 Cor.
1972 3653 2072 3772 nl).

565 3716 633 3769 Et
677 3733 926 3772 rursum:
976 3717 1172 3772 Factus
1215 3737 1329 3772 sum
1374 3720 1624 3772 insipiens
1674 3722 1947 3772 aoriando
1991 3723 2008 3772 l
2048 3721 2072 3772 Ι

565 3716 633 3804 Εἰ
677 3733 926 3804 rursum":
975 3717 1172 3800 actus
1206 3737 1329 3800 sum
1364 3716 1650 3804 insipiens“
1673 3716 1947 3804 gloriando
1991 3716 2077 3804 (II

565 3785 838 3862 Corax").
871 3787 936 3862 Et
969 3789 1167 3862 iterum
1201 3790 1310 3856 ipso
1342 3785 1580 3844 dicente:
1608 3785 1745 3862 Quia
1769 3793 1858 3860 qui
1885 3785 2080 3862 gloria-

566 3866 669 3929 tur,
693 3857 747 3909 in
779 3856 1002 3911 Domino
1035 3857 1288 3929 glorietur
1313 3876 1329 3912 :
1361 3877 1477 3928 quae
1504 3869 1579 3913 est
1607 3856 1851 3929 gloriatio
1885 3856 1950 3914 in
1976 3862 2078 3914 Do-

753 3937 800 3979 et
842 3944 959 4064 q;ta:
1001 3937 1076 3981 est
1119 3927 1394 3998 culpabilis
1431 3927 1728 4000 gloriatio?
1779 3930 1831 4001 (Ι
1860 3929 1982 3984 Cor.
2029 3947 2079 3996 ι,

705 4012 783 4049 or.
813 4011 865 4048 χ.

705 4011 865 4049 ον.Χ.

569 4086 730 4139 Resp.
767 4085 1008 4152 Apostoli
1054 4089 1269 4156 quidem
1319 4089 1666 4142 manifestum
1717 4098 1801 4144 est
1837 4091 2084 4158 proposi—

501 4182 637 4236 tum,
667 4173 810 4240 quod
855 4175 1115 4231 adversus
1145 4178 1274 4231 vitia
1322 4179 1659 4248 loquebatur.
1697 4180 1815 4234 Non
1851 4181 1995 4234 enim
2027 4190 2086 4235 ut

503 4265 740 4334 seipsum
782 4270 1188 4323 commendaret
1211 4269 1328 4324 haac
1359 4269 1592 4333 dicebat,
1623 4270 1716 4324 sed
1744 4279 1806 4325 ut
1829 4286 2086 4340 quorum-

501 4356 626 4409 dam
658 4356 996 4412 insolentiam
1029 4368 1081 4412 et
1103 4361 1467 4429 arrogantiam
1502 4359 1836 4414 retunderet.
1869 4360 2086 4415 Gloria-

504 4447 581 4501 tio
609 4461 738 4516 ergo
781 4447 834 4500 in
865 4447 1092 4502 Domino
1126 4457 1229 4513 est,
1262 4464 1382 4504 cum
1414 4449 1538 4517 quis
1566 4463 1629 4503 ea
1660 4465 1780 4519 qua:
1821 4458 1970 4504 recte
1995 4466 2085 4520 ge-
2111 4476 2164 4534 Ι)

505 4535 578 4588 rit
612 4550 717 4589 non
751 4536 875 4599 sibi,
922 4539 1014 4592 sed
1066 4539 1294 4593 Domino
1345 4539 1588 4604 ascribit,
1621 4539 1839 4594 dicens:
1892 4539 2082 4594 Omnia

505 4642 736 4695 possunt,
767 4628 858 4680 sed
886 4628 940 4681 in
970 4645 1028 4682 eo
1055 4631 1240 4698 quime
1253 4628 1957 4702 confortatChristus(Phil.
1981 4632 2079 4702 tv).

506 4712 799 4784 Culpabilis
823 4726 1003 4772 autem
1037 4717 1283 4787 gloriatio
1313 4728 1415 4785 est,
1447 4721 1727 4791 et‘duplici
1768 4723 1977 4777 ratione
2003 4723 2084 4776 di-

508 4807 821 4876 gnoscitur:
848 4809 934 4862 vel
973 4811 1268 4865 secundum
1299 4812 1402 4867 hoc
1424 4814 1568 4882 quod
1603 4813 1732 4868 dicit
1759 4832 1770 4866 :
1818 4814 2082 4880 Quoniam

508 4895 814 4950 laudabitur
858 4909 1100 4968 peccator
1146 4901 1198 4953 in
1247 4901 1520 4956 desideriis
1549 4904 1740 4957 anima:
1766 4921 1876 4957 sum
1907 4902 2078 4970 (Psal.

508 4985 588 5054 Ix)
613 5003 626 5050 ;
656 4995 747 5040 et:
790 4986 932 5052 Quid
957 4989 1204 5060 gloriaris
1233 4991 1288 5044 in
1333 4991 1559 5055 malitia,
1602 4993 1691 5062 qui
1733 5003 1912 5062 potens
1949 5010 2001 5046 es
2030 4995 2086 5047 in

511 5077 785 5146 iniquitate
840 5079 1014 5151 (Psal.
1046 5081 1154 5153 LI)?
1193 5081 1275 5135 vel
1323 5083 1615 5136 secundum
1659 5083 1809 5149 illud,
1855 5101 1977 5138 cum
2010 5083 2088 5138 fa-

507 5168 660 5221 ciunt
696 5168 896 5238 aliquid
925 5171 1049 5225 boni
1097 5173 1277 5241 Operis
1306 5191 1318 5225 :
1358 5184 1412 5226 ut
1461 5174 1738 5227 videantur
1768 5177 1830 5228 ab
1863 5177 2088 5230 homini-

513 5257 606 5310 bus
639 5257 855 5327 (Matth.
889 5261 995 5330 vi);
1026 5271 1081 5314 et
1105 5277 1200 5330 per
1240 5263 1342 5318 hoc
1375 5265 1547 5333 ipsum
1573 5266 1715 5333 quod
1757 5266 1943 5320 volunt
1982 5266 2089 5320 lau-

515 5350 654 5414 dari,
688 5349 986 5419 gloriantur
1030 5355 1083 5407 in
1116 5354 1198 5408 his
1237 5370 1358 5423 qua:
1389 5355 1650 5410 fecerunt.
1685 5355 1790 5410 Sed
1835 5356 2087 5426 hujusce-

514 5441 662 5495 modi
723 5443 970 5498 homines
1017 5444 1178 5498 etiam
1232 5445 1478 5514 sacrilegi
1527 5446 1906 5517 designantur,
1967 5464 2088 5501 cum

518 5532 746 5600 gratiam
771 5550 888 5603 qua:
914 5551 942 5588 a
984 5535 1095 5588 Deo
1126 5535 1323 5588 donata
1366 5544 1449 5588 est
1473 5537 1745 5604 propriam
1786 5535 2010 5601 faciunt,
2039 5545 2094 5591 ct

521 5620 744 5688 gloriam
775 5638 893 5691 qua:
931 5623 1157 5680 debetur
1204 5623 1313 5678 Deo
1343 5622 1398 5677 in
1428 5624 1745 5694 semetipsos
1774 5635 2093 5683 convertere

525 5718 806 5767 εοηηηιυν.

2161 1869 2290 1939 getis
2316 1867 2472 1939 (Isai.
2497 1868 2616 1939 vu).

2545 1959 2611 2014 ΙΝ
2620 1959 3066 2015 TERROGATIO
3101 1960 3370 2016 CLXVIII.

2165 2048 2221 2104 Si
2254 2049 2508 2104 Dominus
2531 2050 2622 2103 dat
2650 2049 2985 2119 sapientiam,
3008 2060 3055 2103 et
3086 2069 3118 2104 a
3145 2049 3282 2118 facie
3307 2051 3422 2119 ejus
3450 2052 3672 2106 scientia
3695 2061 3749 2109 et

2235 2119 2646 2192 intellectusest
2699 2117 2882 2188 (Prov.
2933 2120 3042 2192 XI);
3079 2117 3238 2192 etsi,
3274 2117 3376 2192 (alii
3422 2122 3635 2192 quidem
3663 2139 3761 2191 per

2237 2188 2492 2258 Spiritum
2516 2189 2676 2240 datur
2699 2206 2868 2242 sermo
2895 2190 3186 2257 sapientite,
3230 2189 3323 2242 alii
3365 2188 3537 2243 sermo
3577 2188 3752 2246 scien-

2234 2257 2324 2328 tite
2351 2259 2404 2328 (Ι
2432 2257 2556 2311 Cor.
2585 2263 2718 2327 xu);
2751 2259 3010 2328 quomodo
3044 2259 3276 2328 increpat
3308 2259 3569 2314 Dominus
3594 2261 3760 2314 disci-

2235 2327 2385 2396 pulos
2413 2345 2534 2381 suos
2573 2327 2792 2380 dicens:
2839 2327 2977 2392 Quia
3035 2329 3205 2381 adhuc
3259 2338 3306 2381 et
3356 2346 3443 2382 vos
3489 2331 3751 2384 insensati

2238 2400 2385 2469 estis,
2413 2407 2479 2469 et‘
2507 2415 2611 2469 non
2653 2398 2942 2466 intelligitis
2996 2396 3210 2469 (.ilatth.
3241 2398 3366 2469 xv)?
3393 2409 3441 2452 et
3474 2397 3758 2469 Apostolus

2172 2528 2178 2536 ι
2239 2466 2410 2537 culpat
2439 2465 2655 2520 Galatas
2692 2465 2984 2520 insensatos
3009 2465 3162 2537 (Gal.
3196 2465 3318 2538 tu)?

2245 2559 2408 2613 Rssr.
2468 2558 2675 2628 Siquis
2723 2558 2826 2612 scit
2881 2558 3179 2612 bonitatem
3240 2558 3476 2623 Domini,
3526 2560 3764 2614 volentis

2169 2665 2356 2706 omnes
2399 2651 2646 2704 homines
2684 2648 2863 2703 salvos
2898 2648 3038 2712 ﬁeri,
3075 2655 3128 2702 et
3155 2649 3220 2702 ad
3250 2649 3580 2719 agnitionem
3605 2651 3762 2703 verbi

2167 2743 2410 2796 veritatis
2441 2743 2624 2796 venire
2652 2740 2703 2810 (Ι
2736 2740 2867 2792 Tim.
2894 2739 2985 2811 ιι);
3018 2749 3071 2794 et
3099 2739 3338 2794 studium
3369 2740 3607 2808 Spiritus
3626 2757 3758 2794 san-

2167 2833 2240 2886 cti
2271 2831 2478 2894 didicit,
2511 2831 2602 2901 qui
2645 2831 2936 2898 unicuique
2976 2830 3167 2883 dividit
3206 2831 3438 2900 gratiam
3469 2832 3596 2897 Dei;
3654 2834 3763 2888 iste

2168 2922 2449 2991 Cognoscit
2489 2921 2798 2974 tarditatem
2841 2919 3150 2973 intellectus
3192 2936 3298 2973 non
3343 2935 3411 2975 cx
3441 2921 3600 2992 culpa
3642 2922 3766 2990 ejus

2171 3012 2501 3066 descendere
2535 3011 2625 3078 qui
2663 3011 2803 3064 dona
2831 3011 3124 3076 distribuit,
3150 3012 3244 3065 sed
3279 3026 3465 3065 eorum
3488 3013 3580 3080 qui
3612 3013 3759 3067 desi-

2173 3101 2261 3154 dia
2299 3110 2353 3154 et
2395 3100 2711 3154 infidelitate
2758 3117 2852 3155 sua
2894 3102 2949 3155 id
2985 3103 3262 3170 suscipere
3309 3118 3416 3156 nou
3456 3113 3764 3159 merentur.

2173 3190 2239 3242 Et
2271 3189 2391 3242 ideo
2422 3198 2568 3244 recte
2605 3189 2857 3258 culpatur
2886 3190 3146 3258 insipiens
3172 3190 3258 3244 vel
3302 3191 3631 3255 insensatus,
3667 3196 3766 3261 qui

2180 3279 2328 3333 velut
2355 3279 2467 3333 sole
2497 3288 2616 3332 orto
2655 3279 2857 3333 claudit
2884 3280 3071 3335 oculos
3105 3297 3230 3336 suos
3261 3297 3329 3335 ne
3352 3282 3554 3348 videat,
3587 3284 3683 3338 sed
3707 3285 3766 3338 in

2177 3367 2418 3422 tenebris
2446 3368 2704 3422 ambulet.

2559 3459 3075 3518 INTERROGATIO
3132 3461 3360 3517 CLXIX.

2177 3551 2235 3606 Si
2272 3551 2335 3605 ab
2385 3552 2561 3621 aliquo
2607 3552 2732 3622 quid
2786 3552 3018 3675 benq/icii
3066 3554 3450 3622 consequimur,
3496 3556 3768 3624 quomodo

2254 3622 2538 3675 poterimus
2561 3631 2606 3674 et
2641 3621 2860 3675 Domino
2926 3626 3040 3675 iane
3063 3633 3109 3675 et
3136 3624 3331 3675 inteare
3351 3624 3551 3675 aratias
3583 3641 3765 3675 aaere.

2252 3621 2860 3704 poterimusetD‘gmino
2886 3621 3109 3704 digneet
3131 3621 3551 3704 integregratias
3583 3641 3765 3704 agere,

2247 3701 2294 3744 et
2342 3693 2387 3743 ei
2417 3692 2506 3760 qui
2537 3691 2841 3758 bene/icium
2871 3691 3153 3761 praestitit?
3205 3691 3364 3758 Quali
3406 3691 3656 3746 mensura
3685 3695 3769 3747 uti

2255 3760 2496 3814 debemus
2523 3762 2577 3813 in
2612 3763 2869 3830 utroque?

2253 3853 2412 3906 lisse.
2474 3853 2533 3906 Si
2573 3851 2744 3906 Deum
2781 3855 3160 3909 auctoritatem
3189 3863 3243 3910 et
3269 3866 3768 3912 consummatorexu

2181 3946 2422 4000 omnium
2477 3945 2741 3999 bonorum
2801 3962 2922 4001 esse
2967 3949 3283 4013 credamus;
3335 3963 3460 4003 eum
3499 3965 3630 4004 vero
3667 3963 3768 4019 per

2183 4050 2343 4104 quem
2371 4034 2498 4087 boni
2523 4034 2725 4102 aliquid
2753 4037 3024 4090 consecuti
3051 4053 3237 4092 sumus
3256 4045 3314 4091 ut
3335 4038 3647 4094 ministrum
3671 4038 3771 4096 Dei

2183 4125 2372 4195 gratia:
2404 4133 2458 4179 et
2491 4125 2737 4179 muneris
2772 4141 3150 4195 agnoscamus.

2590 4236 3102 4300 INTERROGATIO
3137 4239 3344 4296 CLXX.

2190 4350 2328 4416 Quid
2359 4362 2432 4405 est
2465 4352 2679 4422 dignum
2727 4352 2805 4406 vel
2828 4363 3090 4419 sanctum,
3121 4354 3292 4408 (ἐνιεσὶ
3341 4354 3484 4411 ὅσιον
3531 4354 3719 4410 dicunt
3746 4356 3771 4410 .’

2687 4432 2738 4476 et
2763 4423 2888 4492 quid
2925 4435 2999 4477 est
3021 4425 3268 4493 justum?

2258 4509 2418 4564 Resp.
2449 4508 2624 4567 'Oem
2652 4512 2887 4580 quidem,
2923 4513 2976 4567 id
3015 4521 3119 4579 est,
3161 4521 3405 4568 sanctum
3429 4513 3512 4568 vel
3539 4513 3764 4584 dignum

2187 4614 2308 4655 esse
2334 4601 2569 4655 arbitror
2595 4602 2698 4656 hoc
2717 4602 2859 4670 quod
2883 4603 3038 4657 decet
3063 4611 3117 4656 et
3141 4603 3367 4658 debetur
3397 4603 3464 4656 ab
3494 4602 3769 4656 inferiori-

2187 4687 2290 4742 bus
2321 4688 2520 4744 deferri
2551 4691 2936 4759 superioribus,
2966 4692 3261 4745 secundum
3289 4692 3425 4746 hanc
3469 4691 3644 4760 ipsam
3675 4707 3768 4744 ra-

2192 4780 2392 4834 tionem
2422 4797 2527 4849 qua
2569 4781 2954 4836 eminentiores
3001 4781 3272 4836 videntur.
3318 4780 3530 4834 Iustum
3586 4789 3768 4835 autem

2190 4873 2316 4937 hoc,
2347 4874 2488 4942 quod
2515 4874 2696 4942 operis
2741 4889 2840 4944 pro
2889 4874 3083 4927 merito
3136 4873 3425 4941 unicuique
3488 4873 3767 4925 tribuitur.

2190 4964 2256 5018 Et
2286 4966 2338 5018 in
2364 4966 2454 5019 illo
2481 4965 2699 5034 quidem
2739 4965 2846 5019 alio
2875 4965 3202 5033 optimorum
3233 4977 3573 5032 quorumque
3624 4963 3766 5015 indi-

2190 5063 2348 5108 catur
2375 5052 2716 5122 obsequium,
2749 5053 2803 5106 in
2846 5054 2947 5106 hoc
2979 5067 3106 5105 vero
3139 5059 3246 5104 tam
3289 5049 3413 5102 boui
3446 5065 3613 5117 quam
3647 5048 3768 5101 mali

2191 5144 2476 5198 retributio
2518 5144 2848 5212 designatur.

2577 5230 3088 5288 INTERROGATIO
3151 5229 3377 5284 CLXXI.

2197 5323 2470 5389 Quomodo
2496 5323 2586 5375 dat
2616 5324 2730 5392 quis
2759 5331 2997 5392 sanctum
3024 5319 3262 5392 canibus,
3306 5327 3352 5370 et
3379 5319 3538 5369 mittit
3566 5331 3774 5392 marga-

2269 5395 2397 5447 ritas
2431 5403 2549 5446 aute
2593 5386 3186 5461 porcosA(MattIt._vu)?
3213 5397 3304 5439 aut
3347 5386 3611 5461 quomodo
3646 5386 3775 5436 acci-

2267 5463 2503 5535 dit_illud
2541 5455 2678 5530 quod
2709 5455 2964 5535 additur:
3019 5458 3101 5512 Ne
3149 5459 3282 5526 forte
3330 5455 3632 5535 {onem-cent
3685 5461 3770 5505 aut

2267 5533 2504 5601 pedibus,
2525 5524 2571 5584 et
2612 5531 2840 5583 conversi
2865 5524 3194 5597 disrumpunt
3232 5525 3358 5579 vos?
3382 5524 3576 5594 (Ibid.)

2270 5625 2429 5678 Rssr.
2486 5621 2767 5676 Manifeste
2799 5620 2955 5674 nobis
2997 5617 3220 5672 tradidit
3261 5614 3554 5684 Apostolus
3600 5629 3668 5668 ex
3696 5611 3774 5665 bis

2202 5731 2320 5786 quin
2348 5716 2600 5770 adversus
2628 5711 2840 5769 Iudaeos
2878 5711 3040 5768 dicit:
3076 5707 3211 5774 Quia
3237 5707 3325 5779 qui
3359 5707 3412 5759 in
3443 5705 3555 5774 lege
3581 5703 3773 5775 gloria-
