3974 6192
244 281 345 338 διδ

880 285 1106 343 CODEX
1146 284 1600 343 REGULARUM.
1635 316 1707 328 ——
1743 286 1923 342 PARS
1959 287 2000 342 I.
2043 287 2345 375 REGIJLE
2388 288 2491 345 PP.
2529 280 2816 347 ORIENT:

3381 293 3487 348 546

245 397 317 450 ris
373 410 470 466 per
537 395 1022 464 praevaricationem
1099 395 1226 468 legis
1303 397 1471 451 Deum
1537 398 1821 452 inhonorus
1847 401 1895 458 Α
1923 397 2069 466 gotio
2095 398 2236 452 hanc
2266 399 2608 453 sententiam.
2651 398 3118 469 Acquiescendum
3145 406 3228 454 est
3262 403 3405 457 enim
3431 411 3489 458 et

245 486 427 556 (Rom.
453 485 538 555 ιι).
565 483 820 552 Injuriam
845 501 974 556 ergo
1001 489 1139 542 hanc
1165 503 1327 557 quam
1369 503 1467 555 per
1492 488 1819 556 prmvarica-

247 578 449 632 tionem
471 575 603 644 legis
628 575 790 628 verbo
818 575 911 629 Dei
942 576 1140 630 inferre
1173 577 1428 630 dicuntur
1452 577 1505 628 hi
1536 577 1601 629 de
1623 577 1818 644 quibus

249 681 430 720 sermo
454 673 556 729 est,
601 664 852 732 prohibet
897 664 987 718 hic
1037 673 1091 718 et
1134 665 1355 719 abdicat
1406 665 1684 718 Dominus.
1751 665 1819 718 Et

245 755 371 824 quia
399 753 580 807 evenit
605 760 664 805 ut
692 753 854 806 etiam
886 751 1128 805 inﬁdeles
1160 759 1212 804 et
1238 767 1344 804 non
1365 749 1666 815 credentes,
1694 766 1816 805 cum

247 845 429 898 vident
454 857 556 896 nos
609 841 949 910 praevaricari
993 841 1270 905 mandata,
1314 848 1678 909 contemptum
1724 842 1821 894 ha-

245 937 409 990 beant
432 934 713 1004 religionis
738 941 794 988 et
821 933 1080 987 doctrina:
1109 933 1338 996 Domini,
1368 941 1424 988 et
1465 949 1531 988 ex
1561 934 1711 1002 ipsis
1735 934 1820 988 his

248 1032 482 1095 arguunt
509 1039 609 1078 nos
634 1039 750 1092 quae
781 1022 980 1091 scripta
1009 1030 1134 1077 sunt
1171 1023 1224 1076 in
1251 1023 1367 1092 lege
1392 1031 1597 1088 nostra,
1627 1033 1682 1076 et
1707 1022 1820 1089 vel;-

246 1122 306 1168 ut
349 1122 606 1182 rumpant
635 1129 751 1178 nos,
798 1122 852 1167 et
897 1113 1131 1166 alliciant
1159 1114 1547 1182 exprobrantes
1587 1121 1642 1166 et
1688 1127 1820 1166 con-

247 1202 563 1268 fundentes,
597 1210 849 1271 tanquam
874 1202 1006 1272 legis
1029 1202 1260 1271 propriae
1292 1211 1744 1272 transgressores.

622 1309 1146 1367 INTERROGATIO
1175 1311 1425 1366 CLXXII.

250 1402 529 1474 Quomodo
555 1402 809 1474 Dominus
837 1402 1123 1474 aliquando
1137 1404 1344 1474 quidem
1367 1403 1598 1474 prohibet
1615 1405 1820 1472 portari

319 1472 590 1552 sacculum
634 1470 712 1525 vel
758 1470 935 1541 peram
971 1474 1027 1527 in
1066 1470 1158 1554 vid
1179 1473 1331 1593 (Luc.
1367 1470 1472 1539 'x);
1532 1470 1820 1543 aliquando

323 1551 496 1593 autem
511 1541 714 1593 dicebat
743 1541 882 1593 :Sed
904 1557 1042 1593 nunc
1066 1558 1154 1593 aut
1196 1541 1329 1593 tabet
1350 1541 1640 1593 sacculum.
1669 1542 1820 1593 tollat

323 1551 496 1621 autem
511 1541 714 1621 dicebat
743 1541 882 1594 :Sed
904 1557 1042 1621 nunc
1066 1543 1155 1621 qui
1179 1541 1329 1621 habet
1350 1541 1640 1621 sacculum,
1669 1542 1823 1596 tollat

322 1610 562 1663 similiter
591 1620 638 1662 et
667 1625 844 1679 peram
876 1624 894 1660 :
924 1620 970 1662 et
993 1610 1084 1679 qui
1109 1628 1210 1663 non
1234 1611 1385 1679 habet
1409 1610 1665 1679 gladium,
1704 1628 1823 1664 ven-

321 1679 409 1731 dat
442 1678 801 1732 vestimentum
824 1678 1058 1742 suum,et
1073 1688 1210 1732 emat
1237 1678 1470 1747 gladium
1499 1680 1817 1751 (Luc.xxu).

1919 488 2374 556 sanctoApostolo
2389 488 2587 542 dicenti
2611 506 2624 541 :
2653 488 2772 542 Sive
2792 488 3130 551 manducetis,
3148 489 3252 543 sive
3277 489 3487 554 bibatis,

1915 576 2020 628 sive
2047 576 2194 628 aliud
2213 576 2339 645 quid
2353 576 2584 644 faciatis,
2606 580 2781 631 omnia
2805 579 2860 631 in
2885 577 3105 647 gloriam
3141 578 3236 631 Dei
3256 577 3478 648 faciteU

1918 662 2038 716 Cor.
2065 665 2197 733 xxv).
2225 665 2288 717 Et
2315 666 2508 718 iterum
2541 682 2555 718 :
2604 664 2794 719 Omnia
2821 667 2890 718 ad
2933 666 3332 734 ludificationem
3352 668 3486 736 ﬁant

1919 751 1967 824 (1
1975 752 2128 820 bid.).
2148 751 2290 804 Nihil
2307 767 2433 822 ergo
2444 753 2530 807 vel
2543 753 2716 808 otiose
2731 755 2814 808 vel
2828 754 3087 809 inutiliter
3100 758 3365 826 agendum
3376 765 3458 810 est
3475 775 3487 809 :

1918 839 2011 893 sed
2051 849 2231 894 certus
2253 841 2394 908 quis,
2423 850 2479 895 et
2504 851 2654 897 certo
2679 853 2938 910 tempore,
2978 855 3032 898 et
3061 854 3214 899 certo
3258 847 3312 898 in
3346 846 3484 908 loco,

1917 937 1972 982 et
2015 930 2178 983 certis
2203 931 2451 998 personis
2477 932 2563 985 vel
2591 947 2851 1000 apparere
2879 971 2894 996 ,
2923 933 3007 985 vel
3031 933 3176 1002 loqui
3199 935 3356 988 debet
3386 956 3399 988 ;
3428 945 3486 988 ut

1918 1020 2229 1074 excludatur
2248 1023 2424 1076 omnis
2453 1021 2680 1076 nefanda
2714 1023 2968 1091 su3picio,
2997 1030 3052 1074 et
3070 1039 3345 1078 servemus
3367 1025 3484 1078 sine

1917 1111 2214 1166 oll'ensione
2264 1129 2382 1166 esse
2410 1114 2550 1182 apud
2595 1127 2782 1166 omnes
2812 1150 2827 1174 ,
2879 1120 2934 1166 et
2979 1113 3045 1164 ad
3085 1113 3494 1167 aediﬁcationem

1919 1200 2043 1255 ﬁdei
2071 1203 2356 1270 unicuique
2378 1217 2657 1271 apparere.
2705 1201 2861 1254 Certe
2892 1200 3064 1254 solum
3088 1202 3155 1254 ad
3196 1201 3368 1254 solam
3399 1217 3489 1257 ac-

1917 1292 2133 1357 cedere,
2165 1292 2309 1346 nulla
2352 1293 2632 1361 religionis
2660 1293 2799 1346 ratio
2825 1293 3108 1362 permittit.
3169 1292 3360 1346 Melius
3408 1300 3492 1346 est

1919 1381 2064 1436 enim
2088 1397 2208 1437 esse
2255 1383 2360 1437 duo
2401 1399 2560 1451 quam
2599 1400 2738 1437 unus
2763 1402 2782 1435 :
2836 1384 2994 1436 simul
3023 1383 3167 1437 enim
3197 1393 3250 1437 et
3281 1383 3493 1438 ﬁdelius

1919 1478 1972 1525 et
2003 1471 2171 1526 tutius
2197 1487 2286 1526 res
2308 1474 2533 1542 geritur.
2574 1471 2664 1526 Va:
2689 1473 2826 1526 enim
2849 1474 2938 1524 uni
2966 1489 2986 1536 ;
3013 1474 3137 1541 quia
3161 1474 3205 1526 si
3230 1473 3495 1540 ceciderit,

1922 1578 2026 1617 non
2051 1572 2127 1618 est
2159 1563 2296 1617 alius
2319 1565 2408 1634 qui
2432 1565 2598 1634 erigat
2623 1579 2739 1617 eum
2764 1563 2961 1634 (Eccle.
2986 1562 3083 1634 ιν).

2310 1676 2827 1731 INTERROGATIO
2854 1675 3108 1730 CLXXV.

325 1769 483 1822 Resp.
512 1767 626 1821 Hoc
660 1768 912 1837 explanat
939 1769 1051 1837 ipse
1078 1742 1336 1824 Dominus
1359 1742 1542 1825 dicens
1591 1742 1818 1842 (ιω,
1852 1754 1898 1812 Β
1928 1742 2126 1842 Sigeis
2156 1747 2751 1842 ﬁa9_{t_g{igggd_3{‘j§grf
2777 1747 3248 1842 ,2“ﬂ‘f_.f_°j’_‘§ffﬁ
3274 1764 3496 1842 "9933:

256 1860 388 1924 Quia
410 1868 613 1928 oportet
650 1859 821 1912 adhuc
861 1860 1104 1929 compleri
1124 1861 1177 1914 in
1200 1877 1280 1914 me
1308 1862 1447 1932 quod
1476 1862 1671 1915 dictum
1703 1873 1778 1917 est
1804 1880 1822 1928 ;

253 1951 370 2025 quia
395 1966 515 2002 cum
562 1949 754 2019 iniquis
797 1950 1076 2019 deputatus
1105 1959 1180 2004 est
1211 1950 1362 2020 (Esa.
1409 1949 1549 2021 LIII).
1585 1950 1826 2020 Denique

253 2047 603 2110 posteaquam
645 2039 912 2108 completa
958 2048 1041 2094 est
1103 2040 1386 2109 prophetia
1428 2041 1494 2094 de
1537 2041 1717 2110 gladio
1752 2043 1828 2096 ait

256 2130 317 2183 ad
339 2129 563 2182 Petrum
597 2145 610 2180 :
638 2127 885 2181 Converte
911 2127 1144 2198 gladium
1166 2129 1220 2182 in
1269 2129 1438 2182 locum
1463 2147 1618 2182 suum
1693 2131 1824 2185 0m-

257 2236 339 2272 nes
369 2219 510 2271 enim
554 2219 644 2288 qui
683 2217 918 2287 gladium
969 2219 1252 2288 accipiunt,
1299 2221 1353 2272 in
1381 2219 1558 2289 gladio
1581 2222 1824 2291 peribunt

255 2308 470 2372 (Matth.
503 2309 676 2380 xxvi).
717 2309 795 2362 Ita
824 2317 884 2362 ut
914 2324 1017 2363 non
1050 2310 1296 2363 videatur
1334 2321 1662 2380 praeceptum
1707 2329 1828 2369 esse

253 2400 392 2468 quod
406 2399 609 2453 dicitur
631 2413 644 2452 :
671 2399 828 2452 Nunc
849 2401 936 2470 qui
949 2400 1101 2452 habet
1115 2400 1403 2465 sacculum,
1421 2401 1569 2454 tollat
1585 2403 1828 2457 similiter

254 2499 299 2542 et
323 2504 544 2558 peram;
567 2487 634 2540 Et
660 2488 748 2559 qui
775 2505 878 2541 non
903 2487 1055 2541 habet
1071 2487 1326 2557 gladium,
1353 2489 1536 2542 vendat
1557 2493 1830 2544 vestimen-

253 2583 362 2630 tum
391 2591 575 2639 suum,
616 2583 663 2629 et
700 2584 836 2630 emat
879 2575 1113 2645 gladium
1141 2592 1164 2641 ;
1197 2576 1290 2629 sed
1321 2576 1602 2644 prophetia
1634 2573 1828 2646 praedi-

259 2665 437 2720 centis
473 2664 713 2730 Domini,
747 2665 873 2733 quia
898 2663 1136 2718 futurum
1169 2673 1290 2719 erat
1315 2674 1373 2718 ut
1397 2667 1650 2736 apostoli,
1676 2669 1828 2723 obliti

258 2756 450 2825 gratim
463 2755 676 2809 Domini
689 2764 746 2810 et
758 2755 890 2826 legis
906 2754 1041 2824 ejus,
1059 2766 1395 2810 assumerent
1407 2757 1658 2826 gladium.
1676 2759 1828 2826 Quod

259 2853 444 2900 autem
483 2843 702 2899 videtur
738 2845 890 2913 quasi
935 2845 1255 2913 imperativo
1293 2845 1452 2898 modo
1495 2846 1599 2900 dici
1633 2862 1831 2916 propo—

256 2934 382 2988 sitio
415 2933 535 2988 haec
583 2932 732 2987 verbi
776 2932 953 2986 futura
983 2974 998 2998 ,
1052 2934 1106 2987 in
1155 2932 1451 3001 Scripturis
1498 2936 1830 3002 propheticis

255 3022 387 3077 satis
417 3020 735 3092 frequenter
756 3023 1044 3089 invenitur,
1073 3023 1210 3078 sicut
1231 3032 1312 3077 est
1345 3022 1510 3076 illud:
1545 3022 1701 3077 Fiant
1730 3025 1831 3093 ﬁlii

257 3113 369 3182 ejus
403 3112 634 3182 orphani
667 3152 683 3178 ,
711 3122 758 3166 et
802 3110 1042 3165 diabolus
1078 3122 1176 3166 stet
1224 3129 1255 3164 a
1286 3111 1484 3166 dextris
1514 3113 1629 3182 ejus
1655 3110 1828 3183 (Psal.

255 3203 403 3274 cvm)
433 3219 449 3267 ;
479 3211 540 3258 et
563 3203 733 3257 multa
763 3202 866 3256 alia
889 3202 1106 3256 similia.
1606 3189 1618 3201 ’

643 3312 1161 3369 INTERROGATIO
1187 3313 1465 3369 CLXXIII.

261 3383 398 3450 Quid
428 3393 530 3450 est,
560 3383 761 3438 Panem
789 3385 1165 3438 substantivum
1199 3385 1268 3436 da
1311 3384 1456 3436 nobis
1494 3383 1669 3448 hodie,
1695 3383 1835 3452 quod

639 3455 694 3507 in
727 3455 960 3507 oratione
989 3454 1159 3507 dicere
1177 3452 1468 3521 jubemur?

326 3543 495 3600 Raso.
549 3544 682 3598 Cum
715 3553 1002 3615 operantes
1047 3544 1299 3600 manibus
1345 3561 1614 3600 memores
1667 3545 1837 3600 simus

261 3634 478 3690 Domini
527 3634 792 3690 dicentis:
822 3634 1001 3688 Nolite
1033 3635 1247 3688 solliciti
1274 3652 1384 3689 esse
1414 3635 1603 3689 anima:
1632 3645 1833 3699 vestrae,

261 3724 387 3795 quid
449 3724 784 3778 manducetis
817 3764 832 3789 ,
877 3732 966 3777 aut
1004 3724 1129 3794 quid
1177 3724 1361 3777 bibatis
1409 3724 1560 3795 (Luc.
1614 3723 1736 3796 xu).
1770 3723 1838 3777 Et

263 3813 508 3883 Apostoli
531 3802 897 3882 prtecipientis
931 3832 944 3867 :
980 3812 1306 3884 Operamini,
1337 3823 1394 3867 ut
1434 3814 1670 3868 habeatis
1698 3814 1837 3869 unde

265 3913 516 3971 pmstare
536 3903 743 3972 possitis
773 3905 1129 3956 necessitatem
1171 3903 1390 3972 patienti
1413 3900 1626 3973 (Ep/tes.
1651 3902 1746 3972 ιν).
1780 3902 1838 3956 Id

266 4002 368 4059 est,
391 4009 518 4049 cum
537 4008 645 4048 non
671 3993 739 4046 ad
763 3995 1010 4064 pr0prios
1035 4009 1188 4059 usus,
1209 3994 1304 4048 sed
1326 4008 1424 4063 pro
1451 3993 1708 4048 mandato
1733 3993 1836 4048 Do-

266 4086 400 4140 mini
426 4099 717 4154 operamur
747 4102 760 4139 :
790 4083 1049 4149 Quoniam
1096 4084 1285 4153 dignus
1311 4093 1383 4137 est
1413 4083 1682 4152 operarius
1703 4098 1838 4136 mer-

267 4176 390 4228 cede
425 4191 525 4228 sua
571 4173 721 4244 (Luc.
762 4173 850 4243 x):
884 4182 1014 4227 tunc
1064 4173 1460 4228 substantivum
1491 4187 1684 4242 panem
1716 4211 1731 4237 ,
1779 4171 1834 4226 id

265 4274 370 4329 est,
405 4266 498 4335 qui
525 4265 691 4319 vitam
737 4265 1104 4335 quotidianam
1129 4265 1442 4318 substantiae
1483 4273 1684 4318 nostra:
1709 4279 1838 4331 con-

267 4354 431 4418 ferat,
457 4371 488 4409 a
518 4355 628 4410 Deo
654 4355 928 4424 poscimus
953 4393 969 4419 ,
998 4361 1055 4407 et
1082 4367 1188 4406 non
1225 4367 1254 4405 a
1284 4353 1440 4407 nobis
1473 4353 1603 4422 ipsis
1631 4368 1838 4422 praesu-

271 4444 505 4509 mimus;
538 4445 632 4499 sed
668 4452 727 4498 ut
745 4443 1052 4498 necessitati
1083 4483 1098 4508 ,
1129 4441 1184 4495 in
1229 4451 1489 4511 quantum
1517 4441 1733 4507 sufﬁcit,
1756 4458 1841 4496 sa-
1866 4435 1919 4494 D

271 4532 456 4599 tisﬁat,
483 4542 538 4588 et
555 4547 910 4603 agnoscamus
928 4547 1050 4586 eum
1074 4531 1164 4601 qui
1193 4530 1565 4585 sullicientiam
1595 4540 1838 4600 praestat.

639 4619 844 4673 INTER
853 4617 1154 4674 ROGATIO
1185 4617 1461 4672 CLXXIV.

273 4706 328 4762 Si
357 4709 497 4762 omni
514 4707 704 4762 volenti
726 4708 967 4761 accedere
989 4707 1058 4760 ad
1085 4722 1288 4761 sorores
1310 4713 1508 4774 Oportet
1530 4704 1798 4774 indulgere
1821 4724 1839 4760 :

343 4795 410 4830 an
436 4779 592 4831 certis
634 4777 920 4847 quibusque
948 4786 999 4830 et
1023 4776 1255 4846 personis
1286 4784 1354 4847 ‘et
1383 4774 1737 4843 temporibus?
1762 4775 1842 4829 vel

340 4848 602 4916 quomodo
633 4844 864 4900 videndis
893 4844 1030 4899 sunt
1048 4861 1253 4898 sorores
1277 4844 1302 4897 ?

343 4936 504 4992 RESP.
541 4935 620 4990 De
644 4936 731 4991 his
783 4935 1030 5005 Superius
1073 4935 1307 4989 diximus
1350 4932 1460 5001 jam
1491 4931 1841 5000 sufﬁcienter,

279 5026 400 5094 quia
441 5041 542 5081 nec
576 5024 644 5079 ad
675 5025 850 5079 virum
883 5025 964 5078 vir
1009 5025 1266 5079 accedere
1312 5033 1583 5093 utcunque
1635 5032 1691 5079 et
1727 5025 1844 5080 sine

278 5130 432 5170 causa
457 5130 524 5169 ex
565 5114 793 5168 arbitrio
816 5129 914 5168 suo
959 5114 1042 5168 vel
1072 5121 1340 5182 potestate
1385 5113 1564 5178 debet,
1605 5116 1698 5169 sed
1720 5131 1842 5169 cum

278 5206 417 5258 omni
441 5205 839 5269 observatione,
867 5204 1130 5273 probante
1159 5219 1225 5257 eo
1268 5203 1358 5272 qui
1388 5212 1584 5272 praeest
1619 5221 1632 5269 ;
1663 5205 1714 5258 id
1738 5218 1840 5271 esr,

282 5303 338 5348 at
359 5295 441 5350 vel
467 5295 639 5364 prosit
667 5295 787 5363 quis
812 5295 863 5348 ei
893 5309 1050 5362 quem
1080 5295 1244 5357 videt,
1273 5293 1357 5347 vel
1387 5293 1634 5364 proﬁciat
1663 5309 1729 5347 ex
1754 5309 1838 5348 eo.

281 5382 489 5452 Quanto
518 5386 690 5455 magis
715 5400 844 5455 erga
895 5384 1147 5439 mulieres
1177 5384 1232 5438 id
1264 5385 1553 5438 observare
1591 5385 1844 5438 convenit

283 5477 483 5546 majore
524 5477 755 5531 cautela.
788 5476 845 5530 Si
881 5475 1002 5545 quis
1028 5490 1156 5544 ergo
1184 5474 1489 5527 meminerit
1512 5473 1720 5527 Domini
1759 5474 1843 5528 di-

285 5568 490 5621 ceutis:
531 5566 670 5631 Quia
705 5565 768 5619 de
803 5566 944 5618 omni
1004 5580 1236 5618 sermone
1265 5563 1428 5616 otioso
1459 5563 1639 5616 reddes
1685 5565 1846 5617 ratio-

286 5669 395 5710 nem
425 5657 480 5711 in
506 5657 590 5711 die
620 5657 816 5728 judicn'
839 5655 1052 5729 (Matth.
1084 5653 1203 5728 xu),
1239 5652 1447 5712 timebit
1484 5651 1539 5706 in
1566 5651 1712 5706 omni
1743 5667 1842 5707 ne-

1996 1824 2111 1880 test,
2151 1825 2198 1867 et
2223 1816 2517 1884 frequenter
2541 1824 2748 1869 notatus
2777 1816 2828 1867 in
2868 1816 3016 1885 pejus
3043 1816 3248 1884 proﬁcit
3273 1856 3288 1881 ,
3312 1817 3357 1869 si
3378 1833 3494 1869 eum

1995 1885 2197 1953 expedit
2227 1885 2496 1937 intermitti
2517 1887 2541 1938 .9

1995 1973 2152 2029 Rssr.
2183 1975 2250 2028 Et
2277 1975 2342 2029 de
2379 1976 2485 2030 hoc
2536 1975 2665 2030 alibi
2706 1975 2820 2046 jam
2846 1975 3078 2030 diximus
3105 1975 3231 2044 quia
3279 1983 3495 2044 oportet

1927 2073 2212 2133 peccantes
2233 2065 2509 2135 corripere
2534 2067 2824 2135 patienter,
2864 2067 3158 2121 secundum
3182 2081 3304 2120 eum
3336 2081 3496 2135 quem

1927 2168 2087 2221 Supra
2107 2153 2442 2207 ostendimus
2470 2151 2686 2208 modu’m
2713 2169 2742 2207 a
2767 2155 2994 2208 Domino
3017 2156 3251 2224 positum
3277 2153 3494 2226 (Matth.

1927 2242 2106 2308 xvm).
2167 2241 2319 2307 Quod
2354 2243 2397 2295 si
2447 2258 2552 2296 non
2594 2241 2788 2296 sullicit
2838 2243 2888 2296 ei
2923 2244 2988 2296 ad
3020 2243 3450 2297 emendationem
3482 2281 3497 2306 ,

1927 2332 2066 2386 sicut
2105 2331 2180 2385 illi
2210 2332 2488 2386 Corinthio
2530 2330 2582 2402 (Ι
2608 2329 2731 2386 Cor.
2758 2333 2844 2403 ιι),
2887 2331 3189 2402 objurgatio
3235 2332 3350 2384 haec
3378 2345 3498 2400 quze

1927 2421 2040 2476 ﬁta
2081 2422 2322 2492 pluribus
2352 2439 2366 2488 ;
2419 2423 2558 2477 sicut
2595 2422 2809 2492 gentilis
2848 2424 2914 2477 de
2943 2422 3151 2491 reliquo
3175 2429 3228 2474 et
3263 2420 3502 2489 publica-

1927 2531 2029 2569 nus
2056 2515 2242 2568 haberi
2269 2515 2448 2579 debet,
2479 2515 2571 2584 qui
2609 2515 2872 2582 ejusmodi
2902 2523 3003 2568 est.
3038 2513 3173 2580 Quia
3203 2513 3251 2566 ei
3274 2525 3500 2582 parcere

1927 2619 2087 2676 quem
2111 2606 2372 2660 Dominus
2398 2605 2776 2660 condemnavit
2804 2604 2932 2657 nulli
2965 2613 3136 2657 tutum
3169 2610 3252 2656 est
3279 2641 3294 2666 ,
3331 2599 3505 2655 maxi-

1929 2710 2016 2750 me
2046 2711 2168 2750 cum
2196 2695 2450 2750 Dominus
2492 2696 2671 2750 dicat:
2709 2695 2847 2760 Quia
2881 2693 3085 2764 expedit
3134 2693 3416 2762 unicuique
3443 2699 3499 2744 ut

1930 2802 2095 2839 unum
2137 2784 2364 2851 oculum,
2398 2795 2486 2839 aut
2515 2803 2674 2838 unam
2706 2802 2942 2849 manum,
2991 2784 3070 2838 vel
3114 2799 3277 2837 unum
3322 2783 3504 2852 pedem

1929 2877 2149 2946 perdat,
2177 2885 2225 2928 et
2249 2876 2324 2928 ita
2363 2877 2520 2929 intret
2559 2877 2616 2929 in
2644 2892 2859 2945 regnum
2892 2874 3106 2945 (Matth.
3140 2872 3318 2942 xvm),
3341 2887 3504 2940 quam

1933 2968 2060 3021 dum
2084 2968 2255 3036 parcit
2282 2967 2374 3020 uni
2417 2982 2483 3021 ex
2515 2967 2599 3021 his
2628 2967 2904 3031 membris,
2937 2973 3110 3019 totum
3153 2979 3349 3033 corpus
3377 2963 3506 3016 mit-

1858 3093 1902 3154 Ε
1935 3065 2082 3111 tatur
2100 3058 2153 3110 in
2177 3058 2480 3126 gehennam
2502 3056 2661 3126 ignis,
2695 3057 2784 3110 ubi
2808 3064 2894 3108 est
2921 3053 3076 3108 ﬂetus
3097 3062 3153 3107 et
3165 3051 3366 3107 stridor
3379 3053 3508 3106 den-

1936 3147 2093 3200 tium.
2121 3147 2227 3202 Sed
2253 3157 2308 3202 et
2330 3148 2622 3217 Apostolus
2649 3147 2714 3201 de
2741 3148 2826 3201 his
2852 3147 2984 3216 ipsis
3008 3154 3257 3210 testatur,
3283 3146 3466 3200 dicens
3489 3163 3502 3199 :

1935 3238 2074 3303 Quia
2118 3239 2379 3291 modicum
2408 3237 2718 3306 fermentum
2745 3247 2907 3291 totam
2939 3253 3168 3291 massam
3217 3236 3502 3304 corrumpit

1935 3325 2078 3397 (θαι
2101 3327 2176 3397 ν>⁹
2313 3396 2828 3455 INTERROGATIO
2858 3396 3138 3451 CLXXVI.

1935 3471 1999 3528 Si
2012 3474 2489 3546 quiscontristetur
2501 3479 2625 3546 quia
2648 3477 2694 3530 ei
2717 3493 2820 3528 non
2841 3477 3161 3546 permittitur
3181 3474 3354 3546 facere
3375 3470 3508 3546 illud

2005 3542 2145 3610 quod
2176 3560 2279 3596 non
2315 3554 2479 3614 potest
2513 3542 2633 3614 apte
2670 3555 2716 3597 et
2745 3542 2879 3596 recte
2900 3543 3092 3611 facere,
3117 3544 3162 3596 si
3187 3542 3429 3595 debemus
3461 3543 3508 3593 ei

2004 3614 2298 3681 permittere
2325 3613 2350 3664 7

2006 3701 2166 3755 Resp.
2200 3699 2266 3753 Et
2295 3701 2360 3754 de
2409 3700 2492 3754 his
2515 3700 2625 3770 jam
2655 3700 2859 3755 dictum
2902 3706 2983 3753 est
3017 3698 3070 3752 in
3119 3697 3331 3761 multis,
3382 3696 3508 3765 quia

1933 3788 2151 3858 propria
2199 3787 2472 3843 voluntate
2529 3789 2662 3842 nulli
2716 3789 3012 3857 quidquam
3062 3786 3242 3840 facere
3285 3786 3504 3855 permit-

1937 3879 2156 3932 tendum
2187 3885 2272 3933 est
2301 3918 2316 3942 ,
2359 3879 2452 3932 sed
2487 3877 2690 3946 judicio
2743 3886 2798 3933 et
2822 3878 3160 3947 probatione,
3210 3877 3294 3932 vel
3318 3876 3511 3930 multo-

1938 3982 2079 4032 rum,
2117 3974 2172 4020 et
2207 3982 2393 4021 eorum
2416 3968 2507 4036 qui
2533 3975 2790 4037 praesunt.
2825 3966 2929 4033 Qui
2947 3974 3126 4020 autem
3168 3982 3274 4020 non
3299 3967 3509 4020 obtem-

1935 4064 2093 4126 perat
2115 4056 2222 4120 his,
2252 4057 2575 4111 sententiam
2604 4057 3012 4126 praesumptoris
3049 4064 3106 4111 et
3130 4054 3477 4111 contradiceu
3496 4085 3508 4092 -

1938 4145 2008 4200 tis
2036 4145 2289 4216 excipiat.

2298 4233 2811 4292 INTERROGATIO
2841 4234 3140 4292 CLXXVII.

1943 4327 2213 4394 Quomodo
2229 4329 2410 4383 debent
2437 4329 2678 4399 fortiores
2702 4331 2890 4399 fratres
2906 4328 3246 4436 ,infirmitatcs
3277 4326 3514 4396 infirmo-

2309 4418 2312 4421 ·
2527 4416 2640 4451 rum
2671 4409 2879 4451 portare
2903 4437 2916 4451 .

2309 4418 2312 4421 ·
2527 4416 2640 4452 rum
2670 4415 2879 4469 portare
2903 4415 2916 4451 ι

2013 4488 2178 4544 Rnsr.
2208 4488 2434 4544 Portare
2482 4497 2565 4543 est
2614 4488 2802 4543 tollere
2857 4495 2912 4542 et
2957 4500 3168 4551 curare,
3216 4485 3512 4540 secundum

1945 4582 2087 4649 quod
2108 4581 2367 4649 scriptum
2402 4587 2486 4634 est
2515 4597 2526 4631 :
2553 4578 2675 4648 Ipse
2697 4577 3028 4646 inﬁrmitates
3067 4584 3273 4630 nostras
3295 4574 3434 4639 tulit,
3461 4583 3511 4628 et

1947 4671 2284 4741 aegritudines
2319 4681 2525 4724 nostras
2552 4672 2772 4739 portavit
2800 4667 2932 4739 (Isa.
2967 4666 3105 4736 LIII).
3136 4666 3252 4721 Non
3288 4667 3414 4737 quia
3456 4667 3512 4720 in

1947 4763 2236 4831 semetipso
2274 4760 2571 4828 susceperit
2599 4760 2961 4824 inﬁrmitates,
3004 4759 3096 4813 sed
3133 4759 3260 4828 quia
3291 4757 3514 4810 abstulit

1948 4871 2043 4911 eas
2066 4856 2134 4908 ab
2155 4855 2236 4908 his
2259 4856 2311 4906 in
2339 4855 2533 4922 quibus
2561 4859 2716 4906 erant
2742 4860 2795 4905 et
2823 4851 3034 4906 curavit
3059 4865 3170 4905 eos.
3205 4849 3280 4902 Ita
3310 4861 3438 4916 ergo
3459 4855 3515 4900 et

1945 4945 2033 4999 hic
2054 4943 2371 5014 pmnitentia
2398 4942 2789 4996 interveniente
2809 4941 3141 4994 curabuntur
3161 4935 3509 4999 inﬁrmiores,

1944 5050 2008 5089 ex
2039 5033 2342 5089 constantia
2370 5041 2425 5087 et
2447 5031 2755 5101 integritate
2777 5028 3057 5082 fortiorum
3089 5044 3101 5080 :
3127 5025 3219 5094 qui
3258 5025 3512 5079 dicuntur

1945 5135 2162 5196 portare
2185 5165 2200 5189 ,
2236 5125 2288 5180 id
2337 5132 2423 5178 est
2455 5163 2469 5188 ,
2503 5129 2792 5191 exportare
2819 5127 2875 5172 et
2901 5116 3115 5172 auferre
3164 5115 3512 5169 inﬁrmitates

1945 5232 2133 5272 eorum
2160 5216 2252 5284 qui
2279 5213 2495 5268 invalidi
2519 5219 2664 5265 sunt.

2302 5297 2813 5356 INTERROGATIO
2837 5295 3156 5352 CLXXVIII.

1952 5397 2091 5463 Quid
2133 5405 2228 5460 est,
2259 5394 2484 5463 Invicem
2531 5408 2690 5463 onera
2719 5399 2885 5463 vestra
2918 5398 3120 5463 portate
3147 5384 3288 5463 (Cal.
3319 5384 3396 5455 lx)
3416 5385 3442 5463 ζ
3465 5400 3512 5438 et

2017 5482 2173 5537 quam
2196 5455 2354 5534 legem
2383 5461 2579 5517 Christi
2604 5455 2999 5530 adimplebimus
3023 5459 3118 5509 hoc
3152 5455 3397 5524 facientes
3418 5456 3443 5508 .9

2021 5556 2179 5609 Rssr.
2209 5555 2352 5610 Idem
2398 5562 2479 5608 est
2513 5552 2656 5622 quod
2711 5551 2764 5604 in
2794 5548 3162 5618 superioribus
3199 5544 3514 5613 explanavi-

1951 5663 2091 5702 mus.
2121 5645 2318 5701 Gravia
2345 5645 2489 5702 enim
2515 5655 2643 5702 sunt
2685 5659 2851 5702 onera
2890 5639 3098 5710 peccati
3137 5653 3258 5708 qua:
3287 5637 3512 5691 trahunt
