3974 6192
481 284 582 340 547

1475 276 1530 332 S.
1569 268 1929 328 BENEDICTI
1966 266 2258 324 ABBATIS
2294 263 2705 320 ANIANENSIS

3604 257 3705 316 548

480 399 716 459 animam
749 409 806 450 ιιι
834 391 1160 464 profundum
1213 389 1412 444 inferni
1441 403 1456 452 ;
1490 402 1612 457 quae
1656 401 1688 439 a
1714 383 1872 438 nobis
1899 381 2044 437 invi-
2071 383 2122 444 Α
2149 377 2202 449 (Ι
2235 376 2359 432 Cor.
2387 375 2494 448 ιιι).
2525 377 2591 430 Et
2613 374 2870 430 Dominus
2892 369 3276 464 nihilominus:
3307 369 3445 464 Quia
3467 386 3570 464 ngat
3594 389 3711 442 pos-

481 505 600 545 cem
628 487 922 542 auferimus
947 492 1001 538 et
1027 490 1321 551 portamus,
1370 480 1424 534 id
1459 487 1545 533 est
1574 484 1941 545 exportamus,
1973 472 2044 526 ad

481 577 887 634 conversionem
924 580 1278 640 provocantes
1321 583 1414 623 eos
1434 568 1525 636 qui
1547 573 1791 635 peccant.
1821 563 2045 617 Portare

482 675 662 722 autem
685 679 780 733 pro
801 661 1014 716 auferre
1033 669 1088 714 et
1103 667 1389 729 exportare
1415 656 1746 712 consuetudo
1769 663 1853 708 est
1882 653 2045 706 etiam

480 754 586 809 ritu
623 750 1032 821 provincialium
1061 749 1198 811 dici,
1229 749 1370 802 sicut
1405 753 1459 800 et
1497 760 1596 814 ego
1646 757 1787 812 sape
1834 743 2047 796 audisse

482 859 568 897 me
595 841 832 895 memini.
865 841 1061 908 Legem
1083 846 1262 892 autem
1289 836 1490 890 Christi
1526 833 1750 903 replere,
1785 832 1929 886 illius
1953 831 2046 901 qui

481 933 614 987 dixit
640 949 653 985 :
700 931 822 984 Non
859 930 970 983 veni
1005 945 1185 982 vocare
1203 927 1396 996 justos,
1419 925 1508 980 sed
1533 932 1826 994 peccatores
1867 923 1920 975 in
1937 938 2044 992 pae-

481 1023 748 1076 nitentiam
772 1020 922 1091 (Luc.
956 1019 1008 1089 v)
1025 1062 1040 1077 .

848 1127 1358 1184 iNTERROGATIO
1384 1125 1664 1182 CLXXIX.

480 1202 702 1255 Domino
723 1201 934 1252 docente
955 1216 1046 1252 nos
1070 1240 1084 1262 ,
1115 1199 1372 1250 orandum
1411 1214 1518 1250 esse
1541 1206 1594 1248 ut
1623 1212 1684 1248 ne
1708 1195 1962 1248 intremus
1987 1192 2044 1245 in

550 1271 912 1332 tentationem;
959 1269 1048 1321 sed
1074 1277 1270 1336 oportet
1316 1283 1468 1336 orare
1497 1281 1558 1336 ne
1609 1264 1853 1336 accidant
1899 1263 2047 1314 nobis

548 1338 750 1391 dolores
773 1337 1066 1406 corporales
1091 1333 1113 1386 έ
1147 1334 1222 1388 vel
1245 1337 1289 1388 si
1318 1334 1656 1388 inciderimus
1683 1333 1738 1385 in
1780 1349 1888 1397 eos,
1920 1347 2049 1400 quo-

551 1409 700 1460 modo
725 1417 916 1476 oportet
947 1406 1123 1473 ferre?

550 1500 708 1552 Raso.
746 1497 860 1551 Non
893 1496 1146 1550 discrevit
1183 1495 1537 1549 tentationum
1565 1493 1885 1562 qualitatem
1912 1532 1926 1553 ,
1955 1489 2050 1545 sed

479 1587 803 1657 generaliter
859 1593 1115 1654 praecepit
1177 1584 1439 1639 orandum
1497 1597 1616 1637 esse
1683 1596 1750 1636 ne
1791 1581 2051 1634 intremus

483 1677 536 1728 in
577 1677 947 1728 lentationem.
981 1674 1038 1728 Si
1079 1690 1206 1728 vero
1241 1673 1590 1727 inciderimus
1613 1711 1629 1736 ,
1661 1679 1722 1724 ut
1768 1671 1858 1724 det
1892 1669 2048 1723 nobis

481 1765 680 1818 exitum
711 1765 1003 1828 evadendi;
1051 1773 1105 1817 et
1141 1772 1199 1816 ut
1223 1764 1492 1817 sustinere
1534 1761 1804 1830 possimus
1827 1799 1842 1824 ,
1883 1775 1916 1811 a
1945 1759 2051 1811 Do-

482 1855 626 1907 mino
656 1855 802 1922 posci
857 1861 1097 1921 oportet,
1146 1861 1204 1905 ut
1233 1853 1499 1922 possimus
1532 1851 1753 1920 implere
1801 1849 1943 1918 quod
1973 1856 2056 1902 est

482 1945 684 1996 dictum
711 1961 722 1994 :
750 1943 886 2007 Quia
911 1942 1352 2012 quipermanserit
1376 1943 1429 1994 in
1446 1941 1624 2009 linem,
1652 1941 1736 1993 hic
1755 1938 1930 1993 salvus
1959 1939 2056 1992 erit

482 2031 694 2102 “nam
730 2032 804 2100 ’θ’
869 2098 1381 2154 INTERROGATIO
1413 2098 1678 2156 CLXXX.

485 2189 613 2253 Quis
639 2198 711 2242 est
744 2189 1071 2243 adversarius
1098 2191 1309 2243 noster?
1333 2201 1378 2244 et
1407 2191 1666 2261 quomodo
1693 2190 1741 2243 ei
1767 2189 2057 2244 consentire

1022 2261 1264 2313 debemus
1292 2261 1348 2313 in
1369 2262 1452 2314 via
1477 2262 1502 2313 ?

551 2346 712 2400 Ruso.
755 2346 854 2401 Hic
883 2348 1188 2416 specialiter
1229 2349 1485 2402 Dominus
1508 2363 1629 2403 eum
1663 2388 1676 2413 ,
1703 2347 1796 2416 qui
1842 2345 2054 2401 auferre

488 2435 616 2502 quid
641 2450 667 2486 a
694 2436 848 2488 nobis
875 2444 1105 2488 conatur
1138 2476 1152 2500 ,
1179 2437 1548 2491 adversarium
1573 2436 1889 2490 nominavit.
1920 2435 2060 2489 Con-

480 2527 741 2580 sentimus
771 2535 951 2581 autem
989 2528 1038 2581 ei
1061 2569 1074 2592 ,
1101 2529 1145 2582 si
1183 2545 1460 2584 servemus
1488 2538 1815 2600 praeceptum
1842 2527 2057 2582 Domini

481 2617 745 2672 dicentis:
787 2617 845 2671 Si
881 2620 997 2689 quis
1026 2630 1200 2674 autem
1230 2620 1446 2675 voluerit
1492 2631 1662 2674 tecum
1693 2621 1900 2691 judicio
1929 2637 2056 2674 con-

481 2709 706 2772 tendere,
729 2718 776 2762 et
803 2711 1010 2779 auferre
1034 2713 1266 2766 tunicam
1287 2723 1452 2777 tuam,
1484 2711 1686 2766 dimitte
1707 2713 1754 2766 ei
1769 2722 1816 2766 et
1833 2711 2054 2781 pallium

481 2797 696 2866 (Matth.
720 2802 794 2871 v).
832 2800 986 2867 Quod
1031 2810 1086 2856 et
1116 2802 1171 2856 in
1221 2803 1476 2859 omnibus
1503 2802 1736 2858 ﬁdeliter
1774 2802 2056 2858 observari

482 2896 714 2956 oportet.

855 2979 1368 3038 INTERROGATIO
1397 2982 1689 3038 CLXXXI.

483 3066 542 3121 Si
565 3067 755 3142 bonum
776 3077 850 3142 est
875 3078 1102 3124 statuere
1121 3071 1194 3142 ad
1229 3083 1422 3142 certum
1454 3083 1675 3142 tempus,
1700 3073 1838 3127 verbi
1865 3091 2049 3141 causa,

703 3138 958 3191 abstinere
980 3156 1034 3192 se
1055 3139 1149 3192 tali
1175 3141 1253 3193 vel
1279 3142 1370 3193 tali
1393 3141 1504 3194 cibo
1533 3138 1639 3196 sive
1660 3152 1784 3212 potu
1803 3143 1828 3195 .9

554 3227 716 3281 RESP.
745 3228 972 3282 Domino
1003 3229 1215 3285 dicente
1239 3249 1252 3283 :
1289 3231 1411 3285 Non
1437 3241 1492 3284 ut
1521 3232 1714 3300 faciam
1740 3232 2055 3287 voluntatem

487 3335 653 3373 meam
673 3358 688 3383 ,
725 3319 813 3372 sed
866 3319 1184 3374 voluntatem
1212 3322 1326 3390 ejus
1352 3323 1442 3392 qui
1472 3340 1552 3377 me
1573 3323 1713 3377 misit
1742 3323 1922 3394 (Joan.
1953 3325 2053 3392 v1),

485 3411 664 3464 omnis
702 3409 1069 3478 hujuscemodi
1109 3411 1684 3485 deﬁnitioincongrua
1745 3423 1846 3470 est.
1903 3414 2058 3482 Quod

493 3502 670 3556 sciens
711 3503 877 3555 David
905 3543 920 3567 ,
959 3502 1209 3557 dicebat:
1241 3504 1450 3570 Juravi,
1503 3515 1551 3559 et
1581 3507 1742 3559 statui
1792 3505 2057 3560 custodire

491 3590 689 3648 iudicia
703 3591 928 3660 justitiae
949 3600 1052 3645 tum
1075 3591 1246 3662 (Psal.
1269 3595 1478 3667 cxvm),
1508 3603 1563 3649 et
1582 3610 1689 3649 non
1714 3610 1846 3650 mea:
1871 3595 2058 3648 volun-

487 3683 634 3736 tatis.
667 3683 732 3736 Et
781 3683 976 3738 iterum
1003 3685 1296 3740 Dominus:
1330 3685 1453 3740 Non
1497 3703 1614 3740 mea
1655 3685 1895 3740 voluntas
1921 3725 1938 3753 ,
1964 3686 2056 3741 sed

489 3782 580 3826 tua
610 3772 706 3840 fiat
739 3772 888 3844 (Luc.
914 3774 1029 3844 ut)
1052 3818 1067 3833 .
1230 3831 1235 3836 .

835 3861 1348 3920 INTERROGATIO
1383 3863 1689 3920 CLXXXII.

485 3947 546 4002 Si
563 3951 680 4022 quis
709 3949 971 4022 voluntate
1014 3955 1318 4022 peccaverit,
1344 3955 1762 4008 condemnatur?
1787 3971 1855 4008 an
1897 3955 2055 4009 etiam

554 4018 641 4098 ille
680 4020 767 4098 qui
815 4037 907 4088 per
954 4018 1305 4098 ignorantiam
1339 4032 1487 4077 extra
1541 4025 1803 4078 veritatem
1853 4024 2056 4095 aliquid

556 4086 713 4154 fuerit
749 4086 953 4140 locutus
976 4086 1005 4140 ἲ

558 4175 718 4226 Raso.
748 4172 1014 4230 Iudicium
1042 4179 1134 4231 Dei
1161 4179 1322 4233 etiam
1362 4181 1416 4233 in
1447 4181 1531 4235 his
1557 4182 1647 4251 qui
1681 4197 1779 4250 per
1801 4183 2056 4252 ignoran-

491 4262 622 4314 tiam
667 4272 890 4331 peecant
916 4265 1262 4320 manifestum
1289 4275 1391 4333 est,
1417 4284 1539 4322 cum
1587 4269 1718 4323 dicit
1749 4287 1760 4322 :
1797 4270 1935 4334 Quia
1965 4271 2055 4338 qui

2143 484 2259 521 sum
2283 483 2376 535 ego
2405 483 2436 518 a
2464 465 2658 535 meipso
2681 463 2852 533 facere
2871 463 3154 533 quidquam
3183 459 3366 529 (Joan.
3395 461 3472 530 v).
3501 459 3573 514 Et
3595 477 3717 518 run-

2144 573 2300 612 sum:
2355 554 2520 609 Verba
2563 570 2681 623 qute
2706 570 2798 622 ego
2843 553 3026 623 loquor
3067 551 3227 614 vobis,
3278 567 3310 604 a
3337 567 3416 604 me
3459 551 3578 620 ipso
3608 569 3712 608 non

2144 645 2329 716 loquor
2352 644 2532 716 (Joan.
2570 642 2702 711 χιιι).
2736 641 2803 694 Et
2819 641 2870 694 in
2896 640 3000 693 alio
3027 652 3238 708 quoque
3262 636 3379 692 loco
3410 656 3423 690 :
3455 637 3715 694 Descendi

2144 736 2210 789 de
2231 734 2375 796 caelo,
2400 749 2504 785 non
2522 740 2580 784 ut
2610 731 2802 799 faciam
2828 728 3145 782 voluntatem
3188 743 3376 792 meam,
3403 727 3493 780 sed
3536 728 3716 784 volun-

2144 834 2301 878 tatem
2334 824 2448 892 ejus
2505 823 2593 892 qui
2631 837 2712 874 me
2753 821 2892 873 misit
2941 819 3120 872 Patris
3157 817 3336 887 (Joan.
3363 818 3438 886 vl)
3469 834 3484 883 ;
3539 820 3720 888 ρωηί.

2147 915 2370 968 tentiam
2395 913 2556 968 debet
2605 925 2764 982 agere
2798 910 2995 978 primo,
3025 909 3116 978 qui
3173 909 3250 962 ita
3275 909 3478 978 aliquid
3509 920 3721 968 temere

2147 1005 2372 1069 deﬁniit,
2397 1004 2756 1073 quodcunque
2779 999 2910 1055 illud
2955 1001 3116 1054 fuerit
3135 1000 3278 1069 quod
3306 1000 3588 1054 deﬁnitum
3609 1011 3717 1057 est.

2151 1095 2282 1162 Quia
2308 1111 2375 1150 ne
2401 1096 2512 1164 ipsa
2540 1095 2759 1162 quidem
2781 1094 2920 1148 bona
2948 1092 3166 1162 propria
3189 1093 3514 1148 auctoritate
3541 1102 3598 1148 et
3625 1095 3721 1149 de-

2150 1184 2390 1239 linitione
2427 1184 2606 1238 facere
2633 1192 2878 1253 oportet;
2907 1183 3074 1236 multo
3098 1191 3276 1236 autem
3318 1184 3489 1253 magis
3507 1199 3571 1238 ea
3603 1200 3723 1253 qua:

2149 1290 2254 1328 non
2270 1275 2482 1343 placent
2505 1275 2635 1337 Deo,
2660 1282 2902 1328 statuere
2921 1287 3026 1326 non
3044 1272 3188 1326 licet.
3206 1271 3342 1337 Quia
3363 1280 3543 1326 autem
3565 1287 3726 1341 opor-

2150 1373 2228 1420 tet
2249 1373 2305 1419 et
2327 1364 2381 1418 in
2410 1365 2625 1418 irritum
2670 1379 2931 1418 revocare
2959 1377 3292 1431 quaecunque
3330 1377 3396 1416 ex
3421 1377 3721 1432 praesump-

2153 1458 2296 1510 tione
2329 1463 2514 1511 contra
2547 1455 2856 1510 mandatum
2905 1455 3113 1508 Domini
3141 1461 3456 1508 statuantur
3479 1493 3494 1517 ,
3544 1455 3724 1508 mani-

2153 1546 2287 1601 feste
2310 1547 2612 1600 ostenditur
2627 1546 2679 1599 in
2703 1546 2942 1615 apostolo
2955 1545 3145 1610 Petro;
3171 1545 3262 1614 qui
3279 1554 3480 1599 temere
3501 1544 3724 1613 quidem

2154 1647 2415 1692 statuerat
2434 1646 2489 1692 et
2510 1638 2718 1692 dixerat
2751 1657 2763 1690 :
2798 1636 2920 1690 Non
2933 1636 3129 1691 lavabis
3153 1637 3306 1705 pedes
3323 1652 3461 1690 meos
3481 1635 3537 1688 in
3567 1645 3724 1689 teter-

2083 1715 2127 1772 Β
2159 1746 2282 1782 num
2308 1728 2489 1799 (Joan.
2512 1727 2652 1798 xm).
2676 1727 2912 1781 Audiens
2941 1735 3120 1781 autem
3143 1742 3173 1780 a
3201 1727 3425 1780 Domino
3451 1724 3727 1779 definitam

2157 1818 2479 1872 sententiam
2509 1836 2521 1870 :
2550 1817 2686 1882 Quia
2709 1818 2752 1871 si
2769 1834 2871 1870 non
2891 1815 3062 1869 lavero
3085 1826 3154 1878 te,
3181 1833 3281 1870 non
3294 1815 3502 1868 habebis
3525 1825 3730 1884 partem

2155 1925 2354 1962 mecum
2381 1908 2570 1978 (Ibid.)
2589 1948 2602 1970 ,
2637 1908 2818 1961 statim
2842 1906 3071 1960 mutavit
3099 1904 3463 1960 deﬁnitionem
3493 1919 3654 1958 suam
3679 1912 3732 1957 et

2155 2001 2266 2054 ait:
2301 1999 2542 2065 Domine,
2577 2015 2680 2053 non
2720 2008 2926 2052 tantum
2983 1998 3158 2068 pedes,
3210 1997 3300 2051 sed
3335 2006 3386 2050 et
3419 2013 3612 2050 manus
3641 2035 3657 2062 ,
3687 2006 3732 2050 et

2159 2099 2308 2158 caput
2329 2087 2538 2160 (lbid.).

2521 2177 3036 2234 INTERROGATIO
3063 2175 3362 2233 CLXXXV.

2157 2269 2214 2326 Si
2237 2273 2280 2326 is
2301 2272 2387 2324 cui
2405 2273 2680 2326 commissa
2700 2281 2774 2324 est
2805 2271 3119 2340 dispensatio
3145 2284 3324 2340 eorum
3352 2284 3466 2337 qua:
3490 2266 3726 2340 Domino

2224 2343 2536 2410 offeruntur,
2588 2336 2941 2410 necessitatem
2973 2336 3385 2410 habelimplere
3413 2336 3735 2410 quod‘dicit

2223 2405 2569 2464 mandatum:
2617 2409 2774 2464 Omni
2810 2410 3002 2478 petenti
3041 2419 3090 2460 te
3118 2408 3297 2478 da:et
3323 2405 3440 2460 eum
3491 2407 3581 2477 qui
3625 2405 3734 2459 vult

2225 2479 2316 2534 abs
2343 2489 2391 2532 te
2414 2489 2652 2532 mutuum
2673 2476 2878 2532 sumere
2906 2495 3009 2531 non
3037 2486 3242 2531 avertas
3271 2476 3295 2529 ἲ

2225 2570 2384 2624 Βεερ.
2411 2568 2522 2623 Hoc
2545 2569 2686 2638 quod
2720 2569 2925 2623 dictum
2964 2575 3047 2622 est
3083 2585 3096 2620 :
3146 2566 3303 2620 Omni
3345 2573 3538 2636 petenti
3577 2573 3636 2618 te
3664 2564 3731 2618 da

2156 2659 2307 2731 (Luc.
2332 2658 2406 2730 v1)
2431 2673 2445 2712 :
2469 2658 2536 2712 Et
2567 2674 2580 2710 :
2612 2657 2861 2712 volentem
2903 2656 3133 2709 mutuari
3161 2655 3254 2709 abs
3283 2663 3331 2708 te
3353 2695 3368 2720 ,
3391 2670 3497 2708 non
3523 2664 3733 2708 avertas

2157 2746 2370 2820 (Matth.
2397 2745 2450 2817 v)
2482 2763 2496 2811 ;
2528 2745 2679 2814 quasi
2704 2744 3017 2798 tentationis
3039 2743 3202 2798 habet
3245 2743 3420 2797 locum
3454 2782 3470 2807 ,
3501 2743 3652 2796 sicut
3673 2757 3735 2796 ex

2154 2838 2605 2907 consequentibus
2649 2837 3068 2891 demonstratur.
3121 2835 3346 2903 Propter
3376 2833 3547 2888 malos
3589 2834 3741 2887 enim

2157 2937 2481 2998 prmceptum
2508 2936 2611 2994 est,
2655 2943 2761 2982 non
2793 2927 3179 2998 principaliter,
3205 2926 3299 2981 sed
3322 2926 3476 2995 quasi
3506 2926 3661 2994 quod
3688 2925 3741 2978 in

2081 3051 2124 3112 Ο
2157 3020 2479 3073 necessitate
2524 3018 2642 3073 ﬁeri
2687 3019 2866 3082 debet,
2899 3017 3192 3088 principale
3229 3018 3371 3072 enim
3405 3024 3740 3085 praeceptum

2156 3111 2370 3164 Domini
2399 3117 2517 3165 est:
2555 3107 2729 3163 Vende
2756 3111 2929 3162 omnia
2955 3118 3045 3162 tua
3073 3108 3230 3174 bona,
3255 3117 3299 3162 et
3327 3107 3394 3160 da
3415 3107 3741 3177 pauperibus

2156 3200 2370 3271 (Matth.
2416 3199 2554 3270 xxx).
2586 3200 2654 3252 Et
2694 3199 2891 3252 iterum
2925 3215 2938 3251 :
2982 3197 3197 3251 Vendite
3251 3198 3384 3250 bona
3414 3207 3585 3250 vestra
3621 3237 3639 3262 ,
3692 3205 3741 3250 et

2154 3290 2274 3344 date
2286 3289 2659 3358 eleemosynam
2677 3287 2827 3358 (Luc.
2850 3287 2970 3355 xu).
2989 3287 3139 3352 Quod
3152 3303 3278 3357 ergo
3292 3287 3411 3340 aliis
3429 3287 3620 3356 delega
3633 3298 3741 3340 tum

2153 3387 2238 3432 est
2262 3377 2347 3432 vel
2374 3377 2701 3446 deputatum.
2733 3377 2787 3430 in
2816 3375 2950 3429 alios
2972 3374 3266 3429 transferre
3286 3389 3393 3428 non
3420 3382 3506 3429 est
3527 3375 3743 3442 absque

2155 3469 2488 3532 discrimine,
2525 3469 2753 3523 Domino
2794 3467 3043 3522 dicente:
3075 3465 3211 3531 Quia
3252 3483 3354 3518 non
3375 3481 3488 3518 sum
3518 3464 3739 3529 missus,

2157 3564 2258 3617 nisi
2283 3563 2352 3616 ad
2377 3579 2492 3616 oves
2539 3562 2767 3631 perditas
2792 3561 2974 3613 domus
3020 3558 3210 3613 Israel.
3243 3558 3309 3611 Et
3343 3558 3464 3628 quia
3512 3574 3627 3611 non
3669 3566 3743 3612 est

2156 3653 2346 3708 bonum
2398 3651 2576 3705 tollere
2623 3668 2808 3721 panem
2855 3649 3084 3719 ﬁliorum
3119 3688 3134 3712 ,
3175 3657 3223 3701 et
3270 3647 3467 3700 mittere
3513 3648 3741 3700 canibus

2156 3742 2370 3816 (Matth.
2395 3741 2519 3808 xv);
2549 3742 2642 3797 sed
2683 3750 2739 3795 et
2766 3741 2862 3794 abs
2903 3747 2956 3794 te
2981 3739 3096 3807 ipsc
3122 3738 3366 3808 judicare
3395 3737 3559 3792 debes
3588 3736 3739 3807 quod

2149 3832 2356 3903 justum
2377 3840 2481 3887 est.

2507 3920 3018 3978 INTERROGATIO
3054 3917 3378 3975 CLXXXVI.

2158 4017 2312 4085 Quod
2345 4019 2391 4070 si
2415 4016 2580 4086 frater
2608 4013 2739 4068 nihil
2766 4013 2960 4086 habens
2986 4013 3253 4080 proprium
3289 4017 3504 4086 petatur
3532 4006 3601 4086 (ψ
3635 4008 3740 4062 ali-

2225 4104 2328 4158 quo
2357 4078 2452 4158 hoc
2478 4086 2787 4158 ipsum_quo_
2817 4082 3028 4158 vestitus
3065 4078 3183 4158 est_,
3205 4078 3338 4158 quid
3364 4078 3511 4131 debet
3536 4078 3744 4146 facere,

2225 4149 2451 4211 maxime
2487 4149 2532 4207 si
2557 4149 2728 4208 nudus
2743 4153 2808 4206 sit
2833 4150 2921 4204 ille
2940 4151 3029 4221 qui
3059 4149 3227 4219 petit?

2232 4246 2395 4300 Raso.
2425 4243 2551 4298 Sive
2577 4243 2771 4305 nudus,
2798 4241 2913 4296 sive
2955 4239 3146 4302 malus,
3181 4239 3232 4293 id
3257 4244 3360 4302 est,
3384 4237 3501 4292 sive
3545 4253 3736 4292 veram

490 4328 684 4420 nescit;
711 4363 757 4408 et
784 4372 887 4408 non
935 4355 1112 4425 fecerit
1155 4357 1335 4428 digna,
1379 4328 1552 4429 plagis
1583 4328 1845 4429 vapulabit
1872 4328 2055 4430 paucis
2082 4386 2134 4444 Ι)
2158 4338 2535 4444 necessum???
2572 4335 2812 4404 Ρδῑίειιυτ
2833 4374 2849 4399 ν
2877 4334 2995 4444 ξίνξ
3009 4330 3144 4385 mm
3168 4371 3183 4395 ν
3202 4331 3302 4444 ‘Vel
3336 4328 3384 4432 ξί
3421 4329 3554 4398 ειυίά
3581 4329 3733 4384 aliud

491 4442 640 4514 (Luc.
672 4445 792 4515 xu).
825 4445 1028 4514 Ubique
1054 4455 1232 4501 tamen
1270 4446 1430 4518 digne
1454 4457 1602 4518 gesta
1629 4449 1943 4517 paenitentia
1968 4464 2059 4505 ve-

491 4534 594 4587 nia:
627 4549 777 4603 spem
802 4545 1116 4604 praesumat.

827 4646 1340 4705 INTERROGATIO
1379 4651 1702 4707 CLXXXIII.

492 4713 550 4770 Si
569 4717 683 4787 quis
703 4717 1003 4792 cogitaverit
1028 4729 1228 4773 tantum
1250 4721 1422 4792 facere
1443 4722 1674 4792 aliquid,
1703 4731 1752 4777 et
1783 4739 1887 4776 non
1914 4721 2053 4792 fece-

725 4788 810 4849 rit,
835 4788 880 4841 si
902 4799 948 4841 et
973 4789 1081 4856 ipse
1105 4789 1331 4844 mendax
1349 4788 1674 4858 judicandus
1704 4802 1776 4845 est
1801 4793 1826 4844 .7

565 4873 725 4929 Resp.
761 4875 818 4930 Si
845 4879 1135 4932 secundum
1164 4881 1472 4933 mandatum
1504 4891 1588 4934 est
1617 4883 1763 4951 quod
1803 4881 2054 4950 cogitavit

491 4962 689 5028 facere,
720 4980 826 5019 non
850 4975 908 5020 ut
936 4968 1184 5033 mendax,
1213 4969 1306 5023 sed
1336 4978 1394 5022 ut
1420 4977 1756 5039 contemptor
1777 4986 1808 5024 a
1832 4971 2057 5026 Domino

495 5054 901 5110 condemnatur.

849 5165 1356 5221 INTERROGATIO
1389 5165 1715 5220 CLXXXIV.

494 5227 686 5300 Siquis
737 5245 1028 5303 praeventus
1089 5237 1245 5304 fuerit
1289 5246 1342 5288 ut
1372 5237 1584 5304 definiat
1657 5233 1855 5303 aliquid
1902 5251 2054 5304 agere

563 5317 740 5381 eorum
765 5319 881 5372 quae
903 5320 1004 5356 non
1031 5305 1232 5381 placent
1254 5305 1385 5381 Deo,
1414 5307 1537 5374 quid
1561 5315 1756 5381 oportet
1790 5306 1954 5381 magis
1979 5307 2053 5357 ir-

566 5374 723 5443 ritum
763 5389 1034 5436 revocare,
1083 5375 1219 5442 quod
1252 5375 1385 5427 male
1434 5379 1602 5443 fuerat
1641 5374 1936 5442 deﬁnitum,
1983 5391 2052 5427 an

563 5441 748 5493 timore
772 5458 853 5507 eo,
882 5457 944 5494 ne
973 5441 1197 5496 mendax
1219 5445 1306 5508 sit,
1341 5441 1551 5515 implere
1577 5441 1880 5514 peccatum?

565 5526 720 5584 lisse.
754 5529 886 5586 Cum
916 5532 1060 5588 dicat
1101 5533 1428 5604 Apostolus:
1469 5532 1593 5588 Non
1637 5534 1775 5604 quod
1814 5549 1878 5587 ea:
1905 5534 2052 5586 nobis

496 5618 622 5688 ipsis
665 5619 838 5677 idonei
875 5625 1036 5680 simus
1093 5626 1319 5697 cogitare
1371 5625 1569 5698 aliquid
1618 5624 1768 5694 quasi
1797 5639 1861 5678 ex
1909 5623 2055 5677 nobis

2159 4437 2262 4494 est,
2293 4426 2461 4483 semel
2483 4426 2685 4480 dictum
2706 4433 2791 4478 est
2815 4423 2940 4491 quia
2965 4421 3095 4476 dare
3133 4420 3219 4476 vel
3243 4420 3492 4489 accipere
3518 4435 3631 4474 non
3654 4428 3740 4473 est

2158 4519 2419 4579 omnium,
2464 4517 2558 4572 sed
2581 4516 2724 4571 illius
2747 4515 2912 4568 solius
2939 4513 3026 4568 cui
3067 4513 3414 4568 commissum
3462 4519 3550 4566 est
3588 4511 3735 4567 istud

2159 4608 2410 4662 ollicium.
2432 4606 2534 4674 Qui
2557 4606 2742 4674 utique
2765 4618 2887 4659 cum
2902 4603 3051 4657 omni
3073 4601 3410 4671 providentia
3434 4607 3488 4655 et
3516 4600 3734 4654 cautela

2159 4695 2526 4766 hujuscemodi
2558 4694 3011 4764 dispensationem
3046 4693 3207 4746 debet
3235 4690 3476 4760 implere,
3514 4697 3576 4743 ut
3604 4705 3738 4760 pos—

2160 4787 2230 4842 sit
2257 4785 2626 4854 unusquisque
2664 4785 2720 4838 in
2750 4797 2856 4852 quo
2886 4791 3109 4836 vocatus
3142 4789 3224 4835 est
3248 4793 3589 4850 permanere.

2504 4891 3014 4948 INTERROGATIO
3042 4891 3171 4946 CLX
3181 4890 3389 4944 XXVII.

2161 4965 2432 5031 Quomodo
2469 4973 2630 5034 potest
2656 4964 2769 5033 quis
2797 4964 2906 5034 sine
2945 4961 3198 5014 charitate
3229 4969 3435 5034 tantam
3454 4957 3614 5028 ﬁdem
3636 4959 3735 5012 ha-

2232 5035 2368 5099 bere,
2393 5044 2447 5086 ut
2469 5030 2677 5086 montes
2713 5030 3017 5099 transferat,
3067 5039 3156 5082 aut
3179 5030 3526 5099 substantiam
3573 5044 3730 5081 suam

2230 5097 2540 5173 pauperibus
2563 5101 2781 5173 dividat,
2811 5097 3076 5168 et‘corpus
3110 5115 3264 5152 suum
3301 5097 3510 5151 tradere
3553 5108 3611 5151 ut
3635 5113 3732 5150 ar-

2232 5170 2350 5226 deat
2381 5171 2428 5241 (Ι
2463 5170 2584 5224 Cor.
2619 5170 2778 5240 XIII)?

2225 5265 2385 5318 lisse.
2418 5263 2475 5316 Si
2501 5278 2770 5318 memores
2795 5264 2964 5318 simus
2976 5259 3436 5316 Dominidicentis
3460 5256 3726 5312 :Faciunt

2153 5354 2290 5406 enim
2312 5351 2509 5413 omnia,
2541 5360 2596 5403 ut
2614 5351 2886 5405 videantur
2904 5350 2968 5403 ab
2983 5349 3278 5403 hominibus
3301 5347 3516 5418 (Matth.
3538 5348 3725 5415 nni).

2156 5441 2264 5496 Sed
2284 5449 2341 5496 et
2360 5441 2488 5496 illud
2511 5442 2654 5511 quod
2682 5442 2958 5510 respondit
2985 5441 3089 5495 illis
3110 5439 3414 5496 dicentibus
3440 5456 3453 5490 :
3476 5436 3728 5500 Domine,

2153 5549 2322 5586 nonne
2346 5533 2400 5585 in
2419 5541 2508 5584 tuo
2531 5532 2735 5585 nomine
2754 5529 3012 5584 da‘monia
3031 5530 3277 5599 ejecimus
3295 5529 3320 5581 ?
3349 5537 3397 5581 et
3428 5527 3480 5580 in
3506 5536 3594 5580 tuo
3623 5541 3730 5578 no-

2153 5621 2292 5675 mine
2322 5621 2540 5675 virtutes.
2583 5619 2776 5674 multas
2823 5619 3040 5688 fecimus
3081 5617 3300 5689 (Matth.
3326 5615 3460 5688 vn)?
3489 5628 3615 5669 cum
3647 5612 3734 5667 ait
