3974 6192
202 295 312 354 549

844 300 848 304 “
892 286 1123 347 CODEX
1160 285 1618 346 REGULABUM.
1656 318 1726 327 —
1752 284 1934 341 PARS
1963 285 2005 342 ι.
2039 284 2345 342 REGULA-J
2382 284 2487 341 PP.
2530 284 2808 342 ORIENT.

3379 283 3487 342 550

202 415 278 470 ad
322 424 421 468 eos
453 425 469 463 :
512 404 707 462 Nescio
737 418 827 458 vos
874 403 1014 455 unde
1064 404 1181 457 satis
1206 417 1226 466 ;
1277 414 1387 454 non
1424 398 1549 469 quia
1586 397 1799 452 mentiti
1827 400 1881 458 Α
1905 393 2187 465 delinquat
2210 394 2425 464 aliquis,
2450 395 2537 451 vel
2559 397 2613 451 in
2638 395 2823 460 alium,
2842 395 3096 452 similiter
3124 396 3485 453 contristatur

201 499 473 570 sunt,sed
494 497 623 567 quia
652 494 747 549 Dei
775 493 949 565 gratia
989 492 1145 547 abusi
1172 498 1300 546 sunt
1330 489 1398 543 ad
1427 488 1679 560 proprias
1707 502 1804 541 vo-

201 597 453 651 Iuntates
477 631 492 655 ,
517 588 662 659 quod
705 585 895 654 utique
938 583 1177 640 alienum
1218 590 1301 637 est
1329 597 1361 635 a
1388 579 1654 635 charitate
1681 578 1798 633 Dei.

203 685 274 740 Si
303 696 433 752 ergo
453 681 644 734 horum
667 674 1036 738 meminimus,
1066 671 1222 726 facile
1244 686 1363 740 quae
1389 670 1534 725 dicta
1561 678 1689 724 sunt
1709 668 1805 722 ad-

202 774 499 831 vertimus.
528 767 666 836 Quia
701 773 884 820 autem
919 764 1149 836 gratiam
1190 762 1286 816 Dei
1313 761 1399 815 vel
1427 760 1629 815 donum
1659 758 1803 813 acci-

204 867 366 939 piunt
391 863 559 918 etiam
580 859 807 930 indigni,
831 872 942 912 non
967 862 1051 911 est
1076 870 1274 910 novum
1295 861 1389 908 aut
1412 854 1631 907 mirum.
1657 852 1801 906 Deus

204 959 355 1015 enim
382 956 443 1010 in
472 963 716 1023 tempore
767 952 873 1004 hoc
904 946 1255 1018 benignitatis
1280 953 1337 999 et
1365 943 1641 1014 patientiae
1668 958 1798 1006 suae,

206 1051 373 1105 etiam
428 1044 596 1101 solem
628 1058 782 1097 suum
825 1040 954 1094 oriri
993 1039 1120 1109 facit
1161 1054 1318 1108 super
1356 1036 1521 1091 bonos
1557 1043 1605 1090 et
1632 1033 1800 1088 malos

209 1141 432 1212 (Matth.
474 1138 555 1209 v).
604 1133 878 1190 Interdum
933 1141 1116 1186 autem
1166 1130 1330 1185 etiam
1384 1129 1452 1182 ad
1494 1127 1801 1198 profectum

208 1247 401 1288 eorum
428 1229 525 1299 qui
545 1225 722 1282 adhuc
747 1222 988 1278 inﬁdeles
1017 1228 1163 1287 sunt,
1195 1228 1255 1273 ut
1281 1218 1452 1291 gloria
1477 1217 1593 1287 ejus
1617 1218 1800 1272 multi-

207 1323 465 1393 plicetur,
520 1316 817 1373 secundum
864 1313 1011 1382 quod
1038 1319 1095 1365 et
1139 1309 1429 1379 Apostolus
1461 1308 1625 1363 dicit:
1661 1306 1799 1372 Quia

206 1410 427 1483 quidam
447 1425 542 1479 per
559 1406 810 1461 invidiam
838 1413 885 1458 et
912 1401 1296 1456 contentionem
1321 1439 1336 1465 ,
1359 1400 1577 1470 quidam
1622 1406 1798 1451 autem

208 1511 422 1573 propter
442 1500 634 1553 bonam
656 1496 973 1551 voluntatem
987 1491 1601 1574 Christum_annuntiant
1627 1488 1796 1564 (Phil.

210 1593 250 1663 ι)
276 1611 292 1658 ;
325 1603 382 1647 et
409 1590 619 1646 addidit
647 1588 834 1643 dicens
864 1603 879 1639 :
922 1583 1288 1639 Verumtamen
1313 1583 1454 1637 omni
1487 1581 1641 1635 modo
1692 1583 1800 1636 sive

211 1683 512 1743 occasione,
540 1679 644 1732 sive
673 1676 884 1730 veritate
923 1672 1164 1728 Christus
1193 1673 1538 1727 annuntietur
1562 1711 1577 1735 ,
1615 1671 1672 1724 in
1699 1671 1797 1724 hoc

209 1787 306 1841 ego
328 1769 536 1842 gaudeo
564 1766 778 1837 (Ibid.).

533 1855 1053 1915 INTERROGATIO
1086 1853 1469 1910 CLXXXVIII.

212 1957 348 2024 Quis
370 1965 447 2011 est
471 1954 563 2025 qui
584 1950 901 2025 abscondere
934 1949 1132 2025 dicitur
1165 1944 1423 2025 talentum
1451 1954 1501 1998 et
1527 1953 1805 2015 propterea

595 2020 975 2074 condemnatur
998 2017 1215 2089 (Matth.
1243 2014 1370 2083 xxv)
1396 2015 1419 2067 ?

282 2117 450 2171 Raso.
500 2115 602 2182 Qui
638 2124 1018 2183 quamcunque
1067 2109 1297 2179 gratiam
1358 2107 1455 2163 Dei
1512 2107 1719 2163 detinet
1750 2115 1807 2161 et

210 2207 447 2262 assumit
464 2206 519 2259 in
544 2204 658 2260 suis
680 2204 888 2265 usibus,
913 2209 968 2256 et
992 2216 1098 2254 non
1126 2200 1193 2254 ad
1224 2199 1455 2256 aliorum
1484 2197 1801 2261 utilitatem,

210 2298 320 2353 iste
345 2306 604 2365 tanquam
629 2292 883 2349 occultati
922 2291 1108 2345 talenti
1133 2291 1360 2346 crimine
1386 2290 1799 2346 condemnetur.
1826 2327 1834 2331 ς

571 2382 1088 2440 INTERROGATIO
1124 2381 1456 2438 CLXXXIX.

339 2476 480 2543 Quid
506 2484 583 2529 est
609 2473 966 2537 immunditia,
994 2480 1044 2527 et
1064 2471 1190 2542 quid
1210 2481 1286 2525 est
1311 2469 1689 2541 impudicitia?

288 2563 451 2618 Raso.
477 2561 876 2617 [inmunditiam
896 2560 1114 2630 quidem
1137 2559 1221 2615 lex
1244 2560 1499 2614 ostendit.
1526 2558 1640 2613 Hoc
1658 2559 1804 2613 enim

210 2651 440 2706 nurnine
463 2666 559 2705 usa
586 2658 671 2706 est
697 2664 862 2719 super
903 2649 991 2703 bis
1020 2648 1114 2719 qui
1168 2648 1326 2703 inviti
1377 2663 1476 2718 per
1502 2646 1809 2707 naturalem

211 2743 599 2798 necessitatem
626 2741 973 2812 patiebantur
1011 2755 1076 2797 ea
1098 2755 1220 2810 quae
1247 2740 1496 2796 homines
1536 2740 1649 2809 pati
1675 2755 1805 2795 con-

209 2842 535 2890 sueverunt.
564 2831 902 2902 lmpudicitia
927 2846 1061 2887 vero
1086 2830 1220 2885 mihi
1248 2831 1463 2885 videtur
1503 2844 1648 2895 esse,
1678 2842 1804 2885 cum

208 2925 347 2995 quis
365 2923 659 2978 naturalem
698 2922 936 2977 libidinis
959 2930 1164 2976 motum
1181 2919 1551 2990 impudentius
1570 2928 1627 2975 et
1655 2920 1807 2974 iuve-

212 3013 514 3070 recundius
543 3012 782 3068 concitat
805 3019 861 3066 et
885 3011 1083 3065 irritat.

652 3120 1171 3178 INTERROGATIO
1208 3119 1364 3176 CXC.

214 3194 367 3264 Quid
388 3204 465 3265 est
486 3194 755 3265 proprium
762 3193 965 3265 furoris
990 3193 1079 3245 ?et
1095 3191 1223 3265 quid
1248 3199 1323 3265 est
1344 3189 1615 3265 proprium
1660 3186 1800 3265 indi:

282 3254 555 3349 gnationis
577 3254 779 3343 instra?
817 3270 870 3343 et
910 3254 1171 3343 quomodo
1219 3254 1509 3349 alliquqti'csj
1543 3257 1693 3340 quasi
1723 3254 1803 3349 [ab

284 3326 653 3437 indignqtio'ne
673 3326 972 3401 incipientes
992 3326 1331 3384 inveniuntur
1358 3326 1596 3385 decidere
1642 3329 1698 3382 in
1719 3326 1806 3396 fu-

289 3419 465 3458 rorem
482 3419 507 3456 ἶ
990 3422 997 3429 ’

289 3492 454 3548 Rssr.
498 3491 721 3547 Furoris
756 3490 972 3561 quidem
1011 3489 1297 3560 proprium
1335 3497 1420 3546 est
1450 3531 1466 3555 ,
1499 3488 1794 3544 concitatio

216 3582 422 3637 animae
443 3580 584 3635 mala
620 3580 932 3637 meditantis
954 3580 1217 3635 adversus
1243 3595 1389 3645 eum,
1415 3581 1507 3650 qui
1538 3595 1597 3635 se
1623 3579 1806 3635 conci-

217 3683 306 3728 tat
331 3682 388 3729 et
413 3674 611 3728 irritat.
653 3673 1043 3745 lndignationis
1064 3688 1196 3728 vero
1206 3671 1373 3742 justte
1398 3675 1676 3744 proprium
1698 3682 1805 3739 est,

220 3772 547 3835 peccantem
593 3764 870 3833 corripere
922 3779 987 3820 eo
1038 3761 1236 3819 affectu
1262 3764 1347 3820 vel
1376 3765 1655 3834 proposito
1701 3779 1808 3833 quo

220 3858 529 3911 avertimur
550 3871 580 3910 a
602 3857 840 3927 peccatis
865 3872 879 3923 ;
913 3865 970 3913 et
998 3854 1139 3926 quod
1167 3855 1416 3927 displicet
1442 3855 1601 3911 nobis
1624 3896 1638 3921 ,
1666 3856 1811 3925 quod

219 3962 337 4002 non
363 3955 514 4003 recte
549 3956 758 4019 gestum
780 3955 886 4002 est.
918 3945 1071 4014 Quod
1102 3957 1280 4004 autem
1307 3946 1577 4001 interdum
1608 3960 1639 4000 a
1667 3947 1811 4002 bono

220 4035 495 4105 incipiens
527 4037 707 4092 anima
729 4037 930 4092 decidit
959 4036 1014 4090 in
1042 4034 1269 4106 malum,
1289 4036 1429 4091 nihil
1476 4036 1676 4091 mirum
1706 4045 1809 4093 est.

220 4128 394 4184 Multa
423 4130 570 4185 enim
596 4130 838 4185 invenies
869 4126 1261 4198 hujuscemodi,
1290 4134 1516 4200 propter
1537 4130 1678 4199 quod
1704 4143 1813 4184 me-

220 4221 456 4276 minisse
502 4229 718 4293 oportet
768 4235 940 4277 sacra:
985 4219 1306 4290 Scriptum,
1337 4220 1568 4277 dicentis
1598 4238 1611 4276 :
1644 4220 1815 4276 Juxta

224 4313 477 4366 semitam
504 4298 813 4366 scandalum
851 4320 1135 4382 posuerunt
1162 4312 1294 4366 mihi
1323 4310 1499 4386 (Psal.
1525 4309 1811 4382 cxxxvm).

219 4399 297 4453 Et
319 4400 552 4453 iterum:
608 4399 731 4454 Nisi
766 4400 905 4453 enim
949 4398 1065 4471 quis
1102 4397 1329 4469 legitime
1372 4399 1673 4464 certaverit,
1705 4414 1811 4452 non

220 4488 571 4542 coronabitur
612 4487 704 4561 (II
754 4488 891 4542 Tim.
939 4489 1023 4559 ιι).
1062 4488 1131 4542 Et
1154 4487 1277 4543 ideo
1320 4486 1377 4543 in
1417 4487 1674 4545 omnibus
1703 4486 1800 4542 ob-

218 4578 501 4635 servanda
540 4586 626 4635 est
674 4593 859 4633 rerum
907 4592 1183 4639 mensura,
1229 4585 1284 4632 et
1322 4584 1560 4646 tempus,
1582 4582 1639 4630 et
1669 4575 1806 4631 ordo

222 4666 357 4736 quia
377 4681 447 4721 ex
468 4666 646 4737 aliqua
668 4666 862 4721 horum
885 4680 1048 4722 causa
1072 4666 1269 4721 accidit
1284 4673 1345 4719 ut
1363 4662 1419 4719 id
1437 4663 1583 4736 quod
1601 4663 1816 4720 videtur

222 4755 436 4811 bonum
460 4756 772 4811 inveniatur
802 4754 1029 4809 malum.

661 4824 1177 4910 mrnnnocsrto
1210 4852 1389 4910 exet.

224 4946 323 5001 Ea:
355 4946 546 5018 quibus
588 4945 854 5018 fructibus
876 4946 1090 5016 probari
1123 4945 1271 5000 debet
1307 4962 1352 5000 ts
1389 4946 1486 5018 qui
1520 4960 1589 5000 ea:
1624 4944 1818 5016 affectu

626 5018 800 5087 arguit
830 5017 1050 5086 fratrem
1085 5026 1383 5088 peccantem
1403 5017 1430 5071 7

306 5106 471 5163 Resp.
504 5107 692 5163 Primo
711 5108 955 5163 omnium
1002 5123 1069 5163 ex
1097 5123 1162 5165 eo
1182 5107 1325 5178 quod
1347 5121 1680 5179 praecipuum
1709 5115 1816 5172 est,

219 5200 274 5255 si
301 5214 431 5253 cum
458 5200 832 5255 misericordia
858 5201 1129 5272 redarguit
1145 5208 1233 5269 ,et
1255 5210 1340 5257 cst
1370 5202 1424 5256 in
1440 5217 1504 5257 eo
1526 5202 1656 5256 illud
1675 5201 1819 5273 quod

218 5289 378 5345 dixit
430 5290 760 5361 Apostolus:
804 5288 941 5356 Quia
980 5291 1027 5345 si
1066 5291 1265 5362 patitur
1300 5307 1462 5346 unum
1507 5291 1815 5359 membrum,

217 5380 634 5450 cornpatiuntur
659 5382 845 5435 omnia
860 5382 1090 5437 membra
1113 5382 1201 5454 (Il
1228 5385 1351 5438 Cor.
1375 5384 1496 5456 xu).
1527 5384 1624 5438 Vel
1646 5384 1776 5439 illud
1802 5403 1816 5439 :

1902 495 1958 542 et
1984 487 2150 558 luget.
2183 488 2252 541 Et
2277 488 2321 542 si
2342 502 2576 558 arguens
2604 489 2860 543 observat
2885 487 3031 543 illam
3055 489 3294 563 regulam
3323 503 3491 559 quam

1902 577 2164 632 Dominus
2184 577 2388 646 posuit,
2423 577 2475 631 id
2503 586 2607 639 est,
2634 584 2692 631 ut
2728 577 2873 632 inter
2899 579 3251 647 semetipsum
3292 579 3493 649 solum,

1902 666 1990 720 vel
2038 666 2147 720 alio
2196 681 2323 730 uno,
2374 665 2460 720 vel
2511 666 2720 721 duobus
2766 665 3026 722 adhibitis
3056 665 3275 735 (Matth.
3307 667 3489 740 XVIII).

1904 757 2080 829 Super
2115 758 2298 814 omnia
2330 764 2535 822 autem,
2561 758 2606 812 si
2631 760 2887 829 observat
2928 760 3073 829 quod
3097 760 3234 814 dixit
3257 760 3488 831 Aposto-

1901 849 2013 904 lus:
2040 865 2159 903 cum
2179 848 2320 902 omni
2345 848 2597 917 patientia
2622 846 2709 919 (II
2741 847 2875 903 Tim.
2897 849 3005 919 ιιι).

2322 951 2840 1009 INTERROGATIO
2870 955 3070 1011 CXCII.

1903 1024 1965 1081 Si
1986 1034 2183 1096 oportet
2226 1040 2314 1078 eos
2351 1025 2441 1093 qui
2470 1023 2842 1096 ingrediuntur
2866 1025 2935 1096 ad
2962 1026 3152 1094 fratres
3184 1027 3362 1081 statim
3393 1045 3487 1083 ar-

2486 1092 2651 1160 tiﬁcia
2677 1093 2877 1146 discere
2901 1095 2926 1147 ?

1974 1182 2139 1236 Raso.
2173 1181 2277 1248 Qui
2300 1188 2560 1250 praesunt,
2600 1181 2871 1249 probent;
2900 1188 2958 1234 ut
2978 1196 3140 1250 quem
3168 1183 3364 1238 sociari
3387 1162 3488 1239 vo-

1900 1271 2103 1326 luerint
2117 1286 2331 1340 COI‘pOl‘l
2355 1270 2811 1340 congregationis,
2827 1271 3036 1324 artibus
3047 1272 3299 1326 erudiant
3320 1272 3499 1329 diver-

1901 1362 1999 1426 sis,
2021 1361 2317 1417 secundum
2344 1360 2562 1413 modum
2594 1369 2650 1413 et
2694 1359 3013 1428 qualitatem
3044 1361 3276 1431 prepriae
3312 1363 3492 1418 aetatis

1900 1460 1957 1506 et
1983 1449 2311 1506 conditionis
2337 1467 2348 1502 :
2379 1458 2438 1501 ut
2459 1448 2609 1502 verbi
2650 1449 2824 1516 gratia
2856 1465 2869 1500 :
2896 1448 2942 1502 si
2965 1449 3033 1503 ad
3066 1451 3378 1507 meditanda
3406 1454 3490 1508 vel

1901 1542 2107 1612 agenda
2137 1538 2436 1609 spiritualia
2461 1538 2643 1592 minus
2668 1537 2975 1591 inveniatur
2997 1537 3244 1605 idoneus,
3269 1542 3496 1599 alterius

1903 1629 2106 1699 negotii
2152 1627 2477 1682 sollicitetur
2515 1624 2965 1694 occupationibus
2999 1665 3014 1691 ,
3067 1640 3136 1680 ne
3187 1636 3493 1697 torpentem

1829 1749 1876 1808 Β
1902 1719 2014 1774 otio
2043 1726 2205 1788 atque
2228 1725 2509 1771 vacantem
2534 1714 2765 1770 Satanas
2778 1715 3079 1785 expositum
3101 1718 3497 1787 quodammodo

1910 1814 2024 1869 suis
2064 1813 2186 1867 telis
2211 1820 2457 1880 occupet.
2512 1811 2656 1865 Dicit
2702 1811 2846 1864 enim
2872 1810 3159 1880 Apostolus
3192 1829 3207 1867 :
3255 1814 3358 1880 Qui
3389 1835 3495 1873 non

1909 1903 2137 1968 laborat,
2195 1919 2299 1955 non
2326 1902 2608 1955 manducet
2638 1900 2723 1973 (II
2775 1900 2928 1955 Thes.
2963 1902 3068 1975 ιιι).
3097 1904 3165 1960 Et
3191 1904 3446 1964 Salomon
3472 1924 3487 1962 :

1909 1992 2159 2048 Otiositas
2194 1993 2409 2047 inimica
2431 2002 2507 2047 est
2532 1993 2742 2047 animm.

2306 2102 2829 2161 INTERROGATIO
2863 2105 3088 2163 CXCIII.

1907 2170 1966 2226 Si
1998 2175 2129 2248 quis
2151 2189 2256 2248 non
2281 2174 2542 2248 desiderio
2578 2175 2887 2248 (corrigendi
2934 2175 3126 2248 fratres
3157 2189 3345 2248 arguat
3371 2197 3492 2236 eum

1975 2244 2064 2314 qui
2095 2243 2374 2320 delinquit,
2400 2245 2490 2298 sed
2500 2245 2588 2320 sui
2602 2245 2714 2320 vitii
2736 2243 2982 2320 explendi
3006 2243 3496 2320 gratiafquomodo

1978 2312 2176 2381 oportet
2202 2312 2341 2384 hunc
2371 2315 2587 2383 corrigi,
2618 2315 2663 2367 si
2685 2312 3039 2384 post'multam
3062 2312 3496 2376 communicatio-

1979 2399 2095 2436 nem
2116 2384 2171 2435 in
2205 2383 2400 2437 eisdem
2421 2383 2723 2453 permaneat
2747 2385 2773 2437 ?

1979 2469 2144 2523 Resp.
2183 2469 2289 2523 Iste
2314 2470 2463 2524 velut
2485 2470 2598 2524 suis
2623 2472 2924 2528 commodis
2947 2475 3288 2544 prospiciens
3310 2485 3365 2531 et
3386 2478 3498 2548 pri-

1911 2568 2092 2614 matus
2115 2560 2433 2616 desideraus
2458 2570 2698 2627 notetur,
2721 2572 2775 2617 et
2815 2566 3211 2622 emendationis
3235 2569 3283 2623 ei
3310 2571 3504 2629 modus

1908 2660 1977 2704 ex
1998 2649 2402 2705 institutionum
2428 2651 2710 2720 discipulis
2750 2651 3053 2709 intimetur.
3079 2655 3234 2722 Quod
3277 2659 3321 2713 si
3368 2674 3501 2728 per-

1912 2736 2178 2791 manserit
2222 2736 2277 2790 in
2316 2737 2704 2805 obstinatione,
2757 2740 3045 2797 manifesta
3091 2751 3176 2798 est
3232 2750 3500 2802 sententia

1908 2837 2097 2879 eorum
2122 2823 2213 2894 qui
2253 2839 2361 2879 non
2392 2825 2659 2893 ptenitent
2678 2842 2778 2896 pro
2811 2827 3030 2883 delicto.

2316 2913 2838 2973 INTERROGATIO
2873 2918 3090 2976 CXCIV.

1912 3003 2172 3070 Qualibus
2201 3006 2618 3079 correptionibus
2666 3010 2743 3060 uti
2780 3017 2983 3078 oportet
3028 3011 3164 3064 inter
3186 3011 3380 3079 fratres
3426 3014 3497 3069 ad

2143 3075 2562 3130 emendationem
2589 3092 2772 3131 eorum
2816 3075 2916 3148 qui
2936 3075 3269 3151 delinquunt.

1980 3162 2146 3218 Rcsr.
2177 3164 2293 3220 Hoc
2331 3166 2404 3220 sit
2448 3166 2502 3220 in
2527 3164 2735 3235 judicio
2759 3169 2995 3239 positum
3021 3186 3209 3227 eorum
3251 3174 3341 3244 qui
3369 3191 3507 3247 pra:-

1907 3263 2066 3322 sunt,
2089 3254 2176 3310 vel
2205 3265 2409 3325 quanto
2443 3265 2687 3328 tempore
2716 3300 2732 3326 ,
2781 3260 2867 3316 vel
2904 3262 3052 3331 quali
3088 3265 3246 3320 modo
3296 3268 3498 3337 corripi

1908 3345 2143 3401 debeant
2175 3364 2188 3401 :
2222 3348 2350 3418 quia
2376 3357 2433 3403 et
2470 3359 2604 3404 aetas
2656 3359 2711 3406 et
2754 3352 2990 3408 eruditio
3037 3354 3263 3409 multam
3307 3356 3499 3414 haberi

1908 3437 2040 3493 facit
2068 3438 2428 3495 dill‘erentiam
2457 3442 2815 3510 paenitentia.

2320 3552 2835 3609 INTERROGATIO
2865 3554 3065 3612 CXCV.

1909 3620 1971 3676 Si
1991 3622 2047 3677 in
2076 3623 2218 3676 omni
2242 3633 2454 3693 peccato
2479 3662 2494 3687 ,
2523 3626 2634 3676 sive
2660 3625 3340 3693 secundum'cogitationes,
3391 3629 3500 3683 sive

1979 3693 2264 3746 secundum
2293 3692 2526 3755 verbum,
2556 3694 2663 3746 sive
2689 3693 2976 3747 secundum
3004 3692 3202 3759 actum,
3235 3695 3496 3752 Satanam

1977 3761 2034 3816 in
2071 3778 2233 3815 causa
2255 3777 2366 3815 esse
2397 3762 2631 3814 convenit
2664 3761 2815 3816 dici?

1982 3851 2145 3905 Resp.
2167 3848 2506 3905 Generaliter
2553 3849 2791 3904 arbitror
2817 3850 2959 3920 quod
2990 3850 3222 3909 Satanas
3262 3855 3378 3927 ipse
3402 3871 3502 3927 per

1910 3942 2147 4011 seipsum
2173 3955 2337 3995 causa
2357 3939 2563 4010 peccati
2582 3940 2841 3996 exsistere
2854 3940 2987 3995 nulli
3013 3950 3194 4013 potest
3218 3962 3233 4011 ;
3262 3948 3357 4003 sed
3382 3964 3498 4003 mo-

1913 4033 2059 4087 tibus
2109 4031 2305 4085 animzc
2333 4038 2535 4085 nostra:
2561 4071 2576 4095 ,
2618 4030 2733 4085 sive
2758 4032 3102 4090 naturalibus
3130 4075 3147 4101 ,
3194 4037 3311 4094 sive
3334 4040 3501 4096 etiam

1913 4140 1979 4180 ex
2008 4123 2142 4179 vitio
2192 4122 2472 4191 conceptis
2515 4122 2762 4177 abutitur
2810 4124 2880 4179 ad
2922 4125 3254 4184 voluntatem
3281 4132 3501 4188 malitire

1914 4229 2061 4280 sua};
2088 4221 2145 4268 et
2173 4213 2239 4269 de
2265 4213 2472 4269 nostris
2509 4226 2610 4269 nos
2639 4215 2897 4281 motibus,
2921 4215 2967 4270 si
2995 4215 3140 4274 forte
3171 4235 3281 4275 non
3312 4222 3504 4294 vigile-

1915 4319 2060 4371 mus,
2092 4304 2262 4359 trahit
2302 4304 2359 4359 in
2391 4305 2497 4360 hoc
2530 4305 2675 4375 quod
2699 4305 2801 4376 ipsi
2836 4314 3050 4377 gratum
3077 4318 3183 4374 est,
3211 4310 3266 4365 id
3292 4320 3378 4367 est
3400 4353 3417 4379 ,
3447 4314 3501 4368 in

1914 4404 2219 4467 peccatum.
2263 4394 2613 4452 Naturalibus
2659 4410 2789 4466 ergo
2831 4397 3069 4451 motibus
3124 4399 3329 4455 nostris
3364 4401 3500 4456 abu-

1916 4486 2241 4543 titur:sicut
2264 4487 2396 4542 illud
2412 4487 2557 4557 quod
2580 4487 2633 4541 in
2662 4485 2891 4541 Domino
2922 4486 3106 4543 facere
3134 4498 3361 4544 conatus
3390 4498 3501 4557 est,

1914 4590 2040 4630 cum
2058 4591 2183 4631 eum
2204 4575 2465 4632 sensisset
2493 4575 2704 4631 esurire
2724 4615 2738 4640 ,
2765 4574 2844 4629 ait
2879 4575 2946 4630 ad
2968 4591 3093 4631 eum
3118 4594 3130 4629 :
3156 4573 3217 4631 Si
3247 4575 3423 4632 Filius
3445 4595 3502 4634 es

1914 4664 2035 4732 Dei,
2064 4666 2151 4719 dic
2180 4675 2236 4719 ut
2279 4666 2481 4738 lapides
2504 4665 2591 4720 isti
2610 4682 2772 4736 partes
2798 4666 2931 4735 ﬁant
2956 4665 3174 4738 (Matth.
3201 4667 3298 4739 tv).
3331 4667 3492 4723 Moti-

1916 4756 2019 4812 bus
2044 4765 2227 4811 autem
2271 4771 2337 4811 ex
2385 4756 2518 4811 vitio
2546 4756 2869 4825 conquisitis
2897 4757 3161 4823 abutitur,
3204 4758 3343 4813 sicut
3372 4758 3504 4815 fecit

1916 4847 1971 4902 in
2000 4845 2137 4902 Iuda
2166 4865 2178 4900 :
2204 4862 2363 4916 quem
2414 4847 2671 4918 quoniam
2704 4846 2960 4916 cupidum
2991 4848 3126 4902 vidit
3172 4856 3229 4904 ct
3258 4849 3505 4905 avaritia:

1924 4938 2117 4992 morbo
2164 4944 2515 5007 aegrotantem
2542 4975 2557 5001 ,
2589 4936 2935 5011 abusushoc
2980 4937 3114 4991 vitio
3165 4937 3304 5006 ejus,
3333 4954 3504 5011 usque

1924 5025 1987 5082 ad
2010 5026 2333 5097 proditionis
2347 5040 2491 5092 eum,
2518 5025 2587 5082 ob
2610 5008 2836 5096 triginta
2865 5033 3246 5094 argenteorum
3268 5008 3504 5095 lucrum,

1921 5117 2187 5186 pertraxit
2229 5117 2444 5172 ruinam
2487 5114 2638 5189 (Luc.
2672 5117 2851 5188 xxn).-
2876 5115 3013 5181 Quia
3038 5126 3219 5170 autem
3267 5117 3409 5174 mala
3439 5137 3509 5177 ex

1923 5207 2080 5262 nobis
2111 5206 2242 5277 ipsis
2263 5207 2531 5271 oriuntur,
2560 5204 2849 5260 manifeste
2881 5204 3119 5259 ostendit
3147 5207 3408 5264 Dominus
3421 5208 3497 5264 di

1922 5313 2051 5354 cens
2075 5319 2087 5352 :
2117 5298 2257 5364 Quia
2282 5298 2347 5351 de
2383 5297 2539 5351 corde
2561 5297 2847 5368 procedunt
2875 5297 3219 5368 cogitationes
3246 5299 3427 5367 multa,
3446 5309 3505 5359 et

1924 5388 2154 5454 reliqua.
2188 5385 2404 5457 (Matth.
2433 5386 2547 5455 xv.)
2577 5385 2689 5440 lloc
2739 5394 2921 5441 autem
2949 5387 3149 5442 accidit
3173 5387 3256 5443 eis
3289 5388 3381 5458 qui
3406 5404 3507 5461 per

218 5471 373 5540 Quis
408 5472 807 5527 scandalizatur
833 5514 849 5538 ,
894 5483 943 5528 et
971 5490 1064 5545 ego
1101 5492 1205 5529 non
1250 5480 1415 5533 uror?
1440 5475 1527 5550 (II
1555 5475 1677 5530 Cor.
1719 5474 1822 5546 ιιι.)
1925 5476 2306 5547 negligentiam
2340 5476 2540 5531 inculta
2575 5485 2632 5531 et
2653 5476 2956 5545 squalentia
3000 5479 3329 5533 naturalium
3359 5480 3416 5536 in
3445 5495 3511 5538 se

213 5565 380 5620 Tum
408 5564 625 5630 deinde,
650 5565 769 5619 siin
795 5567 940 5621 omni
969 5576 1192 5636 peccato
1216 5566 1468 5622 similiter
1488 5566 1743 5639 amigitur
1769 5576 1824 5624 et
1923 5569 2188 5623 bonorum
2222 5568 2432 5622 semina
2464 5567 2846 5637 derelinquunt
2873 5609 2888 5635 ,
2920 5569 3132 5624 dicente
3167 5569 3461 5635 Salomone
3490 5589 3511 5634 :

215 5655 621 5725 contristatur,
644 5663 701 5715 et
721 5672 850 5730 erga
878 5672 1071 5715 omnes
1096 5657 1188 5730 qui
1213 5666 1463 5732 peccant,
1485 5658 1570 5714 vel
1602 5658 1649 5715 si
1679 5660 1736 5718 in
1765 5674 1825 5717 se
1929 5658 2069 5727 Quia
2112 5659 2247 5715 sicut
2292 5660 2620 5732 agricultura
2647 5701 2663 5730 ,
2716 5660 2792 5716 ita
2821 5662 2898 5717 vir
2940 5663 3227 5734 insipiens;
3277 5673 3329 5722 et
3375 5671 3515 5730 sic“
