  <div class='ocr_page' id='page_1' title='image "/cluster/home/n/w/nwhite01/storage/ocr_20150623/103/hvd.32044054759691/281.png"; bbox 0 0 3974 6192; ppageno 0'>
   <div class='ocr_carea' id='block_1_1' title="bbox 455 281 552 340">
    <p class='ocr_par' dir='ltr' id='par_1_1' title="bbox 455 281 552 340">
     <span class='ocr_line' id='line_1_1' title="bbox 455 281 552 340; baseline -0.041 0"><span class='ocrx_word' id='word_1_1' title='bbox 455 281 552 340; x_wconf 76' lang='lat'><strong>55!</strong></span> 
     </span>
    </p>
   </div>
   <div class='ocr_carea' id='block_1_2' title="bbox 455 353 2110 456">
    <p class='ocr_par' dir='ltr' id='par_1_2' title="bbox 455 353 2110 456">
     <span class='ocr_line' id='line_1_2' title="bbox 455 353 2110 456; baseline -0.028 -6"><span class='ocrx_word' id='word_1_2' title='bbox 455 397 626 456; x_wconf 86' lang='lat' dir='ltr'><strong>vinea,</strong></span> <span class='ocrx_word' id='word_1_3' title='bbox 671 389 746 442; x_wconf 90' lang='lat' dir='ltr'><strong>ita</strong></span> <span class='ocrx_word' id='word_1_4' title='bbox 775 385 928 438; x_wconf 88' lang='lat' dir='ltr'><strong>homo</strong></span> <span class='ocrx_word' id='word_1_5' title='bbox 960 377 1044 432; x_wconf 89' lang='lat' dir='ltr'><strong>cui</strong></span> <span class='ocrx_word' id='word_1_6' title='bbox 1074 375 1214 428; x_wconf 86' lang='lat' dir='ltr'><strong>deest</strong></span> <span class='ocrx_word' id='word_1_7' title='bbox 1244 365 1561 440; x_wconf 75' lang='lat' dir='ltr'><strong>prudentia;</strong></span> <span class='ocrx_word' id='word_1_8' title='bbox 1597 370 1645 416; x_wconf 90' lang='lat' dir='ltr'><strong>et</strong></span> <span class='ocrx_word' id='word_1_9' title='bbox 1688 361 1734 414; x_wconf 92' lang='lat' dir='ltr'><strong>si</strong></span> <span class='ocrx_word' id='word_1_10' title='bbox 1763 356 2030 456; x_wconf 75' lang='lat' dir='ltr'><strong>relinquas</strong></span> <span class='ocrx_word' id='word_1_11' title='bbox 2058 353 2110 411; x_wconf 79' lang='grc' dir='ltr'><strong>Α</strong></span> 
     </span>
    </p>
   </div>
   <div class='ocr_carea' id='block_1_3' title="bbox 457 446 2030 548">
    <p class='ocr_par' dir='ltr' id='par_1_3' title="bbox 457 446 2030 548">
     <span class='ocr_line' id='line_1_3' title="bbox 457 446 2030 548; baseline -0.026 -10"><span class='ocrx_word' id='word_1_12' title='bbox 457 446 593 546; x_wconf 74' lang='lat' dir='ltr'><strong>eam,</strong></span> <span class='ocrx_word' id='word_1_13' title='bbox 613 446 710 548; x_wconf 45' lang='grc' dir='ltr'><strong>’ᾔει</strong></span> <span class='ocrx_word' id='word_1_14' title='bbox 742 475 946 528; x_wconf 90' lang='lat' dir='ltr'><strong>deserta</strong></span> <span class='ocrx_word' id='word_1_15' title='bbox 977 507 991 532; x_wconf 94' lang='lat'><strong>,</strong></span> <span class='ocrx_word' id='word_1_16' title='bbox 1022 475 1068 519; x_wconf 91' lang='lat' dir='ltr'><strong>et</strong></span> <span class='ocrx_word' id='word_1_17' title='bbox 1098 460 1376 517; x_wconf 87' lang='lat' dir='ltr'><strong>ascendent</strong></span> <span class='ocrx_word' id='word_1_18' title='bbox 1420 457 1475 509; x_wconf 89' lang='lat' dir='ltr'><strong>in</strong></span> <span class='ocrx_word' id='word_1_19' title='bbox 1500 471 1560 508; x_wconf 87' lang='lat' dir='ltr'><strong>ea</strong></span> <span class='ocrx_word' id='word_1_20' title='bbox 1587 453 1753 522; x_wconf 71' lang='lat' dir='ltr'><strong>spina:</strong></span> <span class='ocrx_word' id='word_1_21' title='bbox 1782 489 1797 514; x_wconf 94' lang='lat'><strong>,</strong></span> <span class='ocrx_word' id='word_1_22' title='bbox 1837 456 1884 502; x_wconf 92' lang='lat' dir='ltr'><strong>et</strong></span> <span class='ocrx_word' id='word_1_23' title='bbox 1930 446 2030 548; x_wconf 78' lang='lat' dir='ltr'><strong>erit</strong></span> 
     </span>
    </p>
   </div>
   <div class='ocr_carea' id='block_1_4' title="bbox 458 537 2032 635">
    <p class='ocr_par' dir='ltr' id='par_1_4' title="bbox 458 537 2032 635">
     <span class='ocr_line' id='line_1_4' title="bbox 458 537 2032 635; baseline -0.024 -9"><span class='ocrx_word' id='word_1_24' title='bbox 458 537 704 626; x_wconf 71' lang='lat' dir='ltr'><strong>derelicta</strong></span> <span class='ocrx_word' id='word_1_25' title='bbox 733 562 914 635; x_wconf 88' lang='lat' dir='ltr'><strong>(Prov.</strong></span> <span class='ocrx_word' id='word_1_26' title='bbox 945 554 1115 624; x_wconf 78' lang='lat' dir='ltr'><strong>xxiv).</strong></span> <span class='ocrx_word' id='word_1_27' title='bbox 1146 553 1283 606; x_wconf 86' lang='lat' dir='ltr'><strong>Iluic</strong></span> <span class='ocrx_word' id='word_1_28' title='bbox 1325 562 1454 618; x_wconf 84' lang='lat' dir='ltr'><strong>ergo</strong></span> <span class='ocrx_word' id='word_1_29' title='bbox 1479 545 1673 599; x_wconf 66' lang='lat' dir='ltr'><strong>animae</strong></span> <span class='ocrx_word' id='word_1_30' title='bbox 1695 557 1816 611; x_wconf 69' lang='lat' dir='ltr'><strong>qua:</strong></span> <span class='ocrx_word' id='word_1_31' title='bbox 1842 554 1909 593; x_wconf 82' lang='lat' dir='ltr'><strong>ex</strong></span> <span class='ocrx_word' id='word_1_32' title='bbox 1939 537 2032 589; x_wconf 91' lang='lat' dir='ltr'><strong>hu-</strong></span> 
     </span>
    </p>
   </div>
   <div class='ocr_carea' id='block_1_5' title="bbox 458 635 2035 730">
    <p class='ocr_par' dir='ltr' id='par_1_5' title="bbox 458 635 2035 730">
     <span class='ocr_line' id='line_1_5' title="bbox 458 635 2035 730; baseline -0.023 -15"><span class='ocrx_word' id='word_1_33' title='bbox 458 659 689 730; x_wconf 82' lang='lat' dir='ltr'><strong>iusmodi</strong></span> <span class='ocrx_word' id='word_1_34' title='bbox 721 649 1040 722; x_wconf 73' lang='lat' dir='ltr'><strong>negligentia</strong></span> <span class='ocrx_word' id='word_1_35' title='bbox 1066 641 1383 712; x_wconf 88' lang='lat' dir='ltr'><strong>squaluerit,</strong></span> <span class='ocrx_word' id='word_1_36' title='bbox 1412 647 1467 692; x_wconf 91' lang='lat' dir='ltr'><strong>et</strong></span> <span class='ocrx_word' id='word_1_37' title='bbox 1493 637 1548 690; x_wconf 90' lang='lat' dir='ltr'><strong>in</strong></span> <span class='ocrx_word' id='word_1_38' title='bbox 1577 635 1852 689; x_wconf 83' lang='lat' dir='ltr'><strong>desertum</strong></span> <span class='ocrx_word' id='word_1_39' title='bbox 1874 641 2035 682; x_wconf 88' lang='lat' dir='ltr'><strong>vene—</strong></span> 
     </span>
    </p>
   </div>
   <div class='ocr_carea' id='block_1_6' title="bbox 463 721 2034 814">
    <p class='ocr_par' dir='ltr' id='par_1_6' title="bbox 463 721 2034 814">
     <span class='ocr_line' id='line_1_6' title="bbox 463 721 2034 814; baseline -0.023 -9"><span class='ocrx_word' id='word_1_40' title='bbox 463 721 554 814; x_wconf 59' lang='lat' dir='ltr'><strong>&#39;m,</strong></span> <span class='ocrx_word' id='word_1_41' title='bbox 578 721 913 812; x_wconf 82' lang='lat' dir='ltr'><strong>consequens</strong></span> <span class='ocrx_word' id='word_1_42' title='bbox 952 747 1035 794; x_wconf 92' lang='lat' dir='ltr'><strong>est</strong></span> <span class='ocrx_word' id='word_1_43' title='bbox 1071 735 1344 802; x_wconf 86' lang='lat' dir='ltr'><strong>suspicere</strong></span> <span class='ocrx_word' id='word_1_44' title='bbox 1371 730 1514 784; x_wconf 85' lang='lat' dir='ltr'><strong>illam</strong></span> <span class='ocrx_word' id='word_1_45' title='bbox 1561 721 1886 780; x_wconf 90' lang='lat' dir='ltr'><strong>sententiam</strong></span> <span class='ocrx_word' id='word_1_46' title='bbox 1913 732 2034 787; x_wconf 67' lang='lat' dir='ltr'><strong>qua:</strong></span> 
     </span>
    </p>
   </div>
   <div class='ocr_carea' id='block_1_7' title="bbox 463 809 2039 905">
    <p class='ocr_par' dir='ltr' id='par_1_7' title="bbox 463 809 2039 905">
     <span class='ocr_line' id='line_1_7' title="bbox 463 809 2039 905; baseline -0.023 -9"><span class='ocrx_word' id='word_1_47' title='bbox 463 809 632 895; x_wconf 77' lang='lat' dir='ltr'><strong>dicit.</strong></span> <span class='ocrx_word' id='word_1_48' title='bbox 682 809 858 905; x_wconf 72' lang='lat' dir='ltr'><strong>Spina&#39;</strong></span> <span class='ocrx_word' id='word_1_49' title='bbox 897 842 944 885; x_wconf 90' lang='lat' dir='ltr'><strong>et</strong></span> <span class='ocrx_word' id='word_1_50' title='bbox 983 826 1162 882; x_wconf 90' lang='lat' dir='ltr'><strong>tribuli</strong></span> <span class='ocrx_word' id='word_1_51' title='bbox 1188 824 1430 876; x_wconf 88' lang='lat' dir='ltr'><strong>oriuntur</strong></span> <span class='ocrx_word' id='word_1_52' title='bbox 1455 820 1511 871; x_wconf 91' lang='lat' dir='ltr'><strong>in</strong></span> <span class='ocrx_word' id='word_1_53' title='bbox 1539 825 1588 870; x_wconf 91' lang='lat' dir='ltr'><strong>te</strong></span> <span class='ocrx_word' id='word_1_54' title='bbox 1629 812 1783 885; x_wconf 84' lang='lat' dir='ltr'><strong>(Cen.</strong></span> <span class='ocrx_word' id='word_1_55' title='bbox 1815 809 1926 874; x_wconf 85' lang='grc' dir='ltr'><strong>ιιι),</strong></span> <span class='ocrx_word' id='word_1_56' title='bbox 1983 815 2039 861; x_wconf 83' lang='grc' dir='ltr'>ει</span> 
     </span>
    </p>
   </div>
   <div class='ocr_carea' id='block_1_8' title="bbox 466 902 2038 1001">
    <p class='ocr_par' dir='ltr' id='par_1_8' title="bbox 466 902 2038 1001">
     <span class='ocr_line' id='line_1_8' title="bbox 466 902 2038 1001; baseline -0.024 -15"><span class='ocrx_word' id='word_1_57' title='bbox 466 931 579 1001; x_wconf 83' lang='lat' dir='ltr'><strong>pati</strong></span> <span class='ocrx_word' id='word_1_58' title='bbox 616 902 743 982; x_wconf 86' lang='lat' dir='ltr'><strong>illud</strong></span> <span class='ocrx_word' id='word_1_59' title='bbox 804 922 945 992; x_wconf 90' lang='lat' dir='ltr'><strong>quod</strong></span> <span class='ocrx_word' id='word_1_60' title='bbox 991 917 1252 985; x_wconf 86' lang='lat' dir='ltr'><strong>scriptum</strong></span> <span class='ocrx_word' id='word_1_61' title='bbox 1275 919 1394 966; x_wconf 87' lang='lat' dir='ltr'><strong>est:</strong></span> <span class='ocrx_word' id='word_1_62' title='bbox 1429 904 1738 976; x_wconf 77' lang='lat' dir='ltr'><strong>Exspectavi</strong></span> <span class='ocrx_word' id='word_1_63' title='bbox 1767 912 1822 954; x_wconf 90' lang='lat' dir='ltr'><strong>ut</strong></span> <span class='ocrx_word' id='word_1_64' title='bbox 1847 902 2038 970; x_wconf 80' lang='lat' dir='ltr'><strong>faceret</strong></span> 
     </span>
    </p>
   </div>
   <div class='ocr_carea' id='block_1_9' title="bbox 466 995 2039 1087">
    <p class='ocr_par' dir='ltr' id='par_1_9' title="bbox 466 995 2039 1087">
     <span class='ocr_line' id='line_1_9' title="bbox 466 995 2039 1087; baseline -0.021 -11"><span class='ocrx_word' id='word_1_65' title='bbox 466 995 633 1084; x_wconf 72' lang='lat' dir='ltr'><strong>uvas;</strong></span> <span class='ocrx_word' id='word_1_66' title='bbox 681 1018 800 1087; x_wconf 71' lang='grc' dir='ltr'>[ει-ἐι</span> <span class='ocrx_word' id='word_1_67' title='bbox 839 1022 1012 1067; x_wconf 89' lang='lat' dir='ltr'><strong>autem</strong></span> <span class='ocrx_word' id='word_1_68' title='bbox 1051 1010 1228 1077; x_wconf 84' lang='lat' dir='ltr'><strong>spinas</strong></span> <span class='ocrx_word' id='word_1_69' title='bbox 1261 1003 1414 1075; x_wconf 90' lang='lat' dir='ltr'><strong>(Isai.</strong></span> <span class='ocrx_word' id='word_1_70' title='bbox 1446 1002 1522 1070; x_wconf 88' lang='lat' dir='ltr'><strong>v),</strong></span> <span class='ocrx_word' id='word_1_71' title='bbox 1555 999 1620 1053; x_wconf 87' lang='lat' dir='ltr'><strong>de</strong></span> <span class='ocrx_word' id='word_1_72' title='bbox 1644 1011 1749 1066; x_wconf 86' lang='lat' dir='ltr'><strong>qua</strong></span> <span class='ocrx_word' id='word_1_73' title='bbox 1783 995 2039 1049; x_wconf 75' lang='lat' dir='ltr'><strong>dixerat:</strong></span> 
     </span>
    </p>
   </div>
   <div class='ocr_carea' id='block_1_10' title="bbox 470 1079 2043 1167">
    <p class='ocr_par' dir='ltr' id='par_1_10' title="bbox 470 1079 2043 1167">
     <span class='ocr_line' id='line_1_10' title="bbox 470 1079 2043 1167; baseline -0.022 -1"><span class='ocrx_word' id='word_1_74' title='bbox 470 1079 716 1167; x_wconf 74' lang='lat' dir='ltr'><strong>Plantavi</strong></span> <span class='ocrx_word' id='word_1_75' title='bbox 759 1107 962 1158; x_wconf 88' lang='lat' dir='ltr'><strong>vineam</strong></span> <span class='ocrx_word' id='word_1_76' title='bbox 997 1097 1206 1159; x_wconf 89' lang='lat' dir='ltr'><strong>Soreth,</strong></span> <span class='ocrx_word' id='word_1_77' title='bbox 1235 1102 1290 1148; x_wconf 89' lang='lat' dir='ltr'><strong>et</strong></span> <span class='ocrx_word' id='word_1_78' title='bbox 1342 1101 1471 1145; x_wconf 92' lang='lat' dir='ltr'><strong>tunc</strong></span> <span class='ocrx_word' id='word_1_79' title='bbox 1501 1087 1694 1142; x_wconf 91' lang='lat' dir='ltr'><strong>merito</strong></span> <span class='ocrx_word' id='word_1_80' title='bbox 1739 1084 1946 1138; x_wconf 75' lang='lat' dir='ltr'><strong>dicetur</strong></span> <span class='ocrx_word' id='word_1_81' title='bbox 1976 1079 2043 1132; x_wconf 91' lang='lat' dir='ltr'><strong>ad</strong></span> 
     </span>
    </p>
   </div>
   <div class='ocr_carea' id='block_1_11' title="bbox 469 1171 2042 1262">
    <p class='ocr_par' dir='ltr' id='par_1_11' title="bbox 469 1171 2042 1262">
     <span class='ocr_line' id='line_1_11' title="bbox 469 1171 2042 1262; baseline -0.02 -8"><span class='ocrx_word' id='word_1_82' title='bbox 469 1216 589 1254; x_wconf 88' lang='lat' dir='ltr'><strong>eam</strong></span> <span class='ocrx_word' id='word_1_83' title='bbox 612 1197 741 1252; x_wconf 89' lang='lat' dir='ltr'><strong>illud</strong></span> <span class='ocrx_word' id='word_1_84' title='bbox 788 1193 930 1262; x_wconf 90' lang='lat' dir='ltr'><strong>quod</strong></span> <span class='ocrx_word' id='word_1_85' title='bbox 968 1205 1066 1258; x_wconf 89' lang='lat' dir='ltr'><strong>per</strong></span> <span class='ocrx_word' id='word_1_86' title='bbox 1094 1184 1382 1239; x_wconf 85' lang='lat' dir='ltr'><strong>Jeremiam</strong></span> <span class='ocrx_word' id='word_1_87' title='bbox 1411 1179 1729 1249; x_wconf 63' lang='lat' dir='ltr'><strong>praedictum</strong></span> <span class='ocrx_word' id='word_1_88' title='bbox 1751 1181 1835 1227; x_wconf 91' lang='lat' dir='ltr'><strong>est</strong></span> <span class='ocrx_word' id='word_1_89' title='bbox 1872 1187 1909 1262; x_wconf 10' lang='lat' dir='ltr'><strong>ra</strong></span> <span class='ocrx_word' id='word_1_90' title='bbox 1936 1171 2042 1224; x_wconf 89' lang='lat' dir='ltr'><strong>Do-</strong></span> 
     </span>
    </p>
   </div>
   <div class='ocr_carea' id='block_1_12' title="bbox 472 1261 2043 1351">
    <p class='ocr_par' dir='ltr' id='par_1_12' title="bbox 472 1261 2043 1351">
     <span class='ocr_line' id='line_1_12' title="bbox 472 1261 2043 1351; baseline -0.02 -9"><span class='ocrx_word' id='word_1_91' title='bbox 472 1289 636 1351; x_wconf 87' lang='lat' dir='ltr'><strong>mino,</strong></span> <span class='ocrx_word' id='word_1_92' title='bbox 662 1285 908 1337; x_wconf 89' lang='lat' dir='ltr'><strong>dicente:</strong></span> <span class='ocrx_word' id='word_1_93' title='bbox 953 1279 1065 1347; x_wconf 85' lang='lat' dir='ltr'><strong>Ego</strong></span> <span class='ocrx_word' id='word_1_94' title='bbox 1114 1286 1162 1327; x_wconf 88' lang='lat' dir='ltr'><strong>te</strong></span> <span class='ocrx_word' id='word_1_95' title='bbox 1191 1271 1424 1342; x_wconf 82' lang='lat' dir='ltr'><strong>plantavi</strong></span> <span class='ocrx_word' id='word_1_96' title='bbox 1448 1269 1649 1322; x_wconf 89' lang='lat' dir='ltr'><strong>vineam</strong></span> <span class='ocrx_word' id='word_1_97' title='bbox 1690 1261 2043 1334; x_wconf 77' lang='lat' dir='ltr'><strong>fructiferam,</strong></span> 
     </span>
    </p>
   </div>
   <div class='ocr_carea' id='block_1_13' title="bbox 472 1347 2051 1436">
    <p class='ocr_par' dir='ltr' id='par_1_13' title="bbox 472 1347 2051 1436">
     <span class='ocr_line' id='line_1_13' title="bbox 472 1347 2051 1436; baseline -0.02 -5"><span class='ocrx_word' id='word_1_98' title='bbox 472 1387 636 1429; x_wconf 91' lang='lat' dir='ltr'><strong>totam</strong></span> <span class='ocrx_word' id='word_1_99' title='bbox 670 1387 923 1432; x_wconf 82' lang='lat' dir='ltr'><strong>veracem,</strong></span> <span class='ocrx_word' id='word_1_100' title='bbox 959 1363 1218 1436; x_wconf 91' lang='lat' dir='ltr'><strong>quomodo</strong></span> <span class='ocrx_word' id='word_1_101' title='bbox 1263 1373 1510 1412; x_wconf 90' lang='lat' dir='ltr'><strong>conversa</strong></span> <span class='ocrx_word' id='word_1_102' title='bbox 1552 1372 1605 1409; x_wconf 90' lang='lat' dir='ltr'><strong>es</strong></span> <span class='ocrx_word' id='word_1_103' title='bbox 1659 1354 1714 1406; x_wconf 88' lang='lat' dir='ltr'><strong>in</strong></span> <span class='ocrx_word' id='word_1_104' title='bbox 1743 1347 2051 1404; x_wconf 89' lang='lat' dir='ltr'><strong>amaritudi-</strong></span> 
     </span>
    </p>
   </div>
   <div class='ocr_carea' id='block_1_14' title="bbox 477 1454 1268 1525">
    <p class='ocr_par' dir='ltr' id='par_1_14' title="bbox 477 1454 1268 1525">
     <span class='ocr_line' id='line_1_14' title="bbox 477 1454 1268 1525; baseline -0.021 -5"><span class='ocrx_word' id='word_1_105' title='bbox 477 1481 594 1519; x_wconf 88' lang='lat' dir='ltr'><strong>nem</strong></span> <span class='ocrx_word' id='word_1_106' title='bbox 618 1465 778 1517; x_wconf 69' lang='lat' dir='ltr'><strong>vineae</strong></span> <span class='ocrx_word' id='word_1_107' title='bbox 807 1458 994 1512; x_wconf 85' lang='lat' dir='ltr'><strong>alieme</strong></span> <span class='ocrx_word' id='word_1_108' title='bbox 1017 1454 1151 1525; x_wconf 84' lang='lat' dir='ltr'><strong>(Jer.</strong></span> <span class='ocrx_word' id='word_1_109' title='bbox 1185 1459 1268 1515; x_wconf 83' lang='lat' dir='ltr'><strong>ll).</strong></span> 
     </span>
    </p>
   </div>
   <div class='ocr_carea' id='block_1_15' title="bbox 878 1561 1658 1628">
    <p class='ocr_par' dir='ltr' id='par_1_15' title="bbox 878 1561 1658 1628">
     <span class='ocr_line' id='line_1_15' title="bbox 878 1561 1658 1628; baseline -0.017 0"><span class='ocrx_word' id='word_1_110' title='bbox 878 1565 1392 1628; x_wconf 80' lang='lat' dir='ltr'><strong>INTERROGATIO</strong></span> <span class='ocrx_word' id='word_1_111' title='bbox 1435 1561 1658 1619; x_wconf 74' lang='lat' dir='ltr'><strong>CXCVI.</strong></span> 
     </span>
    </p>
   </div>
   <div class='ocr_carea' id='block_1_16' title="bbox 478 1651 2056 1744">
    <p class='ocr_par' dir='ltr' id='par_1_16' title="bbox 478 1651 2056 1744">
     <span class='ocr_line' id='line_1_16' title="bbox 478 1651 2056 1744; baseline -0.015 -18"><span class='ocrx_word' id='word_1_112' title='bbox 478 1672 535 1726; x_wconf 94' lang='lat' dir='ltr'><strong>Si</strong></span> <span class='ocrx_word' id='word_1_113' title='bbox 559 1672 675 1741; x_wconf 83' lang='lat' dir='ltr'><strong>quis</strong></span> <span class='ocrx_word' id='word_1_114' title='bbox 713 1667 1002 1744; x_wconf 80' lang='lat' dir='ltr'><strong>relinquens</strong></span> <span class='ocrx_word' id='word_1_115' title='bbox 1046 1661 1250 1740; x_wconf 79' lang='lat' dir='ltr'><strong>ﬁscalia</strong></span> <span class='ocrx_word' id='word_1_116' title='bbox 1293 1657 1490 1737; x_wconf 80' lang='lat' dir='ltr'><strong>debita,</strong></span> <span class='ocrx_word' id='word_1_117' title='bbox 1517 1652 1809 1744; x_wconf 29' lang='lat' dir='ltr'><strong>lintret‘adL</strong></span> <span class='ocrx_word' id='word_1_118' title='bbox 1842 1651 2056 1744; x_wconf 47' lang='lat' dir='ltr'><strong>fratres,</strong></span> 
     </span>
    </p>
   </div>
   <div class='ocr_carea' id='block_1_17' title="bbox 550 1693 2135 1809">
    <p class='ocr_par' dir='ltr' id='par_1_17' title="bbox 550 1693 2135 1809">
     <span class='ocr_line' id='line_1_17' title="bbox 559 1693 2135 1750; baseline -0.015 -27"><span class='ocrx_word' id='word_1_119' title='bbox 559 1693 675 1741; x_wconf 82' lang='lat' dir='ltr'><strong>quts</strong></span> <span class='ocrx_word' id='word_1_120' title='bbox 713 1693 1002 1744; x_wconf 54' lang='grc' dir='ltr'><strong>Ῑειιηιιῖιιίηδ</strong></span> <span class='ocrx_word' id='word_1_121' title='bbox 1046 1693 1250 1740; x_wconf 58' lang='lat' dir='ltr'><strong>[incussu</strong></span> <span class='ocrx_word' id='word_1_122' title='bbox 1293 1693 1490 1737; x_wconf 56' lang='grc' dir='ltr'><strong>ιουυτηι,</strong></span> <span class='ocrx_word' id='word_1_123' title='bbox 1539 1693 1691 1708; x_wconf 72' lang='lat' dir='ltr'><strong>&quot;.uw</strong></span> <span class='ocrx_word' id='word_1_124' title='bbox 1733 1693 1800 1732; x_wconf 52' lang='grc' dir='ltr'><strong>..τι</strong></span> <span class='ocrx_word' id='word_1_125' title='bbox 1842 1693 2056 1720; x_wconf 56' lang='lat' dir='ltr'><strong>Inuum,</strong></span> <span class='ocrx_word' id='word_1_126' title='bbox 2090 1693 2135 1750; x_wconf 79' lang='grc' dir='ltr'><strong>Β</strong></span> 
     </span>
     <span class='ocr_line' id='line_1_18' title="bbox 550 1721 2056 1809; baseline -0.016 -16"><span class='ocrx_word' id='word_1_127' title='bbox 550 1753 592 1796; x_wconf 65' lang='grc' dir='ltr'>εἰ</span> <span class='ocrx_word' id='word_1_128' title='bbox 620 1748 859 1809; x_wconf 80' lang='lat' dir='ltr'><strong>parentes</strong></span> <span class='ocrx_word' id='word_1_129' title='bbox 898 1751 1010 1809; x_wconf 68' lang='lat' dir='ltr'><strong>ejus</strong></span> <span class='ocrx_word' id='word_1_130' title='bbox 1041 1749 1152 1809; x_wconf 46' lang='lat' dir='ltr'><strong>pro.</strong></span> <span class='ocrx_word' id='word_1_131' title='bbox 1174 1745 1284 1798; x_wconf 72' lang='grc' dir='ltr'><strong>ψδο</strong></span> <span class='ocrx_word' id='word_1_132' title='bbox 1320 1735 1600 1809; x_wconf 49' lang='lat' dir='ltr'><strong>eftgantur</strong></span> <span class='ocrx_word' id='word_1_133' title='bbox 1635 1735 1683 1809; x_wconf 59' lang='grc' dir='ltr'>εξ</span> 
     </span>
    </p>
   </div>
   <div class='ocr_carea' id='block_1_18' title="bbox 545 1791 2059 1873">
    <p class='ocr_par' dir='ltr' id='par_1_18' title="bbox 545 1791 2059 1873">
     <span class='ocr_line' id='line_1_19' title="bbox 545 1791 2059 1873; baseline -0.01 -18"><span class='ocrx_word' id='word_1_134' title='bbox 620 1791 730 1860; x_wconf 81' lang='grc' dir='ltr'><strong>ἠοη</strong></span> <span class='ocrx_word' id='word_1_135' title='bbox 767 1791 1275 1873; x_wconf 57' lang='grc' dir='ltr'><strong>αθέτίΙιρέᾳιιρὶιξη</strong></span> <span class='ocrx_word' id='word_1_136' title='bbox 1303 1791 1556 1873; x_wconf 69' lang='lat' dir='ltr'><strong>aliquam,</strong></span> <span class='ocrx_word' id='word_1_137' title='bbox 1598 1791 1690 1873; x_wconf 39' lang='lat' dir='ltr'><strong>vel“</strong></span> <span class='ocrx_word' id='word_1_138' title='bbox 1703 1793 1784 1844; x_wconf 89' lang='lat' dir='ltr'><strong>his</strong></span> <span class='ocrx_word' id='word_1_139' title='bbox 1814 1791 1903 1860; x_wconf 90' lang='lat' dir='ltr'><strong>qui</strong></span> <span class='ocrx_word' id='word_1_140' title='bbox 1943 1805 2059 1841; x_wconf 90' lang='lat' dir='ltr'><strong>eum</strong></span> 
     </span>
    </p>
   </div>
   <div class='ocr_carea' id='block_1_19' title="bbox 551 1862 1690 1945">
    <p class='ocr_par' dir='ltr' id='par_1_19' title="bbox 551 1862 1690 1945">
     <span class='ocr_line' id='line_1_20' title="bbox 551 1862 1690 1945; baseline -0.016 -14"><span class='ocrx_word' id='word_1_141' title='bbox 551 1862 909 1945; x_wconf 66' lang='lat' dir='ltr'><strong>susceperunt,</strong></span> <span class='ocrx_word' id='word_1_142' title='bbox 932 1871 1007 1926; x_wconf 91' lang='lat' dir='ltr'><strong>vel</strong></span> <span class='ocrx_word' id='word_1_143' title='bbox 1034 1870 1114 1923; x_wconf 84' lang='lat' dir='ltr'><strong>illi</strong></span> <span class='ocrx_word' id='word_1_144' title='bbox 1144 1862 1242 1938; x_wconf 83' lang='lat' dir='ltr'><strong>ipsi</strong></span> <span class='ocrx_word' id='word_1_145' title='bbox 1271 1866 1360 1936; x_wconf 85' lang='lat' dir='ltr'><strong>qui</strong></span> <span class='ocrx_word' id='word_1_146' title='bbox 1385 1862 1460 1917; x_wconf 87' lang='lat' dir='ltr'><strong>ita</strong></span> <span class='ocrx_word' id='word_1_147' title='bbox 1491 1862 1690 1932; x_wconf 84' lang='lat' dir='ltr'><strong>egerit?</strong></span> 
     </span>
    </p>
   </div>
   <div class='ocr_carea' id='block_1_20' title="bbox 551 1951 2064 2022">
    <p class='ocr_par' dir='ltr' id='par_1_20' title="bbox 551 1951 2064 2022">
     <span class='ocr_line' id='line_1_21' title="bbox 551 1951 2064 2022; baseline -0.012 0"><span class='ocrx_word' id='word_1_148' title='bbox 551 1969 710 2022; x_wconf 72' lang='lat' dir='ltr'><strong>Resp.</strong></span> <span class='ocrx_word' id='word_1_149' title='bbox 743 1965 1001 2018; x_wconf 88' lang='lat' dir='ltr'><strong>Dominus</strong></span> <span class='ocrx_word' id='word_1_150' title='bbox 1026 1969 1210 2015; x_wconf 87' lang='lat' dir='ltr'><strong>noster</strong></span> <span class='ocrx_word' id='word_1_151' title='bbox 1240 1957 1398 2013; x_wconf 83' lang='lat' dir='ltr'><strong>Jesus</strong></span> <span class='ocrx_word' id='word_1_152' title='bbox 1426 1956 1676 2010; x_wconf 77' lang='lat' dir='ltr'><strong>Christus</strong></span> <span class='ocrx_word' id='word_1_153' title='bbox 1712 1953 1797 2008; x_wconf 90' lang='lat' dir='ltr'><strong>his</strong></span> <span class='ocrx_word' id='word_1_154' title='bbox 1840 1952 1932 2022; x_wconf 90' lang='lat' dir='ltr'><strong>qui</strong></span> <span class='ocrx_word' id='word_1_155' title='bbox 1976 1951 2064 2006; x_wconf 90' lang='lat' dir='ltr'><strong>in-</strong></span> 
     </span>
    </p>
   </div>
   <div class='ocr_carea' id='block_1_21' title="bbox 483 2046 2066 2128">
    <p class='ocr_par' dir='ltr' id='par_1_21' title="bbox 483 2046 2066 2128">
     <span class='ocr_line' id='line_1_22' title="bbox 483 2046 2066 2128; baseline -0.011 -13"><span class='ocrx_word' id='word_1_156' title='bbox 483 2065 895 2128; x_wconf 85' lang='lat' dir='ltr'><strong>terrogaverunt</strong></span> <span class='ocrx_word' id='word_1_157' title='bbox 928 2070 1023 2109; x_wconf 92' lang='lat' dir='ltr'><strong>se:</strong></span> <span class='ocrx_word' id='word_1_158' title='bbox 1064 2051 1120 2106; x_wconf 91' lang='lat' dir='ltr'><strong>Si</strong></span> <span class='ocrx_word' id='word_1_159' title='bbox 1149 2051 1264 2105; x_wconf 91' lang='lat' dir='ltr'><strong>licet</strong></span> <span class='ocrx_word' id='word_1_160' title='bbox 1310 2050 1429 2103; x_wconf 89' lang='lat' dir='ltr'><strong>dari</strong></span> <span class='ocrx_word' id='word_1_161' title='bbox 1461 2064 1672 2102; x_wconf 80' lang='lat' dir='ltr'><strong>censum</strong></span> <span class='ocrx_word' id='word_1_162' title='bbox 1715 2046 1930 2107; x_wconf 77' lang='lat' dir='ltr'><strong>Cwsari,</strong></span> <span class='ocrx_word' id='word_1_163' title='bbox 1975 2053 2066 2098; x_wconf 92' lang='lat' dir='ltr'><strong>aut</strong></span> 
     </span>
    </p>
   </div>
   <div class='ocr_carea' id='block_1_22' title="bbox 485 2134 2071 2213">
    <p class='ocr_par' dir='ltr' id='par_1_22' title="bbox 485 2134 2071 2213">
     <span class='ocr_line' id='line_1_23' title="bbox 485 2134 2071 2213; baseline -0.013 -9"><span class='ocrx_word' id='word_1_164' title='bbox 485 2166 626 2213; x_wconf 88' lang='lat' dir='ltr'><strong>non;</strong></span> <span class='ocrx_word' id='word_1_165' title='bbox 658 2149 769 2201; x_wconf 86' lang='lat' dir='ltr'><strong>ait:</strong></span> <span class='ocrx_word' id='word_1_166' title='bbox 807 2143 1073 2200; x_wconf 86' lang='lat' dir='ltr'><strong>Ostendite</strong></span> <span class='ocrx_word' id='word_1_167' title='bbox 1103 2142 1228 2196; x_wconf 87' lang='lat' dir='ltr'><strong>mihi</strong></span> <span class='ocrx_word' id='word_1_168' title='bbox 1257 2141 1556 2203; x_wconf 87' lang='lat' dir='ltr'><strong>denarium,</strong></span> <span class='ocrx_word' id='word_1_169' title='bbox 1585 2138 1736 2206; x_wconf 87' lang='lat' dir='ltr'><strong>cujus</strong></span> <span class='ocrx_word' id='word_1_170' title='bbox 1761 2136 1912 2190; x_wconf 88' lang='lat' dir='ltr'><strong>habet</strong></span> <span class='ocrx_word' id='word_1_171' title='bbox 1937 2134 2071 2186; x_wconf 87' lang='lat' dir='ltr'><strong>ima-</strong></span> 
     </span>
    </p>
   </div>
   <div class='ocr_carea' id='block_1_23' title="bbox 485 2226 2070 2309">
    <p class='ocr_par' dir='ltr' id='par_1_23' title="bbox 485 2226 2070 2309">
     <span class='ocr_line' id='line_1_24' title="bbox 485 2226 2070 2309; baseline -0.013 -16"><span class='ocrx_word' id='word_1_172' title='bbox 485 2241 657 2309; x_wconf 89' lang='lat' dir='ltr'><strong>ginem</strong></span> <span class='ocrx_word' id='word_1_173' title='bbox 687 2246 735 2290; x_wconf 90' lang='lat' dir='ltr'><strong>et</strong></span> <span class='ocrx_word' id='word_1_174' title='bbox 773 2234 1203 2303; x_wconf 82' lang='lat' dir='ltr'><strong>subscriptionem</strong></span> <span class='ocrx_word' id='word_1_175' title='bbox 1248 2229 1464 2301; x_wconf 86' lang='lat' dir='ltr'><strong>(Matth.</strong></span> <span class='ocrx_word' id='word_1_176' title='bbox 1505 2229 1678 2297; x_wconf 77' lang='lat' dir='ltr'><strong>xx&quot;)?</strong></span> <span class='ocrx_word' id='word_1_177' title='bbox 1717 2226 1850 2281; x_wconf 91' lang='lat' dir='ltr'><strong>Cum</strong></span> <span class='ocrx_word' id='word_1_178' title='bbox 1890 2231 2070 2277; x_wconf 89' lang='lat' dir='ltr'><strong>autem</strong></span> 
     </span>
    </p>
   </div>
   <div class='ocr_carea' id='block_1_24' title="bbox 488 2314 2071 2395">
    <p class='ocr_par' dir='ltr' id='par_1_24' title="bbox 488 2314 2071 2395">
     <span class='ocr_line' id='line_1_25' title="bbox 488 2314 2071 2395; baseline -0.011 -12"><span class='ocrx_word' id='word_1_179' title='bbox 488 2329 753 2382; x_wconf 78' lang='lat' dir='ltr'><strong>dixissent</strong></span> <span class='ocrx_word' id='word_1_180' title='bbox 779 2325 902 2395; x_wconf 85' lang='lat' dir='ltr'><strong>quia</strong></span> <span class='ocrx_word' id='word_1_181' title='bbox 940 2323 1189 2385; x_wconf 65' lang='lat' dir='ltr'><strong>Caesaris,</strong></span> <span class='ocrx_word' id='word_1_182' title='bbox 1237 2320 1516 2390; x_wconf 86' lang='lat' dir='ltr'><strong>respondit</strong></span> <span class='ocrx_word' id='word_1_183' title='bbox 1564 2319 1751 2372; x_wconf 91' lang='lat' dir='ltr'><strong>dicens</strong></span> <span class='ocrx_word' id='word_1_184' title='bbox 1794 2333 1806 2369; x_wconf 87' lang='lat'>:</span> <span class='ocrx_word' id='word_1_185' title='bbox 1850 2314 2071 2368; x_wconf 77' lang='lat' dir='ltr'><strong>Reddite</strong></span> 
     </span>
    </p>
   </div>
   <div class='ocr_carea' id='block_1_25' title="bbox 488 2406 2074 2489">
    <p class='ocr_par' dir='ltr' id='par_1_25' title="bbox 488 2406 2074 2489">
     <span class='ocr_line' id='line_1_26' title="bbox 488 2406 2074 2489; baseline -0.009 -16"><span class='ocrx_word' id='word_1_186' title='bbox 488 2436 609 2488; x_wconf 89' lang='lat' dir='ltr'><strong>ergo</strong></span> <span class='ocrx_word' id='word_1_187' title='bbox 639 2434 754 2489; x_wconf 77' lang='lat' dir='ltr'><strong>qua:</strong></span> <span class='ocrx_word' id='word_1_188' title='bbox 775 2415 1002 2470; x_wconf 79' lang='lat' dir='ltr'><strong>Ctesaris</strong></span> <span class='ocrx_word' id='word_1_189' title='bbox 1042 2423 1183 2478; x_wconf 89' lang='lat' dir='ltr'><strong>sunt,</strong></span> <span class='ocrx_word' id='word_1_190' title='bbox 1215 2411 1434 2474; x_wconf 77' lang='lat' dir='ltr'><strong>Cwsari,</strong></span> <span class='ocrx_word' id='word_1_191' title='bbox 1458 2419 1506 2464; x_wconf 91' lang='lat' dir='ltr'><strong>et</strong></span> <span class='ocrx_word' id='word_1_192' title='bbox 1529 2426 1645 2479; x_wconf 79' lang='lat' dir='ltr'><strong>qua:</strong></span> <span class='ocrx_word' id='word_1_193' title='bbox 1669 2407 1764 2460; x_wconf 88' lang='lat' dir='ltr'><strong>Dei</strong></span> <span class='ocrx_word' id='word_1_194' title='bbox 1796 2415 1938 2471; x_wconf 90' lang='lat' dir='ltr'><strong>sunt,</strong></span> <span class='ocrx_word' id='word_1_195' title='bbox 1964 2406 2074 2461; x_wconf 90' lang='lat' dir='ltr'><strong>Deo</strong></span> 
     </span>
    </p>
   </div>
   <div class='ocr_carea' id='block_1_26' title="bbox 491 2498 2073 2582">
    <p class='ocr_par' dir='ltr' id='par_1_26' title="bbox 491 2498 2073 2582">
     <span class='ocr_line' id='line_1_27' title="bbox 491 2498 2073 2582; baseline -0.007 -20"><span class='ocrx_word' id='word_1_196' title='bbox 491 2509 703 2582; x_wconf 89' lang='lat' dir='ltr'><strong>(Ibid.).</strong></span> <span class='ocrx_word' id='word_1_197' title='bbox 737 2507 802 2560; x_wconf 89' lang='lat' dir='ltr'><strong>Et</strong></span> <span class='ocrx_word' id='word_1_198' title='bbox 830 2507 932 2560; x_wconf 90' lang='lat' dir='ltr'><strong>hoc</strong></span> <span class='ocrx_word' id='word_1_199' title='bbox 974 2520 1102 2574; x_wconf 85' lang='lat' dir='ltr'><strong>ergo</strong></span> <span class='ocrx_word' id='word_1_200' title='bbox 1135 2503 1419 2558; x_wconf 82' lang='lat' dir='ltr'><strong>manifeste</strong></span> <span class='ocrx_word' id='word_1_201' title='bbox 1450 2502 1706 2556; x_wconf 86' lang='lat' dir='ltr'><strong>docemur</strong></span> <span class='ocrx_word' id='word_1_202' title='bbox 1735 2499 1862 2568; x_wconf 89' lang='lat' dir='ltr'><strong>quia</strong></span> <span class='ocrx_word' id='word_1_203' title='bbox 1892 2498 1948 2552; x_wconf 92' lang='lat' dir='ltr'><strong>hi</strong></span> <span class='ocrx_word' id='word_1_204' title='bbox 1977 2498 2073 2552; x_wconf 85' lang='lat' dir='ltr'><strong>ob-</strong></span> 
     </span>
    </p>
   </div>
   <div class='ocr_carea' id='block_1_27' title="bbox 492 2589 2080 2660">
    <p class='ocr_par' dir='ltr' id='par_1_27' title="bbox 492 2589 2080 2660">
     <span class='ocr_line' id='line_1_28' title="bbox 492 2589 2080 2660; baseline -0.008 -8"><span class='ocrx_word' id='word_1_205' title='bbox 492 2597 640 2652; x_wconf 76' lang='lat' dir='ltr'><strong>noxii</strong></span> <span class='ocrx_word' id='word_1_206' title='bbox 696 2604 822 2650; x_wconf 90' lang='lat' dir='ltr'><strong>sunt</strong></span> <span class='ocrx_word' id='word_1_207' title='bbox 867 2594 1084 2648; x_wconf 89' lang='lat' dir='ltr'><strong>tributis</strong></span> <span class='ocrx_word' id='word_1_208' title='bbox 1131 2592 1382 2656; x_wconf 70' lang='lat' dir='ltr'><strong>Caesaris,</strong></span> <span class='ocrx_word' id='word_1_209' title='bbox 1436 2591 1576 2660; x_wconf 92' lang='lat' dir='ltr'><strong>apud</strong></span> <span class='ocrx_word' id='word_1_210' title='bbox 1623 2607 1759 2660; x_wconf 91' lang='lat' dir='ltr'><strong>quos</strong></span> <span class='ocrx_word' id='word_1_211' title='bbox 1807 2589 2080 2644; x_wconf 82' lang='lat' dir='ltr'><strong>invenitur</strong></span> 
     </span>
    </p>
   </div>
   <div class='ocr_carea' id='block_1_28' title="bbox 495 2683 2079 2756">
    <p class='ocr_par' dir='ltr' id='par_1_28' title="bbox 495 2683 2079 2756">
     <span class='ocr_line' id='line_1_29' title="bbox 495 2683 2079 2756; baseline -0.007 -10"><span class='ocrx_word' id='word_1_212' title='bbox 495 2690 726 2746; x_wconf 79' lang='lat' dir='ltr'><strong>Caesaris</strong></span> <span class='ocrx_word' id='word_1_213' title='bbox 757 2703 950 2743; x_wconf 90' lang='lat' dir='ltr'><strong>census</strong></span> <span class='ocrx_word' id='word_1_214' title='bbox 995 2695 1049 2740; x_wconf 88' lang='lat' dir='ltr'><strong>et</strong></span> <span class='ocrx_word' id='word_1_215' title='bbox 1081 2687 1274 2756; x_wconf 83' lang='lat' dir='ltr'><strong>imago.</strong></span> <span class='ocrx_word' id='word_1_216' title='bbox 1327 2685 1382 2740; x_wconf 90' lang='lat' dir='ltr'><strong>Si</strong></span> <span class='ocrx_word' id='word_1_217' title='bbox 1429 2685 1556 2755; x_wconf 91' lang='lat' dir='ltr'><strong>quid</strong></span> <span class='ocrx_word' id='word_1_218' title='bbox 1595 2699 1725 2755; x_wconf 89' lang='lat' dir='ltr'><strong>ergo</strong></span> <span class='ocrx_word' id='word_1_219' title='bbox 1770 2683 1876 2737; x_wconf 87' lang='lat' dir='ltr'><strong>tale</strong></span> <span class='ocrx_word' id='word_1_220' title='bbox 1915 2683 2079 2736; x_wconf 88' lang='lat' dir='ltr'><strong>etiam</strong></span> 
     </span>
    </p>
   </div>
   <div class='ocr_carea' id='block_1_29' title="bbox 498 2773 2083 2838">
    <p class='ocr_par' dir='ltr' id='par_1_29' title="bbox 498 2773 2083 2838">
     <span class='ocr_line' id='line_1_30' title="bbox 498 2773 2083 2838; baseline -0.007 -2"><span class='ocrx_word' id='word_1_221' title='bbox 498 2783 600 2836; x_wconf 89' lang='lat' dir='ltr'><strong>iste</strong></span> <span class='ocrx_word' id='word_1_222' title='bbox 637 2781 856 2834; x_wconf 85' lang='lat' dir='ltr'><strong>veniens</strong></span> <span class='ocrx_word' id='word_1_223' title='bbox 893 2779 958 2832; x_wconf 89' lang='lat' dir='ltr'><strong>ad</strong></span> <span class='ocrx_word' id='word_1_224' title='bbox 996 2777 1194 2831; x_wconf 78' lang='lat' dir='ltr'><strong>fratres</strong></span> <span class='ocrx_word' id='word_1_225' title='bbox 1232 2792 1417 2831; x_wconf 90' lang='lat' dir='ltr'><strong>secum</strong></span> <span class='ocrx_word' id='word_1_226' title='bbox 1453 2775 1660 2838; x_wconf 88' lang='lat' dir='ltr'><strong>detulit,</strong></span> <span class='ocrx_word' id='word_1_227' title='bbox 1705 2773 1970 2828; x_wconf 80' lang='lat' dir='ltr'><strong>obnoxius</strong></span> <span class='ocrx_word' id='word_1_228' title='bbox 2001 2782 2083 2827; x_wconf 88' lang='lat' dir='ltr'><strong>est</strong></span> 
     </span>
    </p>
   </div>
   <div class='ocr_carea' id='block_1_30' title="bbox 500 2863 2084 2926">
    <p class='ocr_par' dir='ltr' id='par_1_30' title="bbox 500 2863 2084 2926">
     <span class='ocr_line' id='line_1_31' title="bbox 500 2863 2084 2926; baseline -0.007 0"><span class='ocrx_word' id='word_1_229' title='bbox 500 2872 567 2926; x_wconf 89' lang='lat' dir='ltr'><strong>ad</strong></span> <span class='ocrx_word' id='word_1_230' title='bbox 595 2870 982 2926; x_wconf 77' lang='lat' dir='ltr'><strong>exsolvendum</strong></span> <span class='ocrx_word' id='word_1_231' title='bbox 1011 2869 1271 2922; x_wconf 87' lang='lat' dir='ltr'><strong>debitum.</strong></span> <span class='ocrx_word' id='word_1_232' title='bbox 1300 2867 1357 2921; x_wconf 92' lang='lat' dir='ltr'><strong>Si</strong></span> <span class='ocrx_word' id='word_1_233' title='bbox 1381 2882 1509 2921; x_wconf 88' lang='lat' dir='ltr'><strong>vero</strong></span> <span class='ocrx_word' id='word_1_234' title='bbox 1531 2865 1780 2920; x_wconf 87' lang='lat' dir='ltr'><strong>omnibus</strong></span> <span class='ocrx_word' id='word_1_235' title='bbox 1809 2863 2084 2916; x_wconf 84' lang='lat' dir='ltr'><strong>derelictis</strong></span> 
     </span>
    </p>
   </div>
   <div class='ocr_carea' id='block_1_31' title="bbox 500 2955 2085 3031">
    <p class='ocr_par' dir='ltr' id='par_1_31' title="bbox 500 2955 2085 3031">
     <span class='ocr_line' id='line_1_32' title="bbox 500 2955 2085 3031; baseline -0.006 -13"><span class='ocrx_word' id='word_1_236' title='bbox 500 2965 556 3019; x_wconf 89' lang='lat' dir='ltr'><strong>in</strong></span> <span class='ocrx_word' id='word_1_237' title='bbox 587 2963 836 3016; x_wconf 88' lang='lat' dir='ltr'><strong>manibus</strong></span> <span class='ocrx_word' id='word_1_238' title='bbox 863 2961 1286 3031; x_wconf 89' lang='lat' dir='ltr'><strong>propinquorum</strong></span> <span class='ocrx_word' id='word_1_239' title='bbox 1329 2958 1610 3022; x_wconf 85' lang='lat' dir='ltr'><strong>abscessit,</strong></span> <span class='ocrx_word' id='word_1_240' title='bbox 1643 2955 1818 3011; x_wconf 91' lang='lat' dir='ltr'><strong>nullus</strong></span> <span class='ocrx_word' id='word_1_241' title='bbox 1863 2956 1944 3010; x_wconf 87' lang='lat' dir='ltr'><strong>vel</strong></span> <span class='ocrx_word' id='word_1_242' title='bbox 1984 2956 2085 3024; x_wconf 87' lang='lat' dir='ltr'><strong>ipsi</strong></span> 
     </span>
    </p>
   </div>
   <div class='ocr_carea' id='block_1_32' title="bbox 503 3052 1685 3120">
    <p class='ocr_par' dir='ltr' id='par_1_32' title="bbox 503 3052 1685 3120">
     <span class='ocr_line' id='line_1_33' title="bbox 503 3052 1685 3120; baseline -0.001 -11"><span class='ocrx_word' id='word_1_243' title='bbox 503 3056 588 3110; x_wconf 88' lang='lat' dir='ltr'><strong>vel</strong></span> <span class='ocrx_word' id='word_1_244' title='bbox 619 3054 880 3108; x_wconf 81' lang='lat' dir='ltr'><strong>fratribus</strong></span> <span class='ocrx_word' id='word_1_245' title='bbox 909 3053 1192 3120; x_wconf 89' lang='lat' dir='ltr'><strong>scrupulus</strong></span> <span class='ocrx_word' id='word_1_246' title='bbox 1224 3052 1378 3106; x_wconf 83' lang='lat' dir='ltr'><strong>debet</strong></span> <span class='ocrx_word' id='word_1_247' title='bbox 1404 3053 1685 3108; x_wconf 79' lang='lat' dir='ltr'><strong>exsistere.</strong></span> 
     </span>
    </p>
   </div>
   <div class='ocr_carea' id='block_1_33' title="bbox 896 3161 1696 3217">
    <p class='ocr_par' dir='ltr' id='par_1_33' title="bbox 896 3161 1696 3217">
     <span class='ocr_line' id='line_1_34' title="bbox 896 3161 1696 3217; baseline 0 -1"><span class='ocrx_word' id='word_1_248' title='bbox 896 3161 1412 3217; x_wconf 71' lang='lat' dir='ltr'><strong>INTERROGATIO</strong></span> <span class='ocrx_word' id='word_1_249' title='bbox 1451 3163 1696 3217; x_wconf 71' lang='lat' dir='ltr'><strong>CXCVII.</strong></span> 
     </span>
    </p>
   </div>
   <div class='ocr_carea' id='block_1_34' title="bbox 508 3253 2088 3323">
    <p class='ocr_par' dir='ltr' id='par_1_34' title="bbox 508 3253 2088 3323">
     <span class='ocr_line' id='line_1_35' title="bbox 508 3253 2088 3323; baseline -0.002 -15"><span class='ocrx_word' id='word_1_250' title='bbox 508 3254 566 3309; x_wconf 86' lang='lat' dir='ltr'><strong>Si</strong></span> <span class='ocrx_word' id='word_1_251' title='bbox 591 3263 785 3323; x_wconf 86' lang='lat' dir='ltr'><strong>oportet</strong></span> <span class='ocrx_word' id='word_1_252' title='bbox 822 3269 937 3323; x_wconf 87' lang='lat' dir='ltr'><strong>eum</strong></span> <span class='ocrx_word' id='word_1_253' title='bbox 978 3253 1066 3321; x_wconf 88' lang='lat' dir='ltr'><strong>qui</strong></span> <span class='ocrx_word' id='word_1_254' title='bbox 1089 3261 1294 3323; x_wconf 78' lang='lat' dir='ltr'><strong>pra:_est,</strong></span> <span class='ocrx_word' id='word_1_255' title='bbox 1337 3262 1485 3323; x_wconf 56' lang='lat' dir='ltr'><strong>extra</strong></span> <span class='ocrx_word' id='word_1_256' title='bbox 1529 3268 1797 3323; x_wconf 70' lang='lat' dir='ltr'><strong>eamqua&#39;</strong></span> <span class='ocrx_word' id='word_1_257' title='bbox 1819 3253 2088 3306; x_wconf 79' lang='lat' dir='ltr'><strong>sororibus</strong></span> 
     </span>
    </p>
   </div>
   <div class='ocr_carea' id='block_1_35' title="bbox 579 3321 2090 3394">
    <p class='ocr_par' dir='ltr' id='par_1_35' title="bbox 579 3321 2090 3394">
     <span class='ocr_line' id='line_1_36' title="bbox 579 3321 2090 3394; baseline 0 -20"><span class='ocrx_word' id='word_1_258' title='bbox 579 3321 784 3394; x_wconf 50' lang='lat' dir='ltr'><strong>protest,</strong></span> <span class='ocrx_word' id='word_1_259' title='bbox 818 3322 957 3392; x_wconf 87' lang='lat' dir='ltr'><strong>loqui</strong></span> <span class='ocrx_word' id='word_1_260' title='bbox 988 3321 1204 3394; x_wconf 77' lang='lat' dir='ltr'><strong>aliquid</strong></span> <span class='ocrx_word' id='word_1_261' title='bbox 1238 3321 1375 3391; x_wconf 89' lang='lat' dir='ltr'><strong>quod</strong></span> <span class='ocrx_word' id='word_1_262' title='bbox 1412 3321 1480 3374; x_wconf 88' lang='lat' dir='ltr'><strong>ad</strong></span> <span class='ocrx_word' id='word_1_263' title='bbox 1526 3322 1927 3389; x_wconf 79' lang='lat' dir='ltr'><strong>wdificationem</strong></span> <span class='ocrx_word' id='word_1_264' title='bbox 1965 3323 2090 3391; x_wconf 79' lang='lat' dir='ltr'><strong>ﬁdei</strong></span> 
     </span>
    </p>
   </div>
   <div class='ocr_carea' id='block_1_36' title="bbox 582 3392 1194 3464">
    <p class='ocr_par' dir='ltr' id='par_1_36' title="bbox 582 3392 1194 3464">
     <span class='ocr_line' id='line_1_37' title="bbox 582 3392 1194 3464; baseline -0.003 -18"><span class='ocrx_word' id='word_1_265' title='bbox 582 3392 836 3464; x_wconf 76' lang='lat' dir='ltr'><strong>pertineat</strong></span> <span class='ocrx_word' id='word_1_266' title='bbox 869 3392 1148 3461; x_wconf 83' lang='lat' dir='ltr'><strong>virginibus</strong></span> <span class='ocrx_word' id='word_1_267' title='bbox 1169 3393 1194 3444; x_wconf 86' lang='lat'><strong><em>?</em></strong></span> 
     </span>
    </p>
   </div>
   <div class='ocr_carea' id='block_1_37' title="bbox 584 3479 2094 3549">
    <p class='ocr_par' dir='ltr' id='par_1_37' title="bbox 584 3479 2094 3549">
     <span class='ocr_line' id='line_1_38' title="bbox 584 3479 2094 3549; baseline -0.001 -15"><span class='ocrx_word' id='word_1_268' title='bbox 584 3482 740 3535; x_wconf 68' lang='lat' dir='ltr'><strong>“ESP.</strong></span> <span class='ocrx_word' id='word_1_269' title='bbox 796 3480 863 3532; x_wconf 88' lang='lat' dir='ltr'><strong>Et</strong></span> <span class='ocrx_word' id='word_1_270' title='bbox 913 3480 1182 3547; x_wconf 88' lang='lat' dir='ltr'><strong>quomodo</strong></span> <span class='ocrx_word' id='word_1_271' title='bbox 1229 3479 1536 3533; x_wconf 81' lang='lat' dir='ltr'><strong>servabitur</strong></span> <span class='ocrx_word' id='word_1_272' title='bbox 1585 3489 1914 3549; x_wconf 65' lang='lat' dir='ltr'><strong>praeceptum</strong></span> <span class='ocrx_word' id='word_1_273' title='bbox 1963 3479 2094 3532; x_wconf 91' lang='lat' dir='ltr'><strong>illud</strong></span> 
     </span>
    </p>
   </div>
   <div class='ocr_carea' id='block_1_38' title="bbox 512 3568 2095 3642">
    <p class='ocr_par' dir='ltr' id='par_1_38' title="bbox 512 3568 2095 3642">
     <span class='ocr_line' id='line_1_39' title="bbox 512 3568 2095 3642; baseline -0.004 -14"><span class='ocrx_word' id='word_1_274' title='bbox 512 3570 753 3642; x_wconf 87' lang='lat' dir='ltr'><strong>Apostoli</strong></span> <span class='ocrx_word' id='word_1_275' title='bbox 783 3571 1013 3624; x_wconf 89' lang='lat' dir='ltr'><strong>dicentis</strong></span> <span class='ocrx_word' id='word_1_276' title='bbox 1041 3587 1053 3622; x_wconf 90' lang='lat'><strong>:</strong></span> <span class='ocrx_word' id='word_1_277' title='bbox 1089 3568 1280 3623; x_wconf 84' lang='lat' dir='ltr'><strong>Omnia</strong></span> <span class='ocrx_word' id='word_1_278' title='bbox 1316 3579 1481 3623; x_wconf 81' lang='lat' dir='ltr'><strong>vestra</strong></span> <span class='ocrx_word' id='word_1_279' title='bbox 1505 3571 1716 3624; x_wconf 85' lang='lat' dir='ltr'><strong>honeste</strong></span> <span class='ocrx_word' id='word_1_280' title='bbox 1743 3579 1787 3624; x_wconf 85' lang='lat' dir='ltr'><strong>et</strong></span> <span class='ocrx_word' id='word_1_281' title='bbox 1811 3575 2095 3624; x_wconf 88' lang='lat' dir='ltr'><strong>secundum</strong></span> 
     </span>
    </p>
   </div>
   <div class='ocr_carea' id='block_1_39' title="bbox 516 3661 1331 3733">
    <p class='ocr_par' dir='ltr' id='par_1_39' title="bbox 516 3661 1331 3733">
     <span class='ocr_line' id='line_1_40' title="bbox 516 3661 1331 3733; baseline -0.005 -14"><span class='ocrx_word' id='word_1_282' title='bbox 516 3665 753 3719; x_wconf 87' lang='lat' dir='ltr'><strong>ordinem</strong></span> <span class='ocrx_word' id='word_1_283' title='bbox 783 3663 913 3730; x_wconf 81' lang='lat' dir='ltr'><strong>[iant</strong></span> <span class='ocrx_word' id='word_1_284' title='bbox 942 3662 993 3732; x_wconf 88' lang='lat' dir='ltr'><strong>(l</strong></span> <span class='ocrx_word' id='word_1_285' title='bbox 1027 3661 1149 3715; x_wconf 90' lang='lat' dir='ltr'><strong>Cor.</strong></span> <span class='ocrx_word' id='word_1_286' title='bbox 1183 3663 1331 3733; x_wconf 76' lang='lat' dir='ltr'><strong>xw)?</strong></span> 
     </span>
    </p>
   </div>
   <div class='ocr_carea' id='block_1_40' title="bbox 896 3771 1716 3828">
    <p class='ocr_par' dir='ltr' id='par_1_40' title="bbox 896 3771 1716 3828">
     <span class='ocr_line' id='line_1_41' title="bbox 896 3771 1716 3828; baseline 0.002 -3"><span class='ocrx_word' id='word_1_287' title='bbox 896 3771 1407 3828; x_wconf 77' lang='lat' dir='ltr'><strong>INTERROGATIO</strong></span> <span class='ocrx_word' id='word_1_288' title='bbox 1448 3773 1716 3828; x_wconf 80' lang='lat' dir='ltr'><strong>CXCVIII.</strong></span> 
     </span>
    </p>
   </div>
   <div class='ocr_carea' id='block_1_41' title="bbox 522 3864 2101 3936">
    <p class='ocr_par' dir='ltr' id='par_1_41' title="bbox 522 3864 2101 3936">
     <span class='ocr_line' id='line_1_42' title="bbox 522 3864 2101 3936; baseline 0 -16"><span class='ocrx_word' id='word_1_289' title='bbox 522 3864 584 3921; x_wconf 88' lang='lat' dir='ltr'><strong>Si</strong></span> <span class='ocrx_word' id='word_1_290' title='bbox 612 3864 845 3936; x_wconf 83' lang='lat' dir='ltr'><strong>convenit</strong></span> <span class='ocrx_word' id='word_1_291' title='bbox 885 3880 1002 3916; x_wconf 89' lang='lat' dir='ltr'><strong>eum</strong></span> <span class='ocrx_word' id='word_1_292' title='bbox 1048 3865 1367 3936; x_wconf 76' lang='lat' dir='ltr'><strong>qui_pr(eest</strong></span> <span class='ocrx_word' id='word_1_293' title='bbox 1407 3881 1524 3918; x_wconf 90' lang='lat' dir='ltr'><strong>cum</strong></span> <span class='ocrx_word' id='word_1_294' title='bbox 1569 3883 1630 3919; x_wconf 90' lang='lat' dir='ltr'><strong>ea</strong></span> <span class='ocrx_word' id='word_1_295' title='bbox 1675 3882 1792 3936; x_wconf 75' lang='lat' dir='ltr'><strong>qua:</strong></span> <span class='ocrx_word' id='word_1_296' title='bbox 1835 3865 2101 3920; x_wconf 87' lang='lat' dir='ltr'><strong>sororibus</strong></span> 
     </span>
    </p>
   </div>
   <div class='ocr_carea' id='block_1_42' title="bbox 591 3933 2103 4005">
    <p class='ocr_par' dir='ltr' id='par_1_42' title="bbox 591 3933 2103 4005">
     <span class='ocr_line' id='line_1_43' title="bbox 591 3933 2103 4005; baseline 0.001 -19"><span class='ocrx_word' id='word_1_297' title='bbox 591 3945 774 4005; x_wconf 71' lang='lat' dir='ltr'><strong>pricest</strong></span> <span class='ocrx_word' id='word_1_298' title='bbox 816 3933 1110 4002; x_wconf 82' lang='lat' dir='ltr'><strong>frequenter</strong></span> <span class='ocrx_word' id='word_1_299' title='bbox 1137 3933 1324 4005; x_wconf 83' lang='lat' dir='ltr'><strong>loqui;</strong></span> <span class='ocrx_word' id='word_1_300' title='bbox 1364 3945 1411 3987; x_wconf 87' lang='lat' dir='ltr'><strong>et</strong></span> <span class='ocrx_word' id='word_1_301' title='bbox 1444 3933 1761 3989; x_wconf 51' lang='lat' dir='ltr'><strong>maxime&#39;si</strong></span> <span class='ocrx_word' id='word_1_302' title='bbox 1800 3935 2000 4004; x_wconf 84' lang='lat' dir='ltr'><strong>aliquid</strong></span> <span class='ocrx_word' id='word_1_303' title='bbox 2039 3935 2103 3988; x_wconf 91' lang='lat' dir='ltr'><strong>de</strong></span> 
     </span>
    </p>
   </div>
   <div class='ocr_carea' id='block_1_43' title="bbox 598 4001 1430 4073">
    <p class='ocr_par' dir='ltr' id='par_1_43' title="bbox 598 4001 1430 4073">
     <span class='ocr_line' id='line_1_44' title="bbox 598 4001 1430 4073; baseline 0.001 -19"><span class='ocrx_word' id='word_1_304' title='bbox 598 4001 851 4073; x_wconf 68' lang='lat' dir='ltr'><strong>fratribus</strong></span> <span class='ocrx_word' id='word_1_305' title='bbox 879 4001 971 4071; x_wconf 83' lang='lat' dir='ltr'><strong>pro</strong></span> <span class='ocrx_word' id='word_1_306' title='bbox 1001 4004 1097 4054; x_wconf 91' lang='lat' dir='ltr'><strong>hoc</strong></span> <span class='ocrx_word' id='word_1_307' title='bbox 1126 4001 1430 4056; x_wconf 77' lang='lat' dir='ltr'><strong>lwduntur?</strong></span> 
     </span>
    </p>
   </div>
   <div class='ocr_carea' id='block_1_44' title="bbox 599 4093 2105 4165">
    <p class='ocr_par' dir='ltr' id='par_1_44' title="bbox 599 4093 2105 4165">
     <span class='ocr_line' id='line_1_45' title="bbox 599 4093 2105 4165; baseline 0.001 -17"><span class='ocrx_word' id='word_1_308' title='bbox 599 4096 758 4148; x_wconf 68' lang='lat' dir='ltr'><strong>lisse.</strong></span> <span class='ocrx_word' id='word_1_309' title='bbox 786 4093 1043 4160; x_wconf 80' lang='lat' dir='ltr'><strong>Apostolo</strong></span> <span class='ocrx_word' id='word_1_310' title='bbox 1066 4094 1276 4148; x_wconf 90' lang='lat' dir='ltr'><strong>dicente</strong></span> <span class='ocrx_word' id='word_1_311' title='bbox 1309 4113 1320 4148; x_wconf 93' lang='lat'>:</span> <span class='ocrx_word' id='word_1_312' title='bbox 1359 4093 1425 4147; x_wconf 89' lang='lat' dir='ltr'><strong>Ut</strong></span> <span class='ocrx_word' id='word_1_313' title='bbox 1447 4097 1570 4165; x_wconf 92' lang='lat' dir='ltr'><strong>quid</strong></span> <span class='ocrx_word' id='word_1_314' title='bbox 1597 4097 1731 4150; x_wconf 88' lang='lat' dir='ltr'><strong>enim</strong></span> <span class='ocrx_word' id='word_1_315' title='bbox 1759 4095 1970 4150; x_wconf 89' lang='lat' dir='ltr'><strong>libertas</strong></span> <span class='ocrx_word' id='word_1_316' title='bbox 1992 4113 2105 4150; x_wconf 89' lang='lat' dir='ltr'><strong>mea</strong></span> 
     </span>
    </p>
   </div>
   <div class='ocr_carea' id='block_1_45' title="bbox 528 4185 2110 4258">
    <p class='ocr_par' dir='ltr' id='par_1_45' title="bbox 528 4185 2110 4258">
     <span class='ocr_line' id='line_1_46' title="bbox 528 4185 2110 4258; baseline 0.001 -17"><span class='ocrx_word' id='word_1_317' title='bbox 528 4189 798 4256; x_wconf 80' lang='lat' dir='ltr'><strong>iudicatur</strong></span> <span class='ocrx_word' id='word_1_318' title='bbox 823 4185 887 4238; x_wconf 88' lang='lat' dir='ltr'><strong>ab</strong></span> <span class='ocrx_word' id='word_1_319' title='bbox 921 4185 1028 4238; x_wconf 89' lang='lat' dir='ltr'><strong>alia</strong></span> <span class='ocrx_word' id='word_1_320' title='bbox 1055 4186 1371 4239; x_wconf 88' lang='lat' dir='ltr'><strong>conscientia</strong></span> <span class='ocrx_word' id='word_1_321' title='bbox 1407 4186 1456 4258; x_wconf 91' lang='grc'><strong>(1</strong></span> <span class='ocrx_word' id='word_1_322' title='bbox 1491 4186 1613 4240; x_wconf 91' lang='lat' dir='ltr'><strong>Cor.</strong></span> <span class='ocrx_word' id='word_1_323' title='bbox 1645 4186 1740 4258; x_wconf 83' lang='lat' dir='ltr'><strong>x)?</strong></span> <span class='ocrx_word' id='word_1_324' title='bbox 1778 4189 1978 4241; x_wconf 90' lang='lat' dir='ltr'><strong>bonum</strong></span> <span class='ocrx_word' id='word_1_325' title='bbox 2026 4198 2110 4242; x_wconf 90' lang='lat' dir='ltr'><strong>est</strong></span> 
     </span>
    </p>
   </div>
   <div class='ocr_carea' id='block_1_46' title="bbox 532 4280 2109 4352">
    <p class='ocr_par' dir='ltr' id='par_1_46' title="bbox 532 4280 2109 4352">
     <span class='ocr_line' id='line_1_47' title="bbox 532 4280 2109 4352; baseline -0.002 -14"><span class='ocrx_word' id='word_1_326' title='bbox 532 4283 732 4339; x_wconf 86' lang='lat' dir='ltr'><strong>imitari</strong></span> <span class='ocrx_word' id='word_1_327' title='bbox 761 4298 884 4336; x_wconf 88' lang='lat' dir='ltr'><strong>eum</strong></span> <span class='ocrx_word' id='word_1_328' title='bbox 911 4281 1180 4336; x_wconf 84' lang='lat' dir='ltr'><strong>dicentem</strong></span> <span class='ocrx_word' id='word_1_329' title='bbox 1215 4299 1227 4332; x_wconf 91' lang='lat'><strong>:</strong></span> <span class='ocrx_word' id='word_1_330' title='bbox 1267 4280 1404 4346; x_wconf 85' lang='lat' dir='ltr'><strong>Quia</strong></span> <span class='ocrx_word' id='word_1_331' title='bbox 1433 4297 1533 4334; x_wconf 92' lang='lat' dir='ltr'><strong>non</strong></span> <span class='ocrx_word' id='word_1_332' title='bbox 1571 4298 1686 4334; x_wconf 88' lang='lat' dir='ltr'><strong>sum</strong></span> <span class='ocrx_word' id='word_1_333' title='bbox 1712 4298 1838 4334; x_wconf 89' lang='lat' dir='ltr'><strong>usus</strong></span> <span class='ocrx_word' id='word_1_334' title='bbox 1864 4290 2109 4352; x_wconf 83' lang='lat' dir='ltr'><strong>potestate</strong></span> 
     </span>
    </p>
   </div>
   <div class='ocr_carea' id='block_1_47' title="bbox 531 4369 2188 4443">
    <p class='ocr_par' dir='ltr' id='par_1_47' title="bbox 531 4369 2188 4443">
     <span class='ocr_line' id='line_1_48' title="bbox 531 4369 2188 4443; baseline -0.002 -15"><span class='ocrx_word' id='word_1_335' title='bbox 531 4391 667 4438; x_wconf 89' lang='lat' dir='ltr'><strong>mea,</strong></span> <span class='ocrx_word' id='word_1_336' title='bbox 695 4391 759 4427; x_wconf 89' lang='lat' dir='ltr'><strong>ne</strong></span> <span class='ocrx_word' id='word_1_337' title='bbox 781 4373 1153 4443; x_wconf 70' lang='lat' dir='ltr'><strong>o/fendiculum</strong></span> <span class='ocrx_word' id='word_1_338' title='bbox 1176 4371 1388 4442; x_wconf 89' lang='lat' dir='ltr'><strong>aliquod</strong></span> <span class='ocrx_word' id='word_1_339' title='bbox 1408 4371 1586 4424; x_wconf 84' lang='lat' dir='ltr'><strong>darem</strong></span> <span class='ocrx_word' id='word_1_340' title='bbox 1611 4370 1892 4440; x_wconf 85' lang='lat' dir='ltr'><strong>Evangelia</strong></span> <span class='ocrx_word' id='word_1_341' title='bbox 1915 4369 2110 4425; x_wconf 88' lang='lat' dir='ltr'><strong>Christi</strong></span> <span class='ocrx_word' id='word_1_342' title='bbox 2134 4375 2188 4434; x_wconf 91' lang='lat' dir='ltr'><strong>D</strong></span> 
     </span>
    </p>
   </div>
   <div class='ocr_carea' id='block_1_48' title="bbox 535 4460 2112 4536">
    <p class='ocr_par' dir='ltr' id='par_1_48' title="bbox 535 4460 2112 4536">
     <span class='ocr_line' id='line_1_49' title="bbox 535 4460 2112 4536; baseline -0.001 -19"><span class='ocrx_word' id='word_1_343' title='bbox 535 4465 618 4536; x_wconf 84' lang='lat' dir='ltr'><strong>(Il</strong></span> <span class='ocrx_word' id='word_1_344' title='bbox 657 4462 780 4518; x_wconf 90' lang='lat' dir='ltr'><strong>Cor.</strong></span> <span class='ocrx_word' id='word_1_345' title='bbox 808 4463 904 4533; x_wconf 80' lang='lat' dir='ltr'><strong>ix).</strong></span> <span class='ocrx_word' id='word_1_346' title='bbox 933 4463 999 4516; x_wconf 89' lang='lat' dir='ltr'><strong>Et</strong></span> <span class='ocrx_word' id='word_1_347' title='bbox 1027 4472 1287 4531; x_wconf 91' lang='lat' dir='ltr'><strong>quantum</strong></span> <span class='ocrx_word' id='word_1_348' title='bbox 1331 4460 1444 4515; x_wconf 79' lang='lat' dir='ltr'><strong>fieri</strong></span> <span class='ocrx_word' id='word_1_349' title='bbox 1489 4469 1687 4530; x_wconf 88' lang='lat' dir='ltr'><strong>potest,</strong></span> <span class='ocrx_word' id='word_1_350' title='bbox 1725 4469 1779 4514; x_wconf 91' lang='lat' dir='ltr'><strong>et</strong></span> <span class='ocrx_word' id='word_1_351' title='bbox 1811 4462 1987 4515; x_wconf 89' lang='lat' dir='ltr'><strong>rarius</strong></span> <span class='ocrx_word' id='word_1_352' title='bbox 2031 4462 2112 4515; x_wconf 86' lang='lat' dir='ltr'><strong>vi-</strong></span> 
     </span>
    </p>
   </div>
   <div class='ocr_carea' id='block_1_49' title="bbox 535 4551 2110 4615">
    <p class='ocr_par' dir='ltr' id='par_1_49' title="bbox 535 4551 2110 4615">
     <span class='ocr_line' id='line_1_50' title="bbox 535 4551 2110 4615; baseline -0.005 -3"><span class='ocrx_word' id='word_1_353' title='bbox 535 4558 724 4613; x_wconf 72' lang='lat' dir='ltr'><strong>denda:</strong></span> <span class='ocrx_word' id='word_1_354' title='bbox 748 4563 892 4615; x_wconf 81' lang='lat' dir='ltr'><strong>sunt,</strong></span> <span class='ocrx_word' id='word_1_355' title='bbox 921 4563 976 4608; x_wconf 92' lang='lat' dir='ltr'><strong>et</strong></span> <span class='ocrx_word' id='word_1_356' title='bbox 1005 4553 1218 4608; x_wconf 88' lang='lat' dir='ltr'><strong>brevior</strong></span> <span class='ocrx_word' id='word_1_357' title='bbox 1243 4561 1326 4608; x_wconf 88' lang='lat' dir='ltr'><strong>est</strong></span> <span class='ocrx_word' id='word_1_358' title='bbox 1353 4552 1735 4606; x_wconf 85' lang='lat' dir='ltr'><strong>sermocinatio</strong></span> <span class='ocrx_word' id='word_1_359' title='bbox 1761 4551 2110 4606; x_wconf 90' lang='lat' dir='ltr'><strong>instituenda.</strong></span> 
     </span>
    </p>
   </div>
   <div class='ocr_carea' id='block_1_50' title="bbox 946 4685 1722 4744">
    <p class='ocr_par' dir='ltr' id='par_1_50' title="bbox 946 4685 1722 4744">
     <span class='ocr_line' id='line_1_51' title="bbox 946 4685 1722 4744; baseline -0.001 -1"><span class='ocrx_word' id='word_1_360' title='bbox 946 4685 1457 4744; x_wconf 79' lang='lat' dir='ltr'><strong>INTERROGATIO</strong></span> <span class='ocrx_word' id='word_1_361' title='bbox 1495 4687 1722 4743; x_wconf 84' lang='lat' dir='ltr'><strong>CXCIX.</strong></span> 
     </span>
    </p>
   </div>
   <div class='ocr_carea' id='block_1_51' title="bbox 543 4776 2121 4851">
    <p class='ocr_par' dir='ltr' id='par_1_51' title="bbox 543 4776 2121 4851">
     <span class='ocr_line' id='line_1_52' title="bbox 543 4776 2121 4851; baseline -0.006 -14"><span class='ocrx_word' id='word_1_362' title='bbox 543 4783 604 4838; x_wconf 83' lang='lat' dir='ltr'><strong>Si</strong></span> <span class='ocrx_word' id='word_1_363' title='bbox 643 4791 860 4851; x_wconf 85' lang='lat' dir='ltr'><strong>oportet,</strong></span> <span class='ocrx_word' id='word_1_364' title='bbox 902 4797 1019 4833; x_wconf 89' lang='lat' dir='ltr'><strong>cum</strong></span> <span class='ocrx_word' id='word_1_365' title='bbox 1061 4779 1237 4851; x_wconf 86' lang='lat' dir='ltr'><strong>aliqua</strong></span> <span class='ocrx_word' id='word_1_366' title='bbox 1279 4795 1428 4832; x_wconf 91' lang='lat' dir='ltr'><strong>soror</strong></span> <span class='ocrx_word' id='word_1_367' title='bbox 1459 4778 1744 4851; x_wconf 75' lang='lat' dir='ltr'><strong>conﬁtetur</strong></span> <span class='ocrx_word' id='word_1_368' title='bbox 1778 4776 2121 4851; x_wconf 76' lang='lat' dir='ltr'><strong>quodcunque</strong></span> 
     </span>
    </p>
   </div>
   <div class='ocr_carea' id='block_1_52' title="bbox 617 4845 2118 4974">
    <p class='ocr_par' dir='ltr' id='par_1_52' title="bbox 617 4845 2118 4974">
     <span class='ocr_line' id='line_1_53' title="bbox 617 4845 2118 4974; baseline -0.005 -69"><span class='ocrx_word' id='word_1_369' title='bbox 617 4845 862 4974; x_wconf 43' lang='lat' dir='ltr'><strong>dilicturyn</strong></span> <span class='ocrx_word' id='word_1_370' title='bbox 884 4867 1035 4904; x_wconf 90' lang='lat' dir='ltr'><strong>suum</strong></span> <span class='ocrx_word' id='word_1_371' title='bbox 1064 4845 1378 4918; x_wconf 80' lang='lat' dir='ltr'><strong>presbytero,</strong></span> <span class='ocrx_word' id='word_1_372' title='bbox 1401 4845 1801 4901; x_wconf 24' lang='lat' dir='ltr'><strong>etium&#39;matrem‘</strong></span> <span class='ocrx_word' id='word_1_373' title='bbox 1820 4845 2118 4899; x_wconf 85' lang='lat' dir='ltr'><strong>monasterii</strong></span> 
     </span>
     <span class='ocr_line' id='line_1_54' title="bbox 618 4939 824 4974; baseline 0 0"><span class='ocrx_word' id='word_1_374' title='bbox 618 4941 649 4974; x_wconf 81' lang='grc' dir='ltr'><em>α</em></span> <span class='ocrx_word' id='word_1_375' title='bbox 691 4939 824 4974; x_wconf 89' lang='lat' dir='ltr'><strong>esse.</strong></span> 
     </span>
    </p>
   </div>
   <div class='ocr_carea' id='block_1_53' title="bbox 618 4939 824 4976">
    <p class='ocr_par' dir='ltr' id='par_1_53' title="bbox 618 4939 824 4976">
     <span class='ocr_line' id='line_1_55' title="bbox 618 4939 824 4976; baseline -0.01 0"><span class='ocrx_word' id='word_1_376' title='bbox 618 4939 824 4976; x_wconf 66' lang='lat'><strong>(1068881</strong></span> 
     </span>
    </p>
   </div>
   <div class='ocr_carea' id='block_1_54' title="bbox 615 5004 2117 5074">
    <p class='ocr_par' dir='ltr' id='par_1_54' title="bbox 615 5004 2117 5074">
     <span class='ocr_line' id='line_1_56' title="bbox 615 5004 2117 5074; baseline -0.007 -6"><span class='ocrx_word' id='word_1_377' title='bbox 615 5015 776 5068; x_wconf 64' lang='lat' dir='ltr'><strong>lisse.</strong></span> <span class='ocrx_word' id='word_1_378' title='bbox 822 5012 1108 5066; x_wconf 88' lang='lat' dir='ltr'><strong>llonestius</strong></span> <span class='ocrx_word' id='word_1_379' title='bbox 1153 5009 1282 5063; x_wconf 91' lang='lat' dir='ltr'><strong>mihi</strong></span> <span class='ocrx_word' id='word_1_380' title='bbox 1322 5008 1534 5063; x_wconf 90' lang='lat' dir='ltr'><strong>videtur</strong></span> <span class='ocrx_word' id='word_1_381' title='bbox 1569 5021 1688 5061; x_wconf 88' lang='lat' dir='ltr'><strong>esse</strong></span> <span class='ocrx_word' id='word_1_382' title='bbox 1712 5014 1766 5060; x_wconf 91' lang='lat' dir='ltr'><strong>et</strong></span> <span class='ocrx_word' id='word_1_383' title='bbox 1796 5004 2117 5074; x_wconf 87' lang='lat' dir='ltr'><strong>religiosius,</strong></span> 
     </span>
    </p>
   </div>
   <div class='ocr_carea' id='block_1_55' title="bbox 546 5096 2118 5174">
    <p class='ocr_par' dir='ltr' id='par_1_55' title="bbox 546 5096 2118 5174">
     <span class='ocr_line' id='line_1_57' title="bbox 546 5096 2118 5174; baseline -0.008 -14"><span class='ocrx_word' id='word_1_384' title='bbox 546 5116 606 5161; x_wconf 89' lang='lat' dir='ltr'><strong>ut</strong></span> <span class='ocrx_word' id='word_1_385' title='bbox 630 5121 727 5174; x_wconf 88' lang='lat' dir='ltr'><strong>per</strong></span> <span class='ocrx_word' id='word_1_386' title='bbox 757 5104 1027 5159; x_wconf 89' lang='lat' dir='ltr'><strong>seniorem</strong></span> <span class='ocrx_word' id='word_1_387' title='bbox 1057 5112 1284 5156; x_wconf 90' lang='lat' dir='ltr'><strong>matrem</strong></span> <span class='ocrx_word' id='word_1_388' title='bbox 1311 5101 1613 5170; x_wconf 83' lang='lat' dir='ltr'><strong>presbyter,</strong></span> <span class='ocrx_word' id='word_1_389' title='bbox 1643 5099 1686 5152; x_wconf 92' lang='lat' dir='ltr'><strong>si</strong></span> <span class='ocrx_word' id='word_1_390' title='bbox 1711 5097 1837 5167; x_wconf 87' lang='lat' dir='ltr'><strong>quid</strong></span> <span class='ocrx_word' id='word_1_391' title='bbox 1870 5097 1996 5150; x_wconf 90' lang='lat' dir='ltr'><strong>illud</strong></span> <span class='ocrx_word' id='word_1_392' title='bbox 2018 5096 2118 5150; x_wconf 91' lang='lat' dir='ltr'><strong>sibi</strong></span> 
     </span>
    </p>
   </div>
   <div class='ocr_carea' id='block_1_56' title="bbox 546 5185 2122 5258">
    <p class='ocr_par' dir='ltr' id='par_1_56' title="bbox 546 5185 2122 5258">
     <span class='ocr_line' id='line_1_58' title="bbox 546 5185 2122 5258; baseline -0.006 -10"><span class='ocrx_word' id='word_1_393' title='bbox 546 5197 777 5257; x_wconf 86' lang='lat' dir='ltr'><strong>videtur,</strong></span> <span class='ocrx_word' id='word_1_394' title='bbox 808 5202 1032 5258; x_wconf 87' lang='lat' dir='ltr'><strong>statuat,</strong></span> <span class='ocrx_word' id='word_1_395' title='bbox 1079 5202 1132 5247; x_wconf 93' lang='lat' dir='ltr'><strong>et</strong></span> <span class='ocrx_word' id='word_1_396' title='bbox 1181 5191 1396 5246; x_wconf 89' lang='lat' dir='ltr'><strong>modum</strong></span> <span class='ocrx_word' id='word_1_397' title='bbox 1439 5189 1523 5242; x_wconf 88' lang='lat' dir='ltr'><strong>vel</strong></span> <span class='ocrx_word' id='word_1_398' title='bbox 1553 5197 1760 5258; x_wconf 88' lang='lat' dir='ltr'><strong>tempus</strong></span> <span class='ocrx_word' id='word_1_399' title='bbox 1791 5185 2122 5256; x_wconf 65' lang='lat' dir='ltr'><strong>paenitentiae</strong></span> 
     </span>
    </p>
   </div>
   <div class='ocr_carea' id='block_1_57' title="bbox 549 5277 2128 5359">
    <p class='ocr_par' dir='ltr' id='par_1_57' title="bbox 549 5277 2128 5359">
     <span class='ocr_line' id='line_1_59' title="bbox 549 5277 2128 5359; baseline -0.01 -15"><span class='ocrx_word' id='word_1_400' title='bbox 549 5291 792 5359; x_wconf 86' lang='lat' dir='ltr'><strong>imponat</strong></span> <span class='ocrx_word' id='word_1_401' title='bbox 819 5289 887 5342; x_wconf 89' lang='lat' dir='ltr'><strong>ad</strong></span> <span class='ocrx_word' id='word_1_402' title='bbox 909 5285 1335 5340; x_wconf 87' lang='lat' dir='ltr'><strong>emendationem</strong></span> <span class='ocrx_word' id='word_1_403' title='bbox 1359 5281 1472 5350; x_wconf 89' lang='lat' dir='ltr'><strong>ejus</strong></span> <span class='ocrx_word' id='word_1_404' title='bbox 1495 5295 1616 5350; x_wconf 80' lang='lat' dir='ltr'><strong>qua:</strong></span> <span class='ocrx_word' id='word_1_405' title='bbox 1639 5279 1836 5346; x_wconf 83' lang='lat' dir='ltr'><strong>corrigi</strong></span> <span class='ocrx_word' id='word_1_406' title='bbox 1858 5277 2128 5331; x_wconf 84' lang='lat' dir='ltr'><strong>desiderat</strong></span> 
     </span>
    </p>
   </div>
   <div class='ocr_carea' id='block_1_58' title="bbox 553 5371 2130 5452">
    <p class='ocr_par' dir='ltr' id='par_1_58' title="bbox 553 5371 2130 5452">
     <span class='ocr_line' id='line_1_60' title="bbox 553 5371 2130 5452; baseline -0.011 -14"><span class='ocrx_word' id='word_1_407' title='bbox 553 5399 583 5437; x_wconf 91' lang='lat' dir='ltr'><strong>a</strong></span> <span class='ocrx_word' id='word_1_408' title='bbox 615 5377 856 5452; x_wconf 82' lang='lat' dir='ltr'><strong>peccato.</strong></span> <span class='ocrx_word' id='word_1_409' title='bbox 889 5379 1004 5433; x_wconf 84' lang='lat' dir='ltr'><strong>Non</strong></span> <span class='ocrx_word' id='word_1_410' title='bbox 1031 5386 1115 5432; x_wconf 92' lang='lat' dir='ltr'><strong>est</strong></span> <span class='ocrx_word' id='word_1_411' title='bbox 1137 5377 1280 5431; x_wconf 90' lang='lat' dir='ltr'><strong>enim</strong></span> <span class='ocrx_word' id='word_1_412' title='bbox 1309 5373 1627 5437; x_wconf 86' lang='lat' dir='ltr'><strong>honestatis,</strong></span> <span class='ocrx_word' id='word_1_413' title='bbox 1671 5379 1730 5426; x_wconf 92' lang='lat' dir='ltr'><strong>ut</strong></span> <span class='ocrx_word' id='word_1_414' title='bbox 1755 5371 2010 5432; x_wconf 77' lang='lat' dir='ltr'><strong>arbitror,</strong></span> <span class='ocrx_word' id='word_1_415' title='bbox 2039 5375 2130 5420; x_wconf 88' lang='lat' dir='ltr'><strong>aut</strong></span> 
     </span>
    </p>
   </div>
   <div class='ocr_carea' id='block_1_59' title="bbox 553 5462 2128 5542">
    <p class='ocr_par' dir='ltr' id='par_1_59' title="bbox 553 5462 2128 5542">
     <span class='ocr_line' id='line_1_61' title="bbox 553 5462 2128 5542; baseline -0.012 -11"><span class='ocrx_word' id='word_1_416' title='bbox 553 5477 782 5542; x_wconf 84' lang='lat' dir='ltr'><strong>ordinis,</strong></span> <span class='ocrx_word' id='word_1_417' title='bbox 805 5482 864 5528; x_wconf 91' lang='lat' dir='ltr'><strong>ut</strong></span> <span class='ocrx_word' id='word_1_418' title='bbox 891 5471 1086 5540; x_wconf 81' lang='lat' dir='ltr'><strong>aliquis</strong></span> <span class='ocrx_word' id='word_1_419' title='bbox 1111 5471 1226 5524; x_wconf 89' lang='lat' dir='ltr'><strong>sine</strong></span> <span class='ocrx_word' id='word_1_420' title='bbox 1251 5467 1559 5523; x_wconf 89' lang='lat' dir='ltr'><strong>testimonio</strong></span> <span class='ocrx_word' id='word_1_421' title='bbox 1603 5463 1792 5519; x_wconf 88' lang='lat' dir='ltr'><strong>matris</strong></span> <span class='ocrx_word' id='word_1_422' title='bbox 1823 5462 1984 5523; x_wconf 89' lang='lat' dir='ltr'><strong>illius,</strong></span> <span class='ocrx_word' id='word_1_423' title='bbox 2011 5475 2128 5527; x_wconf 70' lang='lat' dir='ltr'><strong>qua:</strong></span> 
     </span>
    </p>
   </div>
   <div class='ocr_carea' id='block_1_60' title="bbox 555 5552 2131 5635">
    <p class='ocr_par' dir='ltr' id='par_1_60' title="bbox 555 5552 2131 5635">
     <span class='ocr_line' id='line_1_62' title="bbox 555 5552 2131 5635; baseline -0.013 -14"><span class='ocrx_word' id='word_1_424' title='bbox 555 5576 770 5635; x_wconf 66' lang='lat' dir='ltr'><strong>prmest,</strong></span> <span class='ocrx_word' id='word_1_425' title='bbox 817 5565 900 5619; x_wconf 86' lang='lat' dir='ltr'><strong>vel</strong></span> <span class='ocrx_word' id='word_1_426' title='bbox 941 5578 1064 5618; x_wconf 92' lang='lat' dir='ltr'><strong>cum</strong></span> <span class='ocrx_word' id='word_1_427' title='bbox 1111 5560 1317 5629; x_wconf 87' lang='lat' dir='ltr'><strong>paucis,</strong></span> <span class='ocrx_word' id='word_1_428' title='bbox 1357 5557 1438 5613; x_wconf 89' lang='lat' dir='ltr'><strong>vel</strong></span> <span class='ocrx_word' id='word_1_429' title='bbox 1479 5572 1599 5612; x_wconf 92' lang='lat' dir='ltr'><strong>cum</strong></span> <span class='ocrx_word' id='word_1_430' title='bbox 1645 5552 1888 5625; x_wconf 89' lang='lat' dir='ltr'><strong>pluribus</strong></span> <span class='ocrx_word' id='word_1_431' title='bbox 1930 5556 2131 5605; x_wconf 76' lang='lat' dir='ltr'><strong>statuat</strong></span> 
     </span>
    </p>
   </div>
   <div class='ocr_carea' id='block_1_61' title="bbox 562 5653 1202 5726">
    <p class='ocr_par' dir='ltr' id='par_1_61' title="bbox 562 5653 1202 5726">
     <span class='ocr_line' id='line_1_63' title="bbox 562 5653 1202 5726; baseline -0.016 -17"><span class='ocrx_word' id='word_1_432' title='bbox 562 5656 784 5726; x_wconf 81' lang='lat' dir='ltr'><strong>aliquid,</strong></span> <span class='ocrx_word' id='word_1_433' title='bbox 815 5656 899 5712; x_wconf 91' lang='lat' dir='ltr'><strong>vel</strong></span> <span class='ocrx_word' id='word_1_434' title='bbox 935 5653 1202 5722; x_wconf 83' lang='lat' dir='ltr'><strong>loquatur.</strong></span> 
     </span>
    </p>
   </div>
   <div class='ocr_carea' id='block_1_62' title="bbox 1456 222 2712 308">
    <p class='ocr_par' dir='ltr' id='par_1_62' title="bbox 1456 222 2712 308">
     <span class='ocr_line' id='line_1_64' title="bbox 1456 222 2712 308; baseline -0.024 -1"><span class='ocrx_word' id='word_1_435' title='bbox 1456 253 1515 308; x_wconf 91' lang='lat' dir='ltr'><strong>S.</strong></span> <span class='ocrx_word' id='word_1_436' title='bbox 1561 241 1925 304; x_wconf 78' lang='lat' dir='ltr'><strong>BENEDICTI</strong></span> <span class='ocrx_word' id='word_1_437' title='bbox 1965 230 2258 292; x_wconf 78' lang='lat' dir='ltr'><strong>ABBATIS</strong></span> <span class='ocrx_word' id='word_1_438' title='bbox 2299 222 2712 284; x_wconf 72' lang='lat' dir='ltr'><strong>ANIANENSIS</strong></span> 
     </span>
    </p>
   </div>
   <div class='ocr_carea' id='block_1_63' title="bbox 3589 206 3694 266">
    <p class='ocr_par' dir='ltr' id='par_1_63' title="bbox 3589 206 3694 266">
     <span class='ocr_line' id='line_1_65' title="bbox 3589 206 3694 266; baseline -0.01 -2"><span class='ocrx_word' id='word_1_439' title='bbox 3589 206 3694 266; x_wconf 53' lang='lat'><strong>533</strong></span> 
     </span>
    </p>
   </div>
   <div class='ocr_carea' id='block_1_64' title="bbox 2595 323 3248 389">
    <p class='ocr_par' dir='ltr' id='par_1_64' title="bbox 2595 323 3248 389">
     <span class='ocr_line' id='line_1_66' title="bbox 2595 323 3248 389; baseline -0.014 0"><span class='ocrx_word' id='word_1_440' title='bbox 2595 326 3109 389; x_wconf 79' lang='lat' dir='ltr'><strong>INTERROGATIO</strong></span> <span class='ocrx_word' id='word_1_441' title='bbox 3142 323 3248 381; x_wconf 88' lang='lat' dir='ltr'><strong>CC.</strong></span> 
     </span>
    </p>
   </div>
   <div class='ocr_carea' id='block_1_65' title="bbox 2133 413 3718 500">
    <p class='ocr_par' dir='ltr' id='par_1_65' title="bbox 2133 413 3718 500">
     <span class='ocr_line' id='line_1_67' title="bbox 2133 413 3718 500; baseline -0.013 -14"><span class='ocrx_word' id='word_1_442' title='bbox 2133 432 2196 487; x_wconf 89' lang='lat' dir='ltr'><strong>Si</strong></span> <span class='ocrx_word' id='word_1_443' title='bbox 2223 437 2420 500; x_wconf 86' lang='lat' dir='ltr'><strong>oportet</strong></span> <span class='ocrx_word' id='word_1_444' title='bbox 2450 436 2591 496; x_wconf 87' lang='lat' dir='ltr'><strong>gesta</strong></span> <span class='ocrx_word' id='word_1_445' title='bbox 2618 424 2790 500; x_wconf 79' lang='lat' dir='ltr'><strong>turpia</strong></span> <span class='ocrx_word' id='word_1_446' title='bbox 2819 420 2894 476; x_wconf 85' lang='lat' dir='ltr'><strong>vel</strong></span> <span class='ocrx_word' id='word_1_447' title='bbox 2916 420 3133 500; x_wconf 73' lang='lat' dir='ltr'><strong>obscena</strong></span> <span class='ocrx_word' id='word_1_448' title='bbox 3164 415 3491 500; x_wconf 72' lang='lat' dir='ltr'><strong>conﬁtentem</strong></span> <span class='ocrx_word' id='word_1_449' title='bbox 3510 413 3718 500; x_wconf 56' lang='lat' dir='ltr'><strong>ipsere-</strong></span> 
     </span>
    </p>
   </div>
   <div class='ocr_carea' id='block_1_66' title="bbox 2204 481 3720 566">
    <p class='ocr_par' dir='ltr' id='par_1_66' title="bbox 2204 481 3720 566">
     <span class='ocr_line' id='line_1_68' title="bbox 2204 481 3720 566; baseline -0.011 -12"><span class='ocrx_word' id='word_1_450' title='bbox 2204 481 2427 554; x_wconf 59' lang='lat' dir='ltr'><strong>curndius</strong></span> <span class='ocrx_word' id='word_1_451' title='bbox 2450 481 2794 566; x_wconf 64' lang='lat' dir='ltr'><strong>pronuntiare</strong></span> <span class='ocrx_word' id='word_1_452' title='bbox 2829 489 3090 553; x_wconf 90' lang='lat' dir='ltr'><strong>omnibus,</strong></span> <span class='ocrx_word' id='word_1_453' title='bbox 3120 495 3210 541; x_wconf 89' lang='lat' dir='ltr'><strong>aut</strong></span> <span class='ocrx_word' id='word_1_454' title='bbox 3242 481 3394 539; x_wconf 79' lang='lat' dir='ltr'><strong>certis</strong></span> <span class='ocrx_word' id='word_1_455' title='bbox 3430 481 3720 554; x_wconf 85' lang='lat' dir='ltr'><strong>quibusque</strong></span> 
     </span>
    </p>
   </div>
   <div class='ocr_carea' id='block_1_67' title="bbox 2205 563 2638 638">
    <p class='ocr_par' dir='ltr' id='par_1_67' title="bbox 2205 563 2638 638">
     <span class='ocr_line' id='line_1_69' title="bbox 2205 563 2638 638; baseline -0.018 -14"><span class='ocrx_word' id='word_1_456' title='bbox 2205 581 2254 624; x_wconf 91' lang='lat' dir='ltr'><strong>et</strong></span> <span class='ocrx_word' id='word_1_457' title='bbox 2284 563 2474 638; x_wconf 81' lang='lat' dir='ltr'><strong>quibus</strong></span> <span class='ocrx_word' id='word_1_458' title='bbox 2494 563 2638 618; x_wconf 84' lang='lat' dir='ltr'><strong>illis?</strong></span> 
     </span>
    </p>
   </div>
   <div class='ocr_carea' id='block_1_68' title="bbox 2209 645 3723 722">
    <p class='ocr_par' dir='ltr' id='par_1_68' title="bbox 2209 645 3723 722">
     <span class='ocr_line' id='line_1_70' title="bbox 2209 645 3723 722; baseline -0.011 -7"><span class='ocrx_word' id='word_1_459' title='bbox 2209 663 2367 716; x_wconf 75' lang='grc' dir='ltr'>Βεερ.</span> <span class='ocrx_word' id='word_1_460' title='bbox 2397 657 2682 712; x_wconf 89' lang='lat' dir='ltr'><strong>Confessio</strong></span> <span class='ocrx_word' id='word_1_461' title='bbox 2703 659 3050 722; x_wconf 87' lang='lat' dir='ltr'><strong>peccatorum</strong></span> <span class='ocrx_word' id='word_1_462' title='bbox 3084 648 3226 702; x_wconf 88' lang='lat' dir='ltr'><strong>hanc</strong></span> <span class='ocrx_word' id='word_1_463' title='bbox 3265 647 3431 700; x_wconf 88' lang='lat' dir='ltr'><strong>habet</strong></span> <span class='ocrx_word' id='word_1_464' title='bbox 3455 645 3723 699; x_wconf 86' lang='lat' dir='ltr'><strong>rationem</strong></span> 
     </span>
    </p>
   </div>
   <div class='ocr_carea' id='block_1_69' title="bbox 2138 733 3727 820">
    <p class='ocr_par' dir='ltr' id='par_1_69' title="bbox 2138 733 3727 820">
     <span class='ocr_line' id='line_1_71' title="bbox 2138 733 3727 820; baseline -0.012 -15"><span class='ocrx_word' id='word_1_465' title='bbox 2138 766 2301 820; x_wconf 86' lang='lat' dir='ltr'><strong>quam</strong></span> <span class='ocrx_word' id='word_1_466' title='bbox 2344 747 2508 801; x_wconf 88' lang='lat' dir='ltr'><strong>habet</strong></span> <span class='ocrx_word' id='word_1_467' title='bbox 2529 745 2724 798; x_wconf 91' lang='lat' dir='ltr'><strong>vulnus</strong></span> <span class='ocrx_word' id='word_1_468' title='bbox 2754 739 2970 809; x_wconf 88' lang='lat' dir='ltr'><strong>aliquod</strong></span> <span class='ocrx_word' id='word_1_469' title='bbox 3015 736 3258 806; x_wconf 89' lang='lat' dir='ltr'><strong>corporis</strong></span> <span class='ocrx_word' id='word_1_470' title='bbox 3283 735 3368 788; x_wconf 89' lang='lat' dir='ltr'><strong>vel</strong></span> <span class='ocrx_word' id='word_1_471' title='bbox 3399 733 3580 804; x_wconf 89' lang='lat' dir='ltr'><strong>passio</strong></span> <span class='ocrx_word' id='word_1_472' title='bbox 3604 748 3727 801; x_wconf 71' lang='lat' dir='ltr'><strong>quae</strong></span> 
     </span>
    </p>
   </div>
   <div class='ocr_carea' id='block_1_70' title="bbox 2140 824 3731 896">
    <p class='ocr_par' dir='ltr' id='par_1_70' title="bbox 2140 824 3731 896">
     <span class='ocr_line' id='line_1_72' title="bbox 2140 824 3731 896; baseline -0.012 -1"><span class='ocrx_word' id='word_1_473' title='bbox 2140 839 2351 895; x_wconf 88' lang='lat' dir='ltr'><strong>medico</strong></span> <span class='ocrx_word' id='word_1_474' title='bbox 2376 831 2796 890; x_wconf 89' lang='lat' dir='ltr'><strong>demonstranda</strong></span> <span class='ocrx_word' id='word_1_475' title='bbox 2835 840 2938 884; x_wconf 91' lang='lat' dir='ltr'><strong>est.</strong></span> <span class='ocrx_word' id='word_1_476' title='bbox 2974 827 3126 882; x_wconf 86' lang='lat' dir='ltr'><strong>Sicut</strong></span> <span class='ocrx_word' id='word_1_477' title='bbox 3165 841 3294 896; x_wconf 87' lang='lat' dir='ltr'><strong>ergo</strong></span> <span class='ocrx_word' id='word_1_478' title='bbox 3341 841 3447 879; x_wconf 91' lang='lat' dir='ltr'><strong>non</strong></span> <span class='ocrx_word' id='word_1_479' title='bbox 3474 824 3731 878; x_wconf 88' lang='lat' dir='ltr'><strong>omnibus</strong></span> 
     </span>
    </p>
   </div>
   <div class='ocr_carea' id='block_1_71' title="bbox 2141 915 3734 999">
    <p class='ocr_par' dir='ltr' id='par_1_71' title="bbox 2141 915 3734 999">
     <span class='ocr_line' id='line_1_73' title="bbox 2141 915 3734 999; baseline -0.01 -15"><span class='ocrx_word' id='word_1_480' title='bbox 2141 931 2263 999; x_wconf 91' lang='lat' dir='ltr'><strong>quis</strong></span> <span class='ocrx_word' id='word_1_481' title='bbox 2286 927 2416 982; x_wconf 88' lang='lat' dir='ltr'><strong>vitia</strong></span> <span class='ocrx_word' id='word_1_482' title='bbox 2454 925 2537 979; x_wconf 86' lang='lat' dir='ltr'><strong>vel</strong></span> <span class='ocrx_word' id='word_1_483' title='bbox 2574 923 2795 977; x_wconf 88' lang='lat' dir='ltr'><strong>vulnera</strong></span> <span class='ocrx_word' id='word_1_484' title='bbox 2825 920 3068 988; x_wconf 88' lang='lat' dir='ltr'><strong>corporis</strong></span> <span class='ocrx_word' id='word_1_485' title='bbox 3113 918 3196 972; x_wconf 91' lang='lat' dir='ltr'><strong>sui</strong></span> <span class='ocrx_word' id='word_1_486' title='bbox 3225 915 3448 980; x_wconf 88' lang='lat' dir='ltr'><strong>revelat,</strong></span> <span class='ocrx_word' id='word_1_487' title='bbox 3482 930 3582 969; x_wconf 92' lang='lat' dir='ltr'><strong>nec</strong></span> <span class='ocrx_word' id='word_1_488' title='bbox 3608 915 3734 983; x_wconf 87' lang='lat' dir='ltr'><strong>qui-</strong></span> 
     </span>
    </p>
   </div>
   <div class='ocr_carea' id='block_1_72' title="bbox 2142 1003 3736 1090">
    <p class='ocr_par' dir='ltr' id='par_1_72' title="bbox 2142 1003 3736 1090">
     <span class='ocr_line' id='line_1_74' title="bbox 2142 1003 3736 1090; baseline -0.012 -17"><span class='ocrx_word' id='word_1_489' title='bbox 2142 1018 2396 1090; x_wconf 88' lang='lat' dir='ltr'><strong>buslibet,</strong></span> <span class='ocrx_word' id='word_1_490' title='bbox 2439 1014 2533 1068; x_wconf 91' lang='lat' dir='ltr'><strong>sed</strong></span> <span class='ocrx_word' id='word_1_491' title='bbox 2564 1013 2649 1065; x_wconf 90' lang='lat' dir='ltr'><strong>his</strong></span> <span class='ocrx_word' id='word_1_492' title='bbox 2695 1007 3067 1063; x_wconf 89' lang='lat' dir='ltr'><strong>tantummodo</strong></span> <span class='ocrx_word' id='word_1_493' title='bbox 3119 1007 3211 1074; x_wconf 88' lang='lat' dir='ltr'><strong>qui</strong></span> <span class='ocrx_word' id='word_1_494' title='bbox 3261 1019 3486 1059; x_wconf 66' lang='lat' dir='ltr'><strong>summa:</strong></span> <span class='ocrx_word' id='word_1_495' title='bbox 3524 1003 3736 1072; x_wconf 64' lang='lat' dir='ltr'><strong>peritiae</strong></span> 
     </span>
    </p>
   </div>
   <div class='ocr_carea' id='block_1_73' title="bbox 2145 1093 3733 1182">
    <p class='ocr_par' dir='ltr' id='par_1_73' title="bbox 2145 1093 3733 1182">
     <span class='ocr_line' id='line_1_75' title="bbox 2145 1093 3733 1182; baseline -0.011 -20"><span class='ocrx_word' id='word_1_496' title='bbox 2145 1106 2512 1162; x_wconf 88' lang='lat' dir='ltr'><strong>testimonium</strong></span> <span class='ocrx_word' id='word_1_497' title='bbox 2540 1103 2761 1182; x_wconf 66' lang='lat' dir='ltr'><strong>habent,</strong></span> <span class='ocrx_word' id='word_1_498' title='bbox 2785 1110 2840 1154; x_wconf 89' lang='lat' dir='ltr'><strong>et</strong></span> <span class='ocrx_word' id='word_1_499' title='bbox 2859 1113 3003 1153; x_wconf 75' lang='lat' dir='ltr'><strong>curae</strong></span> <span class='ocrx_word' id='word_1_500' title='bbox 3029 1113 3092 1151; x_wconf 89' lang='lat' dir='ltr'><strong>ac</strong></span> <span class='ocrx_word' id='word_1_501' title='bbox 3113 1095 3335 1150; x_wconf 76' lang='lat' dir='ltr'><strong>medela:</strong></span> <span class='ocrx_word' id='word_1_502' title='bbox 3357 1093 3733 1164; x_wconf 87' lang='lat' dir='ltr'><strong>disciplinam;</strong></span> 
     </span>
    </p>
   </div>
   <div class='ocr_carea' id='block_1_74' title="bbox 2146 1185 3741 1261">
    <p class='ocr_par' dir='ltr' id='par_1_74' title="bbox 2146 1185 3741 1261">
     <span class='ocr_line' id='line_1_76' title="bbox 2146 1185 3741 1261; baseline -0.008 -8"><span class='ocrx_word' id='word_1_503' title='bbox 2146 1200 2222 1253; x_wconf 89' lang='lat' dir='ltr'><strong>ita</strong></span> <span class='ocrx_word' id='word_1_504' title='bbox 2281 1206 2336 1251; x_wconf 90' lang='lat' dir='ltr'><strong>et</strong></span> <span class='ocrx_word' id='word_1_505' title='bbox 2391 1193 2662 1250; x_wconf 89' lang='lat' dir='ltr'><strong>confessio</strong></span> <span class='ocrx_word' id='word_1_506' title='bbox 2710 1198 3059 1261; x_wconf 88' lang='lat' dir='ltr'><strong>peccatorum</strong></span> <span class='ocrx_word' id='word_1_507' title='bbox 3104 1187 3222 1242; x_wconf 83' lang='lat' dir='ltr'><strong>fieri</strong></span> <span class='ocrx_word' id='word_1_508' title='bbox 3250 1187 3409 1241; x_wconf 89' lang='lat' dir='ltr'><strong>debet</strong></span> <span class='ocrx_word' id='word_1_509' title='bbox 3453 1185 3595 1255; x_wconf 92' lang='lat' dir='ltr'><strong>apud</strong></span> <span class='ocrx_word' id='word_1_510' title='bbox 3642 1200 3741 1240; x_wconf 88' lang='lat' dir='ltr'><strong>eos</strong></span> 
     </span>
    </p>
   </div>
   <div class='ocr_carea' id='block_1_75' title="bbox 2149 1276 3740 1354">
    <p class='ocr_par' dir='ltr' id='par_1_75' title="bbox 2149 1276 3740 1354">
     <span class='ocr_line' id='line_1_77' title="bbox 2149 1276 3740 1354; baseline -0.008 -11"><span class='ocrx_word' id='word_1_511' title='bbox 2149 1286 2520 1343; x_wconf 82' lang='lat' dir='ltr'><strong>tantummodo</strong></span> <span class='ocrx_word' id='word_1_512' title='bbox 2546 1284 2635 1354; x_wconf 90' lang='lat' dir='ltr'><strong>qui</strong></span> <span class='ocrx_word' id='word_1_513' title='bbox 2660 1297 2854 1336; x_wconf 87' lang='lat' dir='ltr'><strong>curare</strong></span> <span class='ocrx_word' id='word_1_514' title='bbox 2881 1282 2996 1334; x_wconf 72' lang='lat' dir='ltr'><strong>haec</strong></span> <span class='ocrx_word' id='word_1_515' title='bbox 3017 1279 3307 1349; x_wconf 68' lang='lat' dir='ltr'><strong>praevalent</strong></span> <span class='ocrx_word' id='word_1_516' title='bbox 3335 1293 3398 1332; x_wconf 90' lang='lat' dir='ltr'><strong>ac</strong></span> <span class='ocrx_word' id='word_1_517' title='bbox 3421 1276 3740 1339; x_wconf 87' lang='lat' dir='ltr'><strong>emendare.</strong></span> 
     </span>
    </p>
   </div>
   <div class='ocr_carea' id='block_1_76' title="bbox 2151 1367 3742 1443">
    <p class='ocr_par' dir='ltr' id='par_1_76' title="bbox 2151 1367 3742 1443">
     <span class='ocr_line' id='line_1_78' title="bbox 2151 1367 3742 1443; baseline -0.008 -11"><span class='ocrx_word' id='word_1_518' title='bbox 2151 1377 2447 1432; x_wconf 90' lang='lat' dir='ltr'><strong>secundum</strong></span> <span class='ocrx_word' id='word_1_519' title='bbox 2475 1375 2617 1443; x_wconf 89' lang='lat' dir='ltr'><strong>quod</strong></span> <span class='ocrx_word' id='word_1_520' title='bbox 2647 1373 2906 1442; x_wconf 90' lang='lat' dir='ltr'><strong>scriptum</strong></span> <span class='ocrx_word' id='word_1_521' title='bbox 2933 1377 3018 1424; x_wconf 87' lang='lat' dir='ltr'><strong>est</strong></span> <span class='ocrx_word' id='word_1_522' title='bbox 3049 1387 3062 1422; x_wconf 87' lang='lat'><strong>:</strong></span> <span class='ocrx_word' id='word_1_523' title='bbox 3101 1367 3197 1422; x_wconf 85' lang='lat' dir='ltr'><strong>Vos</strong></span> <span class='ocrx_word' id='word_1_524' title='bbox 3218 1370 3305 1439; x_wconf 90' lang='lat' dir='ltr'><strong>qui</strong></span> <span class='ocrx_word' id='word_1_525' title='bbox 3329 1368 3570 1437; x_wconf 79' lang='lat' dir='ltr'><strong>fortiores</strong></span> <span class='ocrx_word' id='word_1_526' title='bbox 3593 1369 3742 1430; x_wconf 87' lang='lat' dir='ltr'><strong>estis,</strong></span> 
     </span>
    </p>
   </div>
   <div class='ocr_carea' id='block_1_77' title="bbox 2153 1457 3743 1534">
    <p class='ocr_par' dir='ltr' id='par_1_77' title="bbox 2153 1457 3743 1534">
     <span class='ocr_line' id='line_1_79' title="bbox 2153 1457 3743 1534; baseline -0.006 -14"><span class='ocrx_word' id='word_1_527' title='bbox 2153 1466 2486 1534; x_wconf 83' lang='lat' dir='ltr'><strong>inﬁrmitates</strong></span> <span class='ocrx_word' id='word_1_528' title='bbox 2529 1463 2859 1531; x_wconf 84' lang='lat' dir='ltr'><strong>inﬁrmorum</strong></span> <span class='ocrx_word' id='word_1_529' title='bbox 2909 1469 3110 1530; x_wconf 89' lang='lat' dir='ltr'><strong>portate</strong></span> <span class='ocrx_word' id='word_1_530' title='bbox 3157 1457 3302 1531; x_wconf 84' lang='lat' dir='ltr'><strong>(Cal.</strong></span> <span class='ocrx_word' id='word_1_531' title='bbox 3347 1457 3445 1530; x_wconf 66' lang='grc' dir='ltr'><strong>γι),</strong></span> <span class='ocrx_word' id='word_1_532' title='bbox 3492 1458 3597 1513; x_wconf 87' lang='lat' dir='ltr'><strong>hoc</strong></span> <span class='ocrx_word' id='word_1_533' title='bbox 3636 1466 3743 1522; x_wconf 89' lang='lat' dir='ltr'><strong>est,</strong></span> 
     </span>
    </p>
   </div>
   <div class='ocr_carea' id='block_1_78' title="bbox 2155 1551 3260 1628">
    <p class='ocr_par' dir='ltr' id='par_1_78' title="bbox 2155 1551 3260 1628">
     <span class='ocr_line' id='line_1_80' title="bbox 2155 1551 3260 1628; baseline -0.008 -16"><span class='ocrx_word' id='word_1_534' title='bbox 2155 1565 2436 1628; x_wconf 83' lang='lat' dir='ltr'><strong>exportale</strong></span> <span class='ocrx_word' id='word_1_535' title='bbox 2462 1564 2516 1610; x_wconf 88' lang='lat' dir='ltr'><strong>et</strong></span> <span class='ocrx_word' id='word_1_536' title='bbox 2540 1554 2747 1608; x_wconf 89' lang='lat' dir='ltr'><strong>auferte</strong></span> <span class='ocrx_word' id='word_1_537' title='bbox 2776 1567 2874 1621; x_wconf 90' lang='lat' dir='ltr'><strong>per</strong></span> <span class='ocrx_word' id='word_1_538' title='bbox 2902 1551 3260 1606; x_wconf 88' lang='lat' dir='ltr'><strong>curationem.</strong></span> 
     </span>
    </p>
   </div>
   <div class='ocr_carea' id='block_1_79' title="bbox 2618 1659 3294 1720">
    <p class='ocr_par' dir='ltr' id='par_1_79' title="bbox 2618 1659 3294 1720">
     <span class='ocr_line' id='line_1_81' title="bbox 2618 1659 3294 1720; baseline -0.006 -1"><span class='ocrx_word' id='word_1_539' title='bbox 2618 1659 3130 1720; x_wconf 73' lang='lat' dir='ltr'><strong>INTERROGATIO</strong></span> <span class='ocrx_word' id='word_1_540' title='bbox 3169 1659 3294 1715; x_wconf 89' lang='lat' dir='ltr'><strong>CCI.</strong></span> 
     </span>
    </p>
   </div>
   <div class='ocr_carea' id='block_1_80' title="bbox 2166 1729 3751 1808">
    <p class='ocr_par' dir='ltr' id='par_1_80' title="bbox 2166 1729 3751 1808">
     <span class='ocr_line' id='line_1_82' title="bbox 2166 1729 3751 1808; baseline -0.008 -15"><span class='ocrx_word' id='word_1_541' title='bbox 2166 1738 2227 1794; x_wconf 84' lang='lat' dir='ltr'><strong>Si</strong></span> <span class='ocrx_word' id='word_1_542' title='bbox 2287 1739 2556 1808; x_wconf 88' lang='lat' dir='ltr'><strong>ignorante</strong></span> <span class='ocrx_word' id='word_1_543' title='bbox 2607 1745 2771 1808; x_wconf 82' lang='lat' dir='ltr'><strong>matre</strong></span> <span class='ocrx_word' id='word_1_544' title='bbox 2819 1731 3336 1808; x_wconf 39' lang='lat' dir='ltr'><strong>seniore_pr‘e_sbyter</strong></span> <span class='ocrx_word' id='word_1_545' title='bbox 3366 1729 3582 1808; x_wconf 61' lang='lat' dir='ltr'><strong>aliquid</strong></span> <span class='ocrx_word' id='word_1_546' title='bbox 3633 1729 3751 1808; x_wconf 73' lang='lat' dir='ltr'><strong>ﬁeri</strong></span> 
     </span>
    </p>
   </div>
   <div class='ocr_carea' id='block_1_81' title="bbox 2235 1799 3755 1878">
    <p class='ocr_par' dir='ltr' id='par_1_81' title="bbox 2235 1799 3755 1878">
     <span class='ocr_line' id='line_1_83' title="bbox 2235 1799 3755 1878; baseline -0.006 -18"><span class='ocrx_word' id='word_1_547' title='bbox 2235 1799 2504 1878; x_wconf 65' lang='lat' dir='ltr'><strong>pra’cipiat</strong></span> <span class='ocrx_word' id='word_1_548' title='bbox 2525 1804 2813 1878; x_wconf 79' lang='lat' dir='ltr'><strong>sororibus,</strong></span> <span class='ocrx_word' id='word_1_549' title='bbox 2843 1813 2990 1878; x_wconf 34' lang='lat' dir='ltr'><strong>recte“</strong></span> <span class='ocrx_word' id='word_1_550' title='bbox 3009 1801 3264 1854; x_wconf 84' lang='lat' dir='ltr'><strong>videbitur</strong></span> <span class='ocrx_word' id='word_1_551' title='bbox 3286 1799 3552 1868; x_wconf 78' lang='lat' dir='ltr'><strong>indignari</strong></span> <span class='ocrx_word' id='word_1_552' title='bbox 3576 1800 3755 1853; x_wconf 80' lang='lat' dir='ltr'><strong>senior</strong></span> 
     </span>
    </p>
   </div>
   <div class='ocr_carea' id='block_1_82' title="bbox 2237 1871 2992 1943">
    <p class='ocr_par' dir='ltr' id='par_1_82' title="bbox 2237 1871 2992 1943">
     <span class='ocr_line' id='line_1_84' title="bbox 2237 1871 2992 1943; baseline -0.009 -13"><span class='ocrx_word' id='word_1_553' title='bbox 2237 1871 2408 1930; x_wconf 77' lang='lat' dir='ltr'><strong>mater</strong></span> <span class='ocrx_word' id='word_1_554' title='bbox 2433 1892 2552 1928; x_wconf 90' lang='lat' dir='ltr'><strong>cum</strong></span> <span class='ocrx_word' id='word_1_555' title='bbox 2580 1876 2692 1943; x_wconf 90' lang='lat' dir='ltr'><strong>ipsa</strong></span> <span class='ocrx_word' id='word_1_556' title='bbox 2716 1871 2992 1925; x_wconf 85' lang='lat' dir='ltr'><strong>nescierit?</strong></span> 
     </span>
    </p>
   </div>
   <div class='ocr_carea' id='block_1_83' title="bbox 2239 1959 3757 2032">
    <p class='ocr_par' dir='ltr' id='par_1_83' title="bbox 2239 1959 3757 2032">
     <span class='ocr_line' id='line_1_85' title="bbox 2239 1959 3757 2032; baseline -0.004 -10"><span class='ocrx_word' id='word_1_557' title='bbox 2239 1970 2400 2023; x_wconf 73' lang='lat' dir='ltr'><strong>Rssr.</strong></span> <span class='ocrx_word' id='word_1_558' title='bbox 2431 1968 2498 2022; x_wconf 87' lang='lat' dir='ltr'><strong>Et</strong></span> <span class='ocrx_word' id='word_1_559' title='bbox 2519 1966 2709 2020; x_wconf 84' lang='lat' dir='ltr'><strong>valde:</strong></span> <span class='ocrx_word' id='word_1_560' title='bbox 2742 1963 2978 2032; x_wconf 89' lang='lat' dir='ltr'><strong>alioquin</strong></span> <span class='ocrx_word' id='word_1_561' title='bbox 3019 1961 3242 2032; x_wconf 88' lang='lat' dir='ltr'><strong>janitori</strong></span> <span class='ocrx_word' id='word_1_562' title='bbox 3276 1961 3522 2030; x_wconf 63' lang='lat' dir='ltr'><strong>praecipit</strong></span> <span class='ocrx_word' id='word_1_563' title='bbox 3547 1959 3757 2016; x_wconf 86' lang='lat' dir='ltr'><strong>frustra</strong></span> 
     </span>
    </p>
   </div>
   <div class='ocr_carea' id='block_1_84' title="bbox 2168 2051 3756 2128">
    <p class='ocr_par' dir='ltr' id='par_1_84' title="bbox 2168 2051 3756 2128">
     <span class='ocr_line' id='line_1_86' title="bbox 2168 2051 3756 2128; baseline -0.007 -14"><span class='ocrx_word' id='word_1_564' title='bbox 2168 2070 2228 2115; x_wconf 91' lang='lat' dir='ltr'><strong>ut</strong></span> <span class='ocrx_word' id='word_1_565' title='bbox 2256 2059 2458 2128; x_wconf 80' lang='lat' dir='ltr'><strong>vigilet,</strong></span> <span class='ocrx_word' id='word_1_566' title='bbox 2491 2057 2534 2111; x_wconf 91' lang='lat' dir='ltr'><strong>si</strong></span> <span class='ocrx_word' id='word_1_567' title='bbox 2563 2056 2703 2110; x_wconf 92' lang='lat' dir='ltr'><strong>alius</strong></span> <span class='ocrx_word' id='word_1_568' title='bbox 2729 2055 2782 2108; x_wconf 93' lang='lat' dir='ltr'><strong>in</strong></span> <span class='ocrx_word' id='word_1_569' title='bbox 2815 2055 2974 2108; x_wconf 89' lang='lat' dir='ltr'><strong>domo</strong></span> <span class='ocrx_word' id='word_1_570' title='bbox 3001 2051 3116 2106; x_wconf 88' lang='lat' dir='ltr'><strong>vult</strong></span> <span class='ocrx_word' id='word_1_571' title='bbox 3143 2051 3416 2120; x_wconf 89' lang='lat' dir='ltr'><strong>quodlibet</strong></span> <span class='ocrx_word' id='word_1_572' title='bbox 3443 2051 3756 2119; x_wconf 89' lang='lat' dir='ltr'><strong>disponere.</strong></span> 
     </span>
    </p>
   </div>
   <div class='ocr_carea' id='block_1_85' title="bbox 2173 2139 3762 2211">
    <p class='ocr_par' dir='ltr' id='par_1_85' title="bbox 2173 2139 3762 2211">
     <span class='ocr_line' id='line_1_87' title="bbox 2173 2139 3762 2211; baseline -0.008 -6"><span class='ocrx_word' id='word_1_573' title='bbox 2173 2149 2264 2205; x_wconf 88' lang='lat' dir='ltr'><strong>Sic</strong></span> <span class='ocrx_word' id='word_1_574' title='bbox 2286 2157 2342 2202; x_wconf 92' lang='lat' dir='ltr'><strong>et</strong></span> <span class='ocrx_word' id='word_1_575' title='bbox 2372 2149 2552 2202; x_wconf 87' lang='lat' dir='ltr'><strong>Aaron</strong></span> <span class='ocrx_word' id='word_1_576' title='bbox 2581 2160 2701 2200; x_wconf 90' lang='lat' dir='ltr'><strong>cum</strong></span> <span class='ocrx_word' id='word_1_577' title='bbox 2732 2145 2953 2198; x_wconf 84' lang='lat' dir='ltr'><strong>absente</strong></span> <span class='ocrx_word' id='word_1_578' title='bbox 2977 2149 3032 2196; x_wconf 89' lang='lat' dir='ltr'><strong>et</strong></span> <span class='ocrx_word' id='word_1_579' title='bbox 3060 2143 3341 2210; x_wconf 86' lang='lat' dir='ltr'><strong>ignorante</strong></span> <span class='ocrx_word' id='word_1_580' title='bbox 3371 2139 3551 2211; x_wconf 81' lang='lat' dir='ltr'><strong>Moyse</strong></span> <span class='ocrx_word' id='word_1_581' title='bbox 3583 2141 3640 2194; x_wconf 91' lang='lat' dir='ltr'><strong>in</strong></span> <span class='ocrx_word' id='word_1_582' title='bbox 3668 2155 3762 2210; x_wconf 84' lang='lat' dir='ltr'><strong>po-</strong></span> 
     </span>
    </p>
   </div>
   <div class='ocr_carea' id='block_1_86' title="bbox 2171 2229 3763 2310">
    <p class='ocr_par' dir='ltr' id='par_1_86' title="bbox 2171 2229 3763 2310">
     <span class='ocr_line' id='line_1_88' title="bbox 2171 2229 3763 2310; baseline -0.005 -17"><span class='ocrx_word' id='word_1_583' title='bbox 2171 2239 2298 2310; x_wconf 92' lang='lat' dir='ltr'><strong>pulo</strong></span> <span class='ocrx_word' id='word_1_584' title='bbox 2347 2237 2621 2308; x_wconf 88' lang='lat' dir='ltr'><strong>quippiam</strong></span> <span class='ocrx_word' id='word_1_585' title='bbox 2664 2233 2944 2304; x_wconf 63' lang='lat' dir='ltr'><strong>praesumit</strong></span> <span class='ocrx_word' id='word_1_586' title='bbox 2993 2231 3199 2302; x_wconf 76' lang='lat' dir='ltr'><strong>(Exod.</strong></span> <span class='ocrx_word' id='word_1_587' title='bbox 3248 2230 3467 2300; x_wconf 75' lang='lat' dir='ltr'><strong>xxx&quot;),</strong></span> <span class='ocrx_word' id='word_1_588' title='bbox 3526 2229 3763 2285; x_wconf 85' lang='lat' dir='ltr'><strong>conﬂato</strong></span> 
     </span>
    </p>
   </div>
   <div class='ocr_carea' id='block_1_87' title="bbox 2175 2320 3763 2394">
    <p class='ocr_par' dir='ltr' id='par_1_87' title="bbox 2175 2320 3763 2394">
     <span class='ocr_line' id='line_1_89' title="bbox 2175 2320 3763 2394; baseline -0.005 -12"><span class='ocrx_word' id='word_1_589' title='bbox 2175 2328 2337 2394; x_wconf 81' lang='lat' dir='ltr'><strong>idolo,</strong></span> <span class='ocrx_word' id='word_1_590' title='bbox 2373 2335 2483 2380; x_wconf 89' lang='lat' dir='ltr'><strong>tam</strong></span> <span class='ocrx_word' id='word_1_591' title='bbox 2528 2340 2690 2394; x_wconf 88' lang='lat' dir='ltr'><strong>super</strong></span> <span class='ocrx_word' id='word_1_592' title='bbox 2731 2339 2789 2378; x_wconf 89' lang='lat' dir='ltr'><strong>se</strong></span> <span class='ocrx_word' id='word_1_593' title='bbox 2819 2338 2981 2392; x_wconf 90' lang='lat' dir='ltr'><strong>quam</strong></span> <span class='ocrx_word' id='word_1_594' title='bbox 3012 2335 3174 2391; x_wconf 91' lang='lat' dir='ltr'><strong>super</strong></span> <span class='ocrx_word' id='word_1_595' title='bbox 3202 2320 3466 2389; x_wconf 88' lang='lat' dir='ltr'><strong>reliquum</strong></span> <span class='ocrx_word' id='word_1_596' title='bbox 3501 2321 3763 2390; x_wconf 89' lang='lat' dir='ltr'><strong>populum</strong></span> 
     </span>
    </p>
   </div>
   <div class='ocr_carea' id='block_1_88' title="bbox 2177 2410 3766 2489">
    <p class='ocr_par' dir='ltr' id='par_1_88' title="bbox 2177 2410 3766 2489">
     <span class='ocr_line' id='line_1_90' title="bbox 2177 2410 3766 2489; baseline -0.007 -14"><span class='ocrx_word' id='word_1_597' title='bbox 2177 2421 2382 2476; x_wconf 87' lang='lat' dir='ltr'><strong>inducit</strong></span> <span class='ocrx_word' id='word_1_598' title='bbox 2413 2433 2574 2489; x_wconf 84' lang='lat' dir='ltr'><strong>grave</strong></span> <span class='ocrx_word' id='word_1_599' title='bbox 2619 2426 2924 2486; x_wconf 89' lang='lat' dir='ltr'><strong>peccatum.</strong></span> <span class='ocrx_word' id='word_1_600' title='bbox 2973 2413 3055 2467; x_wconf 84' lang='lat' dir='ltr'><strong>Ab</strong></span> <span class='ocrx_word' id='word_1_601' title='bbox 3103 2413 3207 2466; x_wconf 90' lang='lat' dir='ltr'><strong>hoc</strong></span> <span class='ocrx_word' id='word_1_602' title='bbox 3250 2410 3564 2466; x_wconf 69' lang='lat' dir='ltr'><strong>idololatriae</strong></span> <span class='ocrx_word' id='word_1_603' title='bbox 3612 2419 3766 2465; x_wconf 81' lang='lat' dir='ltr'><strong>reatu</strong></span> 
     </span>
    </p>
   </div>
   <div class='ocr_carea' id='block_1_89' title="bbox 2178 2502 3768 2576">
    <p class='ocr_par' dir='ltr' id='par_1_89' title="bbox 2178 2502 3768 2576">
     <span class='ocr_line' id='line_1_91' title="bbox 2178 2502 3768 2576; baseline -0.005 -12"><span class='ocrx_word' id='word_1_604' title='bbox 2178 2511 2376 2566; x_wconf 85' lang='lat' dir='ltr'><strong>Paulus</strong></span> <span class='ocrx_word' id='word_1_605' title='bbox 2418 2509 2712 2564; x_wconf 90' lang='lat' dir='ltr'><strong>Corinthiis</strong></span> <span class='ocrx_word' id='word_1_606' title='bbox 2754 2507 3028 2576; x_wconf 89' lang='lat' dir='ltr'><strong>provisum</strong></span> <span class='ocrx_word' id='word_1_607' title='bbox 3060 2519 3180 2558; x_wconf 89' lang='lat' dir='ltr'><strong>esse</strong></span> <span class='ocrx_word' id='word_1_608' title='bbox 3223 2503 3410 2567; x_wconf 88' lang='lat' dir='ltr'><strong>voluit,</strong></span> <span class='ocrx_word' id='word_1_609' title='bbox 3437 2502 3644 2571; x_wconf 88' lang='lat' dir='ltr'><strong>quibus</strong></span> <span class='ocrx_word' id='word_1_610' title='bbox 3671 2515 3768 2570; x_wconf 88' lang='lat' dir='ltr'><strong>pro</strong></span> 
     </span>
    </p>
   </div>
   <div class='ocr_carea' id='block_1_90' title="bbox 2179 2591 3772 2668">
    <p class='ocr_par' dir='ltr' id='par_1_90' title="bbox 2179 2591 3772 2668">
     <span class='ocr_line' id='line_1_92' title="bbox 2179 2591 3772 2668; baseline -0.008 -12"><span class='ocrx_word' id='word_1_611' title='bbox 2179 2601 2498 2668; x_wconf 86' lang='lat' dir='ltr'><strong>corrigendo</strong></span> <span class='ocrx_word' id='word_1_612' title='bbox 2545 2613 2611 2653; x_wconf 93' lang='lat' dir='ltr'><strong>eo</strong></span> <span class='ocrx_word' id='word_1_613' title='bbox 2646 2597 2738 2666; x_wconf 91' lang='lat' dir='ltr'><strong>qui</strong></span> <span class='ocrx_word' id='word_1_614' title='bbox 2784 2596 2954 2665; x_wconf 87' lang='lat' dir='ltr'><strong>patris</strong></span> <span class='ocrx_word' id='word_1_615' title='bbox 3000 2608 3223 2648; x_wconf 80' lang='lat' dir='ltr'><strong>uxorem</strong></span> <span class='ocrx_word' id='word_1_616' title='bbox 3271 2591 3592 2656; x_wconf 87' lang='lat' dir='ltr'><strong>violaverat,</strong></span> <span class='ocrx_word' id='word_1_617' title='bbox 3647 2591 3772 2645; x_wconf 89' lang='lat' dir='ltr'><strong>licet</strong></span> 
     </span>
    </p>
   </div>
   <div class='ocr_carea' id='block_1_91' title="bbox 2180 2682 3774 2764">
    <p class='ocr_par' dir='ltr' id='par_1_91' title="bbox 2180 2682 3774 2764">
     <span class='ocr_line' id='line_1_93' title="bbox 2180 2682 3774 2764; baseline -0.009 -15"><span class='ocrx_word' id='word_1_618' title='bbox 2180 2708 2407 2764; x_wconf 89' lang='lat' dir='ltr'><strong>corpore</strong></span> <span class='ocrx_word' id='word_1_619' title='bbox 2435 2693 2631 2746; x_wconf 90' lang='lat' dir='ltr'><strong>absens</strong></span> <span class='ocrx_word' id='word_1_620' title='bbox 2653 2689 2842 2743; x_wconf 87' lang='lat' dir='ltr'><strong>scribit</strong></span> <span class='ocrx_word' id='word_1_621' title='bbox 2869 2702 2883 2740; x_wconf 93' lang='lat'><strong>:</strong></span> <span class='ocrx_word' id='word_1_622' title='bbox 2918 2685 3254 2756; x_wconf 84' lang='lat' dir='ltr'><strong>Congregatis</strong></span> <span class='ocrx_word' id='word_1_623' title='bbox 3277 2684 3420 2737; x_wconf 88' lang='lat' dir='ltr'><strong>vobis</strong></span> <span class='ocrx_word' id='word_1_624' title='bbox 3445 2700 3488 2736; x_wconf 68' lang='lat' dir='ltr'><strong>ei</strong></span> <span class='ocrx_word' id='word_1_625' title='bbox 3515 2699 3638 2736; x_wconf 89' lang='lat' dir='ltr'><strong>meo</strong></span> <span class='ocrx_word' id='word_1_626' title='bbox 3667 2682 3774 2754; x_wconf 86' lang='lat' dir='ltr'><strong>spi-</strong></span> 
     </span>
    </p>
   </div>
   <div class='ocr_carea' id='block_1_92' title="bbox 2183 2772 3771 2849">
    <p class='ocr_par' dir='ltr' id='par_1_92' title="bbox 2183 2772 3771 2849">
     <span class='ocr_line' id='line_1_94' title="bbox 2183 2772 3771 2849; baseline -0.007 -11"><span class='ocrx_word' id='word_1_627' title='bbox 2183 2788 2309 2849; x_wconf 90' lang='lat' dir='ltr'><strong>ritu,</strong></span> <span class='ocrx_word' id='word_1_628' title='bbox 2352 2800 2468 2837; x_wconf 90' lang='lat' dir='ltr'><strong>cum</strong></span> <span class='ocrx_word' id='word_1_629' title='bbox 2499 2783 2686 2836; x_wconf 87' lang='lat' dir='ltr'><strong>virtute</strong></span> <span class='ocrx_word' id='word_1_630' title='bbox 2720 2779 2931 2834; x_wconf 86' lang='lat' dir='ltr'><strong>Domini</strong></span> <span class='ocrx_word' id='word_1_631' title='bbox 2960 2778 3124 2830; x_wconf 86' lang='lat' dir='ltr'><strong>nostri</strong></span> <span class='ocrx_word' id='word_1_632' title='bbox 3159 2775 3287 2829; x_wconf 81' lang='lat' dir='ltr'><strong>Jesu</strong></span> <span class='ocrx_word' id='word_1_633' title='bbox 3329 2772 3527 2828; x_wconf 81' lang='lat' dir='ltr'><strong>Christi</strong></span> <span class='ocrx_word' id='word_1_634' title='bbox 3553 2773 3611 2845; x_wconf 89' lang='lat' dir='ltr'><strong>(I</strong></span> <span class='ocrx_word' id='word_1_635' title='bbox 3650 2772 3771 2828; x_wconf 91' lang='lat' dir='ltr'><strong>Cor.</strong></span> 
     </span>
    </p>
   </div>
   <div class='ocr_carea' id='block_1_93' title="bbox 2185 2864 3776 2944">
    <p class='ocr_par' dir='ltr' id='par_1_93' title="bbox 2185 2864 3776 2944">
     <span class='ocr_line' id='line_1_95' title="bbox 2185 2864 3776 2944; baseline -0.006 -16"><span class='ocrx_word' id='word_1_636' title='bbox 2185 2874 2288 2944; x_wconf 87' lang='lat' dir='ltr'><strong>Ill).</strong></span> <span class='ocrx_word' id='word_1_637' title='bbox 2318 2873 2604 2928; x_wconf 82' lang='lat' dir='ltr'><strong>Timotheo</strong></span> <span class='ocrx_word' id='word_1_638' title='bbox 2629 2871 2789 2925; x_wconf 90' lang='lat' dir='ltr'><strong>etiam</strong></span> <span class='ocrx_word' id='word_1_639' title='bbox 2829 2868 3076 2939; x_wconf 89' lang='lat' dir='ltr'><strong>quamvis</strong></span> <span class='ocrx_word' id='word_1_640' title='bbox 3099 2868 3377 2936; x_wconf 90' lang='lat' dir='ltr'><strong>proposito</strong></span> <span class='ocrx_word' id='word_1_641' title='bbox 3402 2866 3687 2929; x_wconf 88' lang='lat' dir='ltr'><strong>omnibus,</strong></span> <span class='ocrx_word' id='word_1_642' title='bbox 3709 2864 3776 2918; x_wconf 82' lang='lat' dir='ltr'><strong>de</strong></span> 
     </span>
    </p>
   </div>
   <div class='ocr_carea' id='block_1_94' title="bbox 2186 2958 3777 3031">
    <p class='ocr_par' dir='ltr' id='par_1_94' title="bbox 2186 2958 3777 3031">
     <span class='ocr_line' id='line_1_96' title="bbox 2186 2958 3777 3031; baseline -0.006 -11"><span class='ocrx_word' id='word_1_643' title='bbox 2186 2966 2387 3020; x_wconf 88' lang='lat' dir='ltr'><strong>utendo</strong></span> <span class='ocrx_word' id='word_1_644' title='bbox 2436 2964 2648 3018; x_wconf 88' lang='lat' dir='ltr'><strong>modico</strong></span> <span class='ocrx_word' id='word_1_645' title='bbox 2688 2963 2813 3016; x_wconf 91' lang='lat' dir='ltr'><strong>vino</strong></span> <span class='ocrx_word' id='word_1_646' title='bbox 2857 2960 3118 3031; x_wconf 77' lang='lat' dir='ltr'><strong>praecipit.</strong></span> <span class='ocrx_word' id='word_1_647' title='bbox 3153 2958 3407 3025; x_wconf 75' lang='lat' dir='ltr'><strong>Quzedam</strong></span> <span class='ocrx_word' id='word_1_648' title='bbox 3446 2958 3777 3013; x_wconf 86' lang='lat' dir='ltr'><strong>ordinantur</strong></span> 
     </span>
    </p>
   </div>
   <div class='ocr_carea' id='block_1_95' title="bbox 2112 3047 3778 3125">
    <p class='ocr_par' dir='ltr' id='par_1_95' title="bbox 2112 3047 3778 3125">
     <span class='ocr_line' id='line_1_97' title="bbox 2112 3047 3778 3125; baseline -0.003 -17"><span class='ocrx_word' id='word_1_649' title='bbox 2112 3047 2156 3108; x_wconf 93' lang='lat' dir='ltr'><strong>C</strong></span> <span class='ocrx_word' id='word_1_650' title='bbox 2189 3073 2220 3110; x_wconf 91' lang='lat' dir='ltr'><strong>a</strong></span> <span class='ocrx_word' id='word_1_651' title='bbox 2249 3055 2477 3110; x_wconf 88' lang='lat' dir='ltr'><strong>diversis</strong></span> <span class='ocrx_word' id='word_1_652' title='bbox 2503 3054 2769 3124; x_wconf 84' lang='lat' dir='ltr'><strong>personis,</strong></span> <span class='ocrx_word' id='word_1_653' title='bbox 2801 3053 3120 3125; x_wconf 83' lang='lat' dir='ltr'><strong>disponente</strong></span> <span class='ocrx_word' id='word_1_654' title='bbox 3165 3049 3395 3114; x_wconf 84' lang='lat' dir='ltr'><strong>seniore,</strong></span> <span class='ocrx_word' id='word_1_655' title='bbox 3427 3049 3518 3119; x_wconf 91' lang='lat' dir='ltr'><strong>qui</strong></span> <span class='ocrx_word' id='word_1_656' title='bbox 3567 3049 3778 3104; x_wconf 85' lang='lat' dir='ltr'><strong>habere</strong></span> 
     </span>
    </p>
   </div>
   <div class='ocr_carea' id='block_1_96' title="bbox 2186 3139 3776 3216">
    <p class='ocr_par' dir='ltr' id='par_1_96' title="bbox 2186 3139 3776 3216">
     <span class='ocr_line' id='line_1_98' title="bbox 2186 3139 3776 3216; baseline -0.004 -15"><span class='ocrx_word' id='word_1_657' title='bbox 2186 3154 2416 3216; x_wconf 89' lang='lat' dir='ltr'><strong>possunt</strong></span> <span class='ocrx_word' id='word_1_658' title='bbox 2445 3143 2961 3214; x_wconf 85' lang='lat' dir='ltr'><strong>congregationem;</strong></span> <span class='ocrx_word' id='word_1_659' title='bbox 3005 3141 3247 3210; x_wconf 70' lang='lat' dir='ltr'><strong>qumdam</strong></span> <span class='ocrx_word' id='word_1_660' title='bbox 3276 3155 3403 3193; x_wconf 82' lang='lat' dir='ltr'><strong>vero</strong></span> <span class='ocrx_word' id='word_1_661' title='bbox 3440 3139 3776 3204; x_wconf 85' lang='lat' dir='ltr'><strong>nullatenus,</strong></span> 
     </span>
    </p>
   </div>
   <div class='ocr_carea' id='block_1_97' title="bbox 2190 3230 3778 3305">
    <p class='ocr_par' dir='ltr' id='par_1_97' title="bbox 2190 3230 3778 3305">
     <span class='ocr_line' id='line_1_99' title="bbox 2190 3230 3778 3305; baseline -0.003 -15"><span class='ocrx_word' id='word_1_662' title='bbox 2190 3237 2292 3290; x_wconf 88' lang='lat' dir='ltr'><strong>nisi</strong></span> <span class='ocrx_word' id='word_1_663' title='bbox 2324 3244 2589 3305; x_wconf 72' lang='lat' dir='ltr'><strong>praesente</strong></span> <span class='ocrx_word' id='word_1_664' title='bbox 2621 3233 2853 3296; x_wconf 86' lang='lat' dir='ltr'><strong>seniore,</strong></span> <span class='ocrx_word' id='word_1_665' title='bbox 2881 3240 2937 3286; x_wconf 89' lang='lat' dir='ltr'><strong>et</strong></span> <span class='ocrx_word' id='word_1_666' title='bbox 2964 3231 3233 3299; x_wconf 66' lang='lat' dir='ltr'><strong>prmeipue</strong></span> <span class='ocrx_word' id='word_1_667' title='bbox 3283 3230 3335 3283; x_wconf 90' lang='lat' dir='ltr'><strong>in</strong></span> <span class='ocrx_word' id='word_1_668' title='bbox 3381 3239 3657 3284; x_wconf 85' lang='lat' dir='ltr'><strong>conventu</strong></span> <span class='ocrx_word' id='word_1_669' title='bbox 3689 3244 3778 3285; x_wconf 88' lang='lat' dir='ltr'><strong>so-</strong></span> 
     </span>
    </p>
   </div>
   <div class='ocr_carea' id='block_1_98' title="bbox 2193 3323 3780 3393">
    <p class='ocr_par' dir='ltr' id='par_1_98' title="bbox 2193 3323 3780 3393">
     <span class='ocr_line' id='line_1_100' title="bbox 2193 3323 3780 3393; baseline -0.003 -13"><span class='ocrx_word' id='word_1_670' title='bbox 2193 3343 2396 3380; x_wconf 87' lang='lat' dir='ltr'><strong>rorum.</strong></span> <span class='ocrx_word' id='word_1_671' title='bbox 2445 3325 2722 3393; x_wconf 87' lang='lat' dir='ltr'><strong>Siquidem</strong></span> <span class='ocrx_word' id='word_1_672' title='bbox 2762 3323 3030 3392; x_wconf 90' lang='lat' dir='ltr'><strong>discipuli,</strong></span> <span class='ocrx_word' id='word_1_673' title='bbox 3068 3324 3158 3393; x_wconf 87' lang='lat' dir='ltr'><strong>qui</strong></span> <span class='ocrx_word' id='word_1_674' title='bbox 3187 3323 3351 3377; x_wconf 86' lang='lat' dir='ltr'><strong>etiam</strong></span> <span class='ocrx_word' id='word_1_675' title='bbox 3391 3323 3642 3392; x_wconf 88' lang='lat' dir='ltr'><strong>potentia</strong></span> <span class='ocrx_word' id='word_1_676' title='bbox 3674 3324 3780 3376; x_wconf 86' lang='lat' dir='ltr'><strong>vir-</strong></span> 
     </span>
    </p>
   </div>
   <div class='ocr_carea' id='block_1_99' title="bbox 2196 3400 3783 3481">
    <p class='ocr_par' dir='ltr' id='par_1_99' title="bbox 2196 3400 3783 3481">
     <span class='ocr_line' id='line_1_101' title="bbox 2196 3400 3783 3481; baseline -0.003 -13"><span class='ocrx_word' id='word_1_677' title='bbox 2196 3415 2326 3469; x_wconf 86' lang='lat' dir='ltr'><strong>tutis</strong></span> <span class='ocrx_word' id='word_1_678' title='bbox 2349 3413 2441 3468; x_wconf 88' lang='lat' dir='ltr'><strong>Dci</strong></span> <span class='ocrx_word' id='word_1_679' title='bbox 2471 3412 2636 3466; x_wconf 90' lang='lat' dir='ltr'><strong>multa</strong></span> <span class='ocrx_word' id='word_1_680' title='bbox 2662 3413 2818 3480; x_wconf 82' lang='lat' dir='ltr'><strong>signa</strong></span> <span class='ocrx_word' id='word_1_681' title='bbox 2845 3400 3230 3481; x_wconf 79' lang='lat' dir='ltr'><strong>operabantur,</strong></span> <span class='ocrx_word' id='word_1_682' title='bbox 3273 3426 3303 3464; x_wconf 92' lang='lat' dir='ltr'><strong>a</strong></span> <span class='ocrx_word' id='word_1_683' title='bbox 3348 3411 3585 3479; x_wconf 87' lang='lat' dir='ltr'><strong>quodam</strong></span> <span class='ocrx_word' id='word_1_684' title='bbox 3627 3411 3783 3480; x_wconf 81' lang='lat' dir='ltr'><strong>spiri-</strong></span> 
     </span>
    </p>
   </div>
   <div class='ocr_carea' id='block_1_100' title="bbox 2199 3500 3780 3570">
    <p class='ocr_par' dir='ltr' id='par_1_100' title="bbox 2199 3500 3780 3570">
     <span class='ocr_line' id='line_1_102' title="bbox 2199 3500 3780 3570; baseline -0.004 -11"><span class='ocrx_word' id='word_1_685' title='bbox 2199 3515 2308 3560; x_wconf 88' lang='lat' dir='ltr'><strong>tum</strong></span> <span class='ocrx_word' id='word_1_686' title='bbox 2335 3503 2666 3558; x_wconf 88' lang='lat' dir='ltr'><strong>immundum</strong></span> <span class='ocrx_word' id='word_1_687' title='bbox 2693 3500 2892 3570; x_wconf 87' lang='lat' dir='ltr'><strong>ejicere</strong></span> <span class='ocrx_word' id='word_1_688' title='bbox 2933 3517 3039 3555; x_wconf 85' lang='lat' dir='ltr'><strong>non</strong></span> <span class='ocrx_word' id='word_1_689' title='bbox 3067 3508 3315 3570; x_wconf 74' lang='lat' dir='ltr'><strong>possunt,</strong></span> <span class='ocrx_word' id='word_1_690' title='bbox 3346 3500 3446 3554; x_wconf 91' lang='lat' dir='ltr'><strong>nisi</strong></span> <span class='ocrx_word' id='word_1_691' title='bbox 3477 3500 3638 3569; x_wconf 91' lang='lat' dir='ltr'><strong>prius</strong></span> <span class='ocrx_word' id='word_1_692' title='bbox 3665 3515 3780 3555; x_wconf 87' lang='lat' dir='ltr'><strong>ma-</strong></span> 
     </span>
    </p>
   </div>
   <div class='ocr_carea' id='block_1_101' title="bbox 2197 3592 3781 3669">
    <p class='ocr_par' dir='ltr' id='par_1_101' title="bbox 2197 3592 3781 3669">
     <span class='ocr_line' id='line_1_103' title="bbox 2197 3592 3781 3669; baseline -0.004 -19"><span class='ocrx_word' id='word_1_693' title='bbox 2197 3598 2366 3669; x_wconf 87' lang='lat' dir='ltr'><strong>gister</strong></span> <span class='ocrx_word' id='word_1_694' title='bbox 2394 3597 2537 3650; x_wconf 91' lang='lat' dir='ltr'><strong>hunc</strong></span> <span class='ocrx_word' id='word_1_695' title='bbox 2581 3595 2649 3650; x_wconf 86' lang='lat' dir='ltr'><strong>ad</strong></span> <span class='ocrx_word' id='word_1_696' title='bbox 2697 3611 2754 3649; x_wconf 93' lang='lat' dir='ltr'><strong>se</strong></span> <span class='ocrx_word' id='word_1_697' title='bbox 2803 3594 3026 3648; x_wconf 89' lang='lat' dir='ltr'><strong>allatum</strong></span> <span class='ocrx_word' id='word_1_698' title='bbox 3066 3592 3293 3646; x_wconf 88' lang='lat' dir='ltr'><strong>reddidit</strong></span> <span class='ocrx_word' id='word_1_699' title='bbox 3334 3607 3525 3647; x_wconf 86' lang='lat' dir='ltr'><strong>sanum</strong></span> <span class='ocrx_word' id='word_1_700' title='bbox 3555 3592 3781 3662; x_wconf 74' lang='lat' dir='ltr'><strong>(Matth.</strong></span> 
     </span>
    </p>
   </div>
   <div class='ocr_carea' id='block_1_102' title="bbox 2199 3681 3786 3758">
    <p class='ocr_par' dir='ltr' id='par_1_102' title="bbox 2199 3681 3786 3758">
     <span class='ocr_line' id='line_1_104' title="bbox 2199 3681 3786 3758; baseline -0.004 -17"><span class='ocrx_word' id='word_1_701' title='bbox 2199 3686 2354 3758; x_wconf 76' lang='lat' dir='ltr'><strong>xvii).</strong></span> <span class='ocrx_word' id='word_1_702' title='bbox 2388 3685 2465 3739; x_wconf 85' lang='lat' dir='ltr'><strong>Ne</strong></span> <span class='ocrx_word' id='word_1_703' title='bbox 2487 3699 2616 3740; x_wconf 89' lang='lat' dir='ltr'><strong>vero</strong></span> <span class='ocrx_word' id='word_1_704' title='bbox 2637 3699 2867 3753; x_wconf 90' lang='lat' dir='ltr'><strong>persona</strong></span> <span class='ocrx_word' id='word_1_705' title='bbox 2892 3690 3084 3753; x_wconf 89' lang='lat' dir='ltr'><strong>potens</strong></span> <span class='ocrx_word' id='word_1_706' title='bbox 3105 3682 3390 3751; x_wconf 77' lang='lat' dir='ltr'><strong>disponere</strong></span> <span class='ocrx_word' id='word_1_707' title='bbox 3429 3697 3526 3750; x_wconf 90' lang='lat' dir='ltr'><strong>per</strong></span> <span class='ocrx_word' id='word_1_708' title='bbox 3559 3697 3630 3736; x_wconf 88' lang='lat' dir='ltr'><strong>se</strong></span> <span class='ocrx_word' id='word_1_709' title='bbox 3659 3681 3786 3751; x_wconf 91' lang='lat' dir='ltr'><strong>quid</strong></span> 
     </span>
    </p>
   </div>
   <div class='ocr_carea' id='block_1_103' title="bbox 2200 3773 3786 3846">
    <p class='ocr_par' dir='ltr' id='par_1_103' title="bbox 2200 3773 3786 3846">
     <span class='ocr_line' id='line_1_105' title="bbox 2200 3773 3786 3846; baseline -0.001 -17"><span class='ocrx_word' id='word_1_710' title='bbox 2200 3784 2492 3846; x_wconf 75' lang='lat' dir='ltr'><strong>praesumat</strong></span> <span class='ocrx_word' id='word_1_711' title='bbox 2515 3775 2569 3828; x_wconf 91' lang='lat' dir='ltr'><strong>in</strong></span> <span class='ocrx_word' id='word_1_712' title='bbox 2596 3773 3030 3843; x_wconf 86' lang='lat' dir='ltr'><strong>congregatione,</strong></span> <span class='ocrx_word' id='word_1_713' title='bbox 3056 3773 3261 3841; x_wconf 82' lang='lat' dir='ltr'><strong>absque</strong></span> <span class='ocrx_word' id='word_1_714' title='bbox 3288 3786 3353 3825; x_wconf 89' lang='lat' dir='ltr'><strong>eo</strong></span> <span class='ocrx_word' id='word_1_715' title='bbox 3373 3773 3440 3824; x_wconf 89' lang='lat' dir='ltr'><strong>ad</strong></span> <span class='ocrx_word' id='word_1_716' title='bbox 3460 3785 3629 3839; x_wconf 89' lang='lat' dir='ltr'><strong>quem</strong></span> <span class='ocrx_word' id='word_1_717' title='bbox 3657 3787 3786 3827; x_wconf 82' lang='lat' dir='ltr'><strong>cura</strong></span> 
     </span>
    </p>
   </div>
   <div class='ocr_carea' id='block_1_104' title="bbox 2202 3864 3787 3938">
    <p class='ocr_par' dir='ltr' id='par_1_104' title="bbox 2202 3864 3787 3938">
     <span class='ocr_line' id='line_1_106' title="bbox 2202 3864 3787 3938; baseline -0.001 -17"><span class='ocrx_word' id='word_1_718' title='bbox 2202 3867 2437 3938; x_wconf 91' lang='lat' dir='ltr'><strong>pertinet</strong></span> <span class='ocrx_word' id='word_1_719' title='bbox 2467 3867 2786 3927; x_wconf 87' lang='lat' dir='ltr'><strong>animarum,</strong></span> <span class='ocrx_word' id='word_1_720' title='bbox 2823 3866 2950 3918; x_wconf 90' lang='lat' dir='ltr'><strong>hinc</strong></span> <span class='ocrx_word' id='word_1_721' title='bbox 2986 3864 3274 3934; x_wconf 85' lang='lat' dir='ltr'><strong>colligitur,</strong></span> <span class='ocrx_word' id='word_1_722' title='bbox 3307 3864 3561 3932; x_wconf 87' lang='lat' dir='ltr'><strong>quoniam</strong></span> <span class='ocrx_word' id='word_1_723' title='bbox 3611 3865 3787 3919; x_wconf 87' lang='lat' dir='ltr'><strong>rarius</strong></span> 
     </span>
    </p>
   </div>
   <div class='ocr_carea' id='block_1_105' title="bbox 2205 3951 3785 4024">
    <p class='ocr_par' dir='ltr' id='par_1_105' title="bbox 2205 3951 3785 4024">
     <span class='ocr_line' id='line_1_107' title="bbox 2205 3951 3785 4024; baseline -0.004 -13"><span class='ocrx_word' id='word_1_724' title='bbox 2205 3959 2464 4012; x_wconf 87' lang='lat' dir='ltr'><strong>sanitates</strong></span> <span class='ocrx_word' id='word_1_725' title='bbox 2493 3955 2720 4010; x_wconf 88' lang='lat' dir='ltr'><strong>contulit</strong></span> <span class='ocrx_word' id='word_1_726' title='bbox 2757 3954 3016 4008; x_wconf 88' lang='lat' dir='ltr'><strong>Dominus</strong></span> <span class='ocrx_word' id='word_1_727' title='bbox 3056 3969 3086 4007; x_wconf 87' lang='lat' dir='ltr'><strong>a</strong></span> <span class='ocrx_word' id='word_1_728' title='bbox 3126 3951 3328 4020; x_wconf 86' lang='lat' dir='ltr'><strong>majore</strong></span> <span class='ocrx_word' id='word_1_729' title='bbox 3369 3967 3604 4021; x_wconf 87' lang='lat' dir='ltr'><strong>persona</strong></span> <span class='ocrx_word' id='word_1_730' title='bbox 3629 3967 3785 4024; x_wconf 74' lang='lat' dir='ltr'><strong>roga-</strong></span> 
     </span>
    </p>
   </div>
   <div class='ocr_carea' id='block_1_106' title="bbox 2210 4044 3790 4118">
    <p class='ocr_par' dir='ltr' id='par_1_106' title="bbox 2210 4044 3790 4118">
     <span class='ocr_line' id='line_1_108' title="bbox 2210 4044 3790 4118; baseline -0.003 -16"><span class='ocrx_word' id='word_1_731' title='bbox 2210 4057 2312 4111; x_wconf 88' lang='lat' dir='ltr'><strong>tus,</strong></span> <span class='ocrx_word' id='word_1_732' title='bbox 2343 4057 2401 4101; x_wconf 92' lang='lat' dir='ltr'><strong>ut</strong></span> <span class='ocrx_word' id='word_1_733' title='bbox 2431 4047 2600 4118; x_wconf 90' lang='lat' dir='ltr'><strong>reguli</strong></span> <span class='ocrx_word' id='word_1_734' title='bbox 2646 4046 2755 4100; x_wconf 87' lang='lat' dir='ltr'><strong>filio</strong></span> <span class='ocrx_word' id='word_1_735' title='bbox 2782 4053 2835 4100; x_wconf 89' lang='lat' dir='ltr'><strong>et</strong></span> <span class='ocrx_word' id='word_1_736' title='bbox 2875 4060 3030 4100; x_wconf 90' lang='lat' dir='ltr'><strong>servo</strong></span> <span class='ocrx_word' id='word_1_737' title='bbox 3072 4045 3424 4108; x_wconf 89' lang='lat' dir='ltr'><strong>centurionis,</strong></span> <span class='ocrx_word' id='word_1_738' title='bbox 3449 4059 3621 4114; x_wconf 84' lang='lat' dir='ltr'><strong>quam</strong></span> <span class='ocrx_word' id='word_1_739' title='bbox 3653 4044 3790 4098; x_wconf 84' lang='lat' dir='ltr'><strong>forte</strong></span> 
     </span>
    </p>
   </div>
   <div class='ocr_carea' id='block_1_107' title="bbox 2208 4133 3789 4208">
    <p class='ocr_par' dir='ltr' id='par_1_107' title="bbox 2208 4133 3789 4208">
     <span class='ocr_line' id='line_1_109' title="bbox 2208 4133 3789 4208; baseline -0.004 -14"><span class='ocrx_word' id='word_1_740' title='bbox 2208 4139 2294 4194; x_wconf 90' lang='lat' dir='ltr'><strong>his</strong></span> <span class='ocrx_word' id='word_1_741' title='bbox 2323 4138 2436 4208; x_wconf 88' lang='lat' dir='ltr'><strong>qui,</strong></span> <span class='ocrx_word' id='word_1_742' title='bbox 2461 4138 2613 4192; x_wconf 87' lang='lat' dir='ltr'><strong>liberi</strong></span> <span class='ocrx_word' id='word_1_743' title='bbox 2653 4137 2722 4190; x_wconf 90' lang='lat' dir='ltr'><strong>ab</strong></span> <span class='ocrx_word' id='word_1_744' title='bbox 2752 4136 2976 4204; x_wconf 87' lang='lat' dir='ltr'><strong>imperio</strong></span> <span class='ocrx_word' id='word_1_745' title='bbox 2999 4133 3195 4199; x_wconf 89' lang='lat' dir='ltr'><strong>alieno,</strong></span> <span class='ocrx_word' id='word_1_746' title='bbox 3226 4149 3322 4188; x_wconf 92' lang='lat' dir='ltr'><strong>suo</strong></span> <span class='ocrx_word' id='word_1_747' title='bbox 3347 4133 3607 4187; x_wconf 89' lang='lat' dir='ltr'><strong>vivebant</strong></span> <span class='ocrx_word' id='word_1_748' title='bbox 3643 4133 3789 4187; x_wconf 87' lang='lat' dir='ltr'><strong>arbi-</strong></span> 
     </span>
    </p>
   </div>
   <div class='ocr_carea' id='block_1_108' title="bbox 2211 4225 3791 4298">
    <p class='ocr_par' dir='ltr' id='par_1_108' title="bbox 2211 4225 3791 4298">
     <span class='ocr_line' id='line_1_110' title="bbox 2211 4225 3791 4298; baseline -0.007 -12"><span class='ocrx_word' id='word_1_749' title='bbox 2211 4233 2336 4298; x_wconf 89' lang='lat' dir='ltr'><strong>trio,</strong></span> <span class='ocrx_word' id='word_1_750' title='bbox 2374 4240 2435 4284; x_wconf 91' lang='lat' dir='ltr'><strong>ut</strong></span> <span class='ocrx_word' id='word_1_751' title='bbox 2461 4231 2617 4284; x_wconf 89' lang='lat' dir='ltr'><strong>docet</strong></span> <span class='ocrx_word' id='word_1_752' title='bbox 2644 4226 2836 4281; x_wconf 89' lang='lat' dir='ltr'><strong>mulier</strong></span> <span class='ocrx_word' id='word_1_753' title='bbox 2862 4225 2951 4279; x_wconf 90' lang='lat' dir='ltr'><strong>illa</strong></span> <span class='ocrx_word' id='word_1_754' title='bbox 2996 4225 3272 4294; x_wconf 75' lang='lat' dir='ltr'><strong>peccatrix</strong></span> <span class='ocrx_word' id='word_1_755' title='bbox 3304 4238 3425 4292; x_wconf 79' lang='lat' dir='ltr'><strong>qua:</strong></span> <span class='ocrx_word' id='word_1_756' title='bbox 3456 4237 3553 4293; x_wconf 89' lang='lat' dir='ltr'><strong>per</strong></span> <span class='ocrx_word' id='word_1_757' title='bbox 3586 4239 3652 4279; x_wconf 89' lang='lat' dir='ltr'><strong>se</strong></span> <span class='ocrx_word' id='word_1_758' title='bbox 3672 4237 3791 4278; x_wconf 81' lang='lat' dir='ltr'><strong>cur-</strong></span> 
     </span>
    </p>
   </div>
   <div class='ocr_carea' id='block_1_109' title="bbox 2213 4317 2899 4378">
    <p class='ocr_par' dir='ltr' id='par_1_109' title="bbox 2213 4317 2899 4378">
     <span class='ocr_line' id='line_1_111' title="bbox 2213 4317 2899 4378; baseline -0.015 0"><span class='ocrx_word' id='word_1_759' title='bbox 2213 4325 2284 4378; x_wconf 90' lang='lat' dir='ltr'><strong>rit</strong></span> <span class='ocrx_word' id='word_1_760' title='bbox 2305 4322 2374 4376; x_wconf 83' lang='lat' dir='ltr'><strong>ad</strong></span> <span class='ocrx_word' id='word_1_761' title='bbox 2398 4321 2665 4376; x_wconf 88' lang='lat' dir='ltr'><strong>medicum</strong></span> <span class='ocrx_word' id='word_1_762' title='bbox 2691 4317 2899 4372; x_wconf 89' lang='lat' dir='ltr'><strong>salutis.</strong></span> 
     </span>
    </p>
   </div>
   <div class='ocr_carea' id='block_1_110' title="bbox 2657 4401 3350 4462">
    <p class='ocr_par' dir='ltr' id='par_1_110' title="bbox 2657 4401 3350 4462">
     <span class='ocr_line' id='line_1_112' title="bbox 2657 4401 3350 4462; baseline -0.007 0"><span class='ocrx_word' id='word_1_763' title='bbox 2657 4401 3166 4462; x_wconf 71' lang='lat' dir='ltr'><strong>INTERROGATIO</strong></span> <span class='ocrx_word' id='word_1_764' title='bbox 3201 4403 3350 4460; x_wconf 87' lang='lat' dir='ltr'><strong>CCII.</strong></span> 
     </span>
    </p>
   </div>
   <div class='ocr_carea' id='block_1_111' title="bbox 2215 4497 3792 4576">
    <p class='ocr_par' dir='ltr' id='par_1_111' title="bbox 2215 4497 3792 4576">
     <span class='ocr_line' id='line_1_113' title="bbox 2215 4497 3792 4576; baseline -0.006 -17"><span class='ocrx_word' id='word_1_765' title='bbox 2215 4505 2277 4559; x_wconf 92' lang='lat' dir='ltr'><strong>Si</strong></span> <span class='ocrx_word' id='word_1_766' title='bbox 2301 4514 2463 4576; x_wconf 90' lang='lat' dir='ltr'><strong>potest</strong></span> <span class='ocrx_word' id='word_1_767' title='bbox 2489 4502 2738 4576; x_wconf 88' lang='lat' dir='ltr'><strong>impedire</strong></span> <span class='ocrx_word' id='word_1_768' title='bbox 2757 4501 3079 4576; x_wconf 77' lang='lat' dir='ltr'><strong>propositum</strong></span> <span class='ocrx_word' id='word_1_769' title='bbox 3100 4499 3267 4576; x_wconf 81' lang='lat' dir='ltr'><strong>sancti</strong></span> <span class='ocrx_word' id='word_1_770' title='bbox 3286 4498 3511 4576; x_wconf 64' lang='lat' dir='ltr'><strong>hominis</strong></span> <span class='ocrx_word' id='word_1_771' title='bbox 3534 4497 3792 4576; x_wconf 68' lang='lat' dir='ltr'><strong>Satanas.</strong></span> 
     </span>
    </p>
   </div>
   <div class='ocr_carea' id='block_1_112' title="bbox 2285 4567 3793 4647">
    <p class='ocr_par' dir='ltr' id='par_1_112' title="bbox 2285 4567 3793 4647">
     <span class='ocr_line' id='line_1_114' title="bbox 2285 4567 3793 4647; baseline -0.005 -21"><span class='ocrx_word' id='word_1_772' title='bbox 2285 4567 2408 4647; x_wconf 80' lang='lat' dir='ltr'><strong>quia</strong></span> <span class='ocrx_word' id='word_1_773' title='bbox 2444 4567 2691 4647; x_wconf 82' lang='lat' dir='ltr'><strong>scriptum</strong></span> <span class='ocrx_word' id='word_1_774' title='bbox 2729 4567 2803 4647; x_wconf 78' lang='lat' dir='ltr'><strong>est</strong></span> <span class='ocrx_word' id='word_1_775' title='bbox 2840 4567 2859 4647; x_wconf 67' lang='grc' dir='ltr'><strong><em>ς</em></strong></span> <span class='ocrx_word' id='word_1_776' title='bbox 2899 4569 3010 4638; x_wconf 78' lang='lat' dir='ltr'><strong>Ego</strong></span> <span class='ocrx_word' id='word_1_777' title='bbox 3048 4569 3256 4647; x_wconf 71' lang='lat' dir='ltr'><strong>quidem</strong></span> <span class='ocrx_word' id='word_1_778' title='bbox 3281 4567 3503 4647; x_wconf 45' lang='lat' dir='ltr'><strong>“Paulus</strong></span> <span class='ocrx_word' id='word_1_779' title='bbox 3545 4567 3711 4647; x_wconf 53' lang='lat' dir='ltr'><strong>semel</strong></span> <span class='ocrx_word' id='word_1_780' title='bbox 3747 4578 3793 4619; x_wconf 85' lang='lat' dir='ltr'><strong>et</strong></span> 
     </span>
    </p>
   </div>
   <div class='ocr_carea' id='block_1_113' title="bbox 2288 4636 3794 4707">
    <p class='ocr_par' dir='ltr' id='par_1_113' title="bbox 2288 4636 3794 4707">
     <span class='ocr_line' id='line_1_115' title="bbox 2288 4636 3794 4707; baseline -0.005 -9"><span class='ocrx_word' id='word_1_781' title='bbox 2288 4636 2362 4698; x_wconf 76' lang='lat' dir='ltr'><strong>bis</strong></span> <span class='ocrx_word' id='word_1_782' title='bbox 2402 4636 2568 4698; x_wconf 77' lang='lat' dir='ltr'><strong>venire</strong></span> <span class='ocrx_word' id='word_1_783' title='bbox 2606 4640 2744 4694; x_wconf 89' lang='lat' dir='ltr'><strong>volui</strong></span> <span class='ocrx_word' id='word_1_784' title='bbox 2785 4639 2853 4692; x_wconf 91' lang='lat' dir='ltr'><strong>ad</strong></span> <span class='ocrx_word' id='word_1_785' title='bbox 2893 4636 2980 4692; x_wconf 81' lang='lat' dir='ltr'><strong>vos</strong></span> <span class='ocrx_word' id='word_1_786' title='bbox 3023 4636 3070 4691; x_wconf 81' lang='lat' dir='ltr'><strong>et</strong></span> <span class='ocrx_word' id='word_1_787' title='bbox 3121 4639 3382 4707; x_wconf 88' lang='lat' dir='ltr'><strong>impedivit</strong></span> <span class='ocrx_word' id='word_1_788' title='bbox 3425 4654 3515 4691; x_wconf 91' lang='lat' dir='ltr'><strong>nos</strong></span> <span class='ocrx_word' id='word_1_789' title='bbox 3559 4636 3794 4691; x_wconf 86' lang='lat' dir='ltr'><strong>Satanas</strong></span> 
     </span>
    </p>
   </div>
   <div class='ocr_carea' id='block_1_114' title="bbox 2291 4711 2671 4786">
    <p class='ocr_par' dir='ltr' id='par_1_114' title="bbox 2291 4711 2671 4786">
     <span class='ocr_line' id='line_1_116' title="bbox 2291 4711 2671 4786; baseline -0.016 -18"><span class='ocrx_word' id='word_1_790' title='bbox 2291 4715 2338 4786; x_wconf 85' lang='lat' dir='ltr'><strong>(l</strong></span> <span class='ocrx_word' id='word_1_791' title='bbox 2378 4714 2556 4767; x_wconf 89' lang='lat' dir='ltr'><strong>Thess.</strong></span> <span class='ocrx_word' id='word_1_792' title='bbox 2589 4711 2671 4782; x_wconf 87' lang='grc' dir='ltr'><strong>ιι).</strong></span> 
     </span>
    </p>
   </div>
   <div class='ocr_carea' id='block_1_115' title="bbox 2298 4797 3795 4869">
    <p class='ocr_par' dir='ltr' id='par_1_115' title="bbox 2298 4797 3795 4869">
     <span class='ocr_line' id='line_1_117' title="bbox 2298 4797 3795 4869; baseline -0.001 -13"><span class='ocrx_word' id='word_1_793' title='bbox 2298 4803 2458 4856; x_wconf 72' lang='lat' dir='ltr'><strong>Resp.</strong></span> <span class='ocrx_word' id='word_1_794' title='bbox 2501 4801 2696 4853; x_wconf 89' lang='lat' dir='ltr'><strong>Eorum</strong></span> <span class='ocrx_word' id='word_1_795' title='bbox 2728 4813 2846 4868; x_wconf 75' lang='lat' dir='ltr'><strong>qute</strong></span> <span class='ocrx_word' id='word_1_796' title='bbox 2874 4797 2929 4852; x_wconf 90' lang='lat' dir='ltr'><strong>in</strong></span> <span class='ocrx_word' id='word_1_797' title='bbox 2975 4797 3203 4852; x_wconf 91' lang='lat' dir='ltr'><strong>Domino</strong></span> <span class='ocrx_word' id='word_1_798' title='bbox 3248 4807 3506 4869; x_wconf 87' lang='lat' dir='ltr'><strong>geruntur</strong></span> <span class='ocrx_word' id='word_1_799' title='bbox 3546 4800 3795 4868; x_wconf 72' lang='lat' dir='ltr'><strong>quaedam</strong></span> 
     </span>
    </p>
   </div>
   <div class='ocr_carea' id='block_1_116' title="bbox 2227 4888 3794 4964">
    <p class='ocr_par' dir='ltr' id='par_1_116' title="bbox 2227 4888 3794 4964">
     <span class='ocr_line' id='line_1_118' title="bbox 2227 4888 3794 4964; baseline -0.003 -16"><span class='ocrx_word' id='word_1_800' title='bbox 2227 4894 2441 4964; x_wconf 87' lang='lat' dir='ltr'><strong>quidem</strong></span> <span class='ocrx_word' id='word_1_801' title='bbox 2473 4890 2587 4945; x_wconf 90' lang='lat' dir='ltr'><strong>solo</strong></span> <span class='ocrx_word' id='word_1_802' title='bbox 2627 4890 2902 4958; x_wconf 89' lang='lat' dir='ltr'><strong>pr0posito</strong></span> <span class='ocrx_word' id='word_1_803' title='bbox 2935 4897 2988 4941; x_wconf 90' lang='lat' dir='ltr'><strong>et</strong></span> <span class='ocrx_word' id='word_1_804' title='bbox 3007 4889 3212 4958; x_wconf 90' lang='lat' dir='ltr'><strong>judicio</strong></span> <span class='ocrx_word' id='word_1_805' title='bbox 3237 4890 3432 4944; x_wconf 78' lang='lat' dir='ltr'><strong>anima:</strong></span> <span class='ocrx_word' id='word_1_806' title='bbox 3469 4888 3794 4953; x_wconf 78' lang='lat' dir='ltr'><strong>eﬁiciuntur,</strong></span> 
     </span>
    </p>
   </div>
   <div class='ocr_carea' id='block_1_117' title="bbox 2228 4980 3795 5053">
    <p class='ocr_par' dir='ltr' id='par_1_117' title="bbox 2228 4980 3795 5053">
     <span class='ocr_line' id='line_1_119' title="bbox 2228 4980 3795 5053; baseline -0.004 -15"><span class='ocrx_word' id='word_1_807' title='bbox 2228 4983 2472 5053; x_wconf 65' lang='lat' dir='ltr'><strong>quaedam</strong></span> <span class='ocrx_word' id='word_1_808' title='bbox 2499 4983 2664 5036; x_wconf 89' lang='lat' dir='ltr'><strong>etiam</strong></span> <span class='ocrx_word' id='word_1_809' title='bbox 2692 4996 2789 5049; x_wconf 88' lang='lat' dir='ltr'><strong>per</strong></span> <span class='ocrx_word' id='word_1_810' title='bbox 2832 4994 3030 5048; x_wconf 89' lang='lat' dir='ltr'><strong>corpus</strong></span> <span class='ocrx_word' id='word_1_811' title='bbox 3070 4980 3448 5049; x_wconf 89' lang='lat' dir='ltr'><strong>adimplentur,</strong></span> <span class='ocrx_word' id='word_1_812' title='bbox 3482 4980 3534 5034; x_wconf 90' lang='lat' dir='ltr'><strong>id</strong></span> <span class='ocrx_word' id='word_1_813' title='bbox 3579 4988 3685 5045; x_wconf 84' lang='lat' dir='ltr'><strong>est,</strong></span> <span class='ocrx_word' id='word_1_814' title='bbox 3717 4980 3795 5032; x_wconf 83' lang='lat' dir='ltr'><strong>vel</strong></span> 
     </span>
    </p>
   </div>
   <div class='ocr_carea' id='block_1_118' title="bbox 2228 5072 3796 5146">
    <p class='ocr_par' dir='ltr' id='par_1_118' title="bbox 2228 5072 3796 5146">
     <span class='ocr_line' id='line_1_120' title="bbox 2228 5072 3796 5146; baseline -0.005 -14"><span class='ocrx_word' id='word_1_815' title='bbox 2228 5079 2432 5144; x_wconf 86' lang='lat' dir='ltr'><strong>labore,</strong></span> <span class='ocrx_word' id='word_1_816' title='bbox 2476 5077 2561 5131; x_wconf 85' lang='lat' dir='ltr'><strong>vel</strong></span> <span class='ocrx_word' id='word_1_817' title='bbox 2598 5075 2856 5146; x_wconf 88' lang='lat' dir='ltr'><strong>patientia</strong></span> <span class='ocrx_word' id='word_1_818' title='bbox 2887 5073 3147 5142; x_wconf 90' lang='lat' dir='ltr'><strong>corporis.</strong></span> <span class='ocrx_word' id='word_1_819' title='bbox 3195 5072 3536 5142; x_wconf 67' lang='lat' dir='ltr'><strong>Quaecunque</strong></span> <span class='ocrx_word' id='word_1_820' title='bbox 3574 5087 3708 5141; x_wconf 84' lang='lat' dir='ltr'><strong>ergo</strong></span> <span class='ocrx_word' id='word_1_821' title='bbox 3747 5072 3796 5124; x_wconf 87' lang='lat' dir='ltr'><strong>in</strong></span> 
     </span>
    </p>
   </div>
   <div class='ocr_carea' id='block_1_119' title="bbox 2230 5163 3800 5237">
    <p class='ocr_par' dir='ltr' id='par_1_119' title="bbox 2230 5163 3800 5237">
     <span class='ocr_line' id='line_1_121' title="bbox 2230 5163 3800 5237; baseline -0.004 -14"><span class='ocrx_word' id='word_1_822' title='bbox 2230 5171 2421 5223; x_wconf 72' lang='lat' dir='ltr'><strong>anima:</strong></span> <span class='ocrx_word' id='word_1_823' title='bbox 2469 5166 2744 5237; x_wconf 90' lang='lat' dir='ltr'><strong>proposito</strong></span> <span class='ocrx_word' id='word_1_824' title='bbox 2790 5165 3126 5229; x_wconf 89' lang='lat' dir='ltr'><strong>consistunt,</strong></span> <span class='ocrx_word' id='word_1_825' title='bbox 3171 5164 3287 5218; x_wconf 65' lang='lat' dir='ltr'><strong>haec</strong></span> <span class='ocrx_word' id='word_1_826' title='bbox 3343 5165 3605 5235; x_wconf 89' lang='lat' dir='ltr'><strong>impedire</strong></span> <span class='ocrx_word' id='word_1_827' title='bbox 3656 5163 3800 5217; x_wconf 91' lang='lat' dir='ltr'><strong>nullo</strong></span> 
     </span>
    </p>
   </div>
   <div class='ocr_carea' id='block_1_120' title="bbox 2231 5257 3802 5332">
    <p class='ocr_par' dir='ltr' id='par_1_120' title="bbox 2231 5257 3802 5332">
     <span class='ocr_line' id='line_1_122' title="bbox 2231 5257 3802 5332; baseline -0.005 -16"><span class='ocrx_word' id='word_1_828' title='bbox 2231 5262 2390 5316; x_wconf 86' lang='lat' dir='ltr'><strong>modo</strong></span> <span class='ocrx_word' id='word_1_829' title='bbox 2413 5268 2589 5332; x_wconf 92' lang='lat' dir='ltr'><strong>potest</strong></span> <span class='ocrx_word' id='word_1_830' title='bbox 2612 5258 2874 5322; x_wconf 87' lang='lat' dir='ltr'><strong>Satanas;</strong></span> <span class='ocrx_word' id='word_1_831' title='bbox 2906 5273 2969 5310; x_wconf 89' lang='lat' dir='ltr'><strong>ea</strong></span> <span class='ocrx_word' id='word_1_832' title='bbox 2998 5272 3127 5311; x_wconf 90' lang='lat' dir='ltr'><strong>vero</strong></span> <span class='ocrx_word' id='word_1_833' title='bbox 3153 5273 3273 5326; x_wconf 80' lang='lat' dir='ltr'><strong>quae</strong></span> <span class='ocrx_word' id='word_1_834' title='bbox 3310 5259 3470 5311; x_wconf 87' lang='lat' dir='ltr'><strong>etiam</strong></span> <span class='ocrx_word' id='word_1_835' title='bbox 3502 5257 3802 5311; x_wconf 83' lang='lat' dir='ltr'><strong>ministerio</strong></span> 
     </span>
    </p>
   </div>
   <div class='ocr_carea' id='block_1_121' title="bbox 2230 5349 3801 5424">
    <p class='ocr_par' dir='ltr' id='par_1_121' title="bbox 2230 5349 3801 5424">
     <span class='ocr_line' id='line_1_123' title="bbox 2230 5349 3801 5424; baseline -0.005 -14"><span class='ocrx_word' id='word_1_836' title='bbox 2230 5355 2471 5424; x_wconf 89' lang='lat' dir='ltr'><strong>corporis</strong></span> <span class='ocrx_word' id='word_1_837' title='bbox 2509 5351 2888 5420; x_wconf 87' lang='lat' dir='ltr'><strong>adimplentur,</strong></span> <span class='ocrx_word' id='word_1_838' title='bbox 2926 5349 3254 5419; x_wconf 87' lang='lat' dir='ltr'><strong>frequenter,</strong></span> <span class='ocrx_word' id='word_1_839' title='bbox 3308 5352 3572 5421; x_wconf 86' lang='lat' dir='ltr'><strong>permissu</strong></span> <span class='ocrx_word' id='word_1_840' title='bbox 3621 5359 3801 5403; x_wconf 86' lang='lat' dir='ltr'><strong>tamen</strong></span> 
     </span>
    </p>
   </div>
   <div class='ocr_carea' id='block_1_122' title="bbox 2235 5439 3808 5513">
    <p class='ocr_par' dir='ltr' id='par_1_122' title="bbox 2235 5439 3808 5513">
     <span class='ocr_line' id='line_1_124' title="bbox 2235 5439 3808 5513; baseline -0.006 -12"><span class='ocrx_word' id='word_1_841' title='bbox 2235 5447 2350 5510; x_wconf 87' lang='lat' dir='ltr'><strong>Dei,</strong></span> <span class='ocrx_word' id='word_1_842' title='bbox 2381 5443 2628 5513; x_wconf 86' lang='lat' dir='ltr'><strong>impediri</strong></span> <span class='ocrx_word' id='word_1_843' title='bbox 2670 5450 2915 5511; x_wconf 90' lang='lat' dir='ltr'><strong>possunt,</strong></span> <span class='ocrx_word' id='word_1_844' title='bbox 2945 5443 3010 5496; x_wconf 91' lang='lat' dir='ltr'><strong>ad</strong></span> <span class='ocrx_word' id='word_1_845' title='bbox 3036 5442 3406 5511; x_wconf 87' lang='lat' dir='ltr'><strong>probationem</strong></span> <span class='ocrx_word' id='word_1_846' title='bbox 3438 5441 3551 5509; x_wconf 87' lang='lat' dir='ltr'><strong>ejus</strong></span> <span class='ocrx_word' id='word_1_847' title='bbox 3582 5440 3675 5510; x_wconf 91' lang='lat' dir='ltr'><strong>qui</strong></span> <span class='ocrx_word' id='word_1_848' title='bbox 3704 5439 3808 5492; x_wconf 77' lang='lat' dir='ltr'><strong>im-</strong></span> 
     </span>
    </p>
   </div>
   <div class='ocr_carea' id='block_1_123' title="bbox 2234 5534 3808 5610">
    <p class='ocr_par' dir='ltr' id='par_1_123' title="bbox 2234 5534 3808 5610">
     <span class='ocr_line' id='line_1_125' title="bbox 2234 5534 3808 5610; baseline -0.007 -16"><span class='ocrx_word' id='word_1_849' title='bbox 2234 5540 2468 5610; x_wconf 84' lang='lat' dir='ltr'><strong>peditur,</strong></span> <span class='ocrx_word' id='word_1_850' title='bbox 2491 5545 2551 5590; x_wconf 92' lang='lat' dir='ltr'><strong>ut</strong></span> <span class='ocrx_word' id='word_1_851' title='bbox 2577 5544 2828 5605; x_wconf 85' lang='lat' dir='ltr'><strong>appareat</strong></span> <span class='ocrx_word' id='word_1_852' title='bbox 2855 5534 2901 5588; x_wconf 91' lang='lat' dir='ltr'><strong>si</strong></span> <span class='ocrx_word' id='word_1_853' title='bbox 2937 5551 2966 5588; x_wconf 91' lang='lat' dir='ltr'><strong>a</strong></span> <span class='ocrx_word' id='word_1_854' title='bbox 3000 5536 3141 5589; x_wconf 88' lang='lat' dir='ltr'><strong>bono</strong></span> <span class='ocrx_word' id='word_1_855' title='bbox 3167 5535 3439 5604; x_wconf 88' lang='lat' dir='ltr'><strong>proposito</strong></span> <span class='ocrx_word' id='word_1_856' title='bbox 3465 5543 3808 5602; x_wconf 80' lang='lat' dir='ltr'><strong>nequaquam</strong></span> 
     </span>
    </p>
   </div>
   <div class='ocr_carea' id='block_1_124' title="bbox 2236 5622 3810 5704">
    <p class='ocr_par' dir='ltr' id='par_1_124' title="bbox 2236 5622 3810 5704">
     <span class='ocr_line' id='line_1_126' title="bbox 2236 5622 3810 5704; baseline -0.007 -15"><span class='ocrx_word' id='word_1_857' title='bbox 2236 5649 2332 5704; x_wconf 86' lang='lat' dir='ltr'><strong>per</strong></span> <span class='ocrx_word' id='word_1_858' title='bbox 2376 5629 2678 5704; x_wconf 75' lang='lat' dir='ltr'><strong>hujusmodi</strong></span> <span class='ocrx_word' id='word_1_859' title='bbox 2709 5627 3087 5698; x_wconf 85' lang='lat' dir='ltr'><strong>impedimenta</strong></span> <span class='ocrx_word' id='word_1_860' title='bbox 3139 5637 3392 5682; x_wconf 90' lang='lat' dir='ltr'><strong>mutatur.</strong></span> <span class='ocrx_word' id='word_1_861' title='bbox 3440 5624 3583 5680; x_wconf 87' lang='lat' dir='ltr'><strong>Sicut</strong></span> <span class='ocrx_word' id='word_1_862' title='bbox 3615 5622 3675 5678; x_wconf 87' lang='lat' dir='ltr'><strong>hi</strong></span> <span class='ocrx_word' id='word_1_863' title='bbox 3718 5623 3810 5694; x_wconf 90' lang='lat' dir='ltr'><strong>qui</strong></span> 
     </span>
    </p>
   </div>
  </div>
