3974 6192
481 278 583 333 555
1473 268 1529 326 S.
1571 265 1924 325 BENEDICTI
1964 268 2251 323 ABBATIS
2288 261 2692 323 ANIANENSIS
3598 266 3702 326 536

1025 384 1242 439 Brauiio
1281 382 1738 453 Caesaraugustam
1772 380 2060 451 Episcopus
2089 381 2143 434 in
2174 380 2552 453 prwnotatione
2573 378 2825 432 librorum
2857 376 2916 434 S.
2940 376 3150 436 Isidori.

551 478 806 540 Isidorus,
838 476 921 530 vir
944 476 1220 544 egregius,
1254 473 1583 544 tlispalensis
1614 472 1865 544 Ecclesiae
1902 472 2204 544 episcopus,
2255 469 2486 544 Leandri
2522 469 3076 544 ep_isc0pi_snccessor
3093 476 3157 544 et
3187 482 3500 544 germanus,
3528 468 3707 529 ﬂoruit

480 563 511 603 a
534 556 771 616 tempore
793 539 1025 616 Mani-itii
1052 539 1392 616 imperatoris
1411 584 1426 606 ,
1449 553 1503 616 et
1525 541 1817 616 Reccaredi
1847 539 1984 616 regis
2007 539 2108 616 ein:
2121 557 2228 609 quo
2253 539 2508 616 quiddam
2535 540 2643 616 sibi
2668 539 2962 616 antiquitas
2982 539 3297 616 vindicavit,
3322 539 3434 616 imo
3458 548 3703 616 nostrum

484 607 693 685 tempus
725 613 1059 685 antiquitatis
1096 607 1163 685 iris
1183 627 1248 667 eo
1278 613 1557 667 scientiam
1587 607 1948 685 imaginavit':
1981 610 2065 663 vir
2094 607 2318 664 inomni
2358 608 2674 663 elocutionis
2702 623 2895 685 genere
2935 607 3215 685 formatus,
3246 615 3307 662 ut
3333 608 3586 685 imperito
3617 614 3708 685 do-

480 678 674 755 ctoque
699 678 993 755 secundum
1022 683 1337 752 qualitatem
1366 682 1632 755 sermonis
1654 678 2129 755 etiisteretaptus;
2151 695 2397 755 congrua
2425 693 2553 755 vero
2588 678 2989 755 opportunitate
3027 678 3131 755 loci
3170 678 3582 755 incomparabili
3602 681 3710 755 elo-

479 748 698 825 quentia
729 753 923 825 clarus.
952 748 1229 825 ,ἰωῇ-γεω
1253 761 1485 825 quantus
1508 751 1768 825 sapientia
1799 750 1958 825 fuerit
1982 748 1999 814 ζ
2025 764 2091 803 ex
2116 749 2232 825 ejus
2258 748 2485 825 diversis
2514 748 2709 801 studiis
2745 755 2801 801 et
2826 748 3119 825 elaboratis
3146 748 3423 817 opusculis
3445 750 3710 825 perfacile

500 817 721 878 irridens
752 821 920 877 lector
949 821 1247 893 intelligere
1267 817 1483 891 poterit.
1525 817 1766 888 Denique
1790 822 1856 874 de
1886 820 1952 893 iis
1976 835 2095 888 qua:
2115 821 2183 873 ad
2211 818 2450 893 notitiam
2475 826 2716 893 nostram
2742 826 3034 893 venerunt,
3069 817 3174 893 ista
3195 817 3707 893 commemorati...

500 842 721 878 )I'UUBDS
752 842 920 877 lCClOl'
949 842 1247 893 ιηιριιιεϐῐθ
1268 842 1483 891 pulerit.
1525 842 1766 888 veruque
1790 842 1856 874 uc
1886 842 1952 873 115
1976 842 2095 888 qua:
2115 842 2183 873 au
2211 842 2450 872 uuuualu
2476 842 2716 873 llUSll’alll
2746 842 3034 882 VCIICI‘UUI,
3069 842 3174 872 ιδιᾰι
3195 842 3707 876 cummowurau....

477 842 785 947 ginnasticte
807 892 1022 961 Regulae
1046 892 1238 961 librum
1266 906 1432 945 unum
1461 908 1474 941 :
1507 903 1667 961 quem
1682 905 1786 961 pre
1809 890 1998 961 patria:
2017 905 2117 961 usu
2145 897 2199 961 et
2223 888 2581 961 invalidorum
2604 887 2799 961 animis
2822 886 3199 961 decentissime
3224 890 3567 961 temperavit,
3600 899 3708 946 etc.

476 964 621 1019 Obiit
644 956 975 1030 temporibus
1003 960 1232 1015 lleraclii
1264 956 1634 1027 imperatoris,
1664 956 1718 1015 et
1746 956 2193 1015 Cbristianissimi
2222 956 2532 1013 Chintiliani
2568 957 2729 1027 regis,
2770 972 2899 1011 sana
2928 957 3171 1012 doctrina
3200 956 3551 1026 prazstantior
3579 976 3712 1014 cun-

476 1035 600 1096 ctis,
637 1040 693 1086 et
714 1031 982 1099 copiosior
1007 1030 1261 1099 operibus
1289 1030 1593 1099 charitatis.

546 1096 1123 1155 SanctusBenedictus
1146 1098 1467 1153 Anianensis
1497 1098 1661 1153 abbas
1688 1098 1743 1151 in
1771 1098 2068 1152 Concordia
2097 1097 2419 1168 [tegularum
2442 1140 2456 1162 ,
2487 1106 2542 1151 et
2562 1096 2889 1168 Smaragdus
2915 1096 3210 1152 monachus
3238 1096 3296 1151 in
3314 1096 3621 1153 Comment.
3644 1099 3712 1153 ad

468 1169 735 1242 {tegulam
763 1170 933 1223 sancti
956 1168 1253 1234 Benedicti,
1282 1168 1480 1237 ubique
1511 1168 1651 1223 hanc
1678 1169 1849 1222 sancti
1878 1168 2065 1222 lsidori
2091 1167 2348 1238 Regulam
2368 1167 2562 1222 citant.

1124 1371 1629 1436 OBSERVATIO
1656 1371 1973 1436 CBITICA
2002 1375 2083 1435 IN
2104 1375 2486 1436 REGULAM
2517 1373 2996 1448 SEQUENTEM

541 1570 742 1623 Auctor
773 1564 930 1634 hujus
958 1563 1172 1635 Regula:
1195 1572 1277 1635 est
1304 1570 1520 1619 sanctus
1544 1562 1781 1635 Isidorus
1814 1562 2144 1635 Hispalensis
2165 1563 2456 1635 episcopus
2479 1603 2493 1626 ,
2528 1570 2586 1617 et
2617 1562 2811 1635 sancti
2831 1559 3066 1635 Leandri
3096 1561 3150 1616 in
3177 1561 3550 1635 episcopatum
3586 1578 3713 1620 suc-

473 1653 676 1702 cessor,
702 1631 922 1707 ejusque
945 1631 1114 1707 frater
1138 1633 1407 1707 utet-inus,
1440 1648 1581 1707 anno
1610 1632 1714 1687 656
1740 1631 2044 1707 defunctus,
2068 1640 2124 1686 et
2157 1631 2311 1707 fastis
2339 1631 2648 1687 sanctorum
2676 1632 2962 1707 ascriptus.
3003 1631 3392 1707 sanctissimus
3424 1635 3715 1707 enim_epi-

470 1724 665 1778 scopus
694 1703 1115 1778 hanc’Regulam
1135 1704 1419 1778 scripsisse
1440 1703 1808 1778 videiur_ante
1829 1704 2079 1778 adeptum
2101 1703 2468 1778 episcppatum
2491 1743 2504 1767 ,
2533 1717 2654 1778 cum
2678 1718 2706 1755 a
2733 1704 2930 1778 teneris
2963 1705 3120 1778 annis
3144 1705 3505 1759 monasticam
3526 1704 3712 1778 visam

470 1772 687 1832 secutus
706 1776 804 1840 sit;
834 1774 929 1829 sed
950 1772 1133 1828 utrum
1164 1774 1220 1827 in
1246 1772 1354 1828 hoc
1378 1773 1623 1828 cmnobio
1657 1772 2074 1827 Honoriacensis
2101 1772 2404 1826 tirocinium
2438 1772 2699 1840 posuerit,
2727 1773 2921 1826 merito
2954 1773 3234 1831 dubitatur
3269 1789 3282 1825 ε
3322 1787 3446 1828 cum
3472 1773 3540 1827 ad
3563 1772 3712 1842 ejus-

471 1847 592 1903 dem
638 1846 933 1901 monachos
964 1844 1308 1898 instruendos
1353 1842 1610 1915 Reguiam
1634 1851 1964 1915 praesentem
2002 1843 2373 1915 composuerit_
2400 1857 2545 1915 amt
2580 1842 2827 1911 capitulis
2855 1846 3299 1915 comprehensam
3320 1882 3336 1908 ,
3373 1853 3539 1914 atque
3574 1844 3713 1915 alias

465 1918 596 1972 vita:
626 1915 935 1970 monasticaz
971 1928 1190 1967 normas
1221 1929 1251 1967 a
1277 1913 1480 1968 sanctis
1502 1912 1751 1967 Patribus
1778 1913 2008 1981 scriptas
2036 1912 2148 1982 suis
2168 1912 2444 1966 monachis
2471 1927 2811 1982 summopere
2834 1912 3199 1976 commendet,
3222 1921 3383 1982 prout
3412 1912 3482 1968 ei
3507 1912 3713 1982 praefa-

473 1987 620 2041 tione
645 1992 874 2040 constat.
900 1983 966 2053 Et
990 1983 1227 2053 quidem,
1255 1982 1500 2053 quamvis
1526 1982 1684 2036 modo
1706 1980 2013 2053 ignoremus
2035 1980 2193 2053 hujus
2222 1981 2533 2053 monasterii
2562 1980 2722 2053 situm
2740 1989 2969 2053 ,_tamen
2996 1985 3126 2038 illud
3156 1980 3527 2053 Benediciinis
3554 1983 3714 2037 insti-

473 2057 891 2110 tutisimbutum
922 2050 1079 2108 facile
1108 2050 1408 2124 supponere
1432 2050 1749 2124 possumus,
1769 2067 1891 2106 cum
1921 2050 2124 2124 Regula
2148 2052 2322 2124 sancti
2339 2051 2613 2124 Benedicti
2629 2050 2942 2124 jamdudum
2965 2070 3064 2124 per
3082 2059 3330 2124 sanctum
3352 2052 3715 2124 Emilianum

470 2125 607 2193 apud
634 2124 900 2193 Hispanos
942 2120 1277 2193 promulgata
1307 2120 1489 2193 fuerit,
1522 2129 1683 2191 atque
1728 2130 1946 2193 sanctus
1984 2120 2230 2193 Leander
2265 2120 2529 2193 eamdem
2551 2121 2832 2193 amplexus
2861 2123 2947 2176 sit.
2965 2120 3254 2193 'Denique,
3281 2122 3328 2177 si
3356 2123 3502 2193 hanc
3530 2122 3716 2177 sancti

469 2190 654 2248 Isidori
684 2190 1117 2265 Regulam'recte
1142 2190 1501 2265 attendamus,
1534 2190 1667 2265 tunc
1682 2199 1739 2265 et
1760 2191 1997 2265 iliamex
2016 2190 2321 2265 disciplina
2336 2191 2679 2265 Benedietina
2706 2191 3044 2265 desumptam
3080 2190 3372 2265 agnoscere
3399 2192 3707 2265 debemus;

468 2279 595 2317 nam
632 2259 821 2318 eodem
857 2262 1016 2316 modo
1061 2277 1316 2315 manuum
1356 2261 1612 2324 laborem,
1647 2261 1874 2330 jejunia,
1906 2259 2184 2326 lectiones,
2214 2261 2456 2315 divinum
2488 2259 2724 2315 ofﬁcium
2766 2259 2978 2330 aliaque
3021 2259 3201 2318 munia
3232 2262 3534 2317 monastica
3562 2275 3712 2330 pra:-

470 2333 660 2388 scribit
703 2350 716 2386 :
754 2332 868 2387 vult
890 2331 1053 2402 etiam
1078 2332 1370 2402 monachos
1396 2332 1450 2402 in
1473 2331 1660 2386 eodem
1686 2330 2287 2402 dormitoriopausare,
2302 2331 2377 2402 _in
2406 2330 2595 2402 eadem
2619 2345 2805 2402 mensa
2835 2332 3082 2398 reﬁcere,
3109 2342 3269 2402 atque
3295 2331 3525 2402 singulis
3553 2330 3717 2386 denis

469 2402 729 2481 decanum
770 2401 1051 2481 invigilare
1100 2401 1338 2481 mandat.
1379 2400 1508 2467 Quae
1543 2401 1723 2481 omnia
1758 2416 1823 2455 ex
1852 2399 2055 2481 ljtegula
2098 2400 2282 2481 sancti.
2301 2399 2577 2481 Benedicti
2604 2399 2884 2481 desumpta
2912 2418 3032 2481 esse
3055 2399 3326 2466 videntur,
3351 2399 3514 2481 quam
3551 2403 3717 2481 proin

468 2473 585 2526 suis
635 2468 915 2526 monachis
955 2470 1346 2525 observandam
1385 2471 1683 2540 proposuit,
1726 2470 1912 2542 paucis
1938 2468 2314 2542 superadditis
2353 2468 2472 2542 l_oco
2500 2477 2554 2523 et
2601 2468 2809 2542 regioni
2837 2472 3006 2542 magis
3056 2468 3503 2542 accommodatis.
3551 2468 3714 2526 Unde

468 2555 574 2594 non
596 2541 787 2596 desunt
817 2550 1067 2596 auctores
1091 2538 1403 2610 asserentes
1420 2538 1705 2610 utramque
1727 2538 1986 2609 Regulam
2012 2538 2173 2610 Simul
2202 2539 2255 2592 in
2275 2539 2467 2610 eodem
2496 2538 2824 2594 monasterio
2857 2538 3202 2596 observatam
3233 2539 3422 2596 fuisse.

536 2610 619 2665 Ad
645 2610 1100 2681 Regulamsancti
1126 2609 1315 2681 lisidori
1335 2608 1638 2681 addendum
1661 2618 1747 2664 est
1767 2608 1870 2665 hoc
1893 2618 2053 2678 caput
2078 2608 2172 2675 24,
2192 2609 2340 2679 quod
2359 2609 2673 2665 Edmundus
2698 2610 2938 2665 Martene
2962 2611 3017 2665 in
3039 2618 3185 2666 torno
3208 2610 3281 2665 ιχ
3303 2610 3713 2666 Anecdotorum

457 2681 614 2736 eruit
637 2696 705 2736 ex
731 2679 835 2735 ins.
866 2680 1157 2735 Elnonensi
1192 2689 1317 2734 ante
1344 2679 1448 2735 800
1476 2694 1650 2734 annos
1677 2688 1901 2734 exarato
1928 2694 1942 2733 :

1588 2785 1887 2827 SENTENTIA
1916 2785 1982 2824 DE
2010 2785 2219 2827 REGULA
2253 2784 2598 2825 DEVOTABUI.

536 2859 705 2917 Nemo
734 2861 802 2917 ad
835 2875 931 2917 eas
949 2861 1112 2917 vadat
1147 2861 1461 2927 visitandas,
1498 2862 1601 2918 nisi
1624 2863 1715 2933 qui
1746 2862 1910 2917 habet
1939 2861 2013 2916 ibi
2040 2868 2289 2926 matrem,
2312 2860 2397 2916 vel
2418 2876 2684 2927 sororem,
2712 2868 2805 2915 aut
2826 2860 3011 2928 filiam,
3041 2870 3096 2918 et
3115 2862 3467 2932 propinquas,
3492 2867 3550 2917 et
3575 2877 3718 2918 con-

456 2952 738 3018 “sohrinas,
770 2952 883 3007 sive
903 2961 1133 3007 matrem
1162 2952 1392 3006 iiliorum
1414 2966 1654 3007 suorum.
1679 2950 1738 3006 Si
1762 2958 1943 3006 autem
1969 2951 2265 3007 necessitas
2290 2950 2470 3016 fuerit,
2510 2958 2572 3005 ut
2592 2951 2809 3006 videant
2829 2966 2946 3018 eas,
2968 2959 3077 3015 aut,
3111 2960 3398 3021 antequam
3420 2954 3717 3008 renuntia-

469 3046 591 3094 rent
619 3038 846 3103 saeculo,
879 3047 933 3094 et
974 3040 1240 3093 intrarent
1269 3039 1324 3093 in
1350 3039 1700 3105 monasterio,
1726 3047 1949 3108 paterna
1979 3039 2060 3094 eis
2105 3040 2329 3096 debetur
2357 3041 2690 3107 auctoritas,
2725 3053 2820 3095 aut
2851 3042 3034 3113 aliqua
3074 3058 3236 3098 causa
3267 3041 3558 3098 manifesta
3594 3051 3716 3109 est;

467 3128 683 3184 mittent
706 3142 828 3181 cum
857 3128 944 3184 bis
976 3127 1219 3197 probatae.
1243 3128 1417 3181 virum
1454 3127 1631 3181 aetatis
1656 3141 1720 3181 ac
1749 3127 1897 3193 vitaz,
1937 3127 2197 3183 videbunt
2222 3141 2339 3192 eas,
2369 3136 2423 3182 et
2449 3127 2656 3197 pariter
2694 3138 3056 3184 revertentur.
3100 3130 3267 3186 Nemo
3292 3129 3541 3185 vadatad
3563 3129 3717 3195 illas,

465 3219 571 3276 nisi
596 3234 733 3289 quos
776 3217 1192 3288 supradiximus.
1238 3218 1298 3272 Si
1334 3233 1428 3273 eas
1454 3218 1637 3273 videre
1662 3217 1966 3280 voluerint,
1998 3218 2233 3288 primum
2274 3216 2473 3272 faciant
2494 3219 2730 3273 nuntiari
2771 3218 2919 3274 Patri
2950 3221 3284 3288 monasterii,
3325 3229 3381 3276 et
3411 3220 3500 3276 ille
3527 3221 3722 3277 mittet

465 3314 533 3367 ad
562 3312 825 3376 seniores,
864 3311 956 3380 qui
988 3310 1055 3365 a'l
1095 3311 1487 3366 monasterium
1518 3310 1786 3382 virginum
1824 3309 2056 3379 delegati
2083 3316 2229 3363 sunt.
2255 3308 2355 3373 Qui
2386 3317 2680 3364 occurrunt
2704 3310 2784 3364 eis
2803 3350 2819 3376 ,
2863 3317 2924 3364 et
2949 3326 3072 3366 cum
3104 3312 3236 3381 ipsis
3261 3312 3540 3376 videbunt,
3574 3327 3720 3381 quas

456 3418 691 3459 necesse
713 3400 1018 3466 habuerint,
1048 3416 1170 3455 cum
1210 3401 1357 3456 omni
1386 3399 1667 3469 disciplina
1690 3406 1744 3454 et
1786 3384 1980 3453 timore
2013 3397 2127 3451 Dei.
2165 3395 2408 3467 Cumque
2444 3412 2538 3452 eas
2567 3397 2835 3464 viderint,
2878 3415 2986 3454 non
3014 3400 3096 3455 eis
3135 3399 3420 3470 loquentur
3447 3401 3515 3454 de
3544 3403 3718 3456 rebus

448 3494 836 3554 saecularibus.
863 3491 1180 3562 Quicunque
1201 3492 1268 3546 de
1295 3491 1380 3546 his
1403 3491 1673 3546 mandatis
1687 3487 2030 3560 praeterierit,
2055 3488 2258 3556 absque
2280 3486 2385 3540 ulla
2414 3487 2798 3542 retractatione
2821 3488 3160 3559 negligentiae
3180 3497 3343 3559 atque
3354 3496 3718 3561 contemptus

454 3595 589 3661 aget
608 3588 819 3659 publice
843 3590 1232 3658 paenitentiam,
1259 3597 1319 3645 ut
1344 3589 1622 3659 possidere
1645 3586 1919 3643 valeamus
1950 3599 2114 3655 regna
2138 3583 2420 3640 caelorum.

1537 3790 1880 3849 INClPlUNT
1912 3789 2256 3847 CAPITULA
2296 3786 2623 3848 REGULAB.

519 3970 570 4017 1.
593 3963 672 4017 De
692 3959 1009 4018 monasterio.
2057 3965 2109 4024 Α
2196 3967 2271 4011 13.
2299 3962 2375 4024 De
2398 3962 2566 4014 habitu
2599 3965 2957 4015 monachorum.

522 4028 570 4077 2.
598 4029 670 4078 De
693 4026 924 4089 eligendo
947 4029 1143 4077 abbate.
2060 4022 2075 4023 ί
2092 4022 2109 4024 Ὗ
2198 4024 2273 4089 if.
2298 4022 2375 4089 pe
2399 4034 2570 4089 strato,
2594 4028 2701 4075 sive
2722 4025 2785 4074 de
2810 4026 3113 4076 illusioni‘bus
3135 4025 3401 4077 nocturni;

523 4089 570 4136 3.
598 4088 674 4139 De
696 4085 961 4136 mo'nacbis.
2196 4086 2270 4148 15.
2296 4085 2373 4148 De
2407 4085 2817 4148 delinquentibus.

523 4147 571 4197 ι.
595 4148 669 4210 De
692 4149 951 4210 conversis.
998 4208 1005 4210 4
1161 4207 1169 4210 _
1449 4208 1457 4210 _
2195 4144 2272 4210 iis.
2294 4146 2371 4210 De
2392 4144 2628 4210 qualitate
2650 4147 2953 4197 delictorum.

521 4209 571 4256 5.
595 4208 670 4259 De
695 4208 942 4257 familiaris
966 4208 1075 4259 vitze
1099 4207 1275 4267 reique
1297 4208 1535 4267 appetita.
2194 4208 2270 4256 17.
2296 4207 2371 4256 De
2395 4207 2842 4259 excommunicatis.

518 4267 572 4317 6.
600 4267 675 4319 De
697 4280 849 4330 apere
873 4269 1234 4317 monachorum.
2197 4268 2272 4330 18.
2300 4267 2376 4317 De
2401 4270 2550 4317 rebus
2571 4272 2868 4320 monasterii.

526 4330 573 4393 7.
597 4330 674 4393 l_)e
697 4328 932 4393 psallendi
952 4330 1125 4378 cilicio.
2199 4329 2271 4393 ii}.
2296 4330 2422 4393 Quid
2445 4331 2502 4393 sd
2525 4342 2675 4393 quem
2696 4333 2954 4393 pertineat.

524 4392 574 4442 8.
601 4391 679 4441 De
699 4388 972 4440 collatione.
2193 4389 2272 4439 20.
2296 4388 2369 4438 De
2389 4388 2601 4439 infirmis.

514 4452 573 4501 Ὁ.
596 4453 668 4502 De
687 4451 953 4501 codicibus.
2199 4449 2277 4500 ει.
2308 4450 2382 4499 De
2405 4451 2693 4502 hosnitibus.

527 4513 600 4564 10.
624 4514 699 4565 De
724 4515 922 4561 mensis.
2196 4511 2276 4559 22.
2306 4511 2388 4573 De
2413 4511 2728 4573 professione.

524 4573 600 4625 11.
628 4574 704 4623 De
726 4573 881 4622 feriis.
2197 4573 2274 4622 25.
2300 4572 2378 4623 De
2401 4571 2661 4623 defunctis.

523 4634 603 4686 i2.
630 4634 705 4683 De
723 4635 938 4695 jejuniis.
2646 4633 2924 4697 Explicith
2956 4633 3197 4698 Capitula.

1408 4872 1411 4875 λ
1483 4832 2012 4946 INCIPIT
2098 4834 2694 4949 REGULA.

1047 5071 1440 5130 PREFATIO.
1840 5108 1843 5113 -
2126 5074 2243 5130 base
2274 5091 2444 5144 pauca
2473 5078 2627 5133 vobis
2666 5078 2864 5148 eligere
2907 5081 3026 5135 ausi
3072 5096 3277 5147 sumus,
3321 5081 3406 5137 usi
3446 5096 3717 5139 sermone

530 5166 746 5222 Sanctis
796 5165 1055 5223 fratribus
1083 5166 1139 5222 in
1169 5166 1418 5222 coenobio
1467 5163 1855 5220 Honoriacensi
1902 5178 2031 5219 con—
2124 5163 2336 5232 plebeio
2379 5165 2461 5219 vel
2507 5167 2743 5236 rustico,
2791 5175 3045 5237 utquam
3095 5167 3349 5223 facillime
3390 5170 3715 5240 intelligatis

458 5256 664 5313 stitutis
684 5255 942 5313 Isidorus.
2055 5316 2098 5325 _
2130 5267 2239 5322 quo
2280 5255 2469 5310 ordine
2521 5256 2874 5325 professionis
2912 5268 3107 5316 vestra:
3152 5273 3356 5314 morem
3398 5260 3714 5317 retineatis.

529 5346 690 5403 Plura
719 5355 846 5403 sunt
882 5355 1150 5418 pmcepta
1178 5348 1263 5404 vel
1290 5348 1535 5403 instituta
1566 5348 1862 5418 majorum,
1907 5360 2027 5415 quae
2055 5316 2103 5375 Β
2130 5340 2402 5398 Praeterea
2442 5345 2687 5414 quisquis
2726 5357 2966 5403 vestrum
3011 5349 3155 5403 illam
3204 5350 3515 5404 universam
3555 5361 3718 5407 vete-

461 5453 490 5491 a
520 5439 722 5494 sanctis
741 5438 993 5495 Patribus
1011 5439 1241 5509 sparsim
1264 5438 1471 5509 prolata
1492 5437 1865 5508 reperiuntur;
1888 5452 2030 5506 qua:—
2131 5448 2251 5487 rum
2289 5433 2625 5504 disciplinam
2645 5438 2925 5492 contendit
2949 5446 3218 5508 appetere,
3241 5447 3427 5509 pergat
3452 5439 3508 5493 in
3529 5454 3721 5509 quan-

461 5541 567 5595 que
601 5528 765 5583 etiam
803 5528 1043 5584 nonnulli
1088 5528 1249 5584 altius
1289 5528 1374 5583 vel
1403 5528 1687 5584 obscurius
1725 5525 2029 5596 posteritati
2134 5533 2246 5580 tum
2283 5527 2482 5596 placet,
2531 5537 2586 5583 et
2622 5531 2849 5586 arduum
2880 5532 3030 5587 illum
3072 5531 3298 5587 limitem
3329 5541 3490 5601 atque
3534 5548 3718 5604 ang-i-

458 5617 762 5684 composita
796 5618 1149 5673 tradiderunt.
1199 5618 1277 5672 Ad
1317 5633 1544 5686 quorum
1581 5616 1883 5687 exemplum
1934 5630 2032 5671 nos
2134 5624 2276 5672 stum
2306 5618 2549 5689 laevigato
2594 5635 2755 5675 cursu
2799 5622 3028 5683 incedat.
3068 5622 3175 5689 Qui
3216 5638 3345 5677 vero
3376 5630 3528 5675 tanta
3547 5621 3718 5690 jussa
