3974 6192
239 303 332 358 537

827 297 1060 353 CODEX
1095 297 1549 354 REGULABUM.
1591 327 1660 335 —
1697 295 1816 349 PAF

1917 295 1979 348 II.
2025 294 2328 351 REGUUE
2369 295 2474 350 PP.
2515 295 2874 352 OCCIDENT.

3377 297 3481 354 558

237 413 473 485 priorum
505 411 722 476 explere
755 407 1043 475 nequierit,
1076 406 1129 459 in
1160 406 1318 475 hujus
1349 407 1535 460 limitis
1570 405 1803 474 discipli-
1830 406 1882 464 Α
1908 403 2112 458 ficiant.
2145 405 2290 459 Patri
2323 405 2581 460 honorem
2606 405 2845 460 debitum
2881 403 3210 472 referentes;
3241 421 3370 478 erga
3395 422 3483 464 se-

239 517 359 559 nam
385 513 632 572 gressum
679 505 862 566 ponat,
903 512 1079 565 neque
1117 497 1258 551 ultra
1295 497 1667 552 declinandum
1696 505 1808 550 stu-

239 593 391 653 deat;
423 603 488 642 ne
513 587 640 641 dum
663 586 961 640 declinatus
982 588 1183 657 appetit
1212 586 1491 652 inferiora,
1511 596 1616 640 tam
1639 587 1805 640 vitam

241 695 397 750 quam
429 692 624 732 nomen
653 677 900 731 monachi
935 677 1146 746 perdat.
1182 677 1517 746 Quapropter
1552 678 1692 731 sicut
1720 676 1809 730 illa

240 780 503 843 prmeepta
540 770 779 837 priorum
809 769 1104 838 perfectum
1148 770 1379 823 reddunt
1409 785 1472 823 ac
1513 784 1805 834 summum,

243 863 308 916 ita
335 859 538 914 facient
565 860 669 913 ista
694 858 778 912 vel
802 858 1068 912 ultimum.
1102 859 1192 912 Illa
1219 859 1522 912 custodiant
1558 858 1808 928 perfecti,

243 953 337 1006 ista
363 959 664 1020 sequantur
693 959 814 1021 post
832 959 1112 1020 peceatum
1152 951 1416 1005 conversi.

747 1057 973 1114 CAPUT
1005 1058 1296 1113 PRIMUM.

810 1128 884 1181 De
910 1130 1244 1182 monasteria.

303 1217 582 1288 Inprimis,
609 1215 805 1279 fratres
824 1218 1147 1282 charissimi,
1171 1219 1558 1273 monasterium
1571 1227 1810 1273 vestrum

246 1309 428 1361 miram
470 1306 746 1360 conclavis
774 1306 1101 1375 diligentiam
1151 1308 1380 1372 habeat,
1411 1317 1470 1361 ut
1500 1308 1812 1363 ﬁrmitatem

246 1398 498 1453 custodiae
518 1397 852 1451 munimenta
875 1397 1233 1451 claustrorum
1259 1399 1549 1452 exhibeant
1584 1415 1596 1450 :
1628 1398 1810 1452 inimi-

247 1503 334 1544 cus
363 1487 514 1541 enim
541 1495 728 1542 noster
757 1488 1022 1552 diabolus,
1063 1489 1202 1542 sicut
1229 1489 1313 1543 leo
1347 1490 1586 1560 rugiens,
1615 1490 1813 1544 circuit

247 1595 330 1633 ore
357 1579 570 1648 patenti
608 1594 854 1648 qumrens
897 1595 1332 1650 unumquemque
1376 1590 1618 1635 nostrum
1651 1596 1812 1651 quem

249 1669 480 1724 devoret.
515 1669 825 1724 Monasterii
851 1681 1029 1724 autem
1073 1673 1301 1727 munitio
1347 1681 1553 1727 tantum
1591 1674 1812 1742 januam

248 1764 579 1817 extrinsecus
617 1764 832 1828 habeat,
873 1781 1146 1834 unumque
1195 1767 1460 1834 posticum
1509 1781 1606 1835 per
1651 1781 1811 1835 quem
1845 1747 1890 1805 Β

253 1864 398 1908 eatur
421 1856 493 1910 ad
519 1856 758 1911 hortum.
785 1856 920 1910 Villa
949 1873 1079 1913 sane
1103 1857 1259 1930 longe
1282 1869 1485 1915 remota
1511 1861 1668 1915 debet
1694 1876 1812 1915 esse

250 1945 655 2010 amonasterio,
699 1961 764 2000 ne
805 1947 1036 2002 vicinius
1081 1951 1257 2017 posita
1301 1959 1392 2004 aut
1438 1950 1573 2005 labis
1616 1950 1814 2004 inferat

248 2033 560 2102 periculum,
611 2042 702 2089 aut
748 2035 945 2090 famam
991 2038 1198 2094 inliciat
1250 2041 1542 2111 dignitatis.
1598 2042 1814 2098 Cellulte

247 2120 502 2178 fratribus
535 2124 692 2194 juxta
731 2126 1016 2181 ecclesiam
1047 2130 1472 2197 constituantur,
1515 2140 1574 2185 ut
1607 2134 1816 2200 possint

249 2233 536 2286 properare
557 2220 875 2288 quantocius
898 2221 963 2275 ad
993 2221 1246 2277 cilicium.
1264 2223 1439 2279 Locus
1455 2234 1634 2280 autem
1650 2241 1814 2296 aegro-

252 2308 472 2361 tantium
504 2317 745 2363 remotus
771 2309 877 2363 erit
902 2325 932 2363 a
960 2311 1185 2366 basilica
1209 2312 1294 2367 vel
1325 2313 1531 2368 cellulis
1563 2312 1811 2379 fratrum,

251 2397 473 2450 utnulla
529 2397 900 2466 inquietudine
940 2401 1021 2454 vel
1069 2401 1396 2457 clamoribus
1433 2404 1810 2471 impediantur.

251 2484 530 2539 Cellarium
556 2488 940 2542 monachorum
958 2488 1114 2556 juxta
1145 2491 1481 2546 cmnaeulum
1509 2508 1629 2547 esse
1655 2509 1816 2562 opor-

251 2579 337 2634 tet,
368 2583 429 2626 ut
450 2588 610 2628 secus
643 2576 872 2643 positum
903 2577 1018 2631 sine
1043 2594 1194 2632 mora
1224 2580 1426 2634 mensis
1455 2581 1814 2636 ministerium

251 2663 500 2732 praebeat.
529 2663 785 2720 Hortulus
806 2682 935 2722 sane
960 2669 1101 2722 intra
1127 2671 1512 2724 monasterium
1541 2671 1614 2726 sit
1642 2672 1814 2727 inclu-

249 2768 339 2808 sus
371 2765 669 2825 quatenus,
703 2760 830 2814 dum
861 2759 1004 2815 intus
1032 2763 1281 2816 monachi
1306 2770 1600 2831 operantur
1623 2804 1636 2828 ,
1669 2763 1841 2843 nulla.

249 2845 534 2901 occasione
571 2848 812 2902 exterius
837 2860 1151 2919 evagentur.

859 2959 1086 3016 CAPUT
1133 2962 1198 3016 II.

744 3027 822 3082 De
857 3029 1090 3098 eligendo
1118 3032 1320 3088 abbate.

311 3116 493 3172 Abbas
535 3118 743 3174 interea
784 3121 1058 3192 eligendus
1101 3133 1185 3178 est
1225 3125 1563 3183 institutione
1617 3139 1816 3186 sancta:
1844 3125 1888 3188 C

251 3202 367 3259 vita:
395 3205 649 3272 duratus,
673 3215 835 3278 atque
861 3210 1134 3279 inspectus
1173 3215 1466 3282 patientiae,
1508 3225 1563 3272 et
1599 3219 1816 3274 humili-

251 3295 370 3349 tatis
396 3305 659 3366 expertus
695 3315 709 3350 :
740 3299 939 3368 quique
979 3302 1142 3356 etiam
1167 3311 1221 3357 et
1254 3319 1352 3373 per
1378 3306 1694 3362 exercitium
1733 3309 1814 3364 vi-

250 3391 352 3438 tam
381 3386 712 3443 laboriosam
758 3391 1042 3458 toleravit,
1083 3409 1148 3450 ac
1178 3398 1566 3455 transcendens
1603 3409 1815 3457 aetatem

251 3474 649 3542 adolescentiae,
686 3478 1021 3548 juventutem
1051 3499 1148 3538 seu
1181 3495 1511 3542 senectutem
1543 3491 1812 3562 tetigerit:

251 3567 330 3619 cui
361 3567 529 3622 etiam
559 3567 791 3635 majores
818 3587 925 3626 non
949 3573 1304 3644 dedignentur
1323 3593 1530 3646 parere,
1563 3581 1819 3636 obedien-

252 3661 327 3707 tes
351 3657 400 3710 ei
431 3667 542 3711 tam
577 3673 676 3727 pro
699 3669 890 3726 zetate,
931 3677 1090 3730 quam
1121 3667 1284 3722 etiam
1311 3684 1409 3736 pro
1446 3685 1654 3724 morum
1688 3688 1816 3740 pro-

249 3743 435 3800 bitate.
473 3749 593 3817 Ipse
615 3765 673 3804 se
704 3753 1020 3808 imitandum
1058 3756 1112 3810 in
1139 3761 1348 3814 cunctis
1379 3776 1601 3830 operum
1640 3779 1821 3818 exem-

251 3835 347 3901 plis
371 3839 673 3905 exhibebit,
714 3857 888 3911 neque
910 3846 1054 3899 enim
1090 3846 1295 3917 aliquid
1328 3850 1596 3919 imperare
1622 3853 1818 3921 cuique

251 3921 324 3976 illi
365 3925 551 3981 licebit
592 3929 736 3998 quod
785 3931 900 4000 ipse
934 3949 1040 3989 non
1084 3935 1291 3991 fecerit.
1343 3936 1593 4007 Singulos
1639 3950 1816 3997 autem

249 4008 606 4071 hortamentis
646 4020 846 4074 mutuis
899 4024 1156 4079 excitabit
1189 4043 1202 4078 :
1243 4027 1516 4097 alloquens
1567 4042 1814 4097 cunctos,

246 4101 545 4158 exhortans
573 4107 658 4160 vel
701 4110 973 4166 teditieans
1007 4113 1060 4166 in
1090 4115 1189 4180 eis,
1235 4116 1276 4171 si
1307 4118 1434 4186 quid
1470 4133 1657 4174 eorum
1692 4122 1818 4176 vita:

246 4205 342 4258 pro
364 4195 788 4267 uniuscujusque
811 4201 978 4270 gradu
998 4203 1255 4271 prodesse
1280 4211 1634 4277 perspexerit.
1659 4211 1816 4266 Circa

245 4294 439 4338 omnes
477 4301 689 4356 quoque
717 4303 939 4345 servans
966 4289 1253 4360 justitiam,
1299 4304 1486 4352 contra
1524 4300 1728 4354 nullum
1756 4301 1821 4355 li-

242 4386 369 4427 vore
399 4375 512 4428 odii
543 4376 916 4444 inardescens,
945 4397 1132 4438 omnes
1159 4401 1225 4438 ex
1253 4388 1417 4441 corde
1458 4390 1814 4458 amplectens,

1909 494 2093 550 niores
2114 495 2496 560 obedientiam,
2520 511 2648 566 erga
2673 496 2906 566 aequales
2936 497 3344 554 incitamentum
3367 499 3480 555 vir-

1909 591 2104 649 tutum,
2134 599 2261 656 erga
2281 586 2518 640 minores
2538 585 2663 639 boni
2693 585 2923 654 exempli
2947 587 3317 657 magisterium
3345 602 3480 644 con-

1909 675 2222 730 servabunt.
2273 675 2439 729 Nemo
2474 675 2684 730 caeteris
2713 673 3000 743 scjudicet
3033 676 3338 743 meliorem,
3383 679 3482 734 sed

1911 765 2222 821 inferiorem
2268 781 2325 821 sc
2363 767 2617 821 omnibus
2657 765 2954 834 deputans,
2997 775 3147 820 tanta
3181 767 3486 823 humilitate

1910 857 2193 922 clarescat,
2225 869 2428 926 quanto
2456 856 2578 926 plus
2605 857 2820 911 caeteris
2843 856 3076 912 culmine
3103 858 3363 912 virtutum
3387 873 3483 914 co-

1911 956 2112 1002 ruscat.
2163 947 2448 1002 Abstineat
2489 948 2652 1002 etiam
2687 963 2716 1000 a
2749 946 2930 1000 furere
2963 954 3019 1000 et
3054 961 3084 999 a
3124 947 3479 1003 detractione.

1911 1037 2109 1091 Pareat
2139 1037 2437 1091 monachus
2466 1036 2680 1105 linguae.
2709 1034 3026 1089 lndecenter
3044 1050 3257 1105 quoque
3277 1036 3361 1092 vel
3386 1052 3486 1092 no-

1913 1128 2147 1182 tabiliter
2180 1143 2285 1182 non
2317 1129 2551 1182 incedat.
2579 1126 2933 1196 Philargyriae
2961 1124 3273 1195 contagium
3312 1134 3372 1180 ut
3412 1126 3488 1182 le-

1913 1219 2164 1274 thit‘eram
2217 1227 2422 1287 pestem
2472 1219 2776 1279 abhorreat,
2817 1233 2846 1271 a
2889 1217 3136 1287 turpibus
3177 1218 3360 1272 verbis
3404 1217 3490 1273 vel

1922 1310 2114 1364 otiosis
2140 1308 2376 1379 linguam
2405 1316 2614 1362 avertat
2639 1316 2802 1378 atque
2827 1308 3192 1363 indesinenter
3213 1323 3312 1363 cor
3334 1323 3492 1362 mun-

1914 1399 2039 1453 dum
2078 1399 2327 1468 labiaque
2365 1400 2634 1454 exhibeat.
2664 1397 2903 1453 Aﬂ'ectus
2937 1413 3151 1468 quoque
3177 1399 3344 1453 animi
3374 1407 3491 1453 tur-

1913 1507 2008 1561 pes
2035 1493 2101 1544 ab
2134 1491 2431 1545 intentione
2465 1489 2808 1560 cogitationis
2846 1489 3141 1557 abstergat,
3177 1503 3344 1559 seque
3389 1505 3489 1560 per

1915 1584 2380 1652 compunctioncm
2407 1583 2586 1638 cordis
2613 1582 2665 1637 in
2690 1583 2865 1637 studio
2894 1591 3096 1636 sanctae
3124 1582 3490 1638 meditationis

1917 1684 2191 1728 exerceat.
2219 1673 2512 1743 Torporem
2543 1672 2716 1726 somni
2749 1679 2909 1741 atque
2936 1671 3168 1742 pigritia:
3192 1670 3381 1742 fugiat,
3414 1671 3493 1725 vi-

1917 1765 2163 1834 giliisque
2195 1774 2249 1818 et
2275 1764 2610 1818 orationibus
2644 1764 2761 1818 sine
2797 1763 3198 1818 intermissione
3225 1763 3487 1819 intendat.

1917 1855 2067 1910 Gula:
2113 1855 2604 1924 concupiscentiam
2631 1854 2930 1922 deprimat,
2959 1862 3120 1922 atque
3149 1854 3492 1909 abstinentiae

1915 1944 2204 1998 virtutibus
2244 1944 2589 2012 semetipsum
2621 1959 2719 2013 pro
2747 1942 2926 1998 studio
2957 1943 3343 1998 domandorum
3373 1943 3495 1999 libi-

1917 2034 2101 2090 dinum
2132 2033 2354 2104 allligat,
2401 2033 2630 2089 domans
2671 2034 2891 2104 jejuniis
2940 2049 3180 2100 carnem,
3229 2042 3493 2104 quantum

1914 2127 2165 2181 valetudo
2205 2128 2448 2195 corporis
2483 2127 2631 2181 sinit.
2675 2127 2868 2182 Livore
2916 2141 3130 2198 quoque
3175 2127 3388 2182 invidiae
3429 2129 3496 2184 de

1916 2215 2172 2271 fraternis
2205 2216 2534 2286 profectibus
2559 2233 2898 2287 nequaquam
2935 2219 3200 2284 tabescat,
3227 2218 3321 2274 sed
3345 2220 3496 2290 quic-

1917 2316 2006 2362 tus
2030 2314 2193 2376 atque
2219 2306 2477 2375 paciﬁcus
2504 2323 2602 2376 per
2629 2322 2870 2362 amorem
2899 2308 3154 2363 fraterna:
3185 2309 3492 2363 dilectionis

1918 2397 1984 2452 de
2007 2404 2326 2452 cunctorum
2370 2397 2601 2467 gaudeat
2625 2399 2857 2452 meritis.
2892 2397 3188 2453 Iracundize
3212 2400 3498 2468 perturba-

1918 2485 2120 2539 tionem
2147 2501 2176 2538 a
2205 2500 2263 2539 se
2287 2486 2560 2555 rejicicns,
2599 2495 2652 2541 et
2678 2489 2946 2556 patienter
2978 2490 3160 2542 omnia
3193 2490 3490 2555 sustinens,

1917 2574 2063 2628 nulla
2105 2573 2341 2641 tristitia
2380 2573 2528 2628 nullo
2580 2575 2858 2644 temporali
2905 2591 3140 2631 maerore
3176 2577 3492 2632 afﬁciatur:

1918 2663 2011 2717 sed
2047 2670 2238 2718 contra
2281 2662 2464 2716 omnia
2506 2662 2729 2717 adversa
2780 2663 3022 2718 interiori
3056 2665 3252 2733 gaudio
3299 2665 3491 2731 fretus,

1918 2755 2089 2825 ipsam
2131 2762 2406 2824 postremo
2448 2769 2600 2808 vanae
2653 2753 2835 2822 gloriae
2885 2755 3095 2810 laudem
3142 2755 3394 2826 procula
3428 2771 3494 2811 se

1919 2845 2136 2915 abjiciat
2159 2883 2174 2908 ,
2216 2853 2273 2898 et
2301 2844 2410 2898 Deo
2441 2852 2647 2898 tantum
2687 2844 2913 2900 interi-us
2949 2845 3138 2899 humili
3171 2844 3334 2900 corde
3377 2845 3495 2914 pla—

1919 2951 2046 2991 cere
2083 2935 2297 2990 studeat
2330 2953 2344 2988 :
2375 2943 2435 2988 ut
2462 2935 2586 2989 dum
2619 2936 2704 2990 his
2740 2935 3032 2991 virtutibus
3068 2935 3272 3000 radiat,
3301 2935 3498 2992 merito

1920 3040 2116 3083 nomen
2145 3041 2256 3081 sua:
2277 3025 2630 3095 professionis
2659 3027 2908 3082 retineat.

2524 3136 2752 3195 CAPUT
2778 3139 2869 3194 IV.

2491 3207 2572 3263 De
2622 3211 2901 3264 conversis.

1987 3300 2089 3367 Qui
2132 3300 2446 3356 renuntians
2492 3299 2689 3354 sacculo
2731 3299 2796 3354 ad
2827 3302 3215 3356 monasterium
3261 3307 3494 3371 venerit,

1918 3406 2027 3446 non
2067 3391 2250 3445 statim
2286 3390 2341 3444 in
2371 3399 2569 3445 coetum
2601 3388 2926 3460 delegandus
2963 3400 3046 3446 est
3075 3395 3487 3450 monachorum.

1917 3482 2096 3536 Vitam
2122 3482 2266 3537 enim
2296 3479 2802 3549 uniuscujusque'in
2830 3481 3113 3548 hospitalis
3131 3484 3360 3537 servitio
3391 3485 3488 3536 tri-

1916 3570 2017 3624 bus
2062 3571 2337 3625 mensibus
2377 3558 2713 3624 considerari
2750 3577 2983 3638 oportet,
3031 3571 3226 3638 quibus
3254 3573 3494 3640 peractis

1917 3661 1985 3714 ad
2039 3669 2239 3715 cretum
2284 3669 2485 3714 sancta:
2536 3660 2970 3729 congregationis
3021 3661 3272 3726 accedet;
3316 3677 3493 3732 neque
3535 3669 3540 3673 '

1916 3750 2060 3804 enim
2104 3750 2248 3804 intus
2277 3749 2473 3819 suscipi
2520 3763 2845 3818 quemquam
2889 3751 3161 3815 convenit,
3210 3751 3314 3807 nisi
3345 3755 3494 3822 prius

1918 3839 2050 3894 foris
2087 3840 2310 3909 positus,
2355 3839 2471 3908 ejus
2499 3839 2772 3893 humilitas
2796 3840 2910 3893 sive
2942 3840 3205 3908 patientia
3242 3857 3490 3912 compto-

1916 3931 2092 3984 betur.
2129 3929 2231 3995 Qui
2272 3929 2459 3985 relicto
2489 3929 2686 3984 saeculo
2714 3931 2781 3985 ad
2811 3930 3060 3986 militiam
3086 3931 3288 3988 Christi
3314 3935 3400 4004 pia
3435 3943 3493 3990 ct

1919 4020 2118 4075 salubri
2146 4020 2449 4075 humilitate
2473 4029 2879 4088 convertuntur,
2921 4024 3103 4079 omnia
3137 4040 3233 4080 sua
3254 4026 3488 4096 primum

1919 4120 2012 4166 aut
2037 4111 2400 4180 indigentibus
2422 4112 2681 4179 dividant,
2713 4123 2806 4169 aut
2829 4118 3156 4174 monasterio
3183 4118 3485 4175 conferant.

1919 4203 2070 4258 Tune
2113 4203 2260 4256 enim
2305 4204 2445 4258 servi
2481 4203 2681 4259 Christi
2723 4205 2950 4261 liberum
3000 4209 3243 4266 animum
3289 4212 3488 4271 divina:

1920 4293 2125 4347 militiae
2159 4292 2412 4358 offerunt,
2449 4294 2661 4363 quando
2685 4311 2714 4348 a
2739 4310 2798 4350 se
2835 4297 2947 4366 spei
2973 4297 3248 4354 saicularis
3273 4301 3488 4360 vincula

1921 4391 2116 4438 cuncta
2157 4383 2474 4453 prmcidunt.
2513 4383 2613 4449 Qui
2659 4402 2764 4441 non
2810 4388 2981 4456 rigida
3030 4389 3327 4448 intentione
3362 4408 3491 4448 con-

247 4464 456 4519 nullum
483 4480 802 4523 conversum
841 4472 1164 4540 despiciens,
1209 4487 1432 4546 paratus
1471 4481 1634 4534 etiam
1676 4497 1810 4550 quo-
1840 4463 1894 4526 D
1920 4475 2163 4538 vertitur,
2192 4474 2300 4528 cito
2328 4483 2422 4528 aut
2451 4475 2715 4544 superbia:
2740 4478 2948 4541 morbo,
2971 4488 3064 4532 aut
3087 4479 3222 4534 vitio
3251 4480 3479 4537 luxuria:

247 4556 494 4608 rumdam
554 4555 853 4613 infirmitati
919 4564 1275 4632 eompatiendi
1335 4566 1765 4623 misericordiam
1796 4612 1810 4635 ,

247 4640 561 4710 Apostolum
603 4660 855 4715 sequens,
889 4650 977 4715 qui
1015 4647 1144 4705 dicit
1177 4671 1190 4704 :
1229 4652 1383 4707 Facti
1407 4672 1586 4709 sumus
1606 4657 1812 4724 parvuli

245 4731 293 4781 in
332 4733 510 4787 medio
554 4747 810 4800 vestrum,
839 4747 1086 4809 tanquam
1119 4743 1163 4794 si
1211 4744 1390 4797 nutrix
1434 4744 1602 4813 foveat
1643 4746 1814 4815 pullos

241 4835 361 4874 suos
395 4821 456 4893 (I
482 4823 633 4878 Thes.
661 4824 744 4896 ιι).

845 4917 1070 4975 CAPUT
1119 4920 1203 4975 IlI.

842 5007 913 5061 De
950 5012 1234 5065 monac/iis.

306 5095 596 5154 Honachis
645 5108 826 5155 autem
878 5117 1218 5172 summopere
1268 5107 1586 5163 studendum
1631 5119 1714 5165 est
1757 5121 1816 5166 ut

237 5187 602 5255 apostolicam
636 5191 802 5244 vitam
834 5201 1102 5258 tenentes,
1140 5196 1279 5249 sicut
1315 5197 1367 5250 in
1403 5214 1566 5253 unum
1609 5203 1811 5256 c0nsti-

233 5275 336 5329 tuti
369 5293 496 5333 esse
525 5289 853 5346 noscuntur,
885 5283 958 5336 ita
997 5300 1158 5337 unum
1191 5300 1285 5339 cor
1312 5287 1545 5344 habeant
1569 5292 1622 5346 in
1653 5294 1762 5347 Deo
1798 5312 1810 5346 :

232 5365 367 5419 nihil
398 5367 505 5422 sibi
535 5373 816 5440 proprium
844 5374 1202 5440 vindicantes,
1234 5392 1334 5432 nec
1360 5382 1814 5446 quantulumcun-

229 5470 338 5524 que
362 5474 614 5517 amorem
650 5465 730 5518 rei
759 5465 982 5533 privatae
1014 5476 1298 5535 gerentes;
1331 5471 1421 5523 sed
1445 5469 1598 5537 juxta
1632 5487 1813 5526 exem-

227 5547 383 5613 plum
426 5555 808 5621 apostolicum,
837 5559 1016 5612 omnia
1047 5564 1352 5618 communia
1387 5564 1646 5620 habentes
1673 5565 1810 5636 (Act.

225 5636 329 5707 ιν),
370 5639 435 5695 in
481 5645 765 5713 przeceptis
800 5647 997 5704 Christi
1032 5651 1260 5708 fideliter
1287 5657 1648 5724 permanendo
1685 5673 1811 5727 pro-

1919 4565 2184 4619 subditur.
2224 4564 2573 4636 Nequaquam
2603 4582 2730 4637 ergo
2758 4567 2918 4623 debet
2945 4585 2974 4623 a
3000 4578 3182 4640 tepore
3210 4571 3489 4638 inchoare,

1920 4656 2009 4724 qui
2041 4658 2240 4712 mundo
2276 4659 2572 4723 renuntiat,
2604 4674 2673 4713 ne
2699 4675 2800 4728 per
2831 4661 3005 4730 ipsum
3033 4671 3271 4734 teporem
3301 4681 3492 4722 rursus

1916 4747 1970 4803 in
2001 4764 2239 4804 amorem
2274 4747 2453 4804 szeculi
2492 4751 2669 4804 cadat.
2711 4748 2900 4808 Omnis
2940 4769 3231 4810 conversus
3267 4766 3490 4814 nonest

1918 4838 2255 4906 vecipieudus
2287 4837 2342 4891 in
2373 4840 2699 4895 monasterio
2718 4878 2732 4906 ,
2773 4842 2877 4896 nisi
2907 4857 2964 4898 se
2998 4845 3146 4914 prius
3174 4846 3246 4900 ibi
3272 4846 3491 4915 scriptis

1919 4945 2029 4984 suae
2068 4928 2416 4999 professionis
2456 4931 2803 5001 spoponderit
2844 4948 3273 5001 permansurum.
3333 4935 3490 4994 Sicut

1918 5018 2062 5072 enim
2094 5017 2148 5072 hi
2175 5016 2267 5084 qui
2297 5016 2364 5071 ad
2393 5017 2704 5073 saecularem
2740 5031 3124 5089 promoventur
3150 5022 3402 5079 militiam
3423 5025 3488 5084 .in

1915 5109 2179 5179 legionem
2209 5123 2314 5161 non
2355 5116 2636 5166 transeunt
2661 5111 2762 5167 nisi
2789 5120 2946 5168 antea
2972 5113 3026 5167 in
3057 5115 3270 5171 tabulas
3299 5117 3487 5174 confe-

1917 5210 2126 5271 rantur,
2167 5201 2241 5253 ita
2284 5208 2340 5255 et
2382 5201 2417 5254 ii
2448 5202 2538 5271 qui
2584 5203 2636 5256 in
2682 5201 3013 5273 spiritalibus
3057 5207 3253 5262 castris
3277 5208 3486 5265 cmlesti

1923 5294 2112 5350 militia
2161 5301 2285 5348 sunt
2314 5293 2578 5363 signandi,
2626 5296 2731 5350 nisi
2771 5296 2920 5366 prius
2959 5297 3293 5366 professione
3335 5300 3486 5356 verbi

1925 5395 2016 5443 aut
2060 5386 2241 5454 scripti
2274 5392 2578 5452 teneantur,
2628 5387 2682 5442 in
2734 5403 3017 5444 numerant
3068 5391 3489 5462 societatemque

1917 5491 2194 5534 servorum
2221 5474 2423 5531 Christi
2453 5477 2685 5532 transire
2711 5493 2816 5532 non
2844 5473 3074 5549 posSint.
3105 5480 3425 5553 Quicunque
3455 5497 3486 5536 a

1915 5565 2226 5636 parentibus
2261 5565 2492 5635 propriis
2536 5565 2587 5619 in
2618 5569 2946 5622 monasterio
2983 5568 3146 5624 fuerit
3188 5569 3483 5639 delegatus.

1918 5659 2125 5712 noverit
2169 5673 2226 5711 sc
2268 5657 2337 5712 ibi
2382 5665 2637 5727 perpetuo
2681 5674 3112 5728 permansurum.
3160 5661 3293 5715 Nam
3331 5661 3485 5716 Anna
