3974 6192
486 288 586 342 539

487 503 592 559 qua
623 495 845 542 voverat
867 484 1093 550 obtulit;
1129 486 1328 553 quique
1352 494 1407 539 et
1445 484 1498 538 in
1527 486 1824 541 ministerio
1848 488 2056 557 templi,

486 593 594 649 quo
621 592 652 631 a
681 586 853 631 matre
872 575 1046 630 fuerat
1074 573 1290 631 functus
1313 576 1633 646 permansit,
1655 589 1711 631 et
1734 578 1824 631 ubi
1853 579 2059 632 consti-

486 676 634 722 tutus
659 674 761 731 est,
804 666 1096 721 deservivit
1124 664 1178 737 (I
1204 664 1329 735 Reg.
1362 666 1423 737 ι).
1452 666 1554 733 Qui
1593 668 1645 722 in
1674 670 2059 723 monasterium

485 758 635 828 prior
675 757 1008 828 ingreditur,
1036 754 1245 827 primus
1288 758 1394 811 erit
1434 758 1488 812 in
1527 761 1737 813 cunctis
1777 760 1946 829 gradu
1974 760 2059 814 vel

484 848 692 903 ordine.
729 848 840 904 Nec
869 848 1217 918 quaerendum
1249 856 1336 904 est
1357 847 1403 902 si
1430 848 1580 903 dives
1605 850 1675 903 sit
1703 857 1796 902 aut
1830 863 2054 919 pauper,

485 954 676 994 servus
715 954 782 993 an
813 936 968 998 liber,
987 936 1204 1007 juvenis
1243 953 1309 992 an
1344 952 1529 1004 senex,
1561 939 1794 993 rusticus
1830 954 1898 993 an
1933 956 2058 993 eru-

484 1030 672 1085 ditus:
712 1030 764 1083 in
812 1029 1091 1084 monachis
1122 1027 1267 1083 enim
1319 1042 1423 1083 nec
1469 1037 1622 1094 tetas,
1669 1045 1770 1084 nec
1818 1028 2056 1084 conditio

483 1122 760 1191 qumritur,
787 1122 913 1191 quia
942 1121 1085 1176 inter
1104 1121 1245 1175 servi
1271 1130 1328 1176 et
1357 1121 1515 1191 liberi
1542 1122 1779 1176 animam
1807 1121 1951 1176 nulla
1974 1129 2059 1176 est

484 1214 624 1284 apud
666 1215 833 1269 Deum
860 1212 1183 1268 differentia.
1226 1212 1541 1281 Quicunque
1565 1213 1697 1285 jugo
1724 1212 1913 1268 alienae
1942 1228 2060 1268 ser-

484 1306 670 1360 vitulis
702 1306 957 1361 astrictus
997 1314 1101 1371 est,
1140 1305 1245 1359 nisi
1275 1304 1525 1360 dominus
1552 1303 1766 1360 vincula
1794 1304 1911 1375 ejus
1950 1305 2059 1360 dis-

482 1397 720 1462 solverit,
765 1413 1106 1467 nequaquam
1130 1397 1493 1466 "recipiendus
1519 1406 1636 1463 est;
1670 1397 1929 1467 scriptum
1976 1404 2061 1451 est

481 1488 627 1542 enim
652 1507 664 1541 :
697 1487 828 1553 Quis
857 1489 1054 1541 dimisit
1075 1504 1331 1557 onagrum
1356 1486 1617 1543 liberum?
1640 1497 1687 1542 et
1710 1486 1919 1541 vincula
1944 1487 2059 1557 ejus

479 1579 595 1648 quis
617 1576 766 1632 solvit
791 1576 934 1649 (Job.
968 1577 1204 1648 xxxrx)?
1231 1576 1447 1648 Onager
1469 1578 1616 1632 enim
1639 1576 1775 1633 liber
1803 1577 2061 1633 dimissus

485 1668 783 1722 monachus
812 1676 925 1732 est,
962 1667 1082 1721 sine
1125 1668 1403 1721 dominatu
1442 1675 1495 1721 et
1526 1667 1910 1738 impedimento
1955 1682 2057 1721 sa:-

480 1756 586 1813 culi
616 1756 727 1812 Deo
755 1757 997 1812 serviens
1019 1765 1076 1812 et
1103 1773 1133 1810 a
1160 1756 1332 1811 turbis
1360 1765 1634 1822 remotus;
1667 1765 1797 1811 tunc
1822 1757 1964 1811 enim
1996 1756 2060 1810 li-
2087 1757 2133 1815 B

480 1848 611 1902 bera
651 1847 913 1901 servitute
941 1845 1052 1900 Deo
1081 1845 1309 1915 quisque
1338 1845 1644 1908 famulatur,
1685 1846 1900 1915 quando
1943 1845 2063 1899 nul-

480 1936 585 1992 lius
613 1936 848 1992 carnalis
868 1936 1194 1992 conditionis
1219 1936 1455 2005 pondere
1478 1936 1743 2006 premitur
1763 1955 1777 1989 :
1799 1937 1890 1992 ubi
1914 1938 2061 1993 enim

477 2028 587 2098 jam
611 2044 774 2084 suave
789 2027 1002 2100 jugum,
1025 2037 1079 2084 et
1100 2028 1215 2084 leve
1235 2044 1371 2084 onus
1390 2028 1590 2085 Christi
1615 2036 1697 2084 est
1715 2028 1931 2099 (Matth.
1957 2029 2057 2099 xl),

480 2120 671 2175 durum
684 2128 739 2175 et
752 2134 914 2191 grave
924 2128 1008 2175 est
1026 2129 1245 2190 portare
1260 2120 1536 2175 servitium
1559 2120 1761 2182 saeculi;
1789 2117 2061 2176 Habemus

480 2211 583 2267 hoc
609 2210 915 2281 exemplum
943 2212 1106 2266 etiam
1138 2212 1190 2266 in
1214 2211 1329 2283 lege
1351 2211 1631 2275 mundiali,
1661 2211 1753 2267 ubi
1780 2212 1922 2271 servi
1954 2228 2059 2266 non

480 2303 717 2358 militant
742 2302 847 2357 nisi
878 2302 1139 2357 servitute
1172 2302 1436 2373 deposita.
1481 2302 1538 2357 Si
1577 2302 1700 2372 quis
1727 2302 1843 2356 vult
1873 2300 2062 2371 conju-

480 2402 637 2464 gatus
654 2394 897 2449 converti
924 2392 991 2447 ad
1012 2394 1425 2458 monasterium,
1450 2409 1556 2447 non
1578 2401 1664 2448 est
1692 2392 2058 2462 recipiendus,

480 2484 583 2539 nisi
625 2483 778 2554 prius
820 2498 851 2538 a
896 2481 1121 2554 conjuge
1148 2481 1522 2536 castimoniam
1567 2482 1855 2551 profitente
1895 2480 2064 2536 fuerit

479 2575 758 2631 absolutus
787 2592 800 2628 :
834 2589 958 2628 nam
997 2573 1043 2628 si
1070 2572 1183 2637 illa,
1210 2572 1424 2626 vivente
1452 2571 1561 2635 illo,
1591 2587 1688 2641 per
1720 2572 2065 2627 incontinen-

480 2668 614 2721 tiam
662 2664 819 2720 alteri
868 2663 1151 2732 nupserit,
1194 2677 1334 2717 uxor
1379 2660 1567 2731 procul
1616 2660 1779 2716 dubio
1816 2660 2061 2715 adultera

478 2757 603 2822 erit,
634 2771 735 2811 nec
763 2755 1021 2824 recipitur
1048 2752 1190 2823 apud
1232 2751 1403 2807 Deum
1443 2751 1708 2821 ejusmodi
1748 2750 2056 2814 conversio,

478 2861 643 2916 quam
693 2846 959 2915 sequitur.
983 2842 1283 2915 conjugalis
1336 2842 1460 2897 fidei
1512 2842 1841 2911 prostitutio.
1903 2839 2062 2895 Tales

480 2948 608 2993 tunc
644 2936 762 2992 sine
791 2935 947 3007 culpa
983 2942 1284 3004 sequuntur
1310 2934 1499 2989 relicto
1526 2932 1723 2989 sarculo
1752 2932 2056 2998 Christum,

478 3031 525 3084 si
561 3029 795 3084 habeant
830 3043 896 3081 ex
939 3027 1055 3097 pari
1101 3025 1379 3080 voluntate
1400 3028 1728 3079 consensum
1770 3024 2057 3079 castitatis.

480 3120 583 3188 Qui
609 3119 811 3188 aliquid
852 3117 1112 3171 habentes
1156 3116 1211 3170 in
1248 3115 1445 3171 saeculo
1481 3123 1904 3178 convertuntur,
1950 3129 2057 3167 non
2084 3118 2128 3178 Ο

474 3209 806 3266 extollantur
844 3209 889 3263 si
918 3206 985 3261 de
1015 3208 1127 3261 suis
1165 3206 1507 3261 facultatibus
1544 3206 1904 3276 quodcunque
1936 3222 2053 3261 mo-

481 3284 720 3359 naéterio
749 3298 1123 3364 contulerunt;
1154 3300 1249 3355 sed
1275 3298 1454 3368 potius
1474 3298 1698 3353 timeant
1722 3316 1790 3353 ne
1818 3313 1914 3369 per
1943 3300 2058 3354 haec

486 3394 541 3448 in
573 3392 882 3463 superbiam
909 3390 1161 3444 labantur
1181 3397 1234 3445 et
1262 3398 1506 3460 pereant,
1537 3390 1733 3459 quibus
1761 3390 1953 3444 melius
1978 3406 2061 3445 es-

480 3494 582 3551 set,
627 3484 675 3540 si
709 3482 915 3538 divitiis
954 3482 1070 3537 suis
1111 3496 1235 3537 eum
1274 3482 1575 3537 humilitate
1621 3482 1674 3536 in
1702 3482 1900 3536 satequ
1935 3498 2060 3552 per-

480 3577 821 3640 fruercutur,
854 3589 1015 3645 quam
1052 3580 1109 3628 ut
1135 3570 1250 3641 jam
1276 3587 1539 3643 pauperes
1569 3571 1745 3627 efi‘eeti
1774 3573 1840 3627 de
1870 3587 2058 3627 earum

482 3670 862 3728 distributione
899 3668 1135 3723 elatione
1182 3666 1448 3738 superbia:
1485 3664 1833 3720 extollantur.
1874 3663 1938 3719 lli
1967 3665 2057 3734 qui

483 3760 667 3817 saeculi
693 3758 1290 3827 divitias-relinquentes
1307 3756 1554 3811 conversi
1582 3763 1725 3821 sunt,
1755 3770 1861 3811 non
1882 3754 2059 3824 deSpi-

482 3856 632 3912 ciant
664 3867 757 3909 eos
789 3852 880 3923 qui
926 3852 993 3907 de
1034 3858 1356 3920 paupertate
1401 3856 1705 3915 venerunt;
1752 3848 1877 3919 quia
1919 3847 2059 3917 apud

481 3949 650 4004 Deum
678 3946 839 4001 unius
864 3944 1070 3999 ordinis
1093 3943 1364 4027 habentur
1394 3956 1582 3997 omnes
1605 3943 1698 4011 qui
1734 3950 2061 3996 convertun-

482 4047 571 4095 tur
602 4040 669 4093 ad
699 4037 995 4092 Christum.
1026 4033 1211 4103 Neque
1240 4036 1384 4089 enim
1415 4034 1593 4089 differt
1615 4043 1793 4087 utrum
1823 4049 1886 4088 ex
1916 4033 2058 4102 inopi

478 4129 567 4184 vel
596 4126 780 4182 servili
810 4125 1116 4179 conditione
1157 4126 1226 4178 ad
1272 4126 1552 4179 servitium
1594 4125 1685 4179 Dci
1715 4126 1941 4193 quisque
1979 4139 2062 4177 ve-

484 4216 647 4282 nerit,
693 4230 763 4270 an
790 4230 857 4271 cx
896 4228 1154 4286 generosa
1182 4223 1238 4268 et
1278 4214 1540 4282 locuplete
1564 4215 1695 4267 vita.
1730 4214 1880 4267 Multi
1913 4214 2058 4267 enim

484 4323 551 4364 ex
573 4305 782 4377 plebeio
829 4319 991 4360 censu
1023 4302 1360 4357 documentis
1404 4302 1663 4356 virtutum
1702 4302 1918 4356 eximiis
1946 4303 2062 4357 cni~

483 4408 691 4465 tentes,
746 4396 1083 4468 prtelatiores
1136 4392 1405 4448 nobilibus
1458 4391 1584 4451 facti
1648 4403 1808 4459 sunt,
1856 4409 2059 4463 eosque

484 4492 744 4547 virtutum
780 4487 1097 4545 excellentia
1124 4493 1502 4555 prtevenerunt
1519 4525 1533 4547 ,
1563 4494 1618 4539 et
1642 4486 1735 4554 qui
1754 4495 1913 4540 erant
1933 4502 2061 4539 con-
2086 4474 2138 4532 D

485 4583 691 4638 ditinne
735 4578 924 4642 infimi,
971 4576 1188 4631 virtutis
1228 4576 1426 4631 merito
1474 4574 1651 4630 effecti
1703 4585 1829 4630 sunt
1878 4577 2057 4647 primi.

486 4673 622 4730 Nam
650 4680 938 4745 propterea
962 4667 1175 4737 inﬁrma
1200 4664 1551 4735 mundiefegit
1577 4665 1737 4729 Deus,
1764 4675 1820 4718 ut
1838 4668 2063 4734 confun-

473 4768 628 4821 deret
657 4761 818 4833 fortia
839 4774 858 4811 :
881 4769 929 4814 et
952 4756 1203 4828 ignobilia
1223 4756 1439 4821 mundi,
1470 4766 1518 4809 et
1542 4772 1607 4810 ea
1637 4773 1753 4827 qua:
1780 4772 1883 4810 non
1914 4765 2061 4819 sunt,

486 4868 540 4914 ut
567 4874 629 4912 ea
661 4870 779 4927 qua:
800 4860 921 4908 sunt
944 4858 1214 4906 euacuaret
1230 4863 1248 4901 :
1267 4858 1323 4903 ut
1346 4864 1450 4903 non
1476 4847 1728 4919 glorietur
1748 4850 1915 4903 omnis
1940 4864 2063 4902 caro

483 4953 539 5006 in
563 4957 841 5019 conspectu
877 4946 992 5015 ejus
1038 4942 1093 5013 (I
1123 4940 1246 4998 Cor.
1294 4941 1355 5012 I).
1402 4940 1504 5007 Qui
1548 4956 1613 4995 ex
1645 4950 1961 5010 paupertate
1991 4941 2057 4993 ad

484 5038 871 5097 monasterium
894 5035 1131 5098 veniunt,
1153 5046 1263 5088 non
1285 5031 1616 5087 extollantur
1635 5033 1688 5085 in
1714 5032 2054 5102 superbiam;

484 5134 608 5204 quia
637 5145 696 5186 se
724 5128 799 5185 ibi
828 5128 1063 5197 tequales
1088 5124 1357 5194 aspiciunt
1398 5124 1466 5178 iis
1493 5124 1586 5192 qui
1615 5123 1818 5192 aliquid
1868 5124 1923 5177 in
1954 5138 2058 5177 sa:-

487 5224 610 5281 eulo
638 5222 961 5277 videbantur
994 5236 1006 5270 :
1042 5229 1216 5286 neque
1241 5214 1386 5271 enim
1414 5214 1633 5286 dignum
1657 5224 1741 5269 est
1773 5223 1832 5269 ut
1863 5215 1953 5269 ubi
1982 5216 2063 5269 di:

487 5315 650 5379 vites,
690 5307 1008 5366 celsitudine
1035 5305 1275 5375 deposita
1303 5303 1570 5369 surculari,
1609 5305 1675 5359 ad
1699 5305 2059 5360 humilitatem

488 5402 843 5466 descendunt,
889 5399 965 5454 ibi
1014 5412 1277 5467 pauperes
1325 5397 1561 5452 elatione
1611 5398 1806 5452 mentis
1843 5397 2060 5467 superbi

488 5494 820 5556 efficiantur;
860 5487 1057 5559 quibus
1097 5495 1306 5556 oportet
1330 5496 1410 5552 ιιι,
1444 5489 1683 5557 deposita
1725 5489 2058 5559 arrogantia,

489 5584 767 5643 humiliter
792 5582 1006 5650 sapiant
1039 5593 1256 5648 sumque
1282 5584 1614 5651 paupertatis
1642 5592 1694 5639 et
1725 5581 1918 5651 inopiae
1952 5588 2061 5634 me-

487 5688 669 5733 mores
694 5685 910 5743 semper
936 5670 1190 5723 existant.

1505 285 1955 341 S.'BENED1CTI
1992 286 2281 350 ABBATIS
2311 294 2716 353 ANIANENSIS

485 398 703 453 Samuel
756 411 979 468 puerum
1024 404 1209 449 natum
1255 402 1310 449 et
1346 395 1671 451 ablactatnm
1706 396 1816 452 Deo
1859 398 2060 467 pietate
2087 406 2134 464 Α

3623 282 3730 337 ισο

2773 398 3000 457 CAPUT
3050 398 3113 453 Υ.

2408 496 2485 550 De
2533 494 2814 566 familiaris
2855 493 2929 545 rei
2975 491 3190 560 vitaeque
3232 486 3481 557 appetitu.

2230 585 2475 641 Monachi
2504 588 2558 640 in
2594 582 2867 640 communi
2897 582 3141 635 viventes
3169 577 3305 632 nihil
3332 574 3606 647 peculiare
3628 575 3732 630 sibi

2159 671 2341 730 facere
2391 677 2645 741 audeant,
2705 687 2880 742 neque
2920 672 2977 725 in
3026 671 3139 725 suis
3189 667 3397 723 cellulis
3443 666 3735 737 quidquam

2159 768 2303 836 quod
2333 767 2399 821 ad
2431 768 2634 823 vietum
2673 766 2757 820 vel
2796 765 2863 819 ad
2899 762 3197 833 quamlibet
3235 773 3349 813 rem
3379 758 3541 813 aliam
3565 759 3737 828 perti-

2158 866 2284 910 neat
2317 857 2434 911 sine
2473 856 2709 927 regulari
2750 853 3155 924 dispensatione
3184 851 3388 905 habere
3434 849 3521 905 vel
3559 850 3738 918 possi-

2157 946 2285 1001 dere
2311 955 2659 1016 praesumant.
2685 945 2746 1000 ln
2791 944 3109 998 Pentecoste
3135 948 3337 1004 autem,
3376 939 3471 1009 qui
3512 946 3598 993 est
3623 938 3741 993 dies

2156 1038 2524 1103 remissionis,
2559 1052 2748 1091 omnes
2781 1034 2977 1089 fratres
3022 1033 3123 1087 sub
3171 1031 3354 1086 divina
3400 1027 3740 1099 professione

2157 1147 2218 1187 se
2244 1132 2463 1203 alligent
2501 1131 2637 1185 nihil
2671 1129 2942 1201 peculiare
2975 1126 3115 1197 apud
3146 1124 3544 1180 conscientiam
3587 1136 3738 1177 suam

2158 1229 2377 1283 habere.
2410 1228 2468 1283 Si
2494 1228 2625 1297 quid
2660 1241 2691 1280 a
2724 1225 3041 1295 parentibus
3060 1222 3145 1277 vel
3174 1220 3449 1276 extraneis
3473 1220 3741 1274 monacho

2159 1322 2413 1376 collatum
2458 1319 2641 1387 fuerit,
2693 1336 2801 1375 non
2832 1320 2936 1373 erit
2966 1318 3067 1373 sub
3109 1316 3232 1386 jure
3272 1315 3498 1386 privatae
3532 1315 3611 1369 rei
3648 1314 3741 1367 ha-

2158 1412 2408 1475 bendum,
2442 1412 2536 1466 sed
2563 1412 2617 1465 in
2643 1418 2912 1480 potestate
2933 1408 3147 1464 abbatis
3172 1408 3229 1461 in
3258 1421 3550 1462 commune
3584 1405 3741 1459 reda-

2159 1510 2325 1566 ctum,
2359 1501 2445 1556 cui
2491 1515 2714 1556 necesse
2741 1500 2847 1554 erit
2880 1499 3207 1568 praebeatur.
3254 1495 3545 1550 Monachus
3593 1494 3743 1549 enim

2161 1594 2422 1665 quidquid
2473 1593 2955 1663 quomodoeunque
2999 1589 3265 1658 acquirit,
3313 1603 3416 1643 non
3459 1586 3587 1648 sibi,
3646 1586 3745 1639 sed

2165 1689 2494 1743 monasterio
2525 1687 2778 1756 acquirit.
2820 1685 3009 1740 Nullus
3045 1682 3392 1753 peculiariter
3428 1688 3742 1749 separatam

2162 1777 2263 1832 sibi
2285 1777 2350 1831 ad
2376 1778 2725 1833 habitandum
2748 1776 2997 1830 cellulam
3016 1781 3257 1843 expetat,
3280 1773 3335 1826 in
3357 1786 3459 1840 qua
3482 1770 3740 1840 privatim

2161 1884 2191 1922 a
2208 1877 2351 1933 cuitu
2374 1876 2615 1923 remotus
2641 1868 2808 1932 vivat,
2832 1875 3031 1936 praeter
3041 1880 3165 1920 eum
3186 1864 3277 1934 qui
3300 1862 3531 1917 fortasse
3546 1862 3742 1915 morbo

2160 1955 2245 2010 vel
2269 1964 2430 2011 aetate
2449 1955 2714 2021 defessus,
2745 1956 2851 2012 hoc
2872 1970 2938 2012 ex
2960 1955 3205 2010 consulto
3227 1954 3404 2007 Patris
3423 1951 3745 2007 monasterii

2160 2049 2543 2119 promeruerit.
2585 2047 2778 2103 Caeteri
2807 2063 2939 2103 vero
2980 2048 3177 2117 quibus
3210 2061 3309 2101 nec
3347 2046 3615 2115 languor,
3647 2061 3746 2099 nec

2160 2146 2410 2193 senectus
2440 2139 2598 2204 inest,
2637 2139 2689 2192 in
2716 2146 2902 2193 sancta
2930 2138 3188 2192 societate
3207 2126 3552 2191 communem
3576 2135 3744 2189 vitam

2159 2241 2214 2285 et
2232 2231 2699 2285 conversationem
2725 2231 3056 2285 retinebunt.
3089 2228 3276 2283 Nullus
3300 2237 3609 2298 separatam
3637 2228 3751 2282 cei-

2160 2319 2321 2374 lulam
2351 2336 2382 2375 a
2411 2331 2553 2376 ccetu
2581 2329 2824 2375 remotus
2847 2320 2949 2376 sibi
2972 2328 3211 2389 expetat,
3239 2321 3293 2374 in
3316 2336 3421 2389 qua
3449 2320 3551 2374 sub
3568 2320 3745 2374 studio

2162 2411 2482 2467 reclusionis
2510 2422 2608 2466 aut
2632 2412 2850 2466 instanti
2879 2412 2992 2466 otio
3021 2420 3113 2465 aut
3134 2411 3321 2465 latenti
3352 2410 3489 2465 vitio
3511 2412 3745 2474 serviat,

2161 2508 2214 2554 et
2260 2501 2498 2555 maxime
2547 2515 2701 2555 vanae
2755 2500 2940 2572 gloria:
2990 2510 3084 2556 aut
3125 2501 3415 2555 mundialis
3469 2501 3746 2570 opinionis

2164 2590 2340 2647 famae.
2391 2592 2524 2646 Nam
2575 2592 2816 2663 plerique
2847 2594 3073 2663 proinde
3115 2592 3308 2649 reclusi
3342 2592 3512 2649 latere
3554 2592 3745 2648 volunt

2161 2689 2223 2735 ut
2254 2690 2521 2751 pateant:
2568 2690 2627 2736 ut
2674 2684 2764 2752 qui
2816 2683 2950 2738 viles
3002 2691 3157 2737 erant
3197 2691 3290 2737 aut
3353 2684 3749 2753 ignorabantur

2163 2773 2294 2828 foris
2327 2774 2512 2844 positi,
2540 2775 2785 2829 sciantur
2812 2782 2973 2845 atque
2998 2775 3334 2830 honorentur
3357 2773 3572 2829 inclusi.
3606 2774 3747 2828 Nam

2162 2879 2349 2919 revera
2376 2864 2554 2919 omnis
2578 2865 2671 2933 qui
2709 2873 2929 2935 propter
2953 2866 3076 2920 vitae
3107 2867 3341 2936 quietem
3369 2879 3399 2918 a
3424 2865 3602 2919 turbis
3635 2865 3750 2921 diss

2163 2958 2326 3024 cedit,
2360 2965 2566 3027 quanto
2592 2957 2765 3026 magis
2798 2972 2828 3009 a
2859 2958 3073 3027 publico
3103 2965 3417 3026 separatur,
3463 2966 3619 3011 tanto
3646 2957 3751 3011 mi-

2165 3064 2269 3102 nus
2290 3048 2439 3102 latet.
2458 3048 2683 3118 Oportet
2703 3061 2833 3118 ergo
2858 3048 2991 3103 tales
3019 3049 3074 3102 in
3095 3056 3280 3103 sancta
3304 3048 3568 3103 societate
3594 3063 3750 3103 com~

2161 3137 2382 3203 morari,
2414 3145 2574 3206 atque
2587 3137 2687 3192 sub
2710 3139 3017 3193 testimonio
3040 3138 3205 3193 vitam
3226 3152 3377 3191 suam
3398 3137 3707 3207 transigere
3731 3155 3746 3191 :

2160 3234 2220 3280 ιιι
2244 3228 2290 3281 si
2326 3227 2458 3297 quid
2487 3229 2542 3281 in
2577 3228 2658 3282 eis
2686 3228 2939 3283 vitiorum
2969 3236 3074 3293 est,
3110 3228 3238 3283 dum
3263 3243 3369 3282 non
3398 3227 3629 3293 celatur,
3653 3243 3752 3283 cu-

2161 3327 2342 3384 retur;
2374 3318 2419 3373 si
2446 3317 2576 3387 quid
2611 3332 2740 3373 vero
2770 3318 3051 3383 virtutum,
3086 3318 3155 3373 ad
3184 3317 3585 3372 imitamentum
3613 3330 3749 3387 pro-

2162 3407 2309 3463 ficiat
2346 3409 2596 3473 aliorum,
2626 3409 2756 3464 dum
2797 3410 3118 3464 humilitatis
3154 3425 3342 3464 eorum
3373 3411 3629 3479 exempla
3655 3409 3749 3464 alii

2160 3509 2499 3567 contuentes,
2523 3500 2863 3557 erudiuntur.
2890 3501 3079 3558 Nullus
3098 3504 3487 3558 monachorum
3517 3505 3752 3574 prepin-

2159 3591 2385 3661 quitatis
2416 3606 2578 3647 causa
2605 3593 2844 3647 terrenis
2867 3593 3015 3647 curis
3040 3608 3098 3649 se
3129 3593 3342 3648 subdat.
3387 3593 3748 3664 Sequendum

2160 3689 2244 3735 est
2266 3682 2432 3746 enim,
2458 3683 2550 3752 qui
2578 3682 2710 3737 dicit
2732 3684 2873 3752 patri
2912 3698 3012 3738 suo
3038 3692 3093 3739 et
3116 3686 3277 3739 matri
3307 3686 3494 3740 nescio
3525 3701 3623 3739 vos
3648 3702 3664 3749 ;
3696 3695 3751 3740 et

2161 3773 2422 3828 fratribus
2448 3774 2563 3829 suis
2603 3774 2794 3844 ignem
2834 3774 2977 3840 illos,
3027 3785 3083 3831 et
3112 3777 3420 3831 nescierunt
3474 3777 3639 3844 filios,
3692 3780 3752 3835 hi

2162 3866 2535 3921 custodierunt
2576 3867 2851 3937 eloquium
2884 3877 3067 3934 tuum,
3098 3877 3154 3924 et
3179 3877 3449 3940 princepta
3492 3885 3753 3926 servave-

2163 3967 2309 4011 runt.
2341 3958 2491 4012 Multi
2530 3959 2676 4014 enim
2706 3960 3116 4026 monachorum,
3142 3945 3299 4028 juxta
3330 3962 3615 4032 cajusdam
3644 3961 3751 4017 Pa-

2165 4048 2262 4102 tris
2284 4050 2629 4115 sententiam,
2655 4065 2840 4105 amore
2861 4060 3143 4120 parentum
3160 4052 3509 4108 szecularibus
3531 4054 3752 4110 actibus

2161 4147 2216 4193 et
2259 4139 2563 4196 forensibus
2608 4143 2840 4214 negotiis
2888 4143 3130 4207 involuti,
3176 4145 3301 4198 dum
3349 4146 3750 4216 propinquitati

2162 4232 2415 4299 prodesse
2460 4234 2703 4302 cupiunt,
2736 4249 2863 4289 suas
2903 4236 3113 4291 animas
3148 4236 3521 4307 perdiderunt.
3571 4236 3748 4290 Nemo

2160 4321 2346 4391 quippe
2373 4320 2604 4375 militans
2635 4322 2741 4377 Deo
2775 4323 3007 4394 implicat
3029 4342 3083 4379 se
3115 4327 3331 4396 negotiis
3370 4326 3749 4392 swcularibus,

2162 4420 2220 4465 ut
2248 4411 2296 4465 ei
2318 4411 2521 4482 placeat
2560 4414 2645 4466 cui
2672 4431 2728 4468 se
2758 4414 2992 4484 probavit
3021 4414 3110 4487 (11
3135 4415 3268 4470 Tim.
3303 4416 3386 4489 ιι).
3415 4415 3654 4471 Proinde
3691 4426 3751 4471 et

2164 4516 2261 4555 nos
2288 4500 2446 4556 liberi
2488 4503 2557 4558 ab
2594 4503 2805 4558 actibus
2835 4506 3017 4559 smeuli
3044 4521 3163 4561 esse
3192 4507 3468 4570 debemus,
3497 4512 3559 4561 ut
3587 4505 3751 4561 Chri«

2162 4601 2248 4647 sto
2275 4592 2586 4661 placeamus
2620 4614 2633 4650 :
2666 4611 2790 4649 nam
2816 4606 2870 4651 et
2897 4598 2989 4667 qui
3021 4599 3220 4653 mundo
3256 4598 3522 4664 militant,
3554 4614 3585 4652 a
3619 4599 3750 4654 reli-

2165 4688 2284 4755 quis
2309 4688 2490 4742 szeculi
2525 4691 2755 4760 negotiis
2779 4699 3003 4754 vacant,
3032 4700 3091 4745 ut
3114 4691 3349 4762 expediti
3380 4707 3480 4747 suo
3507 4692 3747 4763 principi

2163 4777 2427 4847 placeant.
2476 4778 2593 4834 Non
2629 4789 2713 4835 est
2761 4783 3195 4850 prmsumendum
3249 4783 3366 4838 sine
3411 4784 3749 4837 conscientia

2165 4866 2375 4923 abbatis
2404 4871 2590 4940 egenis
2627 4871 2714 4927 vel
2760 4872 3088 4941 quibuslibet
3127 4872 3373 4930 conferre
3409 4874 3477 4929 de
3504 4888 3572 4929 eo
3602 4877 3748 4943 quod

2163 4958 2396 5029 regulari
2425 4960 2828 5030 dispensatione
2855 4965 3095 5020 noscitur
3113 4966 3410 5020 monachus
3431 4966 3743 5035 possidere;

2163 5066 2262 5106 nec
2292 5067 2414 5107 cum
2443 5054 2549 5109 alio
2574 5053 2739 5109 fratre
2756 5055 3029 5126 quidpiam
3056 5064 3412 5122 commutare,
3441 5056 3546 5111 nisi
3576 5057 3748 5111 abbas

2163 5141 2247 5197 vel
2281 5144 2601 5211 prmpositus
2627 5143 2701 5197 illi
2718 5142 2965 5211 jusserit,
2996 5144 3129 5198 nulli
3154 5145 3359 5209 licebit,
3388 5160 3489 5199 nec
3526 5146 3749 5199 habebit

2162 5231 2455 5300 quidquam
2487 5240 2685 5301 praeter
2720 5231 2809 5286 illa
2840 5248 2961 5302 quae
2987 5235 3260 5289 communi
3292 5236 3608 5290 monasterii
3631 5235 3748 5305 lege

2165 5336 2422 5378 concessa
2450 5331 2593 5376 sunt.

2765 5414 2992 5471 CAPUT
3047 5416 3132 5473 Vl.

2613 5506 2686 5560 De
2719 5524 2871 5577 opere
2908 5510 3302 5565 monachorum.

2239 5600 2531 5655 lionachus
2566 5613 2781 5667 semper
2812 5610 3069 5670 operetur
3107 5603 3356 5657 manibus
3395 5604 3546 5667 suis,
3572 5604 3654 5660 ita
3692 5610 3755 5657 ut

2166 5689 2493 5762 quibuslibet
2543 5689 2707 5742 variis
2744 5690 2997 5760 Opificum
3033 5693 3241 5748 artibus
3276 5692 3589 5764 laborisque
3637 5701 3753 5750 stu-
