  <div class='ocr_page' id='page_1' title='image "/cluster/home/n/w/nwhite01/storage/ocr_20150623/103/hvd.32044054759691/286.png"; bbox 0 0 3974 6192; ppageno 0'>
   <div class='ocr_carea' id='block_1_1' title="bbox 224 308 323 365">
    <p class='ocr_par' dir='ltr' id='par_1_1' title="bbox 224 308 323 365">
     <span class='ocr_line' id='line_1_1' title="bbox 224 308 323 365; baseline -0.02 0"><span class='ocrx_word' id='word_1_1' title='bbox 224 308 323 365; x_wconf 76' lang='grc'><strong>561</strong></span> 
     </span>
    </p>
   </div>
   <div class='ocr_carea' id='block_1_2' title="bbox 843 311 2864 387">
    <p class='ocr_par' dir='ltr' id='par_1_2' title="bbox 843 311 2864 387">
     <span class='ocr_line' id='line_1_2' title="bbox 843 311 2864 387; baseline 0.008 -16"><span class='ocrx_word' id='word_1_2' title='bbox 843 311 1070 371; x_wconf 73' lang='lat' dir='ltr'><strong>consx</strong></span> <span class='ocrx_word' id='word_1_3' title='bbox 1109 315 1562 375; x_wconf 77' lang='lat' dir='ltr'><strong>REGULARUM.</strong></span> <span class='ocrx_word' id='word_1_4' title='bbox 1602 350 1672 360; x_wconf 89' lang='grc'><strong>-</strong></span> <span class='ocrx_word' id='word_1_5' title='bbox 1704 316 1884 375; x_wconf 67' lang='lat' dir='ltr'><strong>rans</strong></span> <span class='ocrx_word' id='word_1_6' title='bbox 1915 317 1980 373; x_wconf 91' lang='grc' dir='ltr'>ιι.</span> <span class='ocrx_word' id='word_1_7' title='bbox 2021 320 2323 380; x_wconf 64' lang='lat' dir='ltr'><strong>necum</strong></span> <span class='ocrx_word' id='word_1_8' title='bbox 2362 326 2470 382; x_wconf 78' lang='lat' dir='ltr'><strong>pp:</strong></span> <span class='ocrx_word' id='word_1_9' title='bbox 2507 312 2864 387; x_wconf 66' lang='lat' dir='ltr'><strong>oculeum;</strong></span> 
     </span>
    </p>
   </div>
   <div class='ocr_carea' id='block_1_3' title="bbox 3402 338 3527 394">
    <p class='ocr_par' dir='ltr' id='par_1_3' title="bbox 3402 338 3527 394">
     <span class='ocr_line' id='line_1_3' title="bbox 3402 338 3527 394; baseline 0.008 -1"><span class='ocrx_word' id='word_1_10' title='bbox 3402 338 3527 394; x_wconf 58' lang='lat'><strong>86!</strong></span> 
     </span>
    </p>
   </div>
   <div class='ocr_carea' id='block_1_4' title="bbox 227 426 3519 519">
    <p class='ocr_par' dir='ltr' id='par_1_4' title="bbox 227 426 3519 519">
     <span class='ocr_line' id='line_1_4' title="bbox 227 426 3519 519; baseline 0.008 -38"><span class='ocrx_word' id='word_1_11' title='bbox 227 426 384 482; x_wconf 88' lang='lat' dir='ltr'><strong>dium</strong></span> <span class='ocrx_word' id='word_1_12' title='bbox 424 441 583 481; x_wconf 87' lang='lat' dir='ltr'><strong>suum</strong></span> <span class='ocrx_word' id='word_1_13' title='bbox 624 427 938 498; x_wconf 78' lang='lat' dir='ltr'><strong>impendat,</strong></span> <span class='ocrx_word' id='word_1_14' title='bbox 968 447 1203 502; x_wconf 83' lang='lat' dir='ltr'><strong>sequens</strong></span> <span class='ocrx_word' id='word_1_15' title='bbox 1229 433 1579 504; x_wconf 83' lang='lat' dir='ltr'><strong>Apostolum,</strong></span> <span class='ocrx_word' id='word_1_16' title='bbox 1614 437 1707 508; x_wconf 85' lang='lat' dir='ltr'><strong>qui</strong></span> <span class='ocrx_word' id='word_1_17' title='bbox 1736 435 1820 490; x_wconf 88' lang='lat' dir='ltr'><strong>di-</strong></span> <span class='ocrx_word' id='word_1_18' title='bbox 1849 435 1902 496; x_wconf 78' lang='grc' dir='ltr'><strong>Α</strong></span> <span class='ocrx_word' id='word_1_19' title='bbox 1926 449 2055 508; x_wconf 83' lang='lat' dir='ltr'><strong>ergo</strong></span> <span class='ocrx_word' id='word_1_20' title='bbox 2111 455 2337 511; x_wconf 87' lang='lat' dir='ltr'><strong>corpore</strong></span> <span class='ocrx_word' id='word_1_21' title='bbox 2364 483 2379 507; x_wconf 92' lang='lat'><strong>,</strong></span> <span class='ocrx_word' id='word_1_22' title='bbox 2437 444 2602 499; x_wconf 87' lang='lat' dir='ltr'><strong>animi</strong></span> <span class='ocrx_word' id='word_1_23' title='bbox 2664 445 2773 500; x_wconf 79' lang='lat' dir='ltr'><strong>lixa</strong></span> <span class='ocrx_word' id='word_1_24' title='bbox 2824 448 2877 501; x_wconf 91' lang='lat' dir='ltr'><strong>in</strong></span> <span class='ocrx_word' id='word_1_25' title='bbox 2937 445 3109 505; x_wconf 79' lang='lat' dir='ltr'><strong>Deum</strong></span> <span class='ocrx_word' id='word_1_26' title='bbox 3162 450 3519 519; x_wconf 63' lang='lat' dir='ltr'><strong>intentione;-</strong></span> 
     </span>
    </p>
   </div>
   <div class='ocr_carea' id='block_1_5' title="bbox 226 519 1821 594">
    <p class='ocr_par' dir='ltr' id='par_1_5' title="bbox 226 519 1821 594">
     <span class='ocr_line' id='line_1_5' title="bbox 226 519 1821 594; baseline 0.005 -18"><span class='ocrx_word' id='word_1_27' title='bbox 226 520 312 576; x_wconf 87' lang='lat' dir='ltr'><strong>cit</strong></span> <span class='ocrx_word' id='word_1_28' title='bbox 340 538 356 575; x_wconf 89' lang='lat'>:</span> <span class='ocrx_word' id='word_1_29' title='bbox 396 519 576 591; x_wconf 81' lang='lat' dir='ltr'><strong><em>Neque</em></strong></span> <span class='ocrx_word' id='word_1_30' title='bbox 608 538 797 591; x_wconf 80' lang='lat' dir='ltr'><strong>panem</strong></span> <span class='ocrx_word' id='word_1_31' title='bbox 826 525 993 592; x_wconf 79' lang='lat' dir='ltr'><strong>gratis</strong></span> <span class='ocrx_word' id='word_1_32' title='bbox 1023 526 1458 583; x_wconf 78' lang='lat' dir='ltr'><strong>manducaeimus</strong></span> <span class='ocrx_word' id='word_1_33' title='bbox 1484 570 1499 594; x_wconf 89' lang='lat'><strong>,</strong></span> <span class='ocrx_word' id='word_1_34' title='bbox 1532 530 1623 583; x_wconf 86' lang='lat' dir='ltr'><strong>sed</strong></span> <span class='ocrx_word' id='word_1_35' title='bbox 1656 530 1711 583; x_wconf 86' lang='lat' dir='ltr'><strong>in</strong></span> <span class='ocrx_word' id='word_1_36' title='bbox 1739 529 1821 582; x_wconf 88' lang='lat' dir='ltr'><strong>la-</strong></span> 
     </span>
    </p>
   </div>
   <div class='ocr_carea' id='block_1_6' title="bbox 228 611 1818 692">
    <p class='ocr_par' dir='ltr' id='par_1_6' title="bbox 228 611 1818 692">
     <span class='ocr_line' id='line_1_6' title="bbox 228 611 1818 692; baseline 0.006 -26"><span class='ocrx_word' id='word_1_37' title='bbox 228 611 361 666; x_wconf 82' lang='lat' dir='ltr'><strong>bore</strong></span> <span class='ocrx_word' id='word_1_38' title='bbox 383 620 434 665; x_wconf 87' lang='lat' dir='ltr'><strong>et</strong></span> <span class='ocrx_word' id='word_1_39' title='bbox 452 611 763 681; x_wconf 77' lang='lat' dir='ltr'><strong>fatigatione</strong></span> <span class='ocrx_word' id='word_1_40' title='bbox 783 623 930 668; x_wconf 84' lang='lat' dir='ltr'><strong>nocte</strong></span> <span class='ocrx_word' id='word_1_41' title='bbox 955 624 1003 669; x_wconf 89' lang='lat' dir='ltr'><strong>et</strong></span> <span class='ocrx_word' id='word_1_42' title='bbox 1029 616 1113 670; x_wconf 86' lang='lat' dir='ltr'><strong>die</strong></span> <span class='ocrx_word' id='word_1_43' title='bbox 1135 629 1406 687; x_wconf 87' lang='lat' dir='ltr'><strong>operantes</strong></span> <span class='ocrx_word' id='word_1_44' title='bbox 1429 618 1516 691; x_wconf 87' lang='lat' dir='ltr'><strong>(Il</strong></span> <span class='ocrx_word' id='word_1_45' title='bbox 1538 619 1688 674; x_wconf 83' lang='lat' dir='ltr'><strong>Thes.</strong></span> <span class='ocrx_word' id='word_1_46' title='bbox 1712 619 1818 692; x_wconf 85' lang='grc' dir='ltr'>ιιι).</span> 
     </span>
    </p>
   </div>
   <div class='ocr_carea' id='block_1_7' title="bbox 227 702 1821 779">
    <p class='ocr_par' dir='ltr' id='par_1_7' title="bbox 227 702 1821 779">
     <span class='ocr_line' id='line_1_7' title="bbox 227 702 1821 779; baseline 0.008 -23"><span class='ocrx_word' id='word_1_47' title='bbox 227 702 298 757; x_wconf 86' lang='lat' dir='ltr'><strong>Et</strong></span> <span class='ocrx_word' id='word_1_48' title='bbox 348 702 592 757; x_wconf 88' lang='lat' dir='ltr'><strong>iterum:</strong></span> <span class='ocrx_word' id='word_1_49' title='bbox 638 702 745 768; x_wconf 83' lang='lat' dir='ltr'><strong>Qui</strong></span> <span class='ocrx_word' id='word_1_50' title='bbox 793 722 897 759; x_wconf 78' lang='lat' dir='ltr'><strong>non</strong></span> <span class='ocrx_word' id='word_1_51' title='bbox 946 707 1054 762; x_wconf 73' lang='lat' dir='ltr'><strong>vult</strong></span> <span class='ocrx_word' id='word_1_52' title='bbox 1101 713 1341 779; x_wconf 86' lang='lat' dir='ltr'><strong>operari,</strong></span> <span class='ocrx_word' id='word_1_53' title='bbox 1391 728 1494 767; x_wconf 86' lang='lat' dir='ltr'><strong>non</strong></span> <span class='ocrx_word' id='word_1_54' title='bbox 1542 714 1821 768; x_wconf 76' lang='lat' dir='ltr'><strong>manducet</strong></span> 
     </span>
    </p>
   </div>
   <div class='ocr_carea' id='block_1_8' title="bbox 235 792 1818 874">
    <p class='ocr_par' dir='ltr' id='par_1_8' title="bbox 235 792 1818 874">
     <span class='ocr_line' id='line_1_8' title="bbox 235 792 1818 874; baseline 0.008 -29"><span class='ocrx_word' id='word_1_55' title='bbox 235 792 455 863; x_wconf 78' lang='lat' dir='ltr'><strong>(Ibid.).</strong></span> <span class='ocrx_word' id='word_1_56' title='bbox 484 792 592 847; x_wconf 88' lang='lat' dir='ltr'><strong>Per</strong></span> <span class='ocrx_word' id='word_1_57' title='bbox 619 796 791 848; x_wconf 91' lang='lat' dir='ltr'><strong>otium</strong></span> <span class='ocrx_word' id='word_1_58' title='bbox 823 797 967 850; x_wconf 89' lang='lat' dir='ltr'><strong>enim</strong></span> <span class='ocrx_word' id='word_1_59' title='bbox 999 798 1243 855; x_wconf 85' lang='lat' dir='ltr'><strong>libidinis</strong></span> <span class='ocrx_word' id='word_1_60' title='bbox 1270 809 1326 855; x_wconf 90' lang='lat' dir='ltr'><strong>et</strong></span> <span class='ocrx_word' id='word_1_61' title='bbox 1354 803 1640 858; x_wconf 76' lang='lat' dir='ltr'><strong>noxiarum</strong></span> <span class='ocrx_word' id='word_1_62' title='bbox 1671 804 1818 874; x_wconf 85' lang='lat' dir='ltr'><strong>cogi-</strong></span> 
     </span>
    </p>
   </div>
   <div class='ocr_carea' id='block_1_9' title="bbox 232 884 1820 963">
    <p class='ocr_par' dir='ltr' id='par_1_9' title="bbox 232 884 1820 963">
     <span class='ocr_line' id='line_1_9' title="bbox 232 884 1820 963; baseline 0.009 -27"><span class='ocrx_word' id='word_1_63' title='bbox 232 884 504 937; x_wconf 85' lang='lat' dir='ltr'><strong>tationum</strong></span> <span class='ocrx_word' id='word_1_64' title='bbox 538 886 872 940; x_wconf 88' lang='lat' dir='ltr'><strong>nutrimenta</strong></span> <span class='ocrx_word' id='word_1_65' title='bbox 902 900 1302 958; x_wconf 87' lang='lat' dir='ltr'><strong>concrescunt;</strong></span> <span class='ocrx_word' id='word_1_66' title='bbox 1335 909 1433 963; x_wconf 91' lang='lat' dir='ltr'><strong>per</strong></span> <span class='ocrx_word' id='word_1_67' title='bbox 1460 894 1663 950; x_wconf 89' lang='lat' dir='ltr'><strong>laboris</strong></span> <span class='ocrx_word' id='word_1_68' title='bbox 1690 911 1820 951; x_wconf 82' lang='lat' dir='ltr'><strong>vero</strong></span> 
     </span>
    </p>
   </div>
   <div class='ocr_carea' id='block_1_10' title="bbox 227 972 1817 1056">
    <p class='ocr_par' dir='ltr' id='par_1_10' title="bbox 227 972 1817 1056">
     <span class='ocr_line' id='line_1_10' title="bbox 227 972 1817 1056; baseline 0.009 -29"><span class='ocrx_word' id='word_1_69' title='bbox 227 972 552 1027; x_wconf 75' lang='lat' dir='ltr'><strong>exercitium</strong></span> <span class='ocrx_word' id='word_1_70' title='bbox 582 974 712 1027; x_wconf 82' lang='lat' dir='ltr'><strong>vitia</strong></span> <span class='ocrx_word' id='word_1_71' title='bbox 743 975 1098 1034; x_wconf 83' lang='lat' dir='ltr'><strong>nihilominus</strong></span> <span class='ocrx_word' id='word_1_72' title='bbox 1129 981 1440 1037; x_wconf 73' lang='lat' dir='ltr'><strong>elabuntur.</strong></span> <span class='ocrx_word' id='word_1_73' title='bbox 1468 984 1817 1056; x_wconf 79' lang='lat' dir='ltr'><strong>Nequaquam</strong></span> 
     </span>
    </p>
   </div>
   <div class='ocr_carea' id='block_1_11' title="bbox 226 1062 1817 1145">
    <p class='ocr_par' dir='ltr' id='par_1_11' title="bbox 226 1062 1817 1145">
     <span class='ocr_line' id='line_1_11' title="bbox 226 1062 1817 1145; baseline 0.009 -29"><span class='ocrx_word' id='word_1_74' title='bbox 226 1062 387 1118; x_wconf 89' lang='lat' dir='ltr'><strong>debet</strong></span> <span class='ocrx_word' id='word_1_75' title='bbox 422 1062 727 1119; x_wconf 85' lang='lat' dir='ltr'><strong>monachus</strong></span> <span class='ocrx_word' id='word_1_76' title='bbox 764 1066 1043 1136; x_wconf 86' lang='lat' dir='ltr'><strong>dedignari</strong></span> <span class='ocrx_word' id='word_1_77' title='bbox 1084 1071 1294 1125; x_wconf 83' lang='lat' dir='ltr'><strong>versari</strong></span> <span class='ocrx_word' id='word_1_78' title='bbox 1331 1073 1385 1127; x_wconf 90' lang='lat' dir='ltr'><strong>in</strong></span> <span class='ocrx_word' id='word_1_79' title='bbox 1427 1088 1595 1143; x_wconf 86' lang='lat' dir='ltr'><strong>opere</strong></span> <span class='ocrx_word' id='word_1_80' title='bbox 1634 1075 1817 1145; x_wconf 88' lang='lat' dir='ltr'><strong>aliquo</strong></span> 
     </span>
    </p>
   </div>
   <div class='ocr_carea' id='block_1_12' title="bbox 225 1154 1817 1233">
    <p class='ocr_par' dir='ltr' id='par_1_12' title="bbox 225 1154 1817 1233">
     <span class='ocr_line' id='line_1_12' title="bbox 225 1154 1817 1233; baseline 0.007 -25"><span class='ocrx_word' id='word_1_81' title='bbox 225 1154 550 1208; x_wconf 88' lang='lat' dir='ltr'><strong>monasterii</strong></span> <span class='ocrx_word' id='word_1_82' title='bbox 600 1156 791 1211; x_wconf 84' lang='lat' dir='ltr'><strong>usibus</strong></span> <span class='ocrx_word' id='word_1_83' title='bbox 839 1160 1173 1215; x_wconf 89' lang='lat' dir='ltr'><strong>necessario.</strong></span> <span class='ocrx_word' id='word_1_84' title='bbox 1224 1160 1359 1216; x_wconf 88' lang='lat' dir='ltr'><strong>Nam</strong></span> <span class='ocrx_word' id='word_1_85' title='bbox 1394 1170 1452 1216; x_wconf 91' lang='lat' dir='ltr'><strong>et</strong></span> <span class='ocrx_word' id='word_1_86' title='bbox 1487 1163 1817 1233; x_wconf 73' lang='lat' dir='ltr'><strong>patriarcha:</strong></span> 
     </span>
    </p>
   </div>
   <div class='ocr_carea' id='block_1_13' title="bbox 225 1249 1817 1323">
    <p class='ocr_par' dir='ltr' id='par_1_13' title="bbox 225 1249 1817 1323">
     <span class='ocr_line' id='line_1_13' title="bbox 225 1249 1817 1323; baseline 0.009 -28"><span class='ocrx_word' id='word_1_87' title='bbox 225 1257 422 1314; x_wconf 71' lang='lat' dir='ltr'><strong>greges</strong></span> <span class='ocrx_word' id='word_1_88' title='bbox 462 1253 771 1314; x_wconf 82' lang='lat' dir='ltr'><strong>paverunt;</strong></span> <span class='ocrx_word' id='word_1_89' title='bbox 813 1256 865 1301; x_wconf 90' lang='lat' dir='ltr'><strong>et</strong></span> <span class='ocrx_word' id='word_1_90' title='bbox 910 1249 1143 1319; x_wconf 79' lang='lat' dir='ltr'><strong>gentiles</strong></span> <span class='ocrx_word' id='word_1_91' title='bbox 1180 1252 1487 1323; x_wconf 87' lang='lat' dir='ltr'><strong>philosophi</strong></span> <span class='ocrx_word' id='word_1_92' title='bbox 1515 1263 1733 1312; x_wconf 84' lang='lat' dir='ltr'><strong>sutores</strong></span> <span class='ocrx_word' id='word_1_93' title='bbox 1760 1264 1817 1310; x_wconf 90' lang='lat' dir='ltr'><strong>et</strong></span> 
     </span>
    </p>
   </div>
   <div class='ocr_carea' id='block_1_14' title="bbox 225 1322 1814 1416">
    <p class='ocr_par' dir='ltr' id='par_1_14' title="bbox 225 1322 1814 1416">
     <span class='ocr_line' id='line_1_14' title="bbox 225 1322 1814 1416; baseline 0.009 -27"><span class='ocrx_word' id='word_1_94' title='bbox 225 1345 471 1416; x_wconf 77' lang='lat' dir='ltr'><strong>sartpres</strong></span> <span class='ocrx_word' id='word_1_95' title='bbox 498 1322 762 1392; x_wconf 87' lang='lat' dir='ltr'><strong>fuerunt:</strong></span> <span class='ocrx_word' id='word_1_96' title='bbox 797 1347 852 1394; x_wconf 91' lang='lat' dir='ltr'><strong>et</strong></span> <span class='ocrx_word' id='word_1_97' title='bbox 878 1338 1078 1412; x_wconf 85' lang='lat' dir='ltr'><strong>Joseph</strong></span> <span class='ocrx_word' id='word_1_98' title='bbox 1100 1343 1312 1413; x_wconf 83' lang='lat' dir='ltr'><strong>justus,</strong></span> <span class='ocrx_word' id='word_1_99' title='bbox 1345 1322 1434 1400; x_wconf 83' lang='lat' dir='ltr'><strong>cui</strong></span> <span class='ocrx_word' id='word_1_100' title='bbox 1462 1346 1618 1416; x_wconf 83' lang='lat' dir='ltr'><strong>virgo</strong></span> <span class='ocrx_word' id='word_1_101' title='bbox 1647 1347 1814 1403; x_wconf 86' lang='lat' dir='ltr'><strong>Maria</strong></span> 
     </span>
    </p>
   </div>
   <div class='ocr_carea' id='block_1_15' title="bbox 226 1425 1814 1506">
    <p class='ocr_par' dir='ltr' id='par_1_15' title="bbox 226 1425 1814 1506">
     <span class='ocr_line' id='line_1_15' title="bbox 226 1425 1814 1506; baseline 0.008 -26"><span class='ocrx_word' id='word_1_102' title='bbox 226 1425 559 1495; x_wconf 82' lang='lat' dir='ltr'><strong>desponsata</strong></span> <span class='ocrx_word' id='word_1_103' title='bbox 603 1428 845 1495; x_wconf 80' lang='lat' dir='ltr'><strong>exstitit,</strong></span> <span class='ocrx_word' id='word_1_104' title='bbox 879 1428 1032 1487; x_wconf 80' lang='lat' dir='ltr'><strong>faber</strong></span> <span class='ocrx_word' id='word_1_105' title='bbox 1060 1429 1323 1489; x_wconf 81' lang='lat' dir='ltr'><strong>ferrarius</strong></span> <span class='ocrx_word' id='word_1_106' title='bbox 1367 1433 1488 1489; x_wconf 92' lang='lat' dir='ltr'><strong>fuit.</strong></span> <span class='ocrx_word' id='word_1_107' title='bbox 1533 1435 1814 1506; x_wconf 89' lang='lat' dir='ltr'><strong>Siquidem</strong></span> 
     </span>
    </p>
   </div>
   <div class='ocr_carea' id='block_1_16' title="bbox 222 1519 1813 1598">
    <p class='ocr_par' dir='ltr' id='par_1_16' title="bbox 222 1519 1813 1598">
     <span class='ocr_line' id='line_1_16' title="bbox 222 1519 1813 1598; baseline 0.006 -25"><span class='ocrx_word' id='word_1_108' title='bbox 222 1527 278 1574; x_wconf 87' lang='lat' dir='ltr'><strong>et</strong></span> <span class='ocrx_word' id='word_1_109' title='bbox 313 1519 517 1574; x_wconf 83' lang='lat' dir='ltr'><strong>Petrus</strong></span> <span class='ocrx_word' id='word_1_110' title='bbox 553 1523 806 1592; x_wconf 87' lang='lat' dir='ltr'><strong>princeps</strong></span> <span class='ocrx_word' id='word_1_111' title='bbox 842 1524 1209 1593; x_wconf 85' lang='lat' dir='ltr'><strong>apostolorum</strong></span> <span class='ocrx_word' id='word_1_112' title='bbox 1248 1528 1538 1598; x_wconf 87' lang='lat' dir='ltr'><strong>piscatoris</strong></span> <span class='ocrx_word' id='word_1_113' title='bbox 1577 1527 1813 1585; x_wconf 87' lang='lat' dir='ltr'><strong>ollicium</strong></span> 
     </span>
    </p>
   </div>
   <div class='ocr_carea' id='block_1_17' title="bbox 223 1612 1811 1691">
    <p class='ocr_par' dir='ltr' id='par_1_17' title="bbox 223 1612 1811 1691">
     <span class='ocr_line' id='line_1_17' title="bbox 223 1612 1811 1691; baseline 0.008 -27"><span class='ocrx_word' id='word_1_114' title='bbox 223 1612 429 1681; x_wconf 77' lang='lat' dir='ltr'><strong>gessit,</strong></span> <span class='ocrx_word' id='word_1_115' title='bbox 461 1622 519 1667; x_wconf 90' lang='lat' dir='ltr'><strong>et</strong></span> <span class='ocrx_word' id='word_1_116' title='bbox 558 1626 750 1669; x_wconf 89' lang='lat' dir='ltr'><strong>omnes</strong></span> <span class='ocrx_word' id='word_1_117' title='bbox 778 1616 1011 1685; x_wconf 87' lang='lat' dir='ltr'><strong>apostoli</strong></span> <span class='ocrx_word' id='word_1_118' title='bbox 1037 1619 1318 1688; x_wconf 85' lang='lat' dir='ltr'><strong>corporale</strong></span> <span class='ocrx_word' id='word_1_119' title='bbox 1345 1635 1481 1691; x_wconf 91' lang='lat' dir='ltr'><strong>opus</strong></span> <span class='ocrx_word' id='word_1_120' title='bbox 1506 1621 1811 1689; x_wconf 85' lang='lat' dir='ltr'><strong>faciebant,</strong></span> 
     </span>
    </p>
   </div>
   <div class='ocr_carea' id='block_1_18' title="bbox 222 1695 1812 1785">
    <p class='ocr_par' dir='ltr' id='par_1_18' title="bbox 222 1695 1812 1785">
     <span class='ocr_line' id='line_1_18' title="bbox 222 1695 1812 1785; baseline 0.011 -32"><span class='ocrx_word' id='word_1_121' title='bbox 222 1699 365 1754; x_wconf 85' lang='lat' dir='ltr'><strong>unde</strong></span> <span class='ocrx_word' id='word_1_122' title='bbox 406 1695 582 1757; x_wconf 85' lang='lat' dir='ltr'><strong>vitam</strong></span> <span class='ocrx_word' id='word_1_123' title='bbox 620 1707 865 1776; x_wconf 89' lang='lat' dir='ltr'><strong>corporis</strong></span> <span class='ocrx_word' id='word_1_124' title='bbox 901 1709 1302 1766; x_wconf 83' lang='lat' dir='ltr'><strong>sustentabant.</strong></span> <span class='ocrx_word' id='word_1_125' title='bbox 1346 1711 1403 1767; x_wconf 89' lang='lat' dir='ltr'><strong>Si</strong></span> <span class='ocrx_word' id='word_1_126' title='bbox 1444 1714 1609 1785; x_wconf 77' lang='lat' dir='ltr'><strong>igitur</strong></span> <span class='ocrx_word' id='word_1_127' title='bbox 1645 1723 1812 1771; x_wconf 76' lang='lat' dir='ltr'><strong>tanta:</strong></span> 
     </span>
    </p>
   </div>
   <div class='ocr_carea' id='block_1_19' title="bbox 1922 527 3517 605">
    <p class='ocr_par' dir='ltr' id='par_1_19' title="bbox 1922 527 3517 605">
     <span class='ocr_line' id='line_1_19' title="bbox 1922 527 3517 605; baseline 0.009 -25"><span class='ocrx_word' id='word_1_128' title='bbox 1922 527 2109 597; x_wconf 89' lang='lat' dir='ltr'><strong>sicque</strong></span> <span class='ocrx_word' id='word_1_129' title='bbox 2136 544 2328 585; x_wconf 85' lang='lat' dir='ltr'><strong>manus</strong></span> <span class='ocrx_word' id='word_1_130' title='bbox 2357 533 2410 586; x_wconf 92' lang='lat' dir='ltr'><strong>in</strong></span> <span class='ocrx_word' id='word_1_131' title='bbox 2440 548 2607 603; x_wconf 85' lang='lat' dir='ltr'><strong>opere</strong></span> <span class='ocrx_word' id='word_1_132' title='bbox 2634 534 2956 605; x_wconf 75' lang='lat' dir='ltr'><strong>implicando</strong></span> <span class='ocrx_word' id='word_1_133' title='bbox 2984 545 3100 604; x_wconf 90' lang='lat' dir='ltr'><strong>est,</strong></span> <span class='ocrx_word' id='word_1_134' title='bbox 3130 547 3190 594; x_wconf 90' lang='lat' dir='ltr'><strong>ut</strong></span> <span class='ocrx_word' id='word_1_135' title='bbox 3219 552 3372 595; x_wconf 90' lang='lat' dir='ltr'><strong>mens</strong></span> <span class='ocrx_word' id='word_1_136' title='bbox 3399 556 3517 595; x_wconf 84' lang='lat' dir='ltr'><strong>non-</strong></span> 
     </span>
    </p>
   </div>
   <div class='ocr_carea' id='block_1_20' title="bbox 1920 621 3507 699">
    <p class='ocr_par' dir='ltr' id='par_1_20' title="bbox 1920 621 3507 699">
     <span class='ocr_line' id='line_1_20' title="bbox 1920 621 3507 699; baseline 0.008 -27"><span class='ocrx_word' id='word_1_137' title='bbox 1920 627 2202 674; x_wconf 82' lang='lat' dir='ltr'><strong>avertatur</strong></span> <span class='ocrx_word' id='word_1_138' title='bbox 2228 637 2259 675; x_wconf 89' lang='lat' dir='ltr'><strong>a</strong></span> <span class='ocrx_word' id='word_1_139' title='bbox 2287 621 2419 677; x_wconf 91' lang='lat' dir='ltr'><strong>Deo.</strong></span> <span class='ocrx_word' id='word_1_140' title='bbox 2448 623 2692 694; x_wconf 87' lang='lat' dir='ltr'><strong>Propriis</strong></span> <span class='ocrx_word' id='word_1_141' title='bbox 2719 636 2898 681; x_wconf 88' lang='lat' dir='ltr'><strong>autem</strong></span> <span class='ocrx_word' id='word_1_142' title='bbox 2930 628 3264 697; x_wconf 86' lang='lat' dir='ltr'><strong>temporibus</strong></span> <span class='ocrx_word' id='word_1_143' title='bbox 3290 639 3507 699; x_wconf 82' lang='lat' dir='ltr'><strong>oportet</strong></span> 
     </span>
    </p>
   </div>
   <div class='ocr_carea' id='block_1_21' title="bbox 1920 710 3504 788">
    <p class='ocr_par' dir='ltr' id='par_1_21' title="bbox 1920 710 3504 788">
     <span class='ocr_line' id='line_1_21' title="bbox 1920 710 3504 788; baseline 0.008 -26"><span class='ocrx_word' id='word_1_144' title='bbox 1920 710 2137 778; x_wconf 90' lang='lat' dir='ltr'><strong>operari</strong></span> <span class='ocrx_word' id='word_1_145' title='bbox 2168 713 2493 766; x_wconf 87' lang='lat' dir='ltr'><strong>monachum</strong></span> <span class='ocrx_word' id='word_1_146' title='bbox 2514 754 2528 779; x_wconf 90' lang='lat'><strong>,</strong></span> <span class='ocrx_word' id='word_1_147' title='bbox 2561 722 2618 768; x_wconf 91' lang='lat' dir='ltr'><strong>et</strong></span> <span class='ocrx_word' id='word_1_148' title='bbox 2647 717 2881 785; x_wconf 88' lang='lat' dir='ltr'><strong>prepriis</strong></span> <span class='ocrx_word' id='word_1_149' title='bbox 2907 718 3145 773; x_wconf 87' lang='lat' dir='ltr'><strong>orationi</strong></span> <span class='ocrx_word' id='word_1_150' title='bbox 3175 717 3504 788; x_wconf 87' lang='lat' dir='ltr'><strong>lectionique</strong></span> 
     </span>
    </p>
   </div>
   <div class='ocr_carea' id='block_1_22' title="bbox 1921 797 3511 863">
    <p class='ocr_par' dir='ltr' id='par_1_22' title="bbox 1921 797 3511 863">
     <span class='ocr_line' id='line_1_22' title="bbox 1921 797 3511 863; baseline 0.008 -13"><span class='ocrx_word' id='word_1_151' title='bbox 1921 797 2255 853; x_wconf 85' lang='lat' dir='ltr'><strong>incumbere.</strong></span> <span class='ocrx_word' id='word_1_152' title='bbox 2311 799 2486 855; x_wconf 82' lang='lat' dir='ltr'><strong>Horas</strong></span> <span class='ocrx_word' id='word_1_153' title='bbox 2539 802 2684 855; x_wconf 83' lang='lat' dir='ltr'><strong>enim</strong></span> <span class='ocrx_word' id='word_1_154' title='bbox 2740 802 2901 858; x_wconf 83' lang='lat' dir='ltr'><strong>debet</strong></span> <span class='ocrx_word' id='word_1_155' title='bbox 2953 806 3156 860; x_wconf 84' lang='lat' dir='ltr'><strong>habere</strong></span> <span class='ocrx_word' id='word_1_156' title='bbox 3206 808 3511 863; x_wconf 80' lang='lat' dir='ltr'><strong>monachus</strong></span> 
     </span>
    </p>
   </div>
   <div class='ocr_carea' id='block_1_23' title="bbox 1918 891 3502 964">
    <p class='ocr_par' dir='ltr' id='par_1_23' title="bbox 1918 891 3502 964">
     <span class='ocr_line' id='line_1_23' title="bbox 1918 891 3502 964; baseline 0.007 -21"><span class='ocrx_word' id='word_1_157' title='bbox 1918 903 2189 960; x_wconf 88' lang='lat' dir='ltr'><strong>congruas</strong></span> <span class='ocrx_word' id='word_1_158' title='bbox 2215 891 2282 944; x_wconf 89' lang='lat' dir='ltr'><strong>ad</strong></span> <span class='ocrx_word' id='word_1_159' title='bbox 2315 891 2523 963; x_wconf 85' lang='lat' dir='ltr'><strong>singula</strong></span> <span class='ocrx_word' id='word_1_160' title='bbox 2556 894 2732 948; x_wconf 88' lang='lat' dir='ltr'><strong>ollicia</strong></span> <span class='ocrx_word' id='word_1_161' title='bbox 2758 895 3062 964; x_wconf 89' lang='lat' dir='ltr'><strong>deputatas.</strong></span> <span class='ocrx_word' id='word_1_162' title='bbox 3097 897 3291 953; x_wconf 85' lang='lat' dir='ltr'><strong>Patres</strong></span> <span class='ocrx_word' id='word_1_163' title='bbox 3320 906 3502 955; x_wconf 90' lang='lat' dir='ltr'><strong>autem</strong></span> 
     </span>
    </p>
   </div>
   <div class='ocr_carea' id='block_1_24' title="bbox 1915 984 3499 1061">
    <p class='ocr_par' dir='ltr' id='par_1_24' title="bbox 1915 984 3499 1061">
     <span class='ocr_line' id='line_1_24' title="bbox 1915 984 3499 1061; baseline 0.008 -28"><span class='ocrx_word' id='word_1_164' title='bbox 1915 988 2221 1050; x_wconf 81' lang='lat' dir='ltr'><strong>temporum</strong></span> <span class='ocrx_word' id='word_1_165' title='bbox 2268 984 2383 1037; x_wconf 89' lang='lat' dir='ltr'><strong>suis</strong></span> <span class='ocrx_word' id='word_1_166' title='bbox 2413 984 2718 1053; x_wconf 81' lang='lat' dir='ltr'><strong>quibusque</strong></span> <span class='ocrx_word' id='word_1_167' title='bbox 2747 988 3001 1055; x_wconf 67' lang='lat' dir='ltr'><strong>Oper-ibus</strong></span> <span class='ocrx_word' id='word_1_168' title='bbox 3036 989 3216 1043; x_wconf 89' lang='lat' dir='ltr'><strong>taliter</strong></span> <span class='ocrx_word' id='word_1_169' title='bbox 3245 990 3499 1061; x_wconf 70' lang='lat' dir='ltr'><strong>deputem</strong></span> 
     </span>
    </p>
   </div>
   <div class='ocr_carea' id='block_1_25' title="bbox 1920 1070 3503 1146">
    <p class='ocr_par' dir='ltr' id='par_1_25' title="bbox 1920 1070 3503 1146">
     <span class='ocr_line' id='line_1_25' title="bbox 1920 1070 3503 1146; baseline 0.007 -22"><span class='ocrx_word' id='word_1_170' title='bbox 1920 1078 2026 1125; x_wconf 91' lang='lat' dir='ltr'><strong>tur.</strong></span> <span class='ocrx_word' id='word_1_171' title='bbox 2056 1070 2271 1127; x_wconf 69' lang='lat' dir='ltr'><strong>Aistate</strong></span> <span class='ocrx_word' id='word_1_172' title='bbox 2298 1074 2441 1126; x_wconf 90' lang='lat' dir='ltr'><strong>enim</strong></span> <span class='ocrx_word' id='word_1_173' title='bbox 2472 1089 2502 1127; x_wconf 91' lang='lat' dir='ltr'><strong>a</strong></span> <span class='ocrx_word' id='word_1_174' title='bbox 2533 1090 2699 1129; x_wconf 83' lang='lat' dir='ltr'><strong>mane</strong></span> <span class='ocrx_word' id='word_1_175' title='bbox 2733 1091 2915 1146; x_wconf 43' lang='lat' dir='ltr'><strong>usque.</strong></span> <span class='ocrx_word' id='word_1_176' title='bbox 2947 1078 3015 1132; x_wconf 89' lang='lat' dir='ltr'><strong>ad</strong></span> <span class='ocrx_word' id='word_1_177' title='bbox 3056 1079 3249 1133; x_wconf 81' lang='lat' dir='ltr'><strong>lteram</strong></span> <span class='ocrx_word' id='word_1_178' title='bbox 3290 1081 3503 1135; x_wconf 83' lang='lat' dir='ltr'><strong>tertiam</strong></span> 
     </span>
    </p>
   </div>
   <div class='ocr_carea' id='block_1_26' title="bbox 1915 1160 3498 1239">
    <p class='ocr_par' dir='ltr' id='par_1_26' title="bbox 1915 1160 3498 1239">
     <span class='ocr_line' id='line_1_26' title="bbox 1915 1160 3498 1239; baseline 0.008 -25"><span class='ocrx_word' id='word_1_179' title='bbox 1915 1160 2168 1217; x_wconf 86' lang='lat' dir='ltr'><strong>laborare</strong></span> <span class='ocrx_word' id='word_1_180' title='bbox 2204 1171 2419 1233; x_wconf 87' lang='lat' dir='ltr'><strong>oportet</strong></span> <span class='ocrx_word' id='word_1_181' title='bbox 2446 1181 2460 1230; x_wconf 94' lang='lat'><strong>;</strong></span> <span class='ocrx_word' id='word_1_182' title='bbox 2508 1181 2539 1219; x_wconf 89' lang='lat' dir='ltr'><strong>a</strong></span> <span class='ocrx_word' id='word_1_183' title='bbox 2584 1166 2755 1220; x_wconf 80' lang='lat' dir='ltr'><strong>tertia</strong></span> <span class='ocrx_word' id='word_1_184' title='bbox 2774 1175 2955 1222; x_wconf 90' lang='lat' dir='ltr'><strong>autem</strong></span> <span class='ocrx_word' id='word_1_185' title='bbox 2986 1184 3158 1239; x_wconf 88' lang='lat' dir='ltr'><strong>usque</strong></span> <span class='ocrx_word' id='word_1_186' title='bbox 3189 1171 3255 1223; x_wconf 89' lang='lat' dir='ltr'><strong>ad</strong></span> <span class='ocrx_word' id='word_1_187' title='bbox 3287 1181 3498 1226; x_wconf 77' lang='lat' dir='ltr'><strong>sextam</strong></span> 
     </span>
    </p>
   </div>
   <div class='ocr_carea' id='block_1_27' title="bbox 1914 1250 3505 1332">
    <p class='ocr_par' dir='ltr' id='par_1_27' title="bbox 1914 1250 3505 1332">
     <span class='ocr_line' id='line_1_27' title="bbox 1914 1250 3505 1332; baseline 0.009 -29"><span class='ocrx_word' id='word_1_188' title='bbox 1914 1250 2132 1306; x_wconf 86' lang='lat' dir='ltr'><strong>lectioni</strong></span> <span class='ocrx_word' id='word_1_189' title='bbox 2175 1268 2409 1320; x_wconf 84' lang='lat' dir='ltr'><strong>vacare;</strong></span> <span class='ocrx_word' id='word_1_190' title='bbox 2448 1256 2645 1311; x_wconf 81' lang='lat' dir='ltr'><strong>dehinc</strong></span> <span class='ocrx_word' id='word_1_191' title='bbox 2691 1272 2863 1326; x_wconf 90' lang='lat' dir='ltr'><strong>usque</strong></span> <span class='ocrx_word' id='word_1_192' title='bbox 2923 1260 2991 1315; x_wconf 92' lang='lat' dir='ltr'><strong>ad</strong></span> <span class='ocrx_word' id='word_1_193' title='bbox 3041 1276 3238 1316; x_wconf 88' lang='lat' dir='ltr'><strong>nonam</strong></span> <span class='ocrx_word' id='word_1_194' title='bbox 3288 1263 3505 1332; x_wconf 85' lang='lat' dir='ltr'><strong>requie-</strong></span> 
     </span>
    </p>
   </div>
   <div class='ocr_carea' id='block_1_28' title="bbox 1915 1350 3506 1424">
    <p class='ocr_par' dir='ltr' id='par_1_28' title="bbox 1915 1350 3506 1424">
     <span class='ocr_line' id='line_1_28' title="bbox 1915 1350 3506 1424; baseline 0.009 -29"><span class='ocrx_word' id='word_1_195' title='bbox 1915 1350 2099 1405; x_wconf 83' lang='lat' dir='ltr'><strong>scere;</strong></span> <span class='ocrx_word' id='word_1_196' title='bbox 2129 1351 2253 1411; x_wconf 89' lang='lat' dir='ltr'><strong>post</strong></span> <span class='ocrx_word' id='word_1_197' title='bbox 2280 1360 2487 1399; x_wconf 90' lang='lat' dir='ltr'><strong>nonam-</strong></span> <span class='ocrx_word' id='word_1_198' title='bbox 2505 1355 2753 1402; x_wconf 86' lang='lat' dir='ltr'><strong>antemns</strong></span> <span class='ocrx_word' id='word_1_199' title='bbox 2774 1362 2879 1417; x_wconf 89' lang='lat' dir='ltr'><strong>quc</strong></span> <span class='ocrx_word' id='word_1_200' title='bbox 2907 1350 2975 1404; x_wconf 86' lang='lat' dir='ltr'><strong>ad</strong></span> <span class='ocrx_word' id='word_1_201' title='bbox 3006 1358 3218 1421; x_wconf 87' lang='lat' dir='ltr'><strong>tempus</strong></span> <span class='ocrx_word' id='word_1_202' title='bbox 3245 1355 3506 1424; x_wconf 83' lang='lat' dir='ltr'><strong>vesperti-</strong></span> 
     </span>
    </p>
   </div>
   <div class='ocr_carea' id='block_1_29' title="bbox 1913 1433 3500 1512">
    <p class='ocr_par' dir='ltr' id='par_1_29' title="bbox 1913 1433 3500 1512">
     <span class='ocr_line' id='line_1_29' title="bbox 1913 1433 3500 1512; baseline 0.009 -27"><span class='ocrx_word' id='word_1_203' title='bbox 1913 1447 2043 1486; x_wconf 90' lang='lat' dir='ltr'><strong>num</strong></span> <span class='ocrx_word' id='word_1_204' title='bbox 2089 1433 2284 1487; x_wconf 85' lang='lat' dir='ltr'><strong>iterum</strong></span> <span class='ocrx_word' id='word_1_205' title='bbox 2324 1436 2560 1505; x_wconf 81' lang='lat' dir='ltr'><strong>cperari.</strong></span> <span class='ocrx_word' id='word_1_206' title='bbox 2604 1436 2723 1492; x_wconf 81' lang='lat' dir='ltr'><strong>Alio</strong></span> <span class='ocrx_word' id='word_1_207' title='bbox 2758 1447 2938 1494; x_wconf 85' lang='lat' dir='ltr'><strong>autem</strong></span> <span class='ocrx_word' id='word_1_208' title='bbox 2988 1448 3263 1512; x_wconf 88' lang='lat' dir='ltr'><strong>tempore,</strong></span> <span class='ocrx_word' id='word_1_209' title='bbox 3295 1444 3348 1497; x_wconf 89' lang='lat' dir='ltr'><strong>id</strong></span> <span class='ocrx_word' id='word_1_210' title='bbox 3381 1452 3500 1508; x_wconf 88' lang='lat' dir='ltr'><strong>est.</strong></span> 
     </span>
    </p>
   </div>
   <div class='ocr_carea' id='block_1_30' title="bbox 1914 1524 3500 1602">
    <p class='ocr_par' dir='ltr' id='par_1_30' title="bbox 1914 1524 3500 1602">
     <span class='ocr_line' id='line_1_30' title="bbox 1914 1524 3500 1602; baseline 0.01 -27"><span class='ocrx_word' id='word_1_211' title='bbox 1914 1530 2204 1590; x_wconf 85' lang='lat' dir='ltr'><strong>autumno,</strong></span> <span class='ocrx_word' id='word_1_212' title='bbox 2235 1524 2444 1589; x_wconf 86' lang='lat' dir='ltr'><strong>hieme,</strong></span> <span class='ocrx_word' id='word_1_213' title='bbox 2478 1527 2590 1581; x_wconf 87' lang='lat' dir='ltr'><strong>sive</strong></span> <span class='ocrx_word' id='word_1_214' title='bbox 2634 1543 2793 1594; x_wconf 88' lang='lat' dir='ltr'><strong>vere,</strong></span> <span class='ocrx_word' id='word_1_215' title='bbox 2835 1545 2863 1583; x_wconf 92' lang='lat' dir='ltr'><strong>a</strong></span> <span class='ocrx_word' id='word_1_216' title='bbox 2894 1546 3051 1586; x_wconf 89' lang='lat' dir='ltr'><strong>mane</strong></span> <span class='ocrx_word' id='word_1_217' title='bbox 3071 1548 3252 1602; x_wconf 85' lang='lat' dir='ltr'><strong>usque</strong></span> <span class='ocrx_word' id='word_1_218' title='bbox 3280 1534 3346 1589; x_wconf 86' lang='lat' dir='ltr'><strong>ad</strong></span> <span class='ocrx_word' id='word_1_219' title='bbox 3393 1545 3500 1591; x_wconf 81' lang='lat' dir='ltr'><strong>ter—</strong></span> 
     </span>
    </p>
   </div>
   <div class='ocr_carea' id='block_1_31' title="bbox 1915 1613 3503 1695">
    <p class='ocr_par' dir='ltr' id='par_1_31' title="bbox 1915 1613 3503 1695">
     <span class='ocr_line' id='line_1_31' title="bbox 1915 1613 3503 1695; baseline 0.01 -30"><span class='ocrx_word' id='word_1_220' title='bbox 1915 1613 2048 1667; x_wconf 88' lang='lat' dir='ltr'><strong>tiam</strong></span> <span class='ocrx_word' id='word_1_221' title='bbox 2078 1613 2387 1683; x_wconf 82' lang='lat' dir='ltr'><strong>legendum.</strong></span> <span class='ocrx_word' id='word_1_222' title='bbox 2420 1616 2548 1671; x_wconf 84' lang='lat' dir='ltr'><strong>Post</strong></span> <span class='ocrx_word' id='word_1_223' title='bbox 2578 1618 2997 1676; x_wconf 87' lang='lat' dir='ltr'><strong>celebrationem</strong></span> <span class='ocrx_word' id='word_1_224' title='bbox 3030 1623 3205 1677; x_wconf 67' lang='lat' dir='ltr'><strong>tertia:</strong></span> <span class='ocrx_word' id='word_1_225' title='bbox 3236 1640 3408 1695; x_wconf 88' lang='lat' dir='ltr'><strong>usque</strong></span> <span class='ocrx_word' id='word_1_226' title='bbox 3436 1628 3503 1681; x_wconf 88' lang='lat' dir='ltr'><strong>ad</strong></span> 
     </span>
    </p>
   </div>
   <div class='ocr_carea' id='block_1_32' title="bbox 1914 1705 3502 1780">
    <p class='ocr_par' dir='ltr' id='par_1_32' title="bbox 1914 1705 3502 1780">
     <span class='ocr_line' id='line_1_32' title="bbox 1914 1705 3502 1780; baseline 0.009 -23"><span class='ocrx_word' id='word_1_227' title='bbox 1914 1718 2111 1758; x_wconf 88' lang='lat' dir='ltr'><strong>nonam</strong></span> <span class='ocrx_word' id='word_1_228' title='bbox 2162 1705 2515 1762; x_wconf 85' lang='lat' dir='ltr'><strong>laborandum</strong></span> <span class='ocrx_word' id='word_1_229' title='bbox 2566 1718 2693 1775; x_wconf 86' lang='lat' dir='ltr'><strong>est;</strong></span> <span class='ocrx_word' id='word_1_230' title='bbox 2747 1719 2870 1780; x_wconf 91' lang='lat' dir='ltr'><strong>post</strong></span> <span class='ocrx_word' id='word_1_231' title='bbox 2918 1712 3269 1768; x_wconf 90' lang='lat' dir='ltr'><strong>refectionem</strong></span> <span class='ocrx_word' id='word_1_232' title='bbox 3322 1725 3502 1772; x_wconf 86' lang='lat' dir='ltr'><strong>autem</strong></span> 
     </span>
    </p>
   </div>
   <div class='ocr_carea' id='block_1_33' title="bbox 220 1776 1811 1873">
    <p class='ocr_par' dir='ltr' id='par_1_33' title="bbox 220 1776 1811 1873">
     <span class='ocr_line' id='line_1_33' title="bbox 220 1776 1811 1873; baseline 0.01 -28"><span class='ocrx_word' id='word_1_233' title='bbox 220 1793 575 1849; x_wconf 79' lang='lat' dir='ltr'><strong>auctoritatis</strong></span> <span class='ocrx_word' id='word_1_234' title='bbox 622 1796 872 1853; x_wconf 89' lang='lat' dir='ltr'><strong>homines</strong></span> <span class='ocrx_word' id='word_1_235' title='bbox 920 1798 1199 1856; x_wconf 87' lang='lat' dir='ltr'><strong>laboribus</strong></span> <span class='ocrx_word' id='word_1_236' title='bbox 1245 1810 1301 1857; x_wconf 91' lang='lat' dir='ltr'><strong>et</strong></span> <span class='ocrx_word' id='word_1_237' title='bbox 1351 1776 1606 1873; x_wconf 60' lang='lat' dir='ltr'><strong>operibus</strong></span> <span class='ocrx_word' id='word_1_238' title='bbox 1650 1807 1811 1861; x_wconf 89' lang='lat' dir='ltr'><strong>etiam</strong></span> 
     </span>
    </p>
   </div>
   <div class='ocr_carea' id='block_1_34' title="bbox 1915 1776 3504 1873">
    <p class='ocr_par' dir='ltr' id='par_1_34' title="bbox 1918 1790 3504 1872">
     <span class='ocr_line' id='line_1_34' title="bbox 1918 1790 3504 1872; baseline 0.011 -27"><span class='ocrx_word' id='word_1_239' title='bbox 1918 1790 2118 1858; x_wconf 66' lang='lat' dir='ltr'><strong>Noote,</strong></span> <span class='ocrx_word' id='word_1_240' title='bbox 2166 1803 2261 1849; x_wconf 89' lang='lat' dir='ltr'><strong>aut</strong></span> <span class='ocrx_word' id='word_1_241' title='bbox 2303 1791 2519 1865; x_wconf 70' lang='lat' dir='ltr'><strong>operari</strong></span> <span class='ocrx_word' id='word_1_242' title='bbox 2568 1808 2812 1868; x_wconf 88' lang='lat' dir='ltr'><strong>oportet,</strong></span> <span class='ocrx_word' id='word_1_243' title='bbox 2866 1809 2960 1854; x_wconf 91' lang='lat' dir='ltr'><strong>aut</strong></span> <span class='ocrx_word' id='word_1_244' title='bbox 2990 1801 3199 1872; x_wconf 81' lang='lat' dir='ltr'><strong>legere,</strong></span> <span class='ocrx_word' id='word_1_245' title='bbox 3233 1813 3327 1859; x_wconf 91' lang='lat' dir='ltr'><strong>aut</strong></span> <span class='ocrx_word' id='word_1_246' title='bbox 3367 1821 3504 1861; x_wconf 82' lang='lat' dir='ltr'><strong>sono</strong></span> 
     </span>
    </p>
   </div>
   <div class='ocr_carea' id='block_1_35' title="bbox 221 1885 1813 1967">
    <p class='ocr_par' dir='ltr' id='par_1_35' title="bbox 221 1885 1813 1967">
     <span class='ocr_line' id='line_1_35' title="bbox 221 1885 1813 1967; baseline 0.009 -29"><span class='ocrx_word' id='word_1_247' title='bbox 221 1885 526 1941; x_wconf 85' lang='lat' dir='ltr'><strong>rusticanis</strong></span> <span class='ocrx_word' id='word_1_248' title='bbox 582 1888 982 1957; x_wconf 85' lang='lat' dir='ltr'><strong>inservierunt,</strong></span> <span class='ocrx_word' id='word_1_249' title='bbox 1043 1902 1246 1961; x_wconf 90' lang='lat' dir='ltr'><strong>quanto</strong></span> <span class='ocrx_word' id='word_1_250' title='bbox 1303 1897 1474 1967; x_wconf 82' lang='lat' dir='ltr'><strong>magis</strong></span> <span class='ocrx_word' id='word_1_251' title='bbox 1527 1899 1813 1964; x_wconf 82' lang='lat' dir='ltr'><strong>monachi,</strong></span> 
     </span>
    </p>
   </div>
   <div class='ocr_carea' id='block_1_36' title="bbox 218 1981 1813 2060">
    <p class='ocr_par' dir='ltr' id='par_1_36' title="bbox 218 1981 1813 2060">
     <span class='ocr_line' id='line_1_36' title="bbox 218 1981 1813 2060; baseline 0.011 -31"><span class='ocrx_word' id='word_1_252' title='bbox 218 1991 360 2045; x_wconf 89' lang='lat' dir='ltr'><strong>quos</strong></span> <span class='ocrx_word' id='word_1_253' title='bbox 392 1985 613 2048; x_wconf 82' lang='lat' dir='ltr'><strong>Oportet</strong></span> <span class='ocrx_word' id='word_1_254' title='bbox 642 1995 746 2034; x_wconf 91' lang='lat' dir='ltr'><strong>non</strong></span> <span class='ocrx_word' id='word_1_255' title='bbox 777 1981 950 2036; x_wconf 89' lang='lat' dir='ltr'><strong>solum</strong></span> <span class='ocrx_word' id='word_1_256' title='bbox 1001 1984 1125 2039; x_wconf 78' lang='lat' dir='ltr'><strong>vitae</strong></span> <span class='ocrx_word' id='word_1_257' title='bbox 1168 2000 1281 2040; x_wconf 77' lang='lat' dir='ltr'><strong>suae</strong></span> <span class='ocrx_word' id='word_1_258' title='bbox 1325 1990 1636 2044; x_wconf 88' lang='lat' dir='ltr'><strong>necessaria</strong></span> <span class='ocrx_word' id='word_1_259' title='bbox 1682 2007 1813 2060; x_wconf 81' lang='lat' dir='ltr'><strong>pro-</strong></span> 
     </span>
    </p>
   </div>
   <div class='ocr_carea' id='block_1_37' title="bbox 218 2066 1811 2149">
    <p class='ocr_par' dir='ltr' id='par_1_37' title="bbox 218 2066 1811 2149">
     <span class='ocr_line' id='line_1_37' title="bbox 218 2066 1811 2149; baseline 0.01 -30"><span class='ocrx_word' id='word_1_260' title='bbox 218 2066 362 2137; x_wconf 88' lang='lat' dir='ltr'><strong>priis</strong></span> <span class='ocrx_word' id='word_1_261' title='bbox 419 2070 678 2125; x_wconf 86' lang='lat' dir='ltr'><strong>manibus</strong></span> <span class='ocrx_word' id='word_1_262' title='bbox 731 2072 1029 2139; x_wconf 80' lang='lat' dir='ltr'><strong>exhibere,</strong></span> <span class='ocrx_word' id='word_1_263' title='bbox 1088 2076 1185 2129; x_wconf 89' lang='lat' dir='ltr'><strong>sed</strong></span> <span class='ocrx_word' id='word_1_264' title='bbox 1236 2077 1400 2131; x_wconf 89' lang='lat' dir='ltr'><strong>etiam</strong></span> <span class='ocrx_word' id='word_1_265' title='bbox 1461 2079 1811 2149; x_wconf 78' lang='lat' dir='ltr'><strong>indigentiam</strong></span> 
     </span>
    </p>
   </div>
   <div class='ocr_carea' id='block_1_38' title="bbox 224 2157 1817 2235">
    <p class='ocr_par' dir='ltr' id='par_1_38' title="bbox 224 2157 1817 2235">
     <span class='ocr_line' id='line_1_38' title="bbox 224 2157 1817 2235; baseline 0.011 -25"><span class='ocrx_word' id='word_1_266' title='bbox 224 2157 460 2213; x_wconf 82' lang='lat' dir='ltr'><strong>aliorum</strong></span> <span class='ocrx_word' id='word_1_267' title='bbox 513 2160 791 2217; x_wconf 89' lang='lat' dir='ltr'><strong>laboribus</strong></span> <span class='ocrx_word' id='word_1_268' title='bbox 835 2164 947 2219; x_wconf 85' lang='lat' dir='ltr'><strong>suis</strong></span> <span class='ocrx_word' id='word_1_269' title='bbox 992 2166 1263 2222; x_wconf 82' lang='lat' dir='ltr'><strong>reficere?</strong></span> <span class='ocrx_word' id='word_1_270' title='bbox 1302 2168 1403 2235; x_wconf 92' lang='lat' dir='ltr'><strong>Qui</strong></span> <span class='ocrx_word' id='word_1_271' title='bbox 1446 2171 1655 2227; x_wconf 81' lang='lat' dir='ltr'><strong>viribus</strong></span> <span class='ocrx_word' id='word_1_272' title='bbox 1695 2189 1817 2228; x_wconf 91' lang='lat' dir='ltr'><strong>cor-</strong></span> 
     </span>
    </p>
   </div>
   <div class='ocr_carea' id='block_1_39' title="bbox 221 2251 1815 2332">
    <p class='ocr_par' dir='ltr' id='par_1_39' title="bbox 221 2251 1815 2332">
     <span class='ocr_line' id='line_1_39' title="bbox 221 2251 1815 2332; baseline 0.009 -29"><span class='ocrx_word' id='word_1_273' title='bbox 221 2251 374 2321; x_wconf 83' lang='lat' dir='ltr'><strong>poris</strong></span> <span class='ocrx_word' id='word_1_274' title='bbox 409 2259 469 2306; x_wconf 87' lang='lat' dir='ltr'><strong>et</strong></span> <span class='ocrx_word' id='word_1_275' title='bbox 503 2252 821 2323; x_wconf 77' lang='lat' dir='ltr'><strong>integritate</strong></span> <span class='ocrx_word' id='word_1_276' title='bbox 858 2255 1050 2311; x_wconf 88' lang='lat' dir='ltr'><strong>salutis</strong></span> <span class='ocrx_word' id='word_1_277' title='bbox 1083 2259 1423 2327; x_wconf 88' lang='lat' dir='ltr'><strong>consistunt,</strong></span> <span class='ocrx_word' id='word_1_278' title='bbox 1458 2261 1502 2316; x_wconf 90' lang='lat' dir='ltr'><strong>si</strong></span> <span class='ocrx_word' id='word_1_279' title='bbox 1550 2262 1605 2317; x_wconf 92' lang='lat' dir='ltr'><strong>in</strong></span> <span class='ocrx_word' id='word_1_280' title='bbox 1650 2278 1815 2332; x_wconf 88' lang='lat' dir='ltr'><strong>opere</strong></span> 
     </span>
    </p>
   </div>
   <div class='ocr_carea' id='block_1_40' title="bbox 224 2340 1811 2422">
    <p class='ocr_par' dir='ltr' id='par_1_40' title="bbox 224 2340 1811 2422">
     <span class='ocr_line' id='line_1_40' title="bbox 224 2340 1811 2422; baseline 0.009 -28"><span class='ocrx_word' id='word_1_281' title='bbox 224 2340 388 2395; x_wconf 90' lang='lat' dir='ltr'><strong>otiosi</strong></span> <span class='ocrx_word' id='word_1_282' title='bbox 444 2348 606 2408; x_wconf 89' lang='lat' dir='ltr'><strong>sunt,</strong></span> <span class='ocrx_word' id='word_1_283' title='bbox 666 2342 954 2413; x_wconf 86' lang='lat' dir='ltr'><strong>dupliciter</strong></span> <span class='ocrx_word' id='word_1_284' title='bbox 1006 2362 1235 2415; x_wconf 89' lang='lat' dir='ltr'><strong>peccare</strong></span> <span class='ocrx_word' id='word_1_285' title='bbox 1284 2359 1630 2407; x_wconf 88' lang='lat' dir='ltr'><strong>noscuntur:</strong></span> <span class='ocrx_word' id='word_1_286' title='bbox 1684 2355 1811 2422; x_wconf 88' lang='lat' dir='ltr'><strong>quia</strong></span> 
     </span>
    </p>
   </div>
   <div class='ocr_carea' id='block_1_41' title="bbox 225 2432 1811 2513">
    <p class='ocr_par' dir='ltr' id='par_1_41' title="bbox 225 2432 1811 2513">
     <span class='ocr_line' id='line_1_41' title="bbox 225 2432 1811 2513; baseline 0.01 -28"><span class='ocrx_word' id='word_1_287' title='bbox 225 2447 334 2486; x_wconf 85' lang='lat' dir='ltr'><strong>non</strong></span> <span class='ocrx_word' id='word_1_288' title='bbox 367 2432 549 2487; x_wconf 86' lang='lat' dir='ltr'><strong>solum</strong></span> <span class='ocrx_word' id='word_1_289' title='bbox 591 2448 696 2487; x_wconf 90' lang='lat' dir='ltr'><strong>non</strong></span> <span class='ocrx_word' id='word_1_290' title='bbox 738 2434 1019 2505; x_wconf 84' lang='lat' dir='ltr'><strong>laborant,</strong></span> <span class='ocrx_word' id='word_1_291' title='bbox 1062 2439 1154 2493; x_wconf 89' lang='lat' dir='ltr'><strong>sed</strong></span> <span class='ocrx_word' id='word_1_292' title='bbox 1196 2440 1361 2495; x_wconf 88' lang='lat' dir='ltr'><strong>etiam</strong></span> <span class='ocrx_word' id='word_1_293' title='bbox 1405 2442 1539 2498; x_wconf 88' lang='lat' dir='ltr'><strong>alios</strong></span> <span class='ocrx_word' id='word_1_294' title='bbox 1582 2444 1811 2513; x_wconf 90' lang='lat' dir='ltr'><strong>vitiant,</strong></span> 
     </span>
    </p>
   </div>
   <div class='ocr_carea' id='block_1_42' title="bbox 224 2522 1815 2601">
    <p class='ocr_par' dir='ltr' id='par_1_42' title="bbox 224 2522 1815 2601">
     <span class='ocr_line' id='line_1_42' title="bbox 224 2522 1815 2601; baseline 0.009 -24"><span class='ocrx_word' id='word_1_295' title='bbox 224 2529 275 2577; x_wconf 89' lang='lat' dir='ltr'><strong>et</strong></span> <span class='ocrx_word' id='word_1_296' title='bbox 308 2522 378 2577; x_wconf 89' lang='lat' dir='ltr'><strong>ad</strong></span> <span class='ocrx_word' id='word_1_297' title='bbox 423 2523 784 2579; x_wconf 88' lang='lat' dir='ltr'><strong>imitationem</strong></span> <span class='ocrx_word' id='word_1_298' title='bbox 835 2542 987 2582; x_wconf 87' lang='lat' dir='ltr'><strong>suam</strong></span> <span class='ocrx_word' id='word_1_299' title='bbox 1026 2529 1277 2584; x_wconf 85' lang='lat' dir='ltr'><strong>invitant.</strong></span> <span class='ocrx_word' id='word_1_300' title='bbox 1325 2530 1619 2601; x_wconf 88' lang='lat' dir='ltr'><strong>Propterea</strong></span> <span class='ocrx_word' id='word_1_301' title='bbox 1669 2537 1815 2590; x_wconf 92' lang='lat' dir='ltr'><strong>enim</strong></span> 
     </span>
    </p>
   </div>
   <div class='ocr_carea' id='block_1_43' title="bbox 226 2613 1814 2683">
    <p class='ocr_par' dir='ltr' id='par_1_43' title="bbox 226 2613 1814 2683">
     <span class='ocr_line' id='line_1_43' title="bbox 226 2613 1814 2683; baseline 0.011 -17"><span class='ocrx_word' id='word_1_302' title='bbox 226 2613 467 2683; x_wconf 81' lang='lat' dir='ltr'><strong>quisque</strong></span> <span class='ocrx_word' id='word_1_303' title='bbox 495 2615 564 2669; x_wconf 90' lang='lat' dir='ltr'><strong>ad</strong></span> <span class='ocrx_word' id='word_1_304' title='bbox 590 2613 759 2671; x_wconf 89' lang='lat' dir='ltr'><strong>Deum</strong></span> <span class='ocrx_word' id='word_1_305' title='bbox 789 2620 1124 2675; x_wconf 87' lang='lat' dir='ltr'><strong>convertitur</strong></span> <span class='ocrx_word' id='word_1_306' title='bbox 1164 2630 1224 2675; x_wconf 90' lang='lat' dir='ltr'><strong>ut</strong></span> <span class='ocrx_word' id='word_1_307' title='bbox 1265 2624 1315 2678; x_wconf 92' lang='lat' dir='ltr'><strong>ei</strong></span> <span class='ocrx_word' id='word_1_308' title='bbox 1344 2626 1589 2682; x_wconf 77' lang='lat' dir='ltr'><strong>serviens</strong></span> <span class='ocrx_word' id='word_1_309' title='bbox 1611 2626 1814 2683; x_wconf 89' lang='lat' dir='ltr'><strong>laboris</strong></span> 
     </span>
    </p>
   </div>
   <div class='ocr_carea' id='block_1_44' title="bbox 228 2705 1817 2790">
    <p class='ocr_par' dir='ltr' id='par_1_44' title="bbox 228 2705 1817 2790">
     <span class='ocr_line' id='line_1_44' title="bbox 228 2705 1817 2790; baseline 0.009 -31"><span class='ocrx_word' id='word_1_310' title='bbox 228 2705 435 2761; x_wconf 83' lang='lat' dir='ltr'><strong>habeat</strong></span> <span class='ocrx_word' id='word_1_311' title='bbox 459 2721 683 2774; x_wconf 88' lang='lat' dir='ltr'><strong>curam,</strong></span> <span class='ocrx_word' id='word_1_312' title='bbox 712 2724 820 2763; x_wconf 90' lang='lat' dir='ltr'><strong>non</strong></span> <span class='ocrx_word' id='word_1_313' title='bbox 848 2718 909 2765; x_wconf 90' lang='lat' dir='ltr'><strong>ut</strong></span> <span class='ocrx_word' id='word_1_314' title='bbox 944 2713 1056 2767; x_wconf 92' lang='lat' dir='ltr'><strong>otio</strong></span> <span class='ocrx_word' id='word_1_315' title='bbox 1093 2713 1307 2770; x_wconf 91' lang='lat' dir='ltr'><strong>deditus</strong></span> <span class='ocrx_word' id='word_1_316' title='bbox 1343 2717 1536 2772; x_wconf 87' lang='lat' dir='ltr'><strong>inertia</strong></span> <span class='ocrx_word' id='word_1_317' title='bbox 1573 2719 1817 2790; x_wconf 85' lang='lat' dir='ltr'><strong>pigritia-</strong></span> 
     </span>
    </p>
   </div>
   <div class='ocr_carea' id='block_1_45' title="bbox 228 2797 1814 2867">
    <p class='ocr_par' dir='ltr' id='par_1_45' title="bbox 228 2797 1814 2867">
     <span class='ocr_line' id='line_1_45' title="bbox 228 2797 1814 2867; baseline 0.009 -18"><span class='ocrx_word' id='word_1_318' title='bbox 228 2811 338 2866; x_wconf 83' lang='lat' dir='ltr'><strong>que</strong></span> <span class='ocrx_word' id='word_1_319' title='bbox 366 2806 643 2866; x_wconf 81' lang='lat' dir='ltr'><strong>pascatur.</strong></span> <span class='ocrx_word' id='word_1_320' title='bbox 677 2797 779 2867; x_wconf 85' lang='lat' dir='ltr'><strong>Qui</strong></span> <span class='ocrx_word' id='word_1_321' title='bbox 808 2802 888 2857; x_wconf 92' lang='lat' dir='ltr'><strong>sic</strong></span> <span class='ocrx_word' id='word_1_322' title='bbox 917 2801 1108 2858; x_wconf 90' lang='lat' dir='ltr'><strong>volunt</strong></span> <span class='ocrx_word' id='word_1_323' title='bbox 1141 2804 1363 2861; x_wconf 89' lang='lat' dir='ltr'><strong>lectioni</strong></span> <span class='ocrx_word' id='word_1_324' title='bbox 1390 2822 1589 2862; x_wconf 89' lang='lat' dir='ltr'><strong>vacare</strong></span> <span class='ocrx_word' id='word_1_325' title='bbox 1619 2817 1680 2863; x_wconf 91' lang='lat' dir='ltr'><strong>ut</strong></span> <span class='ocrx_word' id='word_1_326' title='bbox 1708 2824 1814 2865; x_wconf 91' lang='lat' dir='ltr'><strong>non</strong></span> 
     </span>
    </p>
   </div>
   <div class='ocr_carea' id='block_1_46' title="bbox 228 2890 1815 2973">
    <p class='ocr_par' dir='ltr' id='par_1_46' title="bbox 228 2890 1815 2973">
     <span class='ocr_line' id='line_1_46' title="bbox 228 2890 1815 2973; baseline 0.01 -32"><span class='ocrx_word' id='word_1_327' title='bbox 228 2897 551 2957; x_wconf 87' lang='lat' dir='ltr'><strong>operentur,</strong></span> <span class='ocrx_word' id='word_1_328' title='bbox 593 2890 697 2961; x_wconf 91' lang='lat' dir='ltr'><strong>ipsi</strong></span> <span class='ocrx_word' id='word_1_329' title='bbox 734 2891 952 2950; x_wconf 88' lang='lat' dir='ltr'><strong>lectioni</strong></span> <span class='ocrx_word' id='word_1_330' title='bbox 989 2904 1337 2955; x_wconf 86' lang='lat' dir='ltr'><strong>contumaces</strong></span> <span class='ocrx_word' id='word_1_331' title='bbox 1376 2901 1650 2968; x_wconf 83' lang='lat' dir='ltr'><strong>existunt,</strong></span> <span class='ocrx_word' id='word_1_332' title='bbox 1689 2903 1815 2973; x_wconf 83' lang='lat' dir='ltr'><strong>quia</strong></span> 
     </span>
    </p>
   </div>
   <div class='ocr_carea' id='block_1_47' title="bbox 226 2979 1811 3060">
    <p class='ocr_par' dir='ltr' id='par_1_47' title="bbox 226 2979 1811 3060">
     <span class='ocr_line' id='line_1_47' title="bbox 226 2979 1811 3060; baseline 0.008 -27"><span class='ocrx_word' id='word_1_333' title='bbox 226 2992 332 3035; x_wconf 89' lang='lat' dir='ltr'><strong>non</strong></span> <span class='ocrx_word' id='word_1_334' title='bbox 362 2979 583 3036; x_wconf 83' lang='lat' dir='ltr'><strong>faciunt</strong></span> <span class='ocrx_word' id='word_1_335' title='bbox 610 2983 752 3052; x_wconf 89' lang='lat' dir='ltr'><strong>quod</strong></span> <span class='ocrx_word' id='word_1_336' title='bbox 780 2984 854 3039; x_wconf 89' lang='lat' dir='ltr'><strong>ibi</strong></span> <span class='ocrx_word' id='word_1_337' title='bbox 884 2986 1088 3059; x_wconf 82' lang='lat' dir='ltr'><strong>legunt.</strong></span> <span class='ocrx_word' id='word_1_338' title='bbox 1117 2989 1194 3044; x_wconf 90' lang='lat' dir='ltr'><strong>lbi</strong></span> <span class='ocrx_word' id='word_1_339' title='bbox 1225 2990 1368 3045; x_wconf 89' lang='lat' dir='ltr'><strong>enim</strong></span> <span class='ocrx_word' id='word_1_340' title='bbox 1400 2991 1661 3060; x_wconf 88' lang='lat' dir='ltr'><strong>scriptum</strong></span> <span class='ocrx_word' id='word_1_341' title='bbox 1691 3001 1811 3048; x_wconf 88' lang='lat' dir='ltr'><strong>est:</strong></span> 
     </span>
    </p>
   </div>
   <div class='ocr_carea' id='block_1_48' title="bbox 226 3064 1814 3156">
    <p class='ocr_par' dir='ltr' id='par_1_48' title="bbox 226 3064 1814 3156">
     <span class='ocr_line' id='line_1_48' title="bbox 226 3064 1814 3156; baseline 0.01 -35"><span class='ocrx_word' id='word_1_342' title='bbox 226 3064 523 3139; x_wconf 84' lang='lat' dir='ltr'><strong>Operantes</strong></span> <span class='ocrx_word' id='word_1_343' title='bbox 560 3089 714 3126; x_wconf 83' lang='lat' dir='ltr'><strong>suum</strong></span> <span class='ocrx_word' id='word_1_344' title='bbox 744 3091 930 3145; x_wconf 84' lang='lat' dir='ltr'><strong>panem</strong></span> <span class='ocrx_word' id='word_1_345' title='bbox 960 3079 1287 3156; x_wconf 32' lang='lat' dir='ltr'><strong>manducent.</strong></span> <span class='ocrx_word' id='word_1_346' title='bbox 1310 3079 1393 3152; x_wconf 88' lang='lat' dir='ltr'><strong>(Il</strong></span> <span class='ocrx_word' id='word_1_347' title='bbox 1426 3080 1579 3137; x_wconf 84' lang='lat' dir='ltr'><strong>Thes.</strong></span> <span class='ocrx_word' id='word_1_348' title='bbox 1609 3081 1715 3155; x_wconf 86' lang='grc' dir='ltr'>ιιι).</span> <span class='ocrx_word' id='word_1_349' title='bbox 1749 3084 1814 3137; x_wconf 85' lang='lat' dir='ltr'><strong>Et</strong></span> 
     </span>
    </p>
   </div>
   <div class='ocr_carea' id='block_1_49' title="bbox 226 3161 1811 3242">
    <p class='ocr_par' dir='ltr' id='par_1_49' title="bbox 226 3161 1811 3242">
     <span class='ocr_line' id='line_1_49' title="bbox 226 3161 1811 3242; baseline 0.008 -27"><span class='ocrx_word' id='word_1_350' title='bbox 226 3161 429 3217; x_wconf 86' lang='lat' dir='ltr'><strong>iterum</strong></span> <span class='ocrx_word' id='word_1_351' title='bbox 466 3181 480 3217; x_wconf 87' lang='lat'>:</span> <span class='ocrx_word' id='word_1_352' title='bbox 522 3163 639 3236; x_wconf 86' lang='lat' dir='ltr'><strong>Ipsi</strong></span> <span class='ocrx_word' id='word_1_353' title='bbox 689 3167 826 3220; x_wconf 83' lang='lat' dir='ltr'><strong>enim</strong></span> <span class='ocrx_word' id='word_1_354' title='bbox 873 3170 1017 3223; x_wconf 78' lang='lat' dir='ltr'><strong>scitis</strong></span> <span class='ocrx_word' id='word_1_355' title='bbox 1066 3172 1327 3241; x_wconf 86' lang='lat' dir='ltr'><strong>quomodo</strong></span> <span class='ocrx_word' id='word_1_356' title='bbox 1372 3183 1571 3242; x_wconf 86' lang='lat' dir='ltr'><strong>oportet</strong></span> <span class='ocrx_word' id='word_1_357' title='bbox 1614 3174 1811 3229; x_wconf 84' lang='lat' dir='ltr'><strong>imitari</strong></span> 
     </span>
    </p>
   </div>
   <div class='ocr_carea' id='block_1_50' title="bbox 226 3252 1811 3334">
    <p class='ocr_par' dir='ltr' id='par_1_50' title="bbox 226 3252 1811 3334">
     <span class='ocr_line' id='line_1_50' title="bbox 226 3252 1811 3334; baseline 0.009 -31"><span class='ocrx_word' id='word_1_358' title='bbox 226 3265 320 3304; x_wconf 81' lang='lat' dir='ltr'><strong>nos</strong></span> <span class='ocrx_word' id='word_1_359' title='bbox 348 3290 366 3315; x_wconf 95' lang='lat'><strong>,</strong></span> <span class='ocrx_word' id='word_1_360' title='bbox 397 3252 529 3321; x_wconf 83' lang='lat' dir='ltr'><strong>quia</strong></span> <span class='ocrx_word' id='word_1_361' title='bbox 565 3269 669 3307; x_wconf 86' lang='lat' dir='ltr'><strong>non</strong></span> <span class='ocrx_word' id='word_1_362' title='bbox 703 3254 923 3325; x_wconf 82' lang='lat' dir='ltr'><strong>inquieti</strong></span> <span class='ocrx_word' id='word_1_363' title='bbox 957 3256 1153 3326; x_wconf 78' lang='lat' dir='ltr'><strong>fuimus</strong></span> <span class='ocrx_word' id='word_1_364' title='bbox 1186 3260 1324 3314; x_wconf 85' lang='lat' dir='ltr'><strong>inter</strong></span> <span class='ocrx_word' id='word_1_365' title='bbox 1357 3278 1487 3327; x_wconf 84' lang='lat' dir='ltr'><strong>vos;</strong></span> <span class='ocrx_word' id='word_1_366' title='bbox 1523 3279 1686 3333; x_wconf 82' lang='lat' dir='ltr'><strong>neque</strong></span> <span class='ocrx_word' id='word_1_367' title='bbox 1717 3280 1811 3334; x_wconf 86' lang='lat' dir='ltr'><strong>pa-</strong></span> 
     </span>
    </p>
   </div>
   <div class='ocr_carea' id='block_1_51' title="bbox 224 3342 1812 3415">
    <p class='ocr_par' dir='ltr' id='par_1_51' title="bbox 224 3342 1812 3415">
     <span class='ocr_line' id='line_1_51' title="bbox 224 3342 1812 3415; baseline 0.009 -24"><span class='ocrx_word' id='word_1_368' title='bbox 224 3354 338 3393; x_wconf 75' lang='lat' dir='ltr'><strong>rtem</strong></span> <span class='ocrx_word' id='word_1_369' title='bbox 365 3344 540 3411; x_wconf 84' lang='lat' dir='ltr'><strong>gratis</strong></span> <span class='ocrx_word' id='word_1_370' title='bbox 582 3342 649 3396; x_wconf 83' lang='lat' dir='ltr'><strong>ab</strong></span> <span class='ocrx_word' id='word_1_371' title='bbox 695 3342 871 3415; x_wconf 88' lang='lat' dir='ltr'><strong>aliquo</strong></span> <span class='ocrx_word' id='word_1_372' title='bbox 912 3347 1375 3415; x_wconf 77' lang='lat' dir='ltr'><strong>manducavimus,</strong></span> <span class='ocrx_word' id='word_1_373' title='bbox 1416 3350 1520 3404; x_wconf 80' lang='lat' dir='ltr'><strong>sed&#39;</strong></span> <span class='ocrx_word' id='word_1_374' title='bbox 1545 3352 1600 3405; x_wconf 87' lang='lat' dir='ltr'><strong>in</strong></span> <span class='ocrx_word' id='word_1_375' title='bbox 1635 3350 1812 3406; x_wconf 85' lang='lat' dir='ltr'><strong>labore</strong></span> 
     </span>
    </p>
   </div>
   <div class='ocr_carea' id='block_1_52' title="bbox 224 3431 1810 3514">
    <p class='ocr_par' dir='ltr' id='par_1_52' title="bbox 224 3431 1810 3514">
     <span class='ocr_line' id='line_1_52' title="bbox 224 3431 1810 3514; baseline 0.009 -31"><span class='ocrx_word' id='word_1_376' title='bbox 224 3440 272 3483; x_wconf 80' lang='lat' dir='ltr'><strong>et</strong></span> <span class='ocrx_word' id='word_1_377' title='bbox 311 3431 630 3503; x_wconf 77' lang='lat' dir='ltr'><strong>fatigatione</strong></span> <span class='ocrx_word' id='word_1_378' title='bbox 670 3434 755 3489; x_wconf 83' lang='lat' dir='ltr'><strong>die</strong></span> <span class='ocrx_word' id='word_1_379' title='bbox 801 3453 863 3490; x_wconf 90' lang='lat' dir='ltr'><strong>ac</strong></span> <span class='ocrx_word' id='word_1_380' title='bbox 903 3448 1052 3492; x_wconf 79' lang='lat' dir='ltr'><strong>nocte</strong></span> <span class='ocrx_word' id='word_1_381' title='bbox 1095 3450 1401 3510; x_wconf 83' lang='lat' dir='ltr'><strong>operantes,</strong></span> <span class='ocrx_word' id='word_1_382' title='bbox 1430 3458 1493 3496; x_wconf 87' lang='lat' dir='ltr'><strong>ne</strong></span> <span class='ocrx_word' id='word_1_383' title='bbox 1531 3459 1680 3514; x_wconf 83' lang='lat' dir='ltr'><strong>quem</strong></span> <span class='ocrx_word' id='word_1_384' title='bbox 1724 3460 1810 3498; x_wconf 76' lang='lat' dir='ltr'><strong>ue—</strong></span> 
     </span>
    </p>
   </div>
   <div class='ocr_carea' id='block_1_53' title="bbox 224 3527 1808 3602">
    <p class='ocr_par' dir='ltr' id='par_1_53' title="bbox 224 3527 1808 3602">
     <span class='ocr_line' id='line_1_53' title="bbox 224 3527 1808 3602; baseline 0.01 -27"><span class='ocrx_word' id='word_1_385' title='bbox 224 3531 387 3577; x_wconf 80' lang='lat' dir='ltr'><strong>strum</strong></span> <span class='ocrx_word' id='word_1_386' title='bbox 418 3539 759 3594; x_wconf 86' lang='lat' dir='ltr'><strong>gravaremus</strong></span> <span class='ocrx_word' id='word_1_387' title='bbox 787 3527 998 3601; x_wconf 84' lang='lat' dir='ltr'><strong>(Ibid.).</strong></span> <span class='ocrx_word' id='word_1_388' title='bbox 1032 3530 1133 3598; x_wconf 91' lang='lat' dir='ltr'><strong>Qui</strong></span> <span class='ocrx_word' id='word_1_389' title='bbox 1162 3547 1260 3602; x_wconf 88' lang='lat' dir='ltr'><strong>per</strong></span> <span class='ocrx_word' id='word_1_390' title='bbox 1289 3532 1659 3590; x_wconf 84' lang='lat' dir='ltr'><strong>infirmitatem</strong></span> <span class='ocrx_word' id='word_1_391' title='bbox 1687 3551 1808 3590; x_wconf 89' lang='lat' dir='ltr'><strong>cor-</strong></span> 
     </span>
    </p>
   </div>
   <div class='ocr_carea' id='block_1_54' title="bbox 226 3614 1810 3695">
    <p class='ocr_par' dir='ltr' id='par_1_54' title="bbox 226 3614 1810 3695">
     <span class='ocr_line' id='line_1_54' title="bbox 226 3614 1810 3695; baseline 0.008 -29"><span class='ocrx_word' id='word_1_392' title='bbox 226 3614 376 3681; x_wconf 88' lang='lat' dir='ltr'><strong>poris</strong></span> <span class='ocrx_word' id='word_1_393' title='bbox 404 3616 627 3684; x_wconf 87' lang='lat' dir='ltr'><strong>operari</strong></span> <span class='ocrx_word' id='word_1_394' title='bbox 658 3633 763 3672; x_wconf 90' lang='lat' dir='ltr'><strong>non</strong></span> <span class='ocrx_word' id='word_1_395' title='bbox 798 3628 1026 3687; x_wconf 89' lang='lat' dir='ltr'><strong>possunt</strong></span> <span class='ocrx_word' id='word_1_396' title='bbox 1061 3622 1349 3678; x_wconf 85' lang='lat' dir='ltr'><strong>humanius</strong></span> <span class='ocrx_word' id='word_1_397' title='bbox 1386 3624 1810 3695; x_wconf 88' lang='lat' dir='ltr'><strong>clementiusque</strong></span> 
     </span>
    </p>
   </div>
   <div class='ocr_carea' id='block_1_55' title="bbox 232 3704 1811 3772">
    <p class='ocr_par' dir='ltr' id='par_1_55' title="bbox 232 3704 1811 3772">
     <span class='ocr_line' id='line_1_55' title="bbox 232 3704 1811 3772; baseline 0.007 -18"><span class='ocrx_word' id='word_1_398' title='bbox 232 3704 507 3758; x_wconf 85' lang='lat' dir='ltr'><strong>tractandi</strong></span> <span class='ocrx_word' id='word_1_399' title='bbox 546 3714 709 3772; x_wconf 92' lang='lat' dir='ltr'><strong>sunt;</strong></span> <span class='ocrx_word' id='word_1_400' title='bbox 749 3722 850 3762; x_wconf 89' lang='lat' dir='ltr'><strong>nec</strong></span> <span class='ocrx_word' id='word_1_401' title='bbox 883 3720 1073 3765; x_wconf 87' lang='lat' dir='ltr'><strong>contra</strong></span> <span class='ocrx_word' id='word_1_402' title='bbox 1111 3725 1206 3766; x_wconf 93' lang='lat' dir='ltr'><strong>eos</strong></span> <span class='ocrx_word' id='word_1_403' title='bbox 1243 3712 1689 3767; x_wconf 79' lang='lat' dir='ltr'><strong>murmurantium</strong></span> <span class='ocrx_word' id='word_1_404' title='bbox 1728 3722 1811 3767; x_wconf 90' lang='lat' dir='ltr'><strong>est</strong></span> 
     </span>
    </p>
   </div>
   <div class='ocr_carea' id='block_1_56' title="bbox 232 3795 1806 3874">
    <p class='ocr_par' dir='ltr' id='par_1_56' title="bbox 232 3795 1806 3874">
     <span class='ocr_line' id='line_1_56' title="bbox 232 3795 1806 3874; baseline 0.006 -26"><span class='ocrx_word' id='word_1_405' title='bbox 232 3795 299 3850; x_wconf 82' lang='lat' dir='ltr'><strong>ab</strong></span> <span class='ocrx_word' id='word_1_406' title='bbox 326 3797 412 3852; x_wconf 86' lang='lat' dir='ltr'><strong>eis</strong></span> <span class='ocrx_word' id='word_1_407' title='bbox 442 3798 538 3867; x_wconf 91' lang='lat' dir='ltr'><strong>qui</strong></span> <span class='ocrx_word' id='word_1_408' title='bbox 568 3799 717 3855; x_wconf 83' lang='lat' dir='ltr'><strong>vires</strong></span> <span class='ocrx_word' id='word_1_409' title='bbox 749 3800 1029 3857; x_wconf 84' lang='lat' dir='ltr'><strong>laborandi</strong></span> <span class='ocrx_word' id='word_1_410' title='bbox 1065 3803 1297 3870; x_wconf 86' lang='lat' dir='ltr'><strong>habent,</strong></span> <span class='ocrx_word' id='word_1_411' title='bbox 1341 3806 1434 3859; x_wconf 91' lang='lat' dir='ltr'><strong>sed</strong></span> <span class='ocrx_word' id='word_1_412' title='bbox 1471 3804 1640 3874; x_wconf 81' lang='lat' dir='ltr'><strong>magis</strong></span> <span class='ocrx_word' id='word_1_413' title='bbox 1673 3819 1806 3858; x_wconf 84' lang='lat' dir='ltr'><strong>con-</strong></span> 
     </span>
    </p>
   </div>
   <div class='ocr_carea' id='block_1_57' title="bbox 233 3883 1809 3965">
    <p class='ocr_par' dir='ltr' id='par_1_57' title="bbox 233 3883 1809 3965">
     <span class='ocr_line' id='line_1_57' title="bbox 233 3883 1809 3965; baseline 0.008 -28"><span class='ocrx_word' id='word_1_414' title='bbox 233 3883 514 3941; x_wconf 85' lang='lat' dir='ltr'><strong>sulendum</strong></span> <span class='ocrx_word' id='word_1_415' title='bbox 547 3897 632 3943; x_wconf 88' lang='lat' dir='ltr'><strong>est</strong></span> <span class='ocrx_word' id='word_1_416' title='bbox 660 3890 743 3945; x_wconf 92' lang='lat' dir='ltr'><strong>eis</strong></span> <span class='ocrx_word' id='word_1_417' title='bbox 771 3907 908 3961; x_wconf 89' lang='lat' dir='ltr'><strong>quos</strong></span> <span class='ocrx_word' id='word_1_418' title='bbox 936 3893 1118 3947; x_wconf 90' lang='lat' dir='ltr'><strong>sciunt</strong></span> <span class='ocrx_word' id='word_1_419' title='bbox 1148 3910 1375 3965; x_wconf 91' lang='lat' dir='ltr'><strong>corpore</strong></span> <span class='ocrx_word' id='word_1_420' title='bbox 1404 3893 1671 3948; x_wconf 80' lang='lat' dir='ltr'><strong>infirmos.</strong></span> <span class='ocrx_word' id='word_1_421' title='bbox 1704 3888 1809 3965; x_wconf 73' lang='lat' dir='ltr'><strong>Ipsi</strong></span> 
     </span>
    </p>
   </div>
   <div class='ocr_carea' id='block_1_58' title="bbox 232 3978 1809 4055">
    <p class='ocr_par' dir='ltr' id='par_1_58' title="bbox 232 3978 1809 4055">
     <span class='ocr_line' id='line_1_58' title="bbox 232 3978 1809 4055; baseline 0.008 -27"><span class='ocrx_word' id='word_1_422' title='bbox 232 3985 414 4030; x_wconf 86' lang='lat' dir='ltr'><strong>autem</strong></span> <span class='ocrx_word' id='word_1_423' title='bbox 452 3978 546 4046; x_wconf 85' lang='lat' dir='ltr'><strong>qui</strong></span> <span class='ocrx_word' id='word_1_424' title='bbox 583 3995 692 4034; x_wconf 90' lang='lat' dir='ltr'><strong>non</strong></span> <span class='ocrx_word' id='word_1_425' title='bbox 725 3991 985 4051; x_wconf 87' lang='lat' dir='ltr'><strong>possunt,</strong></span> <span class='ocrx_word' id='word_1_426' title='bbox 1025 3998 1120 4039; x_wconf 90' lang='lat' dir='ltr'><strong>eos</strong></span> <span class='ocrx_word' id='word_1_427' title='bbox 1156 3986 1248 4054; x_wconf 89' lang='lat' dir='ltr'><strong>qui</strong></span> <span class='ocrx_word' id='word_1_428' title='bbox 1298 3984 1545 4039; x_wconf 89' lang='lat' dir='ltr'><strong>laborant</strong></span> <span class='ocrx_word' id='word_1_429' title='bbox 1586 3993 1643 4039; x_wconf 93' lang='lat' dir='ltr'><strong>et</strong></span> <span class='ocrx_word' id='word_1_430' title='bbox 1684 4000 1809 4055; x_wconf 90' lang='lat' dir='ltr'><strong>pos-</strong></span> 
     </span>
    </p>
   </div>
   <div class='ocr_carea' id='block_1_59' title="bbox 230 4069 1810 4145">
    <p class='ocr_par' dir='ltr' id='par_1_59' title="bbox 230 4069 1810 4145">
     <span class='ocr_line' id='line_1_59' title="bbox 230 4069 1810 4145; baseline 0.008 -27"><span class='ocrx_word' id='word_1_431' title='bbox 230 4074 386 4131; x_wconf 73' lang='lat' dir='ltr'><strong>sunt,</strong></span> <span class='ocrx_word' id='word_1_432' title='bbox 416 4069 674 4125; x_wconf 88' lang='lat' dir='ltr'><strong>meliores</strong></span> <span class='ocrx_word' id='word_1_433' title='bbox 700 4073 800 4127; x_wconf 87' lang='lat' dir='ltr'><strong>sibi</strong></span> <span class='ocrx_word' id='word_1_434' title='bbox 830 4072 1204 4145; x_wconf 89' lang='lat' dir='ltr'><strong>felicioresque</strong></span> <span class='ocrx_word' id='word_1_435' title='bbox 1232 4073 1520 4129; x_wconf 80' lang='lat' dir='ltr'><strong>fateantur.</strong></span> <span class='ocrx_word' id='word_1_436' title='bbox 1552 4074 1654 4142; x_wconf 90' lang='lat' dir='ltr'><strong>Qui</strong></span> <span class='ocrx_word' id='word_1_437' title='bbox 1681 4090 1810 4131; x_wconf 86' lang='lat' dir='ltr'><strong>vero</strong></span> 
     </span>
    </p>
   </div>
   <div class='ocr_carea' id='block_1_60' title="bbox 230 4155 1810 4234">
    <p class='ocr_par' dir='ltr' id='par_1_60' title="bbox 230 4155 1810 4234">
     <span class='ocr_line' id='line_1_60' title="bbox 230 4155 1810 4234; baseline 0.008 -25"><span class='ocrx_word' id='word_1_438' title='bbox 230 4155 521 4227; x_wconf 83' lang='lat' dir='ltr'><strong>languidus</strong></span> <span class='ocrx_word' id='word_1_439' title='bbox 557 4168 643 4214; x_wconf 89' lang='lat' dir='ltr'><strong>est</strong></span> <span class='ocrx_word' id='word_1_440' title='bbox 680 4170 735 4216; x_wconf 88' lang='lat' dir='ltr'><strong>et</strong></span> <span class='ocrx_word' id='word_1_441' title='bbox 768 4162 1008 4219; x_wconf 84' lang='lat' dir='ltr'><strong>laborem</strong></span> <span class='ocrx_word' id='word_1_442' title='bbox 1047 4180 1270 4234; x_wconf 87' lang='lat' dir='ltr'><strong>operum</strong></span> <span class='ocrx_word' id='word_1_443' title='bbox 1309 4164 1666 4234; x_wconf 86' lang='lat' dir='ltr'><strong>corporalium</strong></span> <span class='ocrx_word' id='word_1_444' title='bbox 1692 4181 1810 4221; x_wconf 84' lang='lat' dir='ltr'><strong>sus-</strong></span> 
     </span>
    </p>
   </div>
   <div class='ocr_carea' id='block_1_61' title="bbox 233 4247 1810 4325">
    <p class='ocr_par' dir='ltr' id='par_1_61' title="bbox 233 4247 1810 4325">
     <span class='ocr_line' id='line_1_61' title="bbox 233 4247 1810 4325; baseline 0.008 -25"><span class='ocrx_word' id='word_1_445' title='bbox 233 4247 411 4304; x_wconf 87' lang='lat' dir='ltr'><strong>tinere</strong></span> <span class='ocrx_word' id='word_1_446' title='bbox 462 4264 569 4304; x_wconf 90' lang='lat' dir='ltr'><strong>non</strong></span> <span class='ocrx_word' id='word_1_447' title='bbox 621 4261 843 4321; x_wconf 90' lang='lat' dir='ltr'><strong>potest,</strong></span> <span class='ocrx_word' id='word_1_448' title='bbox 881 4255 1275 4311; x_wconf 89' lang='lat' dir='ltr'><strong>consulendum</strong></span> <span class='ocrx_word' id='word_1_449' title='bbox 1319 4265 1403 4312; x_wconf 89' lang='lat' dir='ltr'><strong>est</strong></span> <span class='ocrx_word' id='word_1_450' title='bbox 1439 4257 1545 4324; x_wconf 88' lang='lat' dir='ltr'><strong>illi,</strong></span> <span class='ocrx_word' id='word_1_451' title='bbox 1601 4265 1656 4311; x_wconf 89' lang='lat' dir='ltr'><strong>et</strong></span> <span class='ocrx_word' id='word_1_452' title='bbox 1692 4256 1810 4325; x_wconf 86' lang='lat' dir='ltr'><strong>ejus</strong></span> 
     </span>
    </p>
   </div>
   <div class='ocr_carea' id='block_1_62' title="bbox 230 4339 1810 4414">
    <p class='ocr_par' dir='ltr' id='par_1_62' title="bbox 230 4339 1810 4414">
     <span class='ocr_line' id='line_1_62' title="bbox 230 4339 1810 4414; baseline 0.005 -21"><span class='ocrx_word' id='word_1_453' title='bbox 230 4339 524 4396; x_wconf 81' lang='lat' dir='ltr'><strong>inﬁrmitas</strong></span> <span class='ocrx_word' id='word_1_454' title='bbox 554 4347 905 4414; x_wconf 90' lang='lat' dir='ltr'><strong>temperanda</strong></span> <span class='ocrx_word' id='word_1_455' title='bbox 929 4354 1013 4402; x_wconf 88' lang='lat' dir='ltr'><strong>est</strong></span> <span class='ocrx_word' id='word_1_456' title='bbox 1058 4346 1159 4413; x_wconf 88' lang='lat' dir='ltr'><strong>Qui</strong></span> <span class='ocrx_word' id='word_1_457' title='bbox 1181 4364 1313 4403; x_wconf 85' lang='lat' dir='ltr'><strong>vero</strong></span> <span class='ocrx_word' id='word_1_458' title='bbox 1335 4349 1452 4404; x_wconf 92' lang='lat' dir='ltr'><strong>sani</strong></span> <span class='ocrx_word' id='word_1_459' title='bbox 1480 4358 1605 4403; x_wconf 90' lang='lat' dir='ltr'><strong>sunt</strong></span> <span class='ocrx_word' id='word_1_460' title='bbox 1634 4357 1687 4404; x_wconf 90' lang='lat' dir='ltr'><strong>et</strong></span> <span class='ocrx_word' id='word_1_461' title='bbox 1713 4348 1810 4402; x_wconf 88' lang='lat' dir='ltr'><strong>fal-</strong></span> 
     </span>
    </p>
   </div>
   <div class='ocr_carea' id='block_1_63' title="bbox 229 4429 1808 4509">
    <p class='ocr_par' dir='ltr' id='par_1_63' title="bbox 229 4429 1808 4509">
     <span class='ocr_line' id='line_1_63' title="bbox 229 4429 1808 4509; baseline 0.007 -27"><span class='ocrx_word' id='word_1_462' title='bbox 229 4429 348 4484; x_wconf 84' lang='lat' dir='ltr'><strong>lunt</strong></span> <span class='ocrx_word' id='word_1_463' title='bbox 367 4471 383 4495; x_wconf 92' lang='lat'><strong>,</strong></span> <span class='ocrx_word' id='word_1_464' title='bbox 417 4433 604 4500; x_wconf 86' lang='lat' dir='ltr'><strong>procul</strong></span> <span class='ocrx_word' id='word_1_465' title='bbox 633 4435 796 4490; x_wconf 87' lang='lat' dir='ltr'><strong>dubio</strong></span> <span class='ocrx_word' id='word_1_466' title='bbox 825 4437 1039 4492; x_wconf 88' lang='lat' dir='ltr'><strong>dolendi</strong></span> <span class='ocrx_word' id='word_1_467' title='bbox 1066 4447 1229 4508; x_wconf 88' lang='lat' dir='ltr'><strong>atque</strong></span> <span class='ocrx_word' id='word_1_468' title='bbox 1256 4439 1472 4509; x_wconf 84' lang='lat' dir='ltr'><strong>lugendi</strong></span> <span class='ocrx_word' id='word_1_469' title='bbox 1496 4447 1652 4504; x_wconf 89' lang='lat' dir='ltr'><strong>sunt,</strong></span> <span class='ocrx_word' id='word_1_470' title='bbox 1684 4441 1808 4508; x_wconf 85' lang='lat' dir='ltr'><strong>quia</strong></span> 
     </span>
    </p>
   </div>
   <div class='ocr_carea' id='block_1_64' title="bbox 1915 1885 3505 1968">
    <p class='ocr_par' dir='ltr' id='par_1_64' title="bbox 1915 1885 3505 1968">
     <span class='ocr_line' id='line_1_64' title="bbox 1915 1885 3505 1968; baseline 0.011 -31"><span class='ocrx_word' id='word_1_471' title='bbox 1915 1885 2066 1939; x_wconf 91' lang='lat' dir='ltr'><strong>vocis</strong></span> <span class='ocrx_word' id='word_1_472' title='bbox 2095 1885 2299 1955; x_wconf 87' lang='lat' dir='ltr'><strong>aliquid</strong></span> <span class='ocrx_word' id='word_1_473' title='bbox 2326 1889 2598 1943; x_wconf 86' lang='lat' dir='ltr'><strong>meditari.</strong></span> <span class='ocrx_word' id='word_1_474' title='bbox 2630 1890 2973 1963; x_wconf 73' lang='lat' dir='ltr'><strong>Qumcunque</strong></span> <span class='ocrx_word' id='word_1_475' title='bbox 3000 1904 3179 1951; x_wconf 84' lang='lat' dir='ltr'><strong>autem</strong></span> <span class='ocrx_word' id='word_1_476' title='bbox 3207 1907 3505 1968; x_wconf 85' lang='lat' dir='ltr'><strong>operantur</strong></span> 
     </span>
    </p>
   </div>
   <div class='ocr_carea' id='block_1_65' title="bbox 1919 1978 3493 2061">
    <p class='ocr_par' dir='ltr' id='par_1_65' title="bbox 1919 1978 3493 2061">
     <span class='ocr_line' id='line_1_65' title="bbox 1919 1978 3493 2061; baseline 0.011 -31"><span class='ocrx_word' id='word_1_477' title='bbox 1919 1978 2170 2033; x_wconf 79' lang='lat' dir='ltr'><strong>monachi</strong></span> <span class='ocrx_word' id='word_1_478' title='bbox 2204 1981 2456 2036; x_wconf 79' lang='lat' dir='ltr'><strong>manibus</strong></span> <span class='ocrx_word' id='word_1_479' title='bbox 2487 1983 2633 2050; x_wconf 92' lang='lat' dir='ltr'><strong>suis,</strong></span> <span class='ocrx_word' id='word_1_480' title='bbox 2663 1986 2955 2054; x_wconf 65' lang='lat' dir='ltr'><strong>praeposito</strong></span> <span class='ocrx_word' id='word_1_481' title='bbox 2983 1986 3262 2056; x_wconf 88' lang='lat' dir='ltr'><strong>deferant,</strong></span> <span class='ocrx_word' id='word_1_482' title='bbox 3295 2005 3493 2061; x_wconf 63' lang='lat' dir='ltr'><strong>priapo</strong></span> 
     </span>
    </p>
   </div>
   <div class='ocr_carea' id='block_1_66' title="bbox 1915 2069 3502 2152">
    <p class='ocr_par' dir='ltr' id='par_1_66' title="bbox 1915 2069 3502 2152">
     <span class='ocr_line' id='line_1_66' title="bbox 1915 2069 3502 2152; baseline 0.009 -30"><span class='ocrx_word' id='word_1_483' title='bbox 1915 2069 2053 2123; x_wconf 84' lang='lat' dir='ltr'><strong>situs</strong></span> <span class='ocrx_word' id='word_1_484' title='bbox 2080 2079 2261 2124; x_wconf 85' lang='lat' dir='ltr'><strong>autem</strong></span> <span class='ocrx_word' id='word_1_485' title='bbox 2292 2072 2522 2143; x_wconf 87' lang='lat' dir='ltr'><strong>principi</strong></span> <span class='ocrx_word' id='word_1_486' title='bbox 2566 2075 2957 2130; x_wconf 84' lang='lat' dir='ltr'><strong>monachorum</strong></span> <span class='ocrx_word' id='word_1_487' title='bbox 2989 2097 3002 2131; x_wconf 90' lang='lat'><strong>:</strong></span> <span class='ocrx_word' id='word_1_488' title='bbox 3040 2079 3290 2150; x_wconf 82' lang='lat' dir='ltr'><strong>nihilque</strong></span> <span class='ocrx_word' id='word_1_489' title='bbox 3319 2083 3502 2152; x_wconf 83' lang='lat' dir='ltr'><strong>operis</strong></span> 
     </span>
    </p>
   </div>
   <div class='ocr_carea' id='block_1_67' title="bbox 1917 2159 3499 2242">
    <p class='ocr_par' dir='ltr' id='par_1_67' title="bbox 1917 2159 3499 2242">
     <span class='ocr_line' id='line_1_67' title="bbox 1917 2159 3499 2242; baseline 0.012 -32"><span class='ocrx_word' id='word_1_490' title='bbox 1917 2159 2057 2227; x_wconf 89' lang='lat' dir='ltr'><strong>apud</strong></span> <span class='ocrx_word' id='word_1_491' title='bbox 2089 2159 2291 2217; x_wconf 86' lang='lat' dir='ltr'><strong>fratres</strong></span> <span class='ocrx_word' id='word_1_492' title='bbox 2325 2174 2635 2230; x_wconf 87' lang='lat' dir='ltr'><strong>remaneat,</strong></span> <span class='ocrx_word' id='word_1_493' title='bbox 2677 2181 2743 2221; x_wconf 90' lang='lat' dir='ltr'><strong>ne</strong></span> <span class='ocrx_word' id='word_1_494' title='bbox 2785 2166 3185 2226; x_wconf 78' lang='lat' dir='ltr'><strong>sollicitudinis</strong></span> <span class='ocrx_word' id='word_1_495' title='bbox 3212 2170 3357 2242; x_wconf 59' lang='grc' dir='ltr'><strong>υἱιιέ</strong></span> <span class='ocrx_word' id='word_1_496' title='bbox 3370 2189 3499 2229; x_wconf 85' lang='lat' dir='ltr'><strong>cura</strong></span> 
     </span>
    </p>
   </div>
   <div class='ocr_carea' id='block_1_68' title="bbox 1917 2253 3505 2329">
    <p class='ocr_par' dir='ltr' id='par_1_68' title="bbox 1917 2253 3505 2329">
     <span class='ocr_line' id='line_1_68' title="bbox 1917 2253 3505 2329; baseline 0.01 -25"><span class='ocrx_word' id='word_1_497' title='bbox 1917 2260 2155 2307; x_wconf 88' lang='lat' dir='ltr'><strong>mentem</strong></span> <span class='ocrx_word' id='word_1_498' title='bbox 2182 2253 2249 2308; x_wconf 90' lang='lat' dir='ltr'><strong>ab</strong></span> <span class='ocrx_word' id='word_1_499' title='bbox 2279 2255 2578 2312; x_wconf 91' lang='lat' dir='ltr'><strong>intentione</strong></span> <span class='ocrx_word' id='word_1_500' title='bbox 2603 2259 3076 2329; x_wconf 87' lang='lat' dir='ltr'><strong>contemplationis</strong></span> <span class='ocrx_word' id='word_1_501' title='bbox 3102 2271 3331 2318; x_wconf 79' lang='lat' dir='ltr'><strong>avertat.</strong></span> <span class='ocrx_word' id='word_1_502' title='bbox 3363 2264 3505 2320; x_wconf 66' lang='lat' dir='ltr'><strong>lion-</strong></span> 
     </span>
    </p>
   </div>
   <div class='ocr_carea' id='block_1_69' title="bbox 1918 2341 3510 2422">
    <p class='ocr_par' dir='ltr' id='par_1_69' title="bbox 1918 2341 3510 2422">
     <span class='ocr_line' id='line_1_69' title="bbox 1918 2341 3510 2422; baseline 0.012 -29"><span class='ocrx_word' id='word_1_503' title='bbox 1918 2348 2003 2395; x_wconf 91' lang='lat' dir='ltr'><strong>tos</strong></span> <span class='ocrx_word' id='word_1_504' title='bbox 2029 2341 2238 2396; x_wconf 90' lang='lat' dir='ltr'><strong>olerum</strong></span> <span class='ocrx_word' id='word_1_505' title='bbox 2269 2344 2353 2399; x_wconf 89' lang='lat' dir='ltr'><strong>vel</strong></span> <span class='ocrx_word' id='word_1_506' title='bbox 2382 2356 2674 2416; x_wconf 84' lang='lat' dir='ltr'><strong>apparatus</strong></span> <span class='ocrx_word' id='word_1_507' title='bbox 2704 2349 2951 2404; x_wconf 88' lang='lat' dir='ltr'><strong>ciborum</strong></span> <span class='ocrx_word' id='word_1_508' title='bbox 2980 2353 3216 2422; x_wconf 87' lang='lat' dir='ltr'><strong>propriis</strong></span> <span class='ocrx_word' id='word_1_509' title='bbox 3248 2355 3350 2410; x_wconf 87' lang='lat' dir='ltr'><strong>sibi</strong></span> <span class='ocrx_word' id='word_1_510' title='bbox 3385 2370 3510 2411; x_wconf 78' lang='lat' dir='ltr'><strong>ma-</strong></span> 
     </span>
    </p>
   </div>
   <div class='ocr_carea' id='block_1_70' title="bbox 1919 2431 3497 2505">
    <p class='ocr_par' dir='ltr' id='par_1_70' title="bbox 1919 2431 3497 2505">
     <span class='ocr_line' id='line_1_70' title="bbox 1919 2431 3497 2505; baseline 0.011 -21"><span class='ocrx_word' id='word_1_511' title='bbox 1919 2431 2077 2486; x_wconf 90' lang='lat' dir='ltr'><strong>nibus</strong></span> <span class='ocrx_word' id='word_1_512' title='bbox 2126 2431 2325 2489; x_wconf 88' lang='lat' dir='ltr'><strong>fratres</strong></span> <span class='ocrx_word' id='word_1_513' title='bbox 2367 2448 2702 2505; x_wconf 75' lang='lat' dir='ltr'><strong>exerceant;</strong></span> <span class='ocrx_word' id='word_1_514' title='bbox 2742 2441 3095 2498; x_wconf 67' lang='lat' dir='ltr'><strong>aedificiorum</strong></span> <span class='ocrx_word' id='word_1_515' title='bbox 3138 2455 3319 2500; x_wconf 90' lang='lat' dir='ltr'><strong>autem</strong></span> <span class='ocrx_word' id='word_1_516' title='bbox 3363 2462 3497 2501; x_wconf 86' lang='lat' dir='ltr'><strong>con-</strong></span> 
     </span>
    </p>
   </div>
   <div class='ocr_carea' id='block_1_71' title="bbox 1915 2524 3526 2604">
    <p class='ocr_par' dir='ltr' id='par_1_71' title="bbox 1915 2524 3526 2604">
     <span class='ocr_line' id='line_1_71' title="bbox 1915 2524 3526 2604; baseline 0.01 -28"><span class='ocrx_word' id='word_1_517' title='bbox 1915 2524 2184 2589; x_wconf 87' lang='lat' dir='ltr'><strong>structio,</strong></span> <span class='ocrx_word' id='word_1_518' title='bbox 2234 2526 2319 2580; x_wconf 87' lang='lat' dir='ltr'><strong>vel</strong></span> <span class='ocrx_word' id='word_1_519' title='bbox 2362 2528 2539 2583; x_wconf 92' lang='lat' dir='ltr'><strong>cultus</strong></span> <span class='ocrx_word' id='word_1_520' title='bbox 2586 2545 2876 2601; x_wconf 83' lang='lat' dir='ltr'><strong>agrorum,</strong></span> <span class='ocrx_word' id='word_1_521' title='bbox 2923 2533 2991 2588; x_wconf 80' lang='lat' dir='ltr'><strong>ad</strong></span> <span class='ocrx_word' id='word_1_522' title='bbox 3038 2550 3173 2604; x_wconf 87' lang='lat' dir='ltr'><strong>opus</strong></span> <span class='ocrx_word' id='word_1_523' title='bbox 3219 2552 3526 2592; x_wconf 65' lang='lat' dir='ltr'><strong>servorum:</strong></span> 
     </span>
    </p>
   </div>
   <div class='ocr_carea' id='block_1_72' title="bbox 1915 2614 3500 2696">
    <p class='ocr_par' dir='ltr' id='par_1_72' title="bbox 1915 2614 3500 2696">
     <span class='ocr_line' id='line_1_72' title="bbox 1915 2614 3500 2696; baseline 0.009 -28"><span class='ocrx_word' id='word_1_524' title='bbox 1915 2614 2288 2681; x_wconf 89' lang='lat' dir='ltr'><strong>pertinebunt.</strong></span> <span class='ocrx_word' id='word_1_525' title='bbox 2324 2616 2514 2673; x_wconf 86' lang='lat' dir='ltr'><strong>Nullus</strong></span> <span class='ocrx_word' id='word_1_526' title='bbox 2547 2622 2847 2678; x_wconf 89' lang='lat' dir='ltr'><strong>monachus</strong></span> <span class='ocrx_word' id='word_1_527' title='bbox 2876 2638 3061 2678; x_wconf 87' lang='lat' dir='ltr'><strong>amore</strong></span> <span class='ocrx_word' id='word_1_528' title='bbox 3091 2626 3285 2693; x_wconf 71' lang='lat' dir='ltr'><strong>privati</strong></span> <span class='ocrx_word' id='word_1_529' title='bbox 3318 2628 3500 2696; x_wconf 64' lang='lat' dir='ltr'><strong>operis</strong></span> 
     </span>
    </p>
   </div>
   <div class='ocr_carea' id='block_1_73' title="bbox 1916 2702 3497 2775">
    <p class='ocr_par' dir='ltr' id='par_1_73' title="bbox 1916 2702 3497 2775">
     <span class='ocr_line' id='line_1_73' title="bbox 1916 2702 3497 2775; baseline 0.011 -18"><span class='ocrx_word' id='word_1_530' title='bbox 1916 2702 2175 2774; x_wconf 86' lang='lat' dir='ltr'><strong>illigetur,</strong></span> <span class='ocrx_word' id='word_1_531' title='bbox 2207 2707 2301 2761; x_wconf 86' lang='lat' dir='ltr'><strong>sed</strong></span> <span class='ocrx_word' id='word_1_532' title='bbox 2345 2722 2536 2764; x_wconf 91' lang='lat' dir='ltr'><strong>omnes</strong></span> <span class='ocrx_word' id='word_1_533' title='bbox 2578 2709 2631 2763; x_wconf 90' lang='lat' dir='ltr'><strong>in</strong></span> <span class='ocrx_word' id='word_1_534' title='bbox 2671 2726 2961 2768; x_wconf 89' lang='lat' dir='ltr'><strong>commune</strong></span> <span class='ocrx_word' id='word_1_535' title='bbox 3000 2714 3309 2772; x_wconf 85' lang='lat' dir='ltr'><strong>laborantes</strong></span> <span class='ocrx_word' id='word_1_536' title='bbox 3347 2717 3497 2775; x_wconf 75' lang='lat' dir='ltr'><strong>Patni</strong></span> 
     </span>
    </p>
   </div>
   <div class='ocr_carea' id='block_1_74' title="bbox 1915 2793 3499 2877">
    <p class='ocr_par' dir='ltr' id='par_1_74' title="bbox 1915 2793 3499 2877">
     <span class='ocr_line' id='line_1_74' title="bbox 1915 2793 3499 2877; baseline 0.01 -31"><span class='ocrx_word' id='word_1_537' title='bbox 1915 2793 2035 2849; x_wconf 92' lang='lat' dir='ltr'><strong>sine</strong></span> <span class='ocrx_word' id='word_1_538' title='bbox 2058 2795 2558 2853; x_wconf 84' lang='lat' dir='ltr'><strong>obmurmuratienc</strong></span> <span class='ocrx_word' id='word_1_539' title='bbox 2584 2800 3056 2872; x_wconf 76' lang='lat' dir='ltr'><strong>obtemperabunt.</strong></span> <span class='ocrx_word' id='word_1_540' title='bbox 3085 2804 3329 2860; x_wconf 81' lang='lat' dir='ltr'><strong>Monacbi</strong></span> <span class='ocrx_word' id='word_1_541' title='bbox 3358 2821 3499 2877; x_wconf 65' lang='lat' dir='ltr'><strong>prte-</strong></span> 
     </span>
    </p>
   </div>
   <div class='ocr_carea' id='block_1_75' title="bbox 1914 2886 3497 2966">
    <p class='ocr_par' dir='ltr' id='par_1_75' title="bbox 1914 2886 3497 2966">
     <span class='ocr_line' id='line_1_75' title="bbox 1914 2886 3497 2966; baseline 0.009 -28"><span class='ocrx_word' id='word_1_542' title='bbox 1914 2886 2110 2954; x_wconf 88' lang='lat' dir='ltr'><strong>positis</strong></span> <span class='ocrx_word' id='word_1_543' title='bbox 2159 2888 2272 2942; x_wconf 89' lang='lat' dir='ltr'><strong>suis</strong></span> <span class='ocrx_word' id='word_1_544' title='bbox 2324 2889 2442 2944; x_wconf 88' lang='lat' dir='ltr'><strong>sine</strong></span> <span class='ocrx_word' id='word_1_545' title='bbox 2488 2890 2596 2945; x_wconf 90' lang='lat' dir='ltr'><strong>ulla</strong></span> <span class='ocrx_word' id='word_1_546' title='bbox 2648 2895 3076 2951; x_wconf 86' lang='lat' dir='ltr'><strong>murmuratione</strong></span> <span class='ocrx_word' id='word_1_547' title='bbox 3121 2897 3497 2966; x_wconf 72' lang='lat' dir='ltr'><strong>obtemperare</strong></span> 
     </span>
    </p>
   </div>
   <div class='ocr_carea' id='block_1_76' title="bbox 1917 2972 3492 3057">
    <p class='ocr_par' dir='ltr' id='par_1_76' title="bbox 1917 2972 3492 3057">
     <span class='ocr_line' id='line_1_76' title="bbox 1917 2972 3492 3057; baseline 0.011 -31"><span class='ocrx_word' id='word_1_548' title='bbox 1917 2972 2150 3040; x_wconf 88' lang='lat' dir='ltr'><strong>debent,</strong></span> <span class='ocrx_word' id='word_1_549' title='bbox 2182 2991 2251 3030; x_wconf 86' lang='lat' dir='ltr'><strong>ne</strong></span> <span class='ocrx_word' id='word_1_550' title='bbox 2281 2975 2420 3032; x_wconf 89' lang='lat' dir='ltr'><strong>forte</strong></span> <span class='ocrx_word' id='word_1_551' title='bbox 2465 2982 2857 3038; x_wconf 89' lang='lat' dir='ltr'><strong>murmurando</strong></span> <span class='ocrx_word' id='word_1_552' title='bbox 2894 2994 3152 3053; x_wconf 87' lang='lat' dir='ltr'><strong>pereant,</strong></span> <span class='ocrx_word' id='word_1_553' title='bbox 3196 2986 3357 3047; x_wconf 61' lang='lat' dir='ltr'><strong>sicuti,</strong></span> <span class='ocrx_word' id='word_1_554' title='bbox 3393 3002 3492 3057; x_wconf 81' lang='lat' dir='ltr'><strong>pe-</strong></span> 
     </span>
    </p>
   </div>
   <div class='ocr_carea' id='block_1_77' title="bbox 1920 3063 3496 3136">
    <p class='ocr_par' dir='ltr' id='par_1_77' title="bbox 1920 3063 3496 3136">
     <span class='ocr_line' id='line_1_77' title="bbox 1920 3063 3496 3136; baseline 0.01 -20"><span class='ocrx_word' id='word_1_555' title='bbox 1920 3063 2129 3120; x_wconf 81' lang='lat' dir='ltr'><strong>rierunt</strong></span> <span class='ocrx_word' id='word_1_556' title='bbox 2177 3069 2267 3136; x_wconf 91' lang='lat' dir='ltr'><strong>qui</strong></span> <span class='ocrx_word' id='word_1_557' title='bbox 2315 3068 2369 3122; x_wconf 91' lang='lat' dir='ltr'><strong>in</strong></span> <span class='ocrx_word' id='word_1_558' title='bbox 2419 3069 2634 3126; x_wconf 90' lang='lat' dir='ltr'><strong>deserto</strong></span> <span class='ocrx_word' id='word_1_559' title='bbox 2683 3088 3183 3131; x_wconf 86' lang='lat' dir='ltr'><strong>murmuraverunt.</strong></span> <span class='ocrx_word' id='word_1_560' title='bbox 3240 3075 3297 3132; x_wconf 91' lang='lat' dir='ltr'><strong>Si</strong></span> <span class='ocrx_word' id='word_1_561' title='bbox 3349 3079 3496 3136; x_wconf 83' lang='lat' dir='ltr'><strong>enim</strong></span> 
     </span>
    </p>
   </div>
   <div class='ocr_carea' id='block_1_78' title="bbox 1916 3154 3494 3235">
    <p class='ocr_par' dir='ltr' id='par_1_78' title="bbox 1916 3154 3494 3235">
     <span class='ocr_line' id='line_1_78' title="bbox 1916 3154 3494 3235; baseline 0.01 -29"><span class='ocrx_word' id='word_1_562' title='bbox 1916 3154 2157 3223; x_wconf 74' lang='lat' dir='ltr'><strong>parvulis</strong></span> <span class='ocrx_word' id='word_1_563' title='bbox 2201 3156 2379 3211; x_wconf 87' lang='lat' dir='ltr'><strong>adhuc</strong></span> <span class='ocrx_word' id='word_1_564' title='bbox 2423 3157 2477 3212; x_wconf 90' lang='lat' dir='ltr'><strong>in</strong></span> <span class='ocrx_word' id='word_1_565' title='bbox 2521 3159 2639 3230; x_wconf 86' lang='lat' dir='ltr'><strong>lege</strong></span> <span class='ocrx_word' id='word_1_566' title='bbox 2683 3170 2736 3217; x_wconf 86' lang='lat' dir='ltr'><strong>et</strong></span> <span class='ocrx_word' id='word_1_567' title='bbox 2776 3164 3002 3219; x_wconf 85' lang='lat' dir='ltr'><strong>rudibus</strong></span> <span class='ocrx_word' id='word_1_568' title='bbox 3043 3180 3383 3235; x_wconf 84' lang='lat' dir='ltr'><strong>nequaquam</strong></span> <span class='ocrx_word' id='word_1_569' title='bbox 3418 3167 3494 3225; x_wconf 83' lang='lat' dir='ltr'><strong>in-</strong></span> 
     </span>
    </p>
   </div>
   <div class='ocr_carea' id='block_1_79' title="bbox 1916 3244 3515 3326">
    <p class='ocr_par' dir='ltr' id='par_1_79' title="bbox 1916 3244 3515 3326">
     <span class='ocr_line' id='line_1_79' title="bbox 1916 3244 3515 3326; baseline 0.007 -27"><span class='ocrx_word' id='word_1_570' title='bbox 1916 3244 2125 3299; x_wconf 90' lang='lat' dir='ltr'><strong>dultum</strong></span> <span class='ocrx_word' id='word_1_571' title='bbox 2156 3254 2240 3301; x_wconf 90' lang='lat' dir='ltr'><strong>est</strong></span> <span class='ocrx_word' id='word_1_572' title='bbox 2261 3288 2275 3312; x_wconf 97' lang='lat'><strong>,</strong></span> <span class='ocrx_word' id='word_1_573' title='bbox 2307 3258 2512 3317; x_wconf 86' lang='lat' dir='ltr'><strong>quanto</strong></span> <span class='ocrx_word' id='word_1_574' title='bbox 2540 3244 2714 3322; x_wconf 78' lang='lat' dir='ltr'><strong>magis</strong></span> <span class='ocrx_word' id='word_1_575' title='bbox 2740 3253 2806 3308; x_wconf 91' lang='lat' dir='ltr'><strong>iis</strong></span> <span class='ocrx_word' id='word_1_576' title='bbox 2828 3254 2918 3323; x_wconf 91' lang='lat' dir='ltr'><strong>qui</strong></span> <span class='ocrx_word' id='word_1_577' title='bbox 2945 3253 3295 3324; x_wconf 83' lang='lat' dir='ltr'><strong>perfectionis</strong></span> <span class='ocrx_word' id='word_1_578' title='bbox 3318 3254 3515 3326; x_wconf 69' lang='lat' dir='ltr'><strong>legem.</strong></span> 
     </span>
    </p>
   </div>
   <div class='ocr_carea' id='block_1_80' title="bbox 1912 3336 3280 3416">
    <p class='ocr_par' dir='ltr' id='par_1_80' title="bbox 1912 3336 3280 3416">
     <span class='ocr_line' id='line_1_80' title="bbox 1912 3336 3280 3416; baseline 0.006 -26"><span class='ocrx_word' id='word_1_579' title='bbox 1912 3346 2304 3408; x_wconf 90' lang='lat' dir='ltr'><strong>perceperunt,</strong></span> <span class='ocrx_word' id='word_1_580' title='bbox 2344 3355 2448 3395; x_wconf 85' lang='lat' dir='ltr'><strong>non</strong></span> <span class='ocrx_word' id='word_1_581' title='bbox 2479 3349 2700 3411; x_wconf 88' lang='lat' dir='ltr'><strong>parcet,</strong></span> <span class='ocrx_word' id='word_1_582' title='bbox 2730 3336 2779 3398; x_wconf 70' lang='lat' dir='ltr'><strong>&#39;si</strong></span> <span class='ocrx_word' id='word_1_583' title='bbox 2812 3345 2939 3400; x_wconf 88' lang='lat' dir='ltr'><strong>talia</strong></span> <span class='ocrx_word' id='word_1_584' title='bbox 2970 3345 3280 3416; x_wconf 76' lang='lat' dir='ltr'><strong>gesserint?</strong></span> 
     </span>
    </p>
   </div>
   <div class='ocr_carea' id='block_1_81' title="bbox 2510 3431 2965 3489">
    <p class='ocr_par' dir='ltr' id='par_1_81' title="bbox 2510 3431 2965 3489">
     <span class='ocr_line' id='line_1_81' title="bbox 2510 3431 2965 3489; baseline 0.004 -2"><span class='ocrx_word' id='word_1_585' title='bbox 2510 3431 2736 3488; x_wconf 80' lang='lat' dir='ltr'><strong>CAPUT</strong></span> <span class='ocrx_word' id='word_1_586' title='bbox 2782 3432 2888 3487; x_wconf 68' lang='grc' dir='ltr'>γιι,</span> <span class='ocrx_word' id='word_1_587' title='bbox 2922 3482 2927 3485; x_wconf 88' lang='grc'>.</span> <span class='ocrx_word' id='word_1_588' title='bbox 2956 3472 2965 3489; x_wconf 86' lang='grc'>.</span> 
     </span>
    </p>
   </div>
   <div class='ocr_carea' id='block_1_82' title="bbox 2405 3519 2994 3594">
    <p class='ocr_par' dir='ltr' id='par_1_82' title="bbox 2405 3519 2994 3594">
     <span class='ocr_line' id='line_1_82' title="bbox 2405 3519 2994 3594; baseline 0.005 -20"><span class='ocrx_word' id='word_1_589' title='bbox 2405 3519 2482 3574; x_wconf 85' lang='lat' dir='ltr'><strong>De</strong></span> <span class='ocrx_word' id='word_1_590' title='bbox 2515 3520 2776 3592; x_wconf 83' lang='lat' dir='ltr'><strong>psallendi</strong></span> <span class='ocrx_word' id='word_1_591' title='bbox 2807 3524 2994 3594; x_wconf 77' lang='lat' dir='ltr'><strong>o/Iicio.</strong></span> 
     </span>
    </p>
   </div>
   <div class='ocr_carea' id='block_1_83' title="bbox 1981 3604 3526 3676">
    <p class='ocr_par' dir='ltr' id='par_1_83' title="bbox 1981 3604 3526 3676">
     <span class='ocr_line' id='line_1_83' title="bbox 1981 3604 3526 3676; baseline 0.008 -17"><span class='ocrx_word' id='word_1_592' title='bbox 1981 3604 2039 3659; x_wconf 85' lang='lat' dir='ltr'><strong>In</strong></span> <span class='ocrx_word' id='word_1_593' title='bbox 2070 3607 2330 3676; x_wconf 85' lang='lat' dir='ltr'><strong>psallendi</strong></span> <span class='ocrx_word' id='word_1_594' title='bbox 2364 3617 2545 3663; x_wconf 89' lang='lat' dir='ltr'><strong>autem</strong></span> <span class='ocrx_word' id='word_1_595' title='bbox 2576 3608 2753 3665; x_wconf 89' lang='lat' dir='ltr'><strong>ollicio</strong></span> <span class='ocrx_word' id='word_1_596' title='bbox 2782 3610 2886 3666; x_wconf 84' lang='lat' dir='ltr'><strong>ista</strong></span> <span class='ocrx_word' id='word_1_597' title='bbox 2913 3612 3016 3667; x_wconf 86' lang='lat' dir='ltr'><strong>erit</strong></span> <span class='ocrx_word' id='word_1_598' title='bbox 3046 3611 3337 3667; x_wconf 85' lang='lat' dir='ltr'><strong>discretio:</strong></span> <span class='ocrx_word' id='word_1_599' title='bbox 3366 3612 3526 3672; x_wconf 61' lang='lat' dir='ltr'><strong>dato:</strong></span> 
     </span>
    </p>
   </div>
   <div class='ocr_carea' id='block_1_84' title="bbox 1909 3695 3492 3770">
    <p class='ocr_par' dir='ltr' id='par_1_84' title="bbox 1909 3695 3492 3770">
     <span class='ocr_line' id='line_1_84' title="bbox 1909 3695 3492 3770; baseline 0.006 -23"><span class='ocrx_word' id='word_1_600' title='bbox 1909 3695 2057 3748; x_wconf 86' lang='lat' dir='ltr'><strong>enim</strong></span> <span class='ocrx_word' id='word_1_601' title='bbox 2088 3696 2343 3766; x_wconf 81' lang='lat' dir='ltr'><strong>legitimis</strong></span> <span class='ocrx_word' id='word_1_602' title='bbox 2372 3699 2705 3769; x_wconf 90' lang='lat' dir='ltr'><strong>temporibus</strong></span> <span class='ocrx_word' id='word_1_603' title='bbox 2735 3700 2887 3770; x_wconf 85' lang='lat' dir='ltr'><strong>signo</strong></span> <span class='ocrx_word' id='word_1_604' title='bbox 2919 3701 2985 3755; x_wconf 86' lang='lat' dir='ltr'><strong>ad</strong></span> <span class='ocrx_word' id='word_1_605' title='bbox 3015 3702 3179 3755; x_wconf 84' lang='lat' dir='ltr'><strong>horas</strong></span> <span class='ocrx_word' id='word_1_606' title='bbox 3203 3702 3492 3760; x_wconf 72' lang='lat' dir='ltr'><strong>canonicos</strong></span> 
     </span>
    </p>
   </div>
   <div class='ocr_carea' id='block_1_85' title="bbox 1910 3784 3490 3861">
    <p class='ocr_par' dir='ltr' id='par_1_85' title="bbox 1910 3784 3490 3861">
     <span class='ocr_line' id='line_1_85' title="bbox 1910 3784 3490 3861; baseline 0.007 -22"><span class='ocrx_word' id='word_1_607' title='bbox 1910 3784 2246 3841; x_wconf 81' lang='lat' dir='ltr'><strong>festinabant</strong></span> <span class='ocrx_word' id='word_1_608' title='bbox 2301 3787 2499 3844; x_wconf 88' lang='lat' dir='ltr'><strong>fratres</strong></span> <span class='ocrx_word' id='word_1_609' title='bbox 2547 3806 2669 3845; x_wconf 87' lang='lat' dir='ltr'><strong>cum</strong></span> <span class='ocrx_word' id='word_1_610' title='bbox 2718 3791 3100 3861; x_wconf 85' lang='lat' dir='ltr'><strong>properatione</strong></span> <span class='ocrx_word' id='word_1_611' title='bbox 3127 3832 3142 3856; x_wconf 89' lang='lat'><strong>,</strong></span> <span class='ocrx_word' id='word_1_612' title='bbox 3187 3808 3378 3848; x_wconf 87' lang='lat' dir='ltr'><strong>omnes</strong></span> <span class='ocrx_word' id='word_1_613' title='bbox 3421 3793 3490 3850; x_wconf 80' lang='lat' dir='ltr'><strong>ad</strong></span> 
     </span>
    </p>
   </div>
   <div class='ocr_carea' id='block_1_86' title="bbox 1910 3877 3488 3952">
    <p class='ocr_par' dir='ltr' id='par_1_86' title="bbox 1910 3877 3488 3952">
     <span class='ocr_line' id='line_1_86' title="bbox 1910 3877 3488 3952; baseline 0.004 -23"><span class='ocrx_word' id='word_1_614' title='bbox 1910 3877 2133 3931; x_wconf 85' lang='lat' dir='ltr'><strong>chorum</strong></span> <span class='ocrx_word' id='word_1_615' title='bbox 2164 3887 2499 3935; x_wconf 74' lang='lat' dir='ltr'><strong>occurrant:</strong></span> <span class='ocrx_word' id='word_1_616' title='bbox 2526 3879 2763 3950; x_wconf 87' lang='lat' dir='ltr'><strong>nullique</strong></span> <span class='ocrx_word' id='word_1_617' title='bbox 2795 3890 2919 3936; x_wconf 89' lang='lat' dir='ltr'><strong>ante</strong></span> <span class='ocrx_word' id='word_1_618' title='bbox 2948 3882 3223 3952; x_wconf 80' lang='lat' dir='ltr'><strong>expletum</strong></span> <span class='ocrx_word' id='word_1_619' title='bbox 3254 3882 3488 3938; x_wconf 87' lang='lat' dir='ltr'><strong>ollicium</strong></span> 
     </span>
    </p>
   </div>
   <div class='ocr_carea' id='block_1_87' title="bbox 1910 3964 3488 4040">
    <p class='ocr_par' dir='ltr' id='par_1_87' title="bbox 1910 3964 3488 4040">
     <span class='ocr_line' id='line_1_87' title="bbox 1910 3964 3488 4040; baseline 0.004 -21"><span class='ocrx_word' id='word_1_620' title='bbox 1910 3964 2095 4020; x_wconf 83' lang='lat' dir='ltr'><strong>licebit</strong></span> <span class='ocrx_word' id='word_1_621' title='bbox 2126 3967 2351 4038; x_wconf 78' lang='lat' dir='ltr'><strong>egredi,</strong></span> <span class='ocrx_word' id='word_1_622' title='bbox 2376 3977 2576 4037; x_wconf 71' lang='lat' dir='ltr'><strong>prmter</strong></span> <span class='ocrx_word' id='word_1_623' title='bbox 2603 3984 2725 4025; x_wconf 90' lang='lat' dir='ltr'><strong>cum</strong></span> <span class='ocrx_word' id='word_1_624' title='bbox 2768 3985 2927 4040; x_wconf 87' lang='lat' dir='ltr'><strong>quem</strong></span> <span class='ocrx_word' id='word_1_625' title='bbox 2958 3972 3254 4026; x_wconf 85' lang='lat' dir='ltr'><strong>necessitas</strong></span> <span class='ocrx_word' id='word_1_626' title='bbox 3284 3981 3488 4026; x_wconf 69' lang='lat' dir='ltr'><strong>natum-</strong></span> 
     </span>
    </p>
   </div>
   <div class='ocr_carea' id='block_1_88' title="bbox 1910 4056 3490 4132">
    <p class='ocr_par' dir='ltr' id='par_1_88' title="bbox 1910 4056 3490 4132">
     <span class='ocr_line' id='line_1_88' title="bbox 1910 4056 3490 4132; baseline 0.003 -22"><span class='ocrx_word' id='word_1_627' title='bbox 1910 4056 2252 4125; x_wconf 78' lang='lat' dir='ltr'><strong>compulerit.</strong></span> <span class='ocrx_word' id='word_1_628' title='bbox 2316 4058 2689 4114; x_wconf 77' lang='lat' dir='ltr'><strong>Recitantibus</strong></span> <span class='ocrx_word' id='word_1_629' title='bbox 2747 4068 2929 4115; x_wconf 88' lang='lat' dir='ltr'><strong>autem</strong></span> <span class='ocrx_word' id='word_1_630' title='bbox 2987 4061 3312 4126; x_wconf 86' lang='lat' dir='ltr'><strong>monachis,</strong></span> <span class='ocrx_word' id='word_1_631' title='bbox 3367 4070 3490 4132; x_wconf 75' lang='lat' dir='ltr'><strong>post</strong></span> 
     </span>
    </p>
   </div>
   <div class='ocr_carea' id='block_1_89' title="bbox 1910 4151 3509 4224">
    <p class='ocr_par' dir='ltr' id='par_1_89' title="bbox 1910 4151 3509 4224">
     <span class='ocr_line' id='line_1_89' title="bbox 1910 4151 3509 4224; baseline 0.006 -24"><span class='ocrx_word' id='word_1_632' title='bbox 1910 4151 2436 4204; x_wconf 83' lang='lat' dir='ltr'><strong>consummationem</strong></span> <span class='ocrx_word' id='word_1_633' title='bbox 2476 4151 2812 4223; x_wconf 86' lang='lat' dir='ltr'><strong>singulorum</strong></span> <span class='ocrx_word' id='word_1_634' title='bbox 2851 4153 3180 4222; x_wconf 88' lang='lat' dir='ltr'><strong>psalmorum</strong></span> <span class='ocrx_word' id='word_1_635' title='bbox 3223 4156 3509 4224; x_wconf 82' lang='lat' dir='ltr'><strong>prostrati.</strong></span> 
     </span>
    </p>
   </div>
   <div class='ocr_carea' id='block_1_90' title="bbox 1910 4245 3493 4317">
    <p class='ocr_par' dir='ltr' id='par_1_90' title="bbox 1910 4245 3493 4317">
     <span class='ocr_line' id='line_1_90' title="bbox 1910 4245 3493 4317; baseline 0.002 -20"><span class='ocrx_word' id='word_1_636' title='bbox 1910 4259 2100 4299; x_wconf 86' lang='lat' dir='ltr'><strong>omnes</strong></span> <span class='ocrx_word' id='word_1_637' title='bbox 2142 4245 2323 4313; x_wconf 85' lang='lat' dir='ltr'><strong>humi,</strong></span> <span class='ocrx_word' id='word_1_638' title='bbox 2355 4246 2560 4317; x_wconf 85' lang='lat' dir='ltr'><strong>pariter</strong></span> <span class='ocrx_word' id='word_1_639' title='bbox 2601 4246 2930 4311; x_wconf 65' lang='lat' dir='ltr'><strong>adorabunt,</strong></span> <span class='ocrx_word' id='word_1_640' title='bbox 2974 4247 3329 4316; x_wconf 86' lang='lat' dir='ltr'><strong>celeriterque</strong></span> <span class='ocrx_word' id='word_1_641' title='bbox 3371 4262 3493 4302; x_wconf 52' lang='lat' dir='ltr'><strong>sur:</strong></span> 
     </span>
    </p>
   </div>
   <div class='ocr_carea' id='block_1_91' title="bbox 1912 4335 3489 4406">
    <p class='ocr_par' dir='ltr' id='par_1_91' title="bbox 1912 4335 3489 4406">
     <span class='ocr_line' id='line_1_91' title="bbox 1912 4335 3489 4406; baseline 0.001 -18"><span class='ocrx_word' id='word_1_642' title='bbox 1912 4344 2099 4403; x_wconf 84' lang='lat' dir='ltr'><strong>gentes</strong></span> <span class='ocrx_word' id='word_1_643' title='bbox 2137 4335 2377 4405; x_wconf 85' lang='lat' dir='ltr'><strong>psalmos</strong></span> <span class='ocrx_word' id='word_1_644' title='bbox 2409 4346 2697 4404; x_wconf 89' lang='lat' dir='ltr'><strong>sequentes</strong></span> <span class='ocrx_word' id='word_1_645' title='bbox 2727 4335 3013 4406; x_wconf 86' lang='lat' dir='ltr'><strong>incipient,</strong></span> <span class='ocrx_word' id='word_1_646' title='bbox 3046 4336 3344 4403; x_wconf 88' lang='lat' dir='ltr'><strong>eodemque</strong></span> <span class='ocrx_word' id='word_1_647' title='bbox 3375 4352 3489 4389; x_wconf 78' lang='lat' dir='ltr'><strong>mo-</strong></span> 
     </span>
    </p>
   </div>
   <div class='ocr_carea' id='block_1_92' title="bbox 1912 4423 3486 4495">
    <p class='ocr_par' dir='ltr' id='par_1_92' title="bbox 1912 4423 3486 4495">
     <span class='ocr_line' id='line_1_92' title="bbox 1912 4423 3486 4495; baseline 0 -16"><span class='ocrx_word' id='word_1_648' title='bbox 1912 4425 1981 4479; x_wconf 89' lang='lat' dir='ltr'><strong>do</strong></span> <span class='ocrx_word' id='word_1_649' title='bbox 2029 4441 2128 4495; x_wconf 86' lang='lat' dir='ltr'><strong>per</strong></span> <span class='ocrx_word' id='word_1_650' title='bbox 2155 4426 2365 4494; x_wconf 85' lang='lat' dir='ltr'><strong>singula</strong></span> <span class='ocrx_word' id='word_1_651' title='bbox 2396 4423 2568 4479; x_wconf 88' lang='lat' dir='ltr'><strong>ollicia</strong></span> <span class='ocrx_word' id='word_1_652' title='bbox 2609 4426 2830 4481; x_wconf 86' lang='lat' dir='ltr'><strong>facient.</strong></span> <span class='ocrx_word' id='word_1_653' title='bbox 2872 4426 3097 4493; x_wconf 75' lang='lat' dir='ltr'><strong>Quando</strong></span> <span class='ocrx_word' id='word_1_654' title='bbox 3138 4426 3486 4481; x_wconf 81' lang='lat' dir='ltr'><strong>celebrantur</strong></span> 
     </span>
    </p>
   </div>
   <div class='ocr_carea' id='block_1_93' title="bbox 231 4487 3488 4601">
    <p class='ocr_par' dir='ltr' id='par_1_93' title="bbox 231 4487 3488 4601">
     <span class='ocr_line' id='line_1_93' title="bbox 231 4487 3488 4601; baseline -0.002 -24"><span class='ocrx_word' id='word_1_655' title='bbox 231 4536 340 4575; x_wconf 75' lang='lat' dir='ltr'><strong>non</strong></span> <span class='ocrx_word' id='word_1_656' title='bbox 368 4487 652 4593; x_wconf 54' lang='lat' dir='ltr'><strong>corpore,</strong></span> <span class='ocrx_word' id='word_1_657' title='bbox 831 4487 1574 4601; x_wconf 37' lang='lat' dir='ltr'><strong>lquodpejiisvestvlmentc</strong></span> <span class='ocrx_word' id='word_1_658' title='bbox 1616 4487 1803 4601; x_wconf 61' lang='lat' dir='ltr'><strong>aegroti</strong></span> <span class='ocrx_word' id='word_1_659' title='bbox 1833 4487 1889 4548; x_wconf 69' lang='grc' dir='ltr'><strong>Β</strong></span> <span class='ocrx_word' id='word_1_660' title='bbox 1912 4514 2246 4581; x_wconf 82' lang='lat' dir='ltr'><strong>psalmorum</strong></span> <span class='ocrx_word' id='word_1_661' title='bbox 2263 4515 2527 4584; x_wconf 88' lang='lat' dir='ltr'><strong>spiritalia</strong></span> <span class='ocrx_word' id='word_1_662' title='bbox 2553 4524 2914 4581; x_wconf 84' lang='lat' dir='ltr'><strong>sacramenta,</strong></span> <span class='ocrx_word' id='word_1_663' title='bbox 2942 4514 3170 4587; x_wconf 84' lang='lat' dir='ltr'><strong>refugiat</strong></span> <span class='ocrx_word' id='word_1_664' title='bbox 3193 4516 3488 4571; x_wconf 87' lang='lat' dir='ltr'><strong>monachus</strong></span> 
     </span>
    </p>
   </div>
   <div class='ocr_carea' id='block_1_94' title="bbox 232 4616 1807 4691">
    <p class='ocr_par' dir='ltr' id='par_1_94' title="bbox 232 4616 1807 4691">
     <span class='ocr_line' id='line_1_94' title="bbox 232 4616 1807 4691; baseline 0.006 -23"><span class='ocrx_word' id='word_1_665' title='bbox 232 4623 353 4668; x_wconf 80' lang='lat' dir='ltr'><strong>sunt</strong></span> <span class='ocrx_word' id='word_1_666' title='bbox 382 4631 398 4680; x_wconf 91' lang='lat'><strong>;</strong></span> <span class='ocrx_word' id='word_1_667' title='bbox 432 4616 634 4686; x_wconf 88' lang='lat' dir='ltr'><strong>quique</strong></span> <span class='ocrx_word' id='word_1_668' title='bbox 661 4619 766 4673; x_wconf 89' lang='lat' dir='ltr'><strong>etsi</strong></span> <span class='ocrx_word' id='word_1_669' title='bbox 796 4620 1045 4676; x_wconf 88' lang='lat' dir='ltr'><strong>humanis</strong></span> <span class='ocrx_word' id='word_1_670' title='bbox 1074 4623 1246 4678; x_wconf 89' lang='lat' dir='ltr'><strong>oculis</strong></span> <span class='ocrx_word' id='word_1_671' title='bbox 1273 4622 1518 4678; x_wconf 85' lang='lat' dir='ltr'><strong>convinci</strong></span> <span class='ocrx_word' id='word_1_672' title='bbox 1548 4637 1655 4675; x_wconf 88' lang='lat' dir='ltr'><strong>non</strong></span> <span class='ocrx_word' id='word_1_673' title='bbox 1686 4637 1807 4691; x_wconf 88' lang='lat' dir='ltr'><strong>pos-</strong></span> 
     </span>
    </p>
   </div>
   <div class='ocr_carea' id='block_1_95' title="bbox 235 4706 1806 4782">
    <p class='ocr_par' dir='ltr' id='par_1_95' title="bbox 235 4706 1806 4782">
     <span class='ocr_line' id='line_1_95' title="bbox 235 4706 1806 4782; baseline 0.005 -24"><span class='ocrx_word' id='word_1_674' title='bbox 235 4714 356 4760; x_wconf 84' lang='lat' dir='ltr'><strong>sunt</strong></span> <span class='ocrx_word' id='word_1_675' title='bbox 378 4746 395 4770; x_wconf 93' lang='lat'><strong>,</strong></span> <span class='ocrx_word' id='word_1_676' title='bbox 430 4706 599 4760; x_wconf 87' lang='lat' dir='ltr'><strong>Deum</strong></span> <span class='ocrx_word' id='word_1_677' title='bbox 627 4716 807 4763; x_wconf 83' lang='lat' dir='ltr'><strong>tamen</strong></span> <span class='ocrx_word' id='word_1_678' title='bbox 840 4710 1010 4766; x_wconf 88' lang='lat' dir='ltr'><strong>latere</strong></span> <span class='ocrx_word' id='word_1_679' title='bbox 1032 4729 1141 4767; x_wconf 90' lang='lat' dir='ltr'><strong>non</strong></span> <span class='ocrx_word' id='word_1_680' title='bbox 1172 4720 1417 4782; x_wconf 91' lang='lat' dir='ltr'><strong>possunt.</strong></span> <span class='ocrx_word' id='word_1_681' title='bbox 1451 4711 1612 4766; x_wconf 89' lang='lat' dir='ltr'><strong>Tales</strong></span> <span class='ocrx_word' id='word_1_682' title='bbox 1642 4713 1806 4782; x_wconf 82' lang='lat' dir='ltr'><strong>igitur</strong></span> 
     </span>
    </p>
   </div>
   <div class='ocr_carea' id='block_1_96' title="bbox 234 4794 1807 4872">
    <p class='ocr_par' dir='ltr' id='par_1_96' title="bbox 234 4794 1807 4872">
     <span class='ocr_line' id='line_1_96' title="bbox 234 4794 1807 4872; baseline 0.006 -24"><span class='ocrx_word' id='word_1_683' title='bbox 234 4803 322 4848; x_wconf 88' lang='lat' dir='ltr'><strong>aut</strong></span> <span class='ocrx_word' id='word_1_684' title='bbox 359 4794 571 4851; x_wconf 90' lang='lat' dir='ltr'><strong>ferendi</strong></span> <span class='ocrx_word' id='word_1_685' title='bbox 622 4807 780 4863; x_wconf 90' lang='lat' dir='ltr'><strong>sunt,</strong></span> <span class='ocrx_word' id='word_1_686' title='bbox 827 4800 872 4853; x_wconf 91' lang='lat' dir='ltr'><strong>si</strong></span> <span class='ocrx_word' id='word_1_687' title='bbox 918 4803 1181 4872; x_wconf 65' lang='lat' dir='ltr'><strong>aegritudo</strong></span> <span class='ocrx_word' id='word_1_688' title='bbox 1228 4801 1398 4869; x_wconf 87' lang='lat' dir='ltr'><strong>latet;</strong></span> <span class='ocrx_word' id='word_1_689' title='bbox 1448 4812 1543 4858; x_wconf 89' lang='lat' dir='ltr'><strong>aut</strong></span> <span class='ocrx_word' id='word_1_690' title='bbox 1584 4803 1807 4859; x_wconf 81' lang='lat' dir='ltr'><strong>distrin—</strong></span> 
     </span>
    </p>
   </div>
   <div class='ocr_carea' id='block_1_97' title="bbox 233 4885 1803 4962">
    <p class='ocr_par' dir='ltr' id='par_1_97' title="bbox 233 4885 1803 4962">
     <span class='ocr_line' id='line_1_97' title="bbox 233 4885 1803 4962; baseline 0.008 -26"><span class='ocrx_word' id='word_1_691' title='bbox 233 4885 388 4952; x_wconf 69' lang='lat' dir='ltr'><strong>gendi</strong></span> <span class='ocrx_word' id='word_1_692' title='bbox 409 4925 425 4949; x_wconf 91' lang='lat'><strong>,</strong></span> <span class='ocrx_word' id='word_1_693' title='bbox 459 4885 506 4939; x_wconf 90' lang='lat' dir='ltr'><strong>si</strong></span> <span class='ocrx_word' id='word_1_694' title='bbox 538 4887 744 4942; x_wconf 89' lang='lat' dir='ltr'><strong>sanitas</strong></span> <span class='ocrx_word' id='word_1_695' title='bbox 779 4897 982 4959; x_wconf 88' lang='lat' dir='ltr'><strong>pateat.</strong></span> <span class='ocrx_word' id='word_1_696' title='bbox 1025 4891 1271 4947; x_wconf 86' lang='lat' dir='ltr'><strong>Monacbi</strong></span> <span class='ocrx_word' id='word_1_697' title='bbox 1308 4902 1594 4962; x_wconf 89' lang='lat' dir='ltr'><strong>operantcs</strong></span> <span class='ocrx_word' id='word_1_698' title='bbox 1632 4897 1803 4949; x_wconf 86' lang='lat' dir='ltr'><strong>medi-</strong></span> 
     </span>
    </p>
   </div>
   <div class='ocr_carea' id='block_1_98' title="bbox 236 4973 1806 5051">
    <p class='ocr_par' dir='ltr' id='par_1_98' title="bbox 236 4973 1806 5051">
     <span class='ocr_line' id='line_1_98' title="bbox 236 4973 1806 5051; baseline 0.008 -27"><span class='ocrx_word' id='word_1_699' title='bbox 236 4973 335 5025; x_wconf 90' lang='lat' dir='ltr'><strong>tari</strong></span> <span class='ocrx_word' id='word_1_700' title='bbox 384 4981 480 5027; x_wconf 90' lang='lat' dir='ltr'><strong>aut</strong></span> <span class='ocrx_word' id='word_1_701' title='bbox 509 4975 741 5045; x_wconf 89' lang='lat' dir='ltr'><strong>psallere</strong></span> <span class='ocrx_word' id='word_1_702' title='bbox 769 4976 1002 5045; x_wconf 89' lang='lat' dir='ltr'><strong>debent,</strong></span> <span class='ocrx_word' id='word_1_703' title='bbox 1034 4988 1093 5033; x_wconf 92' lang='lat' dir='ltr'><strong>ut</strong></span> <span class='ocrx_word' id='word_1_704' title='bbox 1129 4981 1384 5035; x_wconf 85' lang='lat' dir='ltr'><strong>carminis</strong></span> <span class='ocrx_word' id='word_1_705' title='bbox 1417 4983 1679 5051; x_wconf 89' lang='lat' dir='ltr'><strong>verbique</strong></span> <span class='ocrx_word' id='word_1_706' title='bbox 1710 4983 1806 5038; x_wconf 89' lang='lat' dir='ltr'><strong>Dei</strong></span> 
     </span>
    </p>
   </div>
   <div class='ocr_carea' id='block_1_99' title="bbox 235 5062 1807 5141">
    <p class='ocr_par' dir='ltr' id='par_1_99' title="bbox 235 5062 1807 5141">
     <span class='ocr_line' id='line_1_99' title="bbox 235 5062 1807 5141; baseline 0.006 -25"><span class='ocrx_word' id='word_1_707' title='bbox 235 5062 598 5122; x_wconf 86' lang='lat' dir='ltr'><strong>delectatione</strong></span> <span class='ocrx_word' id='word_1_708' title='bbox 630 5068 981 5124; x_wconf 90' lang='lat' dir='ltr'><strong>consolentur</strong></span> <span class='ocrx_word' id='word_1_709' title='bbox 1022 5071 1198 5141; x_wconf 90' lang='lat' dir='ltr'><strong>ipsum</strong></span> <span class='ocrx_word' id='word_1_710' title='bbox 1245 5072 1508 5127; x_wconf 87' lang='lat' dir='ltr'><strong>laborem.</strong></span> <span class='ocrx_word' id='word_1_711' title='bbox 1560 5072 1618 5127; x_wconf 90' lang='lat' dir='ltr'><strong>Si</strong></span> <span class='ocrx_word' id='word_1_712' title='bbox 1664 5073 1807 5128; x_wconf 88' lang='lat' dir='ltr'><strong>enim</strong></span> 
     </span>
    </p>
   </div>
   <div class='ocr_carea' id='block_1_100' title="bbox 234 5154 1811 5231">
    <p class='ocr_par' dir='ltr' id='par_1_100' title="bbox 234 5154 1811 5231">
     <span class='ocr_line' id='line_1_100' title="bbox 234 5154 1811 5231; baseline 0.005 -24"><span class='ocrx_word' id='word_1_713' title='bbox 234 5154 521 5209; x_wconf 69' lang='lat' dir='ltr'><strong>molares</strong></span> <span class='ocrx_word' id='word_1_714' title='bbox 548 5155 803 5226; x_wconf 82' lang='lat' dir='ltr'><strong>opifices,</strong></span> <span class='ocrx_word' id='word_1_715' title='bbox 845 5158 988 5213; x_wconf 90' lang='lat' dir='ltr'><strong>inter</strong></span> <span class='ocrx_word' id='word_1_716' title='bbox 1025 5160 1172 5229; x_wconf 87' lang='lat' dir='ltr'><strong>ipsos</strong></span> <span class='ocrx_word' id='word_1_717' title='bbox 1194 5160 1407 5225; x_wconf 86' lang='lat' dir='ltr'><strong>labores</strong></span> <span class='ocrx_word' id='word_1_718' title='bbox 1429 5177 1650 5216; x_wconf 91' lang='lat' dir='ltr'><strong>suorum</strong></span> <span class='ocrx_word' id='word_1_719' title='bbox 1680 5176 1811 5231; x_wconf 88' lang='lat' dir='ltr'><strong>ope-</strong></span> 
     </span>
    </p>
   </div>
   <div class='ocr_carea' id='block_1_101' title="bbox 234 5248 1804 5319">
    <p class='ocr_par' dir='ltr' id='par_1_101' title="bbox 234 5248 1804 5319">
     <span class='ocr_line' id='line_1_101' title="bbox 234 5248 1804 5319; baseline 0.006 -22"><span class='ocrx_word' id='word_1_720' title='bbox 234 5257 390 5310; x_wconf 86' lang='lat' dir='ltr'><strong>rum,</strong></span> <span class='ocrx_word' id='word_1_721' title='bbox 439 5248 710 5301; x_wconf 90' lang='lat' dir='ltr'><strong>amatoria</strong></span> <span class='ocrx_word' id='word_1_722' title='bbox 763 5249 1052 5319; x_wconf 86' lang='lat' dir='ltr'><strong>turpiaque</strong></span> <span class='ocrx_word' id='word_1_723' title='bbox 1099 5261 1320 5308; x_wconf 89' lang='lat' dir='ltr'><strong>cantare</strong></span> <span class='ocrx_word' id='word_1_724' title='bbox 1367 5268 1472 5308; x_wconf 90' lang='lat' dir='ltr'><strong>non</strong></span> <span class='ocrx_word' id='word_1_725' title='bbox 1523 5255 1804 5318; x_wconf 80' lang='lat' dir='ltr'><strong>desinunt,</strong></span> 
     </span>
    </p>
   </div>
   <div class='ocr_carea' id='block_1_102' title="bbox 233 5335 1810 5411">
    <p class='ocr_par' dir='ltr' id='par_1_102' title="bbox 233 5335 1810 5411">
     <span class='ocr_line' id='line_1_102' title="bbox 233 5335 1810 5411; baseline 0.006 -25"><span class='ocrx_word' id='word_1_726' title='bbox 233 5342 395 5403; x_wconf 76' lang='lat' dir='ltr'><strong>atque</strong></span> <span class='ocrx_word' id='word_1_727' title='bbox 431 5335 509 5389; x_wconf 88' lang='lat' dir='ltr'><strong>ita</strong></span> <span class='ocrx_word' id='word_1_728' title='bbox 549 5338 742 5390; x_wconf 88' lang='lat' dir='ltr'><strong>horam</strong></span> <span class='ocrx_word' id='word_1_729' title='bbox 771 5353 924 5393; x_wconf 89' lang='lat' dir='ltr'><strong>suam</strong></span> <span class='ocrx_word' id='word_1_730' title='bbox 959 5339 1011 5393; x_wconf 94' lang='lat' dir='ltr'><strong>in</strong></span> <span class='ocrx_word' id='word_1_731' title='bbox 1042 5342 1292 5396; x_wconf 89' lang='lat' dir='ltr'><strong>cantibus</strong></span> <span class='ocrx_word' id='word_1_732' title='bbox 1318 5352 1373 5397; x_wconf 90' lang='lat' dir='ltr'><strong>et</strong></span> <span class='ocrx_word' id='word_1_733' title='bbox 1399 5343 1594 5397; x_wconf 85' lang='lat' dir='ltr'><strong>fabulis</strong></span> <span class='ocrx_word' id='word_1_734' title='bbox 1636 5341 1810 5411; x_wconf 90' lang='lat' dir='ltr'><strong>impli-</strong></span> 
     </span>
    </p>
   </div>
   <div class='ocr_carea' id='block_1_103' title="bbox 232 5430 1808 5503">
    <p class='ocr_par' dir='ltr' id='par_1_103' title="bbox 232 5430 1808 5503">
     <span class='ocr_line' id='line_1_103' title="bbox 232 5430 1808 5503; baseline 0.006 -25"><span class='ocrx_word' id='word_1_735' title='bbox 232 5433 385 5489; x_wconf 78' lang='lat' dir='ltr'><strong>cant,</strong></span> <span class='ocrx_word' id='word_1_736' title='bbox 430 5436 492 5482; x_wconf 92' lang='lat' dir='ltr'><strong>ut</strong></span> <span class='ocrx_word' id='word_1_737' title='bbox 534 5430 605 5483; x_wconf 89' lang='lat' dir='ltr'><strong>ab</strong></span> <span class='ocrx_word' id='word_1_738' title='bbox 645 5444 810 5498; x_wconf 86' lang='lat' dir='ltr'><strong>opere</strong></span> <span class='ocrx_word' id='word_1_739' title='bbox 852 5447 1044 5487; x_wconf 89' lang='lat' dir='ltr'><strong>manus</strong></span> <span class='ocrx_word' id='word_1_740' title='bbox 1075 5448 1178 5487; x_wconf 90' lang='lat' dir='ltr'><strong>non</strong></span> <span class='ocrx_word' id='word_1_741' title='bbox 1208 5435 1569 5488; x_wconf 77' lang='lat' dir='ltr'><strong>subtrahunt:</strong></span> <span class='ocrx_word' id='word_1_742' title='bbox 1604 5445 1808 5503; x_wconf 86' lang='lat' dir='ltr'><strong>quanto</strong></span> 
     </span>
    </p>
   </div>
   <div class='ocr_carea' id='block_1_104' title="bbox 235 5516 1810 5591">
    <p class='ocr_par' dir='ltr' id='par_1_104' title="bbox 235 5516 1810 5591">
     <span class='ocr_line' id='line_1_104' title="bbox 235 5516 1810 5591; baseline 0.007 -24"><span class='ocrx_word' id='word_1_743' title='bbox 235 5516 403 5585; x_wconf 79' lang='lat' dir='ltr'><strong>magis</strong></span> <span class='ocrx_word' id='word_1_744' title='bbox 443 5531 635 5573; x_wconf 82' lang='lat' dir='ltr'><strong>servus</strong></span> <span class='ocrx_word' id='word_1_745' title='bbox 672 5518 912 5586; x_wconf 87' lang='lat' dir='ltr'><strong>Christi,</strong></span> <span class='ocrx_word' id='word_1_746' title='bbox 942 5522 1035 5590; x_wconf 90' lang='lat' dir='ltr'><strong>qui</strong></span> <span class='ocrx_word' id='word_1_747' title='bbox 1076 5523 1156 5577; x_wconf 90' lang='lat' dir='ltr'><strong>sic</strong></span> <span class='ocrx_word' id='word_1_748' title='bbox 1198 5522 1448 5577; x_wconf 89' lang='lat' dir='ltr'><strong>manibus</strong></span> <span class='ocrx_word' id='word_1_749' title='bbox 1475 5524 1687 5591; x_wconf 84' lang='lat' dir='ltr'><strong>operari</strong></span> <span class='ocrx_word' id='word_1_750' title='bbox 1719 5523 1810 5577; x_wconf 81' lang='lat' dir='ltr'><strong>de-</strong></span> 
     </span>
    </p>
   </div>
   <div class='ocr_carea' id='block_1_105' title="bbox 236 5603 1805 5683">
    <p class='ocr_par' dir='ltr' id='par_1_105' title="bbox 236 5603 1805 5683">
     <span class='ocr_line' id='line_1_105' title="bbox 236 5603 1805 5683; baseline 0.005 -24"><span class='ocrx_word' id='word_1_751' title='bbox 236 5603 347 5667; x_wconf 85' lang='lat' dir='ltr'><strong>bet.</strong></span> <span class='ocrx_word' id='word_1_752' title='bbox 380 5616 443 5661; x_wconf 92' lang='lat' dir='ltr'><strong>ut</strong></span> <span class='ocrx_word' id='word_1_753' title='bbox 468 5621 687 5677; x_wconf 86' lang='lat' dir='ltr'><strong>semper</strong></span> <span class='ocrx_word' id='word_1_754' title='bbox 717 5609 931 5664; x_wconf 87' lang='lat' dir='ltr'><strong>laudem</strong></span> <span class='ocrx_word' id='word_1_755' title='bbox 966 5612 1056 5666; x_wconf 84' lang='lat' dir='ltr'><strong>Dei</strong></span> <span class='ocrx_word' id='word_1_756' title='bbox 1088 5613 1141 5665; x_wconf 91' lang='lat' dir='ltr'><strong>in</strong></span> <span class='ocrx_word' id='word_1_757' title='bbox 1170 5627 1266 5667; x_wconf 90' lang='lat' dir='ltr'><strong>ore</strong></span> <span class='ocrx_word' id='word_1_758' title='bbox 1294 5611 1489 5666; x_wconf 74' lang='lat' dir='ltr'><strong>habeat</strong></span> <span class='ocrx_word' id='word_1_759' title='bbox 1508 5652 1532 5678; x_wconf 56' lang='lat'><strong>,,</strong></span> <span class='ocrx_word' id='word_1_760' title='bbox 1550 5621 1604 5665; x_wconf 89' lang='lat' dir='ltr'><strong>et</strong></span> <span class='ocrx_word' id='word_1_761' title='bbox 1627 5612 1805 5683; x_wconf 84' lang='lat' dir='ltr'><strong>lingua</strong></span> 
     </span>
    </p>
   </div>
   <div class='ocr_carea' id='block_1_106' title="bbox 234 5696 1807 5775">
    <p class='ocr_par' dir='ltr' id='par_1_106' title="bbox 234 5696 1807 5775">
     <span class='ocr_line' id='line_1_106' title="bbox 234 5696 1807 5775; baseline 0.004 -22"><span class='ocrx_word' id='word_1_762' title='bbox 234 5696 346 5771; x_wconf 69' lang='lat' dir='ltr'><strong>eius</strong></span> <span class='ocrx_word' id='word_1_763' title='bbox 383 5701 610 5772; x_wconf 84' lang='lat' dir='ltr'><strong>psalmis</strong></span> <span class='ocrx_word' id='word_1_764' title='bbox 649 5713 699 5758; x_wconf 86' lang='lat' dir='ltr'><strong>et</strong></span> <span class='ocrx_word' id='word_1_765' title='bbox 738 5704 950 5775; x_wconf 77' lang='lat' dir='ltr'><strong>hymnis</strong></span> <span class='ocrx_word' id='word_1_766' title='bbox 980 5706 1275 5761; x_wconf 77' lang='lat' dir='ltr'><strong>inserviat?</strong></span> <span class='ocrx_word' id='word_1_767' title='bbox 1309 5704 1685 5760; x_wconf 81' lang='lat' dir='ltr'><strong>Laborandum</strong></span> <span class='ocrx_word' id='word_1_768' title='bbox 1725 5714 1807 5761; x_wconf 87' lang='lat' dir='ltr'><strong>est</strong></span> 
     </span>
    </p>
   </div>
   <div class='ocr_carea' id='block_1_107' title="bbox 1914 4604 3485 4678">
    <p class='ocr_par' dir='ltr' id='par_1_107' title="bbox 1914 4604 3485 4678">
     <span class='ocr_line' id='line_1_107' title="bbox 1914 4604 3485 4678; baseline 0.003 -22"><span class='ocrx_word' id='word_1_769' title='bbox 1914 4605 2091 4668; x_wconf 87' lang='lat' dir='ltr'><strong>risus,</strong></span> <span class='ocrx_word' id='word_1_770' title='bbox 2134 4604 2218 4658; x_wconf 88' lang='lat' dir='ltr'><strong>vel</strong></span> <span class='ocrx_word' id='word_1_771' title='bbox 2265 4604 2514 4670; x_wconf 84' lang='lat' dir='ltr'><strong>fabulas;</strong></span> <span class='ocrx_word' id='word_1_772' title='bbox 2559 4607 2654 4662; x_wconf 89' lang='lat' dir='ltr'><strong>sed</strong></span> <span class='ocrx_word' id='word_1_773' title='bbox 2700 4608 2804 4662; x_wconf 84' lang='lat' dir='ltr'><strong>hoc</strong></span> <span class='ocrx_word' id='word_1_774' title='bbox 2842 4608 3129 4663; x_wconf 85' lang='lat' dir='ltr'><strong>meditetur</strong></span> <span class='ocrx_word' id='word_1_775' title='bbox 3154 4607 3317 4663; x_wconf 85' lang='lat' dir='ltr'><strong>corde</strong></span> <span class='ocrx_word' id='word_1_776' title='bbox 3342 4608 3485 4678; x_wconf 89' lang='lat' dir='ltr'><strong>quod</strong></span> 
     </span>
    </p>
   </div>
   <div class='ocr_carea' id='block_1_108' title="bbox 1912 4694 3484 4766">
    <p class='ocr_par' dir='ltr' id='par_1_108' title="bbox 1912 4694 3484 4766">
     <span class='ocr_line' id='line_1_108' title="bbox 1912 4694 3484 4766; baseline 0.002 -18"><span class='ocrx_word' id='word_1_777' title='bbox 1912 4694 2162 4765; x_wconf 84' lang='lat' dir='ltr'><strong>psallitur</strong></span> <span class='ocrx_word' id='word_1_778' title='bbox 2205 4710 2320 4748; x_wconf 89' lang='lat' dir='ltr'><strong>ore.</strong></span> <span class='ocrx_word' id='word_1_779' title='bbox 2372 4694 2433 4748; x_wconf 81' lang='grc' dir='ltr'><strong>ιιι</strong></span> <span class='ocrx_word' id='word_1_780' title='bbox 2479 4696 2637 4749; x_wconf 85' lang='lat' dir='ltr'><strong>tertia</strong></span> <span class='ocrx_word' id='word_1_781' title='bbox 2658 4736 2673 4759; x_wconf 90' lang='lat'><strong>,</strong></span> <span class='ocrx_word' id='word_1_782' title='bbox 2722 4705 2875 4751; x_wconf 71' lang='lat' dir='ltr'><strong>sexta</strong></span> <span class='ocrx_word' id='word_1_783' title='bbox 2904 4706 2956 4751; x_wconf 91' lang='lat' dir='ltr'><strong>et</strong></span> <span class='ocrx_word' id='word_1_784' title='bbox 2987 4711 3126 4751; x_wconf 90' lang='lat' dir='ltr'><strong>nona</strong></span> <span class='ocrx_word' id='word_1_785' title='bbox 3158 4706 3266 4751; x_wconf 90' lang='lat' dir='ltr'><strong>tres</strong></span> <span class='ocrx_word' id='word_1_786' title='bbox 3293 4696 3484 4766; x_wconf 86' lang='lat' dir='ltr'><strong>psalmi</strong></span> 
     </span>
    </p>
   </div>
   <div class='ocr_carea' id='block_1_109' title="bbox 1912 4785 3484 4853">
    <p class='ocr_par' dir='ltr' id='par_1_109' title="bbox 1912 4785 3484 4853">
     <span class='ocr_line' id='line_1_109' title="bbox 1912 4785 3484 4853; baseline -0.001 -13"><span class='ocrx_word' id='word_1_787' title='bbox 1912 4785 2122 4840; x_wconf 79' lang='lat' dir='ltr'><strong>dicendi</strong></span> <span class='ocrx_word' id='word_1_788' title='bbox 2178 4791 2343 4850; x_wconf 85' lang='lat' dir='ltr'><strong>sunt,</strong></span> <span class='ocrx_word' id='word_1_789' title='bbox 2403 4785 2825 4853; x_wconf 81' lang='lat' dir='ltr'><strong>responsorium.</strong></span> <span class='ocrx_word' id='word_1_790' title='bbox 2855 4801 3052 4851; x_wconf 90' lang='lat' dir='ltr'><strong>unum,</strong></span> <span class='ocrx_word' id='word_1_791' title='bbox 3104 4785 3363 4839; x_wconf 85' lang='lat' dir='ltr'><strong>lectiones</strong></span> <span class='ocrx_word' id='word_1_792' title='bbox 3417 4799 3484 4839; x_wconf 77' lang='lat' dir='ltr'><strong>ex</strong></span> 
     </span>
    </p>
   </div>
   <div class='ocr_carea' id='block_1_110' title="bbox 1915 4874 3483 4944">
    <p class='ocr_par' dir='ltr' id='par_1_110' title="bbox 1915 4874 3483 4944">
     <span class='ocr_line' id='line_1_110' title="bbox 1915 4874 3483 4944; baseline -0.001 -14"><span class='ocrx_word' id='word_1_793' title='bbox 1915 4877 2097 4932; x_wconf 74' lang='lat' dir='ltr'><strong>Veteri</strong></span> <span class='ocrx_word' id='word_1_794' title='bbox 2137 4875 2394 4944; x_wconf 81' lang='lat' dir='ltr'><strong>Novoque</strong></span> <span class='ocrx_word' id='word_1_795' title='bbox 2435 4874 2783 4929; x_wconf 88' lang='lat' dir='ltr'><strong>Testamento</strong></span> <span class='ocrx_word' id='word_1_796' title='bbox 2820 4876 2940 4931; x_wconf 76' lang='lat' dir='ltr'><strong>dua:</strong></span> <span class='ocrx_word' id='word_1_797' title='bbox 2967 4893 2993 4928; x_wconf 88' lang='lat'><strong>:.</strong></span> <span class='ocrx_word' id='word_1_798' title='bbox 3032 4874 3226 4930; x_wconf 90' lang='lat' dir='ltr'><strong>deinde</strong></span> <span class='ocrx_word' id='word_1_799' title='bbox 3266 4874 3483 4940; x_wconf 86' lang='lat' dir='ltr'><strong>laudes,</strong></span> 
     </span>
    </p>
   </div>
   <div class='ocr_carea' id='block_1_111' title="bbox 1910 4963 3483 5037">
    <p class='ocr_par' dir='ltr' id='par_1_111' title="bbox 1910 4963 3483 5037">
     <span class='ocr_line' id='line_1_111' title="bbox 1910 4963 3483 5037; baseline -0.003 -16"><span class='ocrx_word' id='word_1_800' title='bbox 1910 4981 2160 5037; x_wconf 76' lang='lat' dir='ltr'><strong>hymnus</strong></span> <span class='ocrx_word' id='word_1_801' title='bbox 2183 4975 2346 5035; x_wconf 89' lang='lat' dir='ltr'><strong>atque</strong></span> <span class='ocrx_word' id='word_1_802' title='bbox 2386 4965 2583 5019; x_wconf 90' lang='lat' dir='ltr'><strong>oratio.</strong></span> <span class='ocrx_word' id='word_1_803' title='bbox 2614 4964 2670 5018; x_wconf 92' lang='lat' dir='ltr'><strong>ln</strong></span> <span class='ocrx_word' id='word_1_804' title='bbox 2702 4964 3022 5034; x_wconf 88' lang='lat' dir='ltr'><strong>vespertinis</strong></span> <span class='ocrx_word' id='word_1_805' title='bbox 3050 4971 3230 5017; x_wconf 90' lang='lat' dir='ltr'><strong>autem</strong></span> <span class='ocrx_word' id='word_1_806' title='bbox 3259 4963 3450 5017; x_wconf 86' lang='lat' dir='ltr'><strong>ollieiis</strong></span> <span class='ocrx_word' id='word_1_807' title='bbox 3469 5002 3483 5026; x_wconf 90' lang='lat'><strong>,</strong></span> 
     </span>
    </p>
   </div>
   <div class='ocr_carea' id='block_1_112' title="bbox 1908 5055 3484 5128">
    <p class='ocr_par' dir='ltr' id='par_1_112' title="bbox 1908 5055 3484 5128">
     <span class='ocr_line' id='line_1_112' title="bbox 1908 5055 3484 5128; baseline -0.004 -16"><span class='ocrx_word' id='word_1_808' title='bbox 1908 5059 2089 5128; x_wconf 89' lang='lat' dir='ltr'><strong>primo</strong></span> <span class='ocrx_word' id='word_1_809' title='bbox 2126 5057 2525 5122; x_wconf 82' lang='lat' dir='ltr'><strong>tucernarium,</strong></span> <span class='ocrx_word' id='word_1_810' title='bbox 2559 5056 2750 5111; x_wconf 87' lang='lat' dir='ltr'><strong>deinde</strong></span> <span class='ocrx_word' id='word_1_811' title='bbox 2784 5055 2980 5126; x_wconf 85' lang='lat' dir='ltr'><strong>psalmi</strong></span> <span class='ocrx_word' id='word_1_812' title='bbox 3020 5055 3161 5120; x_wconf 91' lang='lat' dir='ltr'><strong>duo,</strong></span> <span class='ocrx_word' id='word_1_813' title='bbox 3202 5068 3484 5123; x_wconf 83' lang='lat' dir='ltr'><strong>responso-</strong></span> 
     </span>
    </p>
   </div>
   <div class='ocr_carea' id='block_1_113' title="bbox 1909 5145 3479 5231">
    <p class='ocr_par' dir='ltr' id='par_1_113' title="bbox 1909 5145 3479 5231">
     <span class='ocr_line' id='line_1_113' title="bbox 1909 5145 3479 5231; baseline -0.008 -23"><span class='ocrx_word' id='word_1_814' title='bbox 1909 5154 2051 5208; x_wconf 87' lang='lat' dir='ltr'><strong>rium</strong></span> <span class='ocrx_word' id='word_1_815' title='bbox 2097 5167 2297 5216; x_wconf 88' lang='lat' dir='ltr'><strong>unum,</strong></span> <span class='ocrx_word' id='word_1_816' title='bbox 2341 5159 2395 5207; x_wconf 89' lang='lat' dir='ltr'><strong>et</strong></span> <span class='ocrx_word' id='word_1_817' title='bbox 2434 5148 2649 5213; x_wconf 85' lang='lat' dir='ltr'><strong>laudes,</strong></span> <span class='ocrx_word' id='word_1_818' title='bbox 2692 5156 2856 5217; x_wconf 88' lang='lat' dir='ltr'><strong>atque</strong></span> <span class='ocrx_word' id='word_1_819' title='bbox 2895 5147 3069 5201; x_wconf 80' lang='lat' dir='ltr'><strong>oratio</strong></span> <span class='ocrx_word' id='word_1_820' title='bbox 3112 5145 3479 5231; x_wconf 79' lang='lat' dir='ltr'><strong>dicendaest.</strong></span> 
     </span>
    </p>
   </div>
   <div class='ocr_carea' id='block_1_114' title="bbox 1908 5236 3483 5310">
    <p class='ocr_par' dir='ltr' id='par_1_114' title="bbox 1908 5236 3483 5310">
     <span class='ocr_line' id='line_1_114' title="bbox 1908 5236 3483 5310; baseline -0.008 -12"><span class='ocrx_word' id='word_1_821' title='bbox 1908 5243 2038 5298; x_wconf 89' lang='lat' dir='ltr'><strong>Post</strong></span> <span class='ocrx_word' id='word_1_822' title='bbox 2064 5242 2429 5310; x_wconf 84' lang='lat' dir='ltr'><strong>vespertinum</strong></span> <span class='ocrx_word' id='word_1_823' title='bbox 2455 5250 2635 5294; x_wconf 88' lang='lat' dir='ltr'><strong>autem</strong></span> <span class='ocrx_word' id='word_1_824' title='bbox 2663 5237 3000 5307; x_wconf 82' lang='lat' dir='ltr'><strong>congregatis</strong></span> <span class='ocrx_word' id='word_1_825' title='bbox 3025 5236 3303 5298; x_wconf 86' lang='lat' dir='ltr'><strong>fratribus,</strong></span> <span class='ocrx_word' id='word_1_826' title='bbox 3328 5249 3483 5304; x_wconf 79' lang='lat' dir='ltr'><strong>Opor-</strong></span> 
     </span>
    </p>
   </div>
   <div class='ocr_carea' id='block_1_115' title="bbox 1910 5326 3483 5403">
    <p class='ocr_par' dir='ltr' id='par_1_115' title="bbox 1910 5326 3483 5403">
     <span class='ocr_line' id='line_1_115' title="bbox 1910 5326 3483 5403; baseline -0.008 -10"><span class='ocrx_word' id='word_1_827' title='bbox 1910 5346 1989 5395; x_wconf 89' lang='lat' dir='ltr'><strong>tct</strong></span> <span class='ocrx_word' id='word_1_828' title='bbox 2025 5337 2110 5391; x_wconf 84' lang='lat' dir='ltr'><strong>vel</strong></span> <span class='ocrx_word' id='word_1_829' title='bbox 2156 5335 2356 5403; x_wconf 86' lang='lat' dir='ltr'><strong>aliquid</strong></span> <span class='ocrx_word' id='word_1_830' title='bbox 2396 5331 2682 5395; x_wconf 83' lang='lat' dir='ltr'><strong>meditari,</strong></span> <span class='ocrx_word' id='word_1_831' title='bbox 2714 5330 2800 5385; x_wconf 88' lang='lat' dir='ltr'><strong>vel</strong></span> <span class='ocrx_word' id='word_1_832' title='bbox 2837 5329 2903 5384; x_wconf 90' lang='lat' dir='ltr'><strong>de</strong></span> <span class='ocrx_word' id='word_1_833' title='bbox 2938 5330 3256 5400; x_wconf 89' lang='lat' dir='ltr'><strong>quibusdam</strong></span> <span class='ocrx_word' id='word_1_834' title='bbox 3288 5326 3483 5382; x_wconf 80' lang='lat' dir='ltr'><strong>divina:</strong></span> 
     </span>
    </p>
   </div>
   <div class='ocr_carea' id='block_1_116' title="bbox 1910 5417 3482 5492">
    <p class='ocr_par' dir='ltr' id='par_1_116' title="bbox 1910 5417 3482 5492">
     <span class='ocr_line' id='line_1_116' title="bbox 1910 5417 3482 5492; baseline -0.009 -7"><span class='ocrx_word' id='word_1_835' title='bbox 1910 5428 2157 5485; x_wconf 87' lang='lat' dir='ltr'><strong>lectionis</strong></span> <span class='ocrx_word' id='word_1_836' title='bbox 2210 5422 2598 5492; x_wconf 64' lang='lat' dir='ltr'><strong>quaestionibus</strong></span> <span class='ocrx_word' id='word_1_837' title='bbox 2650 5420 2963 5490; x_wconf 86' lang='lat' dir='ltr'><strong>disputare,</strong></span> <span class='ocrx_word' id='word_1_838' title='bbox 3014 5417 3342 5473; x_wconf 89' lang='lat' dir='ltr'><strong>conferendo</strong></span> <span class='ocrx_word' id='word_1_839' title='bbox 3391 5417 3482 5487; x_wconf 90' lang='lat' dir='ltr'><strong>pie</strong></span> 
     </span>
    </p>
   </div>
   <div class='ocr_carea' id='block_1_117' title="bbox 1910 5510 3481 5590">
    <p class='ocr_par' dir='ltr' id='par_1_117' title="bbox 1910 5510 3481 5590">
     <span class='ocr_line' id='line_1_117' title="bbox 1910 5510 3481 5590; baseline -0.008 -15"><span class='ocrx_word' id='word_1_840' title='bbox 1910 5531 2072 5590; x_wconf 88' lang='lat' dir='ltr'><strong>atque</strong></span> <span class='ocrx_word' id='word_1_841' title='bbox 2118 5515 2425 5578; x_wconf 87' lang='lat' dir='ltr'><strong>salubriter,</strong></span> <span class='ocrx_word' id='word_1_842' title='bbox 2479 5520 2793 5579; x_wconf 85' lang='lat' dir='ltr'><strong>tantumque</strong></span> <span class='ocrx_word' id='word_1_843' title='bbox 2841 5510 3149 5566; x_wconf 86' lang='lat' dir='ltr'><strong>meditando</strong></span> <span class='ocrx_word' id='word_1_844' title='bbox 3199 5510 3481 5580; x_wconf 83' lang='lat' dir='ltr'><strong>disputan—</strong></span> 
     </span>
    </p>
   </div>
   <div class='ocr_carea' id='block_1_118' title="bbox 1909 5602 3527 5680">
    <p class='ocr_par' dir='ltr' id='par_1_118' title="bbox 1909 5602 3527 5680">
     <span class='ocr_line' id='line_1_118' title="bbox 1909 5602 3527 5680; baseline -0.007 -14"><span class='ocrx_word' id='word_1_845' title='bbox 1909 5613 2084 5680; x_wconf 90' lang='lat' dir='ltr'><strong>doqnc</strong></span> <span class='ocrx_word' id='word_1_846' title='bbox 2133 5604 2444 5667; x_wconf 87' lang='lat' dir='ltr'><strong>immorari,</strong></span> <span class='ocrx_word' id='word_1_847' title='bbox 2494 5603 2841 5673; x_wconf 87' lang='lat' dir='ltr'><strong>quoadusque</strong></span> <span class='ocrx_word' id='word_1_848' title='bbox 2885 5602 3221 5673; x_wconf 82' lang='lat' dir='ltr'><strong>completorii</strong></span> <span class='ocrx_word' id='word_1_849' title='bbox 3271 5611 3481 5671; x_wconf 86' lang='lat' dir='ltr'><strong>tempus</strong></span> <span class='ocrx_word' id='word_1_850' title='bbox 3510 5642 3527 5647; x_wconf 74' lang='lat'><strong>-</strong></span> 
     </span>
    </p>
   </div>
   <div class='ocr_carea' id='block_1_119' title="bbox 1911 5693 3532 5772">
    <p class='ocr_par' dir='ltr' id='par_1_119' title="bbox 1911 5693 3532 5772">
     <span class='ocr_line' id='line_1_119' title="bbox 1911 5693 3532 5772; baseline -0.004 -19"><span class='ocrx_word' id='word_1_851' title='bbox 1911 5701 2074 5772; x_wconf 67' lang='lat' dir='ltr'><strong>lltbSll</strong></span> <span class='ocrx_word' id='word_1_852' title='bbox 2121 5709 2427 5753; x_wconf 80' lang='lat' dir='ltr'><strong>occurrere.</strong></span> <span class='ocrx_word' id='word_1_853' title='bbox 2462 5693 2595 5748; x_wconf 76' lang='lat' dir='ltr'><strong>Ante</strong></span> <span class='ocrx_word' id='word_1_854' title='bbox 2640 5709 2884 5750; x_wconf 77' lang='lat' dir='ltr'><strong>somnum</strong></span> <span class='ocrx_word' id='word_1_855' title='bbox 2928 5705 3136 5753; x_wconf 84' lang='lat' dir='ltr'><strong>autem.</strong></span> <span class='ocrx_word' id='word_1_856' title='bbox 3182 5695 3319 5749; x_wconf 70' lang='lat' dir='ltr'><strong>sicut</strong></span> <span class='ocrx_word' id='word_1_857' title='bbox 3363 5708 3532 5747; x_wconf 24' lang='lat' dir='ltr'><strong>Inest</strong></span> 
     </span>
    </p>
   </div>
  </div>
