3974 6192
462 362 569 419 565

464 563 565 618 bus
582 601 599 627 ,
625 573 748 616 cum
775 556 923 612 omni
950 552 1164 611 cautela
1190 559 1245 607 et
1271 549 1489 605 silentio
1510 547 1895 619 quiescendum
1920 553 2004 600 est
2020 585 2036 611 ,

467 662 747 720 usquequo
793 646 863 701 ad
908 642 1124 714 vigilias
1169 649 1548 710 consurgatur.
1601 636 1659 692 in
1710 636 2040 708 quotidianis

468 757 597 799 vero
633 738 826 796 ciliciis
864 735 1206 806 vigiliarum,
1237 732 1472 803 primum
1501 737 1615 785 tres
1641 727 1835 798 psalmi
1879 740 2041 781 cano—

469 830 579 887 uici
619 826 881 884 recitandi
924 831 1082 890 sunt,
1112 823 1305 877 deinde
1333 829 1445 875 tres
1476 820 1654 874 missae
1682 817 2005 887 psalmorum
2025 855 2042 881 ,

469 927 665 991 quarta
690 918 1025 974 canticorum
1044 954 1060 979 ,
1088 912 1277 983 quinta
1306 910 1693 966 matutinorum
1724 905 2040 961 ciliciorum.

469 1014 532 1069 in
557 1011 854 1068 Dominicis
881 1021 1012 1064 vero
1049 1005 1268 1068 diebus,
1298 1001 1384 1057 vel
1421 1000 1806 1056 festivitatibus
1844 1004 2048 1066 marty-

472 1117 637 1167 rum,
706 1095 1068 1155 solemnitatis
1118 1106 1284 1149 causa
1330 1089 1556 1161 singulae
1619 1086 2049 1157 superaddantur

473 1193 673 1248 missae.
706 1188 909 1245 Verum
947 1186 1001 1239 in
1039 1182 1239 1254 vigiliis
1273 1179 1534 1236 recitandi
1575 1177 1750 1233 aderit
1793 1190 1962 1239 usus;
1993 1174 2050 1227 in

473 1276 757 1334 matutinis
779 1273 1041 1346 psallendi
1065 1270 1400 1339 canendique
1421 1266 1754 1322 consuetudo
1782 1282 1794 1316 :
1820 1271 1880 1317 ut
1904 1270 2052 1317 utro-

475 1379 582 1439 que
608 1365 771 1422 modo
796 1376 1073 1421 servorum
1101 1361 1196 1415 Dei
1223 1366 1434 1414 mentes
1458 1356 1793 1411 diversitatis
1819 1355 2055 1410 oblecta-

477 1462 664 1513 mento
697 1460 1080 1516 exerceantur,
1121 1458 1176 1504 et
1218 1449 1285 1503 ad
1326 1447 1538 1501 laudem
1569 1444 1666 1500 Dei
1695 1444 1811 1499 sine
1837 1442 2056 1497 fastidio

480 1544 760 1601 ardentius
785 1542 1110 1599 excitentur.
1128 1538 1273 1601 ,Post
1312 1537 1527 1608 vigilias
1566 1543 1746 1590 autem
1783 1549 1953 1604 usque
1989 1533 2058 1588 ad

481 1634 804 1692 matutinum
834 1631 1187 1688 reﬁciendum
1218 1637 1303 1685 est
1322 1669 1338 1696 ,
1370 1635 1492 1699 post
1523 1626 1844 1683 matutinum
1877 1633 2057 1680 autem

1471 350 1530 406 S.
1572 345 1927 403 BENEDICTI
1963 340 2255 397 ABDATIS
2291 334 2703 393 ANIANENSIS

463 483 580 539 est,
611 476 829 541 peracto
855 464 1228 536 completorio,
1257 462 1536 518 valedictis
1575 460 1807 515 invicem
1853 456 2039 514 fratri-
2065 457 2116 517 Α

2709 444 3017 501 CAPUT
3076 442 3144 498 Χ.

2768 535 2847 592 De
2879 535 3091 591 mensis.

2212 638 2476 706 Tempore
2495 648 2604 704 quo
2623 628 2935 688 refectionis
2955 627 3191 682 debitum
3218 622 3464 686 solvitur,
3478 620 3718 675 claustra

2142 726 2457 784 monasterii
2480 726 2822 787 obserentur,
2847 733 2950 774 nec
2972 716 3113 771 ullus
3134 723 3429 769 extraneas
3453 711 3722 766 interesse

2141 824 2466 890 praesumat,
2492 829 2559 870 ne
2585 814 2824 884 quietem
2856 808 3151 863 fraternam
3179 802 3469 874 praesentia
3496 815 3597 856 sua
3623 801 3724 855 im-

2142 909 2344 981 pediat.
2387 903 2723 962 Refectionis
2753 910 2996 968 tempore
3025 896 3150 951 dato
3181 894 3335 962 signo
3364 891 3574 961 pariter
3601 905 3725 944 om-

2144 976 2243 1052 nes
2270 1001 2619 1051 concurrant.
2660 990 2764 1057 Qui
2795 995 2974 1043 autem
3008 983 3075 1038 ad
3109 995 3353 1037 mensam
3384 976 3593 1032 tardius
3629 991 3725 1031 ve-

2145 1094 2317 1160 nerit,
2351 1100 2446 1147 aut
2475 1087 2853 1162 paenitentiam
2886 1089 3044 1152 agat,
3088 1086 3180 1133 aut:
3209 1074 3432 1145 jejunus
3466 1072 3539 1127 ad
3569 1085 3726 1126 suum

2147 1207 2289 1261 opus
2300 1189 2385 1245 vel
2405 1185 2584 1243 cubile
2605 1189 2875 1239 recurrat.
2901 1177 3071 1231 Nemo
3096 1180 3279 1227 autem
3302 1171 3371 1224 ad
3394 1164 3730 1222 vescendum

2150 1256 2281 1347 ibit,
2312 1286 2604 1348 antequam
2630 1274 2697 1328 ad
2724 1268 3024 1326 vocandum
3052 1277 3243 1319 omnes
3269 1276 3372 1315 vox
3402 1258 3544 1329 signi
3571 1256 3733 1311 solita

2151 1369 2470 1427 insonuerit.
2523 1362 2893 1421 Refectorium
2939 1355 3151 1429 pariter
3205 1351 3419 1409 cunctis
3471 1348 3735 1403 fratribus

2153 1475 2318 1515 unum
2353 1458 2458 1513 erit
2483 1496 2499 1523 ,
2534 1456 2602 1510 ad
2640 1450 2883 1522 singulas
2920 1460 3138 1502 mensas
3170 1443 3294 1509 deni
3331 1445 3728 1496 convcscentes

2155 1547 2430 1604 resideaut
2449 1584 2464 1608 ,
2498 1544 2717 1612 reliqua
2747 1539 2907 1595 turba
2943 1532 3291 1606 parvulorum
3332 1538 3532 1584 astent.
3565 1527 3732 1582 Tem-

2155 1653 2288 1710 pore
2326 1633 2766 1692 convescentium
2814 1629 3051 1685 fratrum
3079 1638 3273 1681 omnes
3305 1621 3607 1691 disciplina:
3644 1635 3736 1688 ge-

481 1737 576 1785 aut
619 1724 953 1799 sperandum
1000 1723 1201 1792 aliquid
1220 1762 1236 1789 ,
1285 1729 1378 1777 aut
1422 1719 1729 1792 legendum.
1777 1717 2061 1772 Lectiones

2171 1738 2285 1786 rant
2312 1728 2585 1786 silentium
2605 1766 2620 1791 ,
2649 1722 2907 1794 Apostolo
2933 1720 3374 1787 obtemperantes
3392 1754 3407 1779 ,
3437 1712 3545 1782 qui.
3564 1710 3733 1765 dicit:

481 1793 674 1875 autem
690 1831 756 1872 ex
780 1814 963 1872 Veteri
990 1821 1047 1868 et
1070 1812 1220 1868 Novo
1249 1810 1596 1866 Testamento
1623 1818 1866 1877 tempore
1895 1805 2057 1862 ollicii

2171 1817 2294 1875 Cum
2319 1817 2528 1874 silentio
2555 1793 2829 1886 operositas
2863 1826 3018 1866 suum
3051 1822 3238 1879 panem
3273 1803 3593 1859 manducent
3632 1799 3733 1868 (ll

481 1906 817 1979 quotidianis
862 1903 1054 1959 diebus
1100 1902 1441 1957 recitentur:
1494 1898 1704 1953 sabbati
1750 1905 1930 1951 autem
1972 1895 2061 1951 die

483 2006 651 2069 atque
693 1994 978 2051 Dominico
997 2033 1015 2061 ,
1064 2007 1132 2047 ex
1176 2005 1316 2046 novo
1364 1997 1574 2044 tantum
1621 1986 2058 2058 pronuntientur.

486 2088 785 2144 Monachus
843 2092 1024 2140 autem
1063 2082 1308 2153 corporis
1356 2080 1589 2136 sanitate
1632 2076 1968 2141 consistens,
2013 2075 2062 2130 si

483 2178 687 2250 vigiliis
712 2176 798 2232 vel
827 2174 1158 2246 quotidianis
1184 2172 1376 2228 otiiciis
1403 2169 1668 2236 defuerit,
1695 2168 1888 2240 perdat
1914 2182 2064 2223 com-

486 2281 820 2326 mumonem.

1062 2369 1291 2428 CAPUT
1329 2368 1462 2426 Vﬂl.

1066 2463 1146 2519 Ds
1187 2462 1487 2518 collatione.

557 2575 644 2632 Ad
669 2573 996 2631 audiendum
1020 2570 1077 2625 in
1099 2567 1385 2626 collatione
1402 2565 1621 2621 Patrem
1652 2564 1827 2619 tribus
1854 2563 1909 2619 in
1938 2562 2070 2617 heb-

491 2670 723 2727 domada
774 2667 983 2723 vicibus
1019 2663 1223 2719 fratres
1266 2668 1393 2734 post
1433 2658 1761 2716 celebratam
1806 2656 2023 2713 tertiam
2049 2695 2067 2721 ,

487 2760 619 2817 dato
645 2759 823 2830 signo,
850 2756 918 2812 ad
943 2755 1227 2812 collectam
1255 2750 1601 2808 conveniant.
1628 2747 1866 2803 Audiam
1892 2744 2070 2801 senio-

486 2868 609 2910 rem
631 2853 913 2909 docentem
932 2888 948 2915 ,
968 2848 1329 2904 instruentem
1349 2849 1574 2898 cunctos
1592 2838 1919 2895 salutaribus
1937 2849 2072 2907 pras-

491 2945 684 3015 ceptis.
711 2942 946 2998 Audiant
969 2939 1188 2994 Patrem
1217 2935 1397 2992 studio
1425 2945 1638 2989 summe
1663 2937 1718 2987 et
1746 2928 1960 2984 silentio
1988 2925 2081 2983 iu-

496 3033 793 3089 tentionem
819 3031 1123 3085 animorum
1152 3041 1371 3082 suorum
1401 3022 1647 3092 suspiriis
1690 3029 1746 3075 et
1784 3017 2075 3090 gemitibus

496 3121 951 3176 demonstrantes.
974 3117 1093 3188 ipsa
1118 3130 1331 3185 quoque
1357 3112 1575 3169 collatio
1595 3112 1701 3166 erit
1722 3110 1807 3165 vel
1827 3124 1925 3179 pro
1948 3121 2069 3163 cor-
2096 3140 2141 3203 ϐ

501 3209 743 3281 rigendis
771 3208 922 3264 vitiis
950 3206 1385 3274 instruendisque
1408 3203 1652 3257 moribus
1671 3241 1687 3267 ,
1714 3200 1802 3256 vel
1824 3216 1923 3271 pro
1948 3199 2073 3255 reli-

500 3300 626 3370 quis
676 3298 857 3353 causis
911 3296 979 3352 ad
1031 3295 1323 3350 utilitatem
1371 3292 1603 3349 coenobii
1655 3292 2071 3365 pertinentibus.

500 3389 659 3458 Quod
699 3388 746 3445 si
787 3387 917 3444 talia
958 3388 1189 3454 desunt,
1226 3400 1326 3458 pro
1361 3385 1748 3441 consuetudine
1776 3391 1954 3445 tamen
1994 3382 2077 3440 di-

499 3479 744 3550 sciplinae
770 3492 1113 3550 nequaquam
1142 3477 1251 3533 erit
1274 3476 1571 3532 omittenda
1611 3475 1866 3540 collatio;
1897 3473 1993 3530 sed
2021 3474 2075 3529 in

498 3570 783 3643 praefinitis
810 3569 1028 3636 diebus,
1059 3568 1269 3624 cunctis
1307 3566 1514 3639 pariter
1548 3565 1917 3636 congregatis,
1944 3578 2080 3633 pra:-

500 3670 657 3733 cepta
701 3661 925 3717 Patrum
971 3659 1240 3731 regularia
1285 3658 1615 3715 recensenda
1659 3665 1830 3713 sunt:
1874 3664 1936 3711 ut
1983 3656 2076 3727 qui

504 3754 739 3811 necdum
768 3754 1075 3808 didicerunt
1111 3752 1413 3822 percipiant
1451 3749 1595 3819 quod
1622 3757 1955 3819 sequantur;
1985 3748 2078 3819 qui

503 3858 639 3900 vero
662 3844 1001 3910 didicerunt,
1031 3842 1300 3913 frequenti
1342 3841 1604 3897 memoria
1634 3840 1896 3895 admoniti
1928 3838 2078 3894 solli-

506 3938 615 3994 cite
642 3937 950 3993 custodiant
980 3936 1121 4008 quod
1151 3943 1438 3992 noverunt.
1472 3932 1731 3989 Sedentes
1757 3940 1937 3987 autem
1962 3946 2083 3987 om!

506 4044 606 4085 nes
632 4030 688 4084 in
730 4028 1017 4084 collatione
1056 4027 1341 4092 tacebunt,
1382 4025 1487 4080 nisi
1523 4023 1664 4078 forte
1701 4037 1862 4097 quem
1891 4028 2083 4076 auctoa

509 4119 647 4174 ritas
670 4118 849 4174 Patris
876 4117 1197 4189 praeceperit
1221 4125 1282 4171 ut
1312 4117 1585 4185 loquatur.

1108 4244 1336 4299 CAPUT
1385 4244 1473 4297 IX.

1097 4356 1176 4411 De
1209 4355 1493 4410 codicibus.

2162 1908 2348 1963 Thess.
2375 1906 2503 1977 ιιι).
2545 1904 2698 1961 Unus
2732 1911 2915 1957 tamen
2955 1900 3010 1954 in
3043 1897 3225 1953 medio
3256 1894 3541 1959 residens,
3575 1892 3740 1947 bene-

2159 2001 2398 2056 dictione
2426 2006 2650 2067 accepta
2679 1996 2747 2050 de
2771 1991 3069 2063 Scripturis
3102 1986 3307 2058 aliquid
3341 1985 3523 2056 legat,
3555 1981 3742 2038 caeteri

2160 2098 2438 2148 vescentes
2472 2088 2769 2149 tacebunt,
2798 2081 3083 2137 lectionem
3119 2075 3479 2132 attentissime
3513 2071 3742 2126 audien-

2160 2193 2244 2239 tes
2273 2200 2286 2236 :
2320 2189 2382 2236 ut
2418 2181 2559 2236 sicut
2588 2177 2694 2232 illis
2724 2172 3020 2246 corporalis
3048 2171 3203 2227 cibus
3231 2168 3589 2224 refectionem
3616 2180 3741 2219 car-

2162 2274 2248 2328 nis
2273 2278 2500 2343 prastat
2518 2310 2533 2334 ,
2568 2268 2643 2322 ita
2670 2273 2907 2321 mentem
2937 2276 3124 2317 eorum
3153 2257 3414 2330 spiritalis
3443 2270 3629 2311 sermo
3657 2269 3743 2307 re-

2163 2363 2329 2418 ﬁciat.
2358 2360 2551 2415 Nullus
2575 2357 2643 2412 ad
2669 2370 2888 2412 mensas
2911 2352 3119 2408 clamor
3145 2349 3452 2411 excitetur;
3487 2344 3589 2400 soli
3622 2353 3745 2397 tan-

2165 2460 2279 2506 tum
2316 2448 2608 2520 praeposito
2641 2444 2947 2501 sollicitudo
2982 2446 3204 2498 maneat
3238 2437 3293 2491 in
3332 2436 3417 2490 his
3451 2448 3575 2503 qum
3616 2441 3746 2487 sunt

2165 2542 2510 2599 vescentibus
2546 2536 2874 2593 necessaria.
2910 2533 3130 2596 Abbas,
3164 2528 3301 2584 citra
3335 2524 3617 2596 languoris
3646 2536 3744 2576 ne-

2165 2633 2478 2689 cessitatem
2495 2670 2519 2696 ,ι
2537 2629 2687 2683 cibos
2712 2626 2764 2680 in
2793 2630 3083 2692 conspectu
3108 2619 3309 2690 pariter
3335 2631 3458 2672 cum
3484 2614 3746 2668 fratribus

2167 2736 2391 2783 sumat:
2426 2737 2529 2779 nec
2568 2720 2721 2775 aliud.
2752 2732 2916 2787 quam
2956 2712 3175 2778 caeteri,
3206 2724 3307 2765 nec
3344 2706 3545 2762 cultius
3577 2719 3750 2774 qusun

2167 2832 2288 2889 qua:
2320 2817 2376 2871 in
2410 2825 2699 2871 commune
2735 2808 3042 2864 consistunt
3062 2845 3078 2870 ,
3112 2798 3407 2875 praeparari
3443 2798 3552 2854 sibi
3587 2795 3750 2865 quid.

2168 2911 2311 2980 piam
2343 2912 2599 2978 expetat;
2629 2903 2815 2972 sicque
2842 2899 2936 2955 ﬁat
2964 2905 3026 2953 ut
3053 2898 3182 2952 dum
3214 2907 3456 2965 praesens
3483 2898 3597 2955 est,
3627 2904 3746 2944 om-

2171 2979 2259 3055 nia
2300 2995 2613 3067 diligentius
2651 2991 3125 3052 administrentur,
3163 2994 3220 3040 et
3258 2984 3384 3039 dum
3427 2979 3743 3036 communia

2171 3098 2331 3155 sunt,
2352 3087 2643 3144 salubriter
2662 3092 2855 3139 etcum
2876 3080 3145 3136 charitate
3165 3082 3466 3132 sumantur.
3491 3070 3752 3141 Equalia

2173 3180 2371 3251 quippe
2397 3184 2557 3234 erunt
2581 3186 2889 3230 mensarum
2914 3171 3155 3225 oniuium
3183 3164 3385 3221 fercula
3406 3204 3421 3227 ,
3452 3162 3750 3218 similibus-

2172 3288 2277 3345 que
2315 3268 2588 3325 alimentis
2629 3264 2811 3345 cuncti
2849 3259 3128 3318 reficiendi
3163 3264 3290 3312 sunt
3318 3253 3538 3309 fratres.
3571 3251 3748 3320 Quid-

2176 3340 2305 3434 quid
2336 3373 2577 3431 prresens
2604 3340 2830 3412 refectio
2860 3350 3097 3411 dederit,
3124 3362 3314 3404 omnes
3351 3347 3470 3401 sine
3504 3358 3754 3419 murmu-

2177 3433 2388 3511 ratione
2421 3450 2725 3523 percipiant
2756 3466 2770 3502 :
2811 3461 2912 3502 nec
2946 3445 3000 3500 id
3035 3440 3346 3499 desiderent
3372 3436 3516 3507 quod
3549 3433 3751 3489 edendi

2175 3548 2424 3617 voluptas
2454 3542 2691 3613 appetit,
2726 3540 2821 3596 sed
2849 3536 2994 3607 quod
3024 3541 3235 3589 naturae
3265 3529 3564 3586 necessitas
3604 3539 3757 3596 quae-

2178 3641 2249 3695 rit
2274 3616 2319 3705 :77
2338 3636 2600 3712 scriptum
2648 3640 2737 3688 est
2775 3629 2919 3686 enim
2946 3646 2960 3681 :
2990 3626 3176 3681 Carnis
3210 3638 3391 3677 curam
3427 3637 3495 3693 ne
3524 3616 3760 3688 feceritis

2176 3732 2235 3785 in
2262 3710 2537 3784 desideriis
2569 3725 2587 3797 (
2612 3724 2675 3779 ΙΙ
2698 3723 2820 3779 Cor.
2850 3739 2924 3777 vu
2949 3720 2988 3793 ).
3025 3719 3131 3774 Per
3165 3731 3383 3773 omnem
3409 3722 3592 3769 autem
3621 3710 3758 3764 heb-

2177 3820 2461 3876 domadam
2507 3818 2709 3874 fratres
2750 3817 2883 3872 viles
2930 3816 3140 3872 olerum
3196 3814 3345 3869 cibos
3390 3824 3455 3865 ac
3494 3805 3757 3879 pallentia

2172 3918 2405 3969 .utantur
2451 3908 2722 3979 legumina
2750 3948 2766 3973 ,
2817 3906 3007 3964 diebus
3053 3919 3185 3959 vero
3230 3900 3435 3958 sanctis
3479 3896 3758 3953 interdum

2181 4015 2305 4057 cum
2342 3999 2583 4056 oleribus
2610 3997 3009 4055 levissimarum
3044 3995 3290 4050 carnium
3321 3991 3597 4047 alimenta.
3634 3986 3758 4042 Non

2188 4091 2295 4147 erit
2344 4107 2515 4161 usque
2552 4092 2622 4147 ad
2658 4092 2965 4146 satietatem
3010 4087 3358 4144 reficiendum
3407 4096 3641 4152 corpus,
3688 4095 3761 4135 ne

2183 4185 2323 4241 forte
2349 4186 2584 4240 intereat
2611 4184 2863 4250 animus;
2905 4198 3028 4238 nam
3050 4195 3137 4236 ex
3177 4176 3513 4250 plenitudine
3550 4174 3764 4228 ventris

2183 4276 2292 4331 cito
2320 4276 2592 4331 excitatur
2627 4274 2840 4329 luxuria
2883 4273 3085 4329 carnis.
3115 4271 3217 4339 Qui
3249 4278 3428 4323 autem
3459 4264 3762 4335 appetitum

2183 4364 2467 4420 edacitatis
2506 4363 2786 4434 reprimit,
2817 4364 2934 4418 sine
2977 4362 3145 4417 dubio
3181 4357 3415 4413 lascivia:
3458 4362 3641 4409 motus
3670 4367 3761 4405 re—

583 4448 783 4541 am"ch
823 4446 1039 4541 “fdi”?
1077 4453 1259 4541 θυξῑῆε
1300 4442 1746 4541 εθοτπίίμυξώθλῑ
1775 4443 2083 4512 deputatas.
2110 4481 2161 4541 D
2188 4456 2423 4527 stringit.
2483 4454 2656 4511 Tanta
2711 4468 2834 4509 cum
2894 4452 3221 4507 discretione
3272 4445 3625 4502 reficiendum
3679 4449 3765 4497 est

522 4558 556 4596 a
582 4555 689 4611 quo
717 4538 959 4610 singulos
987 4537 1182 4609 singuli
1213 4536 1412 4591 fratres
1440 4536 1739 4604 accipient,
1783 4548 1919 4602 quos
1956 4548 2085 4603 pru-

516 4632 709 4687 denter
752 4629 957 4692 lectos,
999 4627 1085 4682 vel
1130 4627 1376 4691 habitos,
1406 4638 1621 4695 semper
1647 4631 1769 4695 post
1798 4637 2083 4693 vesperum

513 4722 759 4778 reddent.
789 4721 971 4776 Prima
1001 4727 1180 4774 autem
1209 4719 1340 4773 hora
1378 4718 1595 4773 codices
1632 4715 1858 4786 singulis
1899 4715 2087 4769 diebus

512 4819 767 4881 petantur
795 4828 808 4864 :
841 4809 933 4880 qui
973 4824 1104 4864 vero
1144 4817 1271 4863 ante
1307 4808 1393 4863 vel
1436 4806 1642 4862 tardius
1680 4805 1928 4876 petierit,
1977 4818 2083 4858 non

515 4912 601 4960 est
629 4904 864 4960 dandum
891 4902 991 4958 illi.
1021 4902 1099 4957 De
1127 4902 1215 4958 his
1242 4908 1421 4957 autem
1448 4899 1837 4970 quaestionibus
1865 4913 1984 4967 qua:
2009 4897 2088 4951 ie-

516 5004 736 5067 guntur,
766 5011 864 5051 nec
890 4994 1027 5050 forte
1053 4993 1445 5064 intelliguntur,
1466 4989 1836 5060 unusquisque
1861 4987 2086 5041 fratrum

522 5089 698 5144 autin
728 5087 1050 5153 collatione,
1095 5094 1189 5142 aut
1223 5091 1348 5156 post
1385 5096 1671 5153 vesperum
1714 5074 1964 5136 abbatem
2007 5078 2089 5132 in-

514 5188 795 5251 terroget;
826 5187 883 5233 et
919 5179 1144 5233 recitata
1185 5175 1254 5230 ad
1295 5174 1473 5231 locum
1510 5172 1775 5235 lectione,
1807 5168 1875 5224 ab
1904 5184 1969 5223 eo
1997 5183 2089 5224 ex-

518 5269 841 5340 positionem
892 5267 1158 5337 accipiat,
1209 5265 1283 5320 ita
1335 5272 1428 5329 ut,
1472 5263 1599 5318 dum
1641 5260 1736 5316 uni
1780 5258 2084 5330 exponitur,

519 5360 700 5416 επιενί
729 5359 971 5413 audiant.
1001 5356 1299 5413 Gentilium
1324 5364 1509 5411 autem
1536 5354 1722 5414 libros,
1752 5352 1837 5408 vel
1868 5349 2084 5407 lucreti—

520 5463 708 5504 corum
745 5448 1019 5504 volumina
1065 5448 1361 5502 monachus
1403 5446 1581 5516 legere
1624 5451 1854 5499 caveat:
1897 5441 2088 5496 melius

521 5544 606 5593 est
629 5537 773 5594 enim
798 5553 987 5594 eorum
1014 5536 1318 5608 perniciosa
1346 5536 1593 5609 dogmata
1623 5534 1892 5604 ignorare,
1919 5547 2082 5602 quam

523 5640 620 5696 per
653 5628 1042 5698 experientiam
1085 5629 1141 5683 in
1187 5629 1420 5699 aliquem
1464 5625 1714 5695 laqueum
1760 5624 1963 5680 erroris
2007 5624 2087 5677 iu-

525 5732 763 5775 currere.

2186 4560 2413 4615 corpus,
2445 4554 2505 4598 ut
2549 4559 2651 4598 nec
2695 4543 2860 4597 nimia
2902 4539 3229 4596 abstinentia
3276 4535 3607 4597 dcbilltetur,
3664 4548 3767 4587 nec

2187 4633 2455 4704 superflua
2484 4635 2752 4689 edacitate
2782 4633 2850 4686 ad
2879 4630 3157 4685 lasciviam
3190 4634 3492 4681 moveatur.
3522 4622 3581 4676 In
3614 4631 3766 4675 utro-

2185 4738 2292 4795 que
2319 4738 2449 4795 ergo
2475 4722 2831 4794 temperantia
2856 4719 3156 4775 adhibenda
3186 4726 3269 4772 est
3299 4734 3311 4768 :
3341 4715 3550 4769 scilicet
3570 4752 3584 4777 ,
3616 4720 3683 4765 ut
3708 4719 3763 4764 et

2187 4814 2317 4869 vitia
2359 4813 2544 4868 carnis
2585 4829 2691 4867 non
2734 4812 3094 4883 praevaleant,
3126 4816 3181 4863 et
3207 4808 3381 4861 virtus
3409 4805 3475 4859 ad
3515 4803 3756 4858 ministe-

2190 4903 2335 4957 rium
2387 4901 2542 4957 bonze
2602 4901 2937 4972 operationis
2998 4897 3245 4954 sufficiat.
3312 4895 3631 4962 Quicunque
3695 4892 3763 4946 ad

2190 5008 2434 5049 mensam
2474 4992 2721 5047 residens
2759 5006 2791 5045 a
2828 4991 3081 5045 carnibus
3119 4988 3204 5043 vel
3246 4988 3371 5047 vino
3400 4999 3460 5040 se
3486 4983 3764 5038 abstinere

2188 5084 2454 5148 voluerit,
2495 5100 2603 5139 non
2653 5091 2736 5139 est
2778 5081 3189 5152 prohibendus:
3238 5074 3567 5132 abstinentia
3615 5073 3761 5128 enim

2191 5190 2299 5230 non
2329 5174 2668 5243 prohibetur,
2701 5173 2797 5228 sed
2827 5171 3008 5242 potius
3038 5169 3375 5226 collaudatur
3404 5183 3420 5229 ;
3455 5171 3665 5219 tantum
3696 5175 3763 5215 ne

2191 5281 2258 5321 ex
2284 5272 2597 5333 contemptu
2623 5272 2873 5318 creatura
2895 5263 2990 5318 Dei
3017 5260 3271 5317 humanis
3296 5272 3553 5313 concessa
3577 5254 3762 5313 usibus

2188 5362 2525 5411 exsecretur.
2569 5352 2782 5408 Nullum
2824 5369 2950 5407 esus
2987 5351 3183 5405 furtiva
3223 5347 3614 5406 contaminatio
3647 5342 3765 5415 pol-

2188 5446 2337 5511 luat,
2372 5454 2465 5501 aut
2497 5445 2780 5515 impudens
2819 5445 2903 5501 vel
2942 5445 3188 5517 privatus
3227 5451 3382 5498 extra
3421 5449 3765 5496 communem

2189 5551 2430 5592 mensam
2476 5536 2788 5606 appetitus:
2835 5531 3411 5591 excommunicationis
3452 5529 3597 5584 enim
3640 5538 3767 5581 sen-

2191 5627 2372 5683 tcnti:e
2405 5624 2733 5694 subiacebit,
2767 5626 2860 5696 qui
2889 5625 2973 5680 vel
3002 5624 3210 5681 occulte
3237 5620 3319 5676 vel
3355 5628 3512 5676 extra
3548 5615 3767 5673 ordina-

2191 5716 2328 5771 riam
2360 5729 2600 5769 mensam
2632 5712 2835 5783 aliquid
2864 5711 3247 5783 degustaverit.
3284 5710 3419 5763 Ante
3451 5700 3765 5761 refectioni:
