3974 6192
276 278 382 350 ἐέσὸ

884 291 1108 348 CODEX
1150 294 1605 352 REGULARUM.
1654 329 1715 337 -—
1745 297 1925 352 PARS
1965 299 2024 353 II.
2070 301 2374 356 REGUL'E
2416 303 2519 357 PP.
2562 286 2917 361 OCCIDENT.

3423 314 3527 369 566

271 420 493 479 tempus
522 407 703 462 nullus
731 408 873 469 vesci
901 407 1129 471 audeat,
1157 422 1356 479 praeter
1396 427 1520 465 eum
1550 413 1643 481 qui
1681 428 1850 482 :egro-
1876 414 1924 474 Α
1953 429 1983 465 a
2013 414 2137 469 vino
2157 424 2213 469 et
2238 417 2305 470 ab
2331 416 2449 471 oleo
2474 418 2797 473 abstinetur.
2825 402 3133 477 Secundum
3156 420 3421 493 jejunium
3447 428 3528 480 in—

271 507 363 554 tat
400 516 415 552 :
458 497 549 567 qui
585 497 731 550 enim
773 505 984 566 tempus
1012 498 1208 553 edendi
1243 502 1630 567 antecesserit,
1666 502 1853 556 subse-

272 589 569 661 quentibus
621 589 802 657 pmnis
855 589 1198 645 abstinentiae
1255 590 1574 659 subjacebit.
1634 591 1850 647 Sitienti

271 682 512 752 cuipiam
541 688 638 735 aut
666 680 938 737 defectum
974 683 1200 752 patienti
1239 693 1367 739 ante
1403 685 1598 739 edendi
1642 692 1852 755 tempus

270 769 668 828 consulendum
705 778 824 836 est,
855 772 1048 826 abbate
1076 772 1161 827 vel
1202 773 1491 843 przeposito
1529 774 1848 842 ordinante,

269 876 378 917 non
413 870 599 916 tamen
625 860 805 931 palam
824 902 839 925 ,
872 877 939 916 ne
969 860 1111 917 forte
1139 863 1290 917 sitire
1312 904 1327 927 ,
1361 863 1444 918 vel
1477 864 1685 919 esurire
1715 865 1851 920 alios

267 958 450 1022 cogat.
501 949 970 1020 Hebdomadarius
1014 951 1164 1006 solus
1215 951 1366 1006 cibos
1417 952 1695 1023 degustet,
1749 968 1850 1009 nec

265 1041 391 1112 quis
420 1040 478 1095 id
508 1040 651 1094 alius
680 1040 880 1094 audeat
910 1057 922 1093 :
956 1055 1026 1094 ne
1053 1042 1154 1095 sub
1178 1042 1465 1097 occasione
1493 1043 1808 1113 degustandi
1831 1084 1847 1109 ,

266 1131 407 1205 gulae
435 1130 526 1185 vel
562 1129 769 1200 gutturi
809 1128 1130 1184 satisfaciat.
1171 1129 1323 1185 Laici
1365 1130 1604 1184 ministri
1646 1132 1849 1187 mensis

265 1223 664 1279 monachorum
706 1220 1013 1276 nullatenus
1054 1222 1398 1277 intererunt:
1436 1238 1538 1278 nec
1578 1224 1722 1278 enim
1752 1239 1848 1294 po-

262 1313 396 1368 terit
435 1311 549 1366 illis
587 1325 788 1365 mensae
825 1311 1132 1366 communis
1169 1326 1288 1367 esse
1327 1312 1510 1378 locus,
1538 1312 1736 1382 quibus
1763 1315 1846 1370 di-

261 1403 440 1459 versis
469 1411 556 1457 est
584 1402 926 1472 praepositus.
960 1402 1203 1458 Monachi
1246 1419 1369 1457 cum
1407 1420 1438 1457 a
1479 1406 1684 1460 mensis
1725 1422 1847 1460 sur-

260 1493 550 1557 rexerint,
593 1492 662 1546 ad
703 1491 1005 1546 orationem
1050 1507 1240 1548 omnes
1287 1502 1660 1549 concurrant:
1701 1497 1845 1566 quod

261 1597 467 1637 mensa:
495 1580 879 1637 redundaverit
896 1621 912 1647 ,
931 1581 1078 1636 omni
1105 1598 1235 1637 cura
1262 1593 1536 1639 servatum
1563 1587 1845 1657 egentibus

260 1669 691 1739 dispensabitur.
734 1668 793 1723 In
826 1669 1120 1726 refectione
1156 1675 1545 1744 monachorum
1584 1691 1615 1730 a
1654 1668 1845 1732 diebus

1955 503 2259 557 tcrdianum
2304 514 2429 575 post
2474 506 2828 563 Pentecosten
2878 509 2985 565 alia
3034 511 3522 580 die’inchoalum,

1951 607 2124 660 usque
2151 596 2218 648 ad
2244 595 2626 664 aequinoctium
2657 598 2967 653 autumnale
2989 602 3331 670 pretenditur
3356 607 3542 663 ternis.

1952 685 2165 741 scilicet
2207 687 2399 742 diebus
2441 705 2539 758 per
2586 689 2826 760 singulas
2866 692 3268 760 hebdomadas,
3300 704 3526 766 propter

1949 778 2200 831 aestivum
2229 778 2360 834 solis
2390 780 2662 834 ardorem.
2697 780 2942 835 Tertium
2972 783 3223 851 sequitur
3252 787 3523 853 quotidia-

1948 882 2077 920 num
2122 865 2387 935 jejunium
2411 908 2426 933 ,
2464 868 2531 923 ab
2570 875 2764 923 octavo
2795 868 3005 925 decimo
3042 871 3313 929 Kalendas
3360 873 3521 930 0cto~

1948 952 2099 1018 bris,
2136 968 2308 1023 usque
2346 954 2412 1008 ad
2451 953 2641 1010 Natale
2678 956 3057 1026 Dominicum,
3096 958 3149 1015 in
3183 977 3292 1031 quo
3339 964 3521 1032 quoti-

1947 1044 2105 1099 diana
2129 1044 2337 1113 jejunia
2366 1062 2711 1118 nequaquam
2748 1048 3050 1104 solvuntur.
3091 1051 3355 1118 Quartum
3388 1056 3517 1110 item

1949 1137 2325 1207 quotidianum
2373 1137 2639 1207 jejunium
2693 1148 2817 1210 post
2871 1136 3013 1195 dicit]
3070 1143 3520 1203 Circumcisionis

1948 1227 2211 1293 exoritur,
2245 1228 2629 1299 peragiturque
2664 1245 2836 1300 usque
2873 1231 2939 1285 ad
2976 1231 3239 1287 solemnia
3276 1235 3517 1291 Paschaz.

1947 1315 2016 1370 Hi
2047 1325 2227 1371 autem
2258 1317 2351 1386 qui
2382 1326 2653 1373 vetustate
2681 1320 2929 1390 corporis
2956 1325 3296 1393 consumpti,
3325 1335 3419 1380 aut
3444 1335 3521 1382 te-

1947 1422 2093 1462 nera:
2114 1408 2299 1463 {etatis
2328 1408 2619 1479 fragilitate
2653 1411 2857 1466 detenti
2890 1420 3048 1479 sunt,
3081 1428 3186 1468 non
3223 1422 3348 1469 sunt
3384 1431 3522 1485 quo-

1948 1493 2168 1549 tidianis
2196 1495 2483 1550 exercendi
2505 1493 2730 1563 jejuniis
2760 1513 2774 1550 :
2808 1513 2876 1552 ne
2904 1508 2996 1553 aut
3026 1515 3318 1555 senescens
3344 1511 3477 1558 aetas
3505 1544 3518 1565 ,

1946 1592 2237 1655 antequam
2288 1587 2574 1653 moriatur,
2623 1587 2878 1655 deﬁciat;
2922 1600 3014 1644 aut
3055 1608 3304 1647 crescens
3342 1594 3521 1664 prius-

1946 1690 2107 1745 quam
2142 1677 2424 1748 proﬁciat,
2463 1679 2655 1747 cadat,
2694 1687 2749 1736 et
2799 1690 2926 1737 ante
2960 1682 3192 1739 intereat
3223 1699 3386 1755 quam
3424 1686 3519 1740 bo-

261 1760 620 1816 Peutecostes
641 1775 815 1829 usque
836 1761 903 1817 ad
927 1763 1169 1816 autumni
1196 1764 1521 1834 principium
1549 1774 1659 1821 tota
1683 1776 1842 1823 aestas
1868 1764 1916 1822 B
1945 1782 2071 1823 num
2105 1766 2284 1823 facere
2313 1768 2506 1824 discat.

260 1848 576 1905 interdiaua
622 1849 890 1918 prandia,
945 1863 1105 1905 coma
1156 1859 1365 1906 tantum
1412 1862 1734 1922 apponatur.
1785 1855 1840 1910 ln

260 1944 512 2014 utrisque
539 1945 875 2013 temporibus
902 1943 1129 2000 refectio
1156 1960 1360 2003 mensa:
1389 1948 1566 2004 tribus
1593 1950 1699 2003 erit
1723 1950 1843 2020 pul-

259 2034 498 2099 mentis,
529 2033 741 2088 olerum
773 2032 980 2089 scilicet
1019 2042 1078 2090 et
1114 2035 1480 2107 leguminum,
1526 2046 1582 2092 et
1622 2038 1668 2093 si
1711 2038 1842 2107 quid

260 2125 481 2180 tertium
531 2124 732 2189 fuerit,
782 2140 1089 2195 pomorum.
1138 2126 1332 2182 Ternis
1374 2142 1591 2197 quoque
1634 2128 1842 2199 poculis

261 2211 503 2267 fraterna
534 2212 825 2268 reﬁcienda
856 2222 940 2269 est
968 2215 1107 2270 sitis.
1152 2216 1208 2270 In
1240 2215 1619 2273 observatione
1660 2225 1839 2273 autem

258 2303 740 2374 Quadragesimxe,
771 2305 913 2360 sicut
943 2306 1062 2360 ﬁeri
1093 2307 1261 2372 solet,
1305 2316 1428 2378 post
1456 2308 1729 2377 expletum
1756 2308 1841 2378 je-

253 2389 499 2460 junium,
528 2408 671 2463 pane
712 2393 830 2450 solo
869 2404 926 2450 et
965 2410 1105 2465 aqua
1146 2398 1387 2452 contenti
1428 2413 1621 2454 omnes
1648 2408 1838 2467 erunt,

257 2484 383 2540 vino
411 2494 596 2540 autem
627 2494 684 2542 et
710 2487 830 2543 oleo
859 2488 1229 2545 abstinebant.

871 2600 1099 2658 CAPUT
1144 2602 1233 2656 XI.

900 2671 979 2726 De
1032 2672 1199 2741 feriis.

332 2759 429 2816 Hae
471 2768 599 2817 sunt
642 2760 791 2816 ferite
829 2762 1254 2827 monachorum,
1302 2763 1358 2817 in
1401 2764 1599 2833 quibus
1636 2762 1841 2834 jejunia

254 2850 674 2920 conquiescunt.
703 2851 760 2905 In
788 2850 982 2920 primis
1008 2853 1339 2907 venerabilis
1378 2852 1496 2908 dies
1523 2853 1839 2908 Dominicus

258 2941 467 2997 nomini
490 2940 693 2997 Christi
721 2941 932 2996 dicatus
956 2958 970 3007 ;
998 2941 1089 3012 qui
1115 2942 1255 2997 sicut
1277 2951 1500 3011 propter
1522 2943 1839 3015 mysterium

259 3032 683 3087 resurrectionis
705 3031 824 3100 ejus
862 3031 1118 3087 solemnis
1146 3039 1230 3087 est
1250 3073 1265 3098 ,
1297 3042 1355 3087 et
1380 3033 1451 3087 ita
1483 3034 1624 3102 apud
1653 3048 1841 3089 omnes

2525 1854 2755 1913 CAPUT
2789 1857 2926 1913 XIII.

2369 1944 2447 1999 De
2480 1945 2661 1999 habitu
2691 1946 3084 2001 monachorum.

2012 2035 2203 2091 Cultus
2238 2037 2470 2092 vestium
2504 2037 2589 2092 vel
2629 2037 3064 2093 indumentorum
3114 2041 3345 2112 insignia
3393 2058 3511 2098 mo-

1941 2132 2116 2186 nacho
2159 2132 2494 2201 deponenda.
2542 2130 2779 2187 Munitus
2825 2131 2984 2187 debet
3020 2146 3139 2187 esse
3181 2136 3513 2200 monachus,

1940 2237 2047 2276 non
2079 2221 2361 2277 delicatus.
2399 2221 2550 2276 Sicut
2578 2229 2758 2276 autem
2790 2236 2896 2276 non
2926 2231 3137 2291 oportet
3165 2223 3217 2275 in
3250 2225 3518 2278 monacho

1944 2328 2067 2368 esse
2100 2313 2357 2368 notabilis
2394 2313 2642 2380 habitus,
2675 2315 2747 2367 ita
2781 2328 2882 2368 nec
2918 2314 3052 2368 satis
3087 2314 3350 2385 ahjectus.
3382 2314 3517 2370 Nam

1944 2403 2185 2472 pretiosa
2215 2404 2382 2459 vestis
2411 2404 2647 2458 animam
2683 2404 2750 2459 ad
2788 2404 3067 2459 lasciviam
3097 2406 3400 2474 pertrahit;
3433 2408 3518 2461 ni-

1942 2495 2044 2549 mis
2092 2495 2217 2548 vilis
2265 2503 2360 2549 aut
2408 2496 2648 2550 dolorem
2698 2497 2877 2550 cordis
2916 2496 3089 2565 parit,
3139 2506 3233 2552 aut
3269 2498 3517 2552 morbum

1942 2600 2095 2638 vanm
2123 2583 2309 2654 gloriae.
2337 2585 2630 2638 contrahit.
2660 2583 2993 2638 Vestimenta
3020 2600 3127 2640 non
3157 2594 3315 2639 erunt
3340 2602 3492 2655 aequa

1944 2675 2071 2728 liter
2109 2674 2483 2729 distribuenda
2518 2672 2772 2728 omnibus
2795 2714 2810 2736 ,
2849 2674 2944 2728 sed
2979 2689 3101 2729 cum
3145 2675 3476 2730 discretione
3499 2719 3519 2739 ν

1939 2773 2101 2836 prout
2125 2760 2387 2833 cujusque
2413 2773 2545 2819 artas
2572 2763 2655 2818 vel
2686 2763 2885 2834 gradus
2908 2762 3235 2832 expostulat.
3265 2761 3343 2817 Ita
3371 2764 3516 2817 enim

1941 2863 1996 2910 et
2033 2854 2310 2924 apostolos
2358 2853 2554 2909 fecisse
2602 2853 2867 2925 legimus,
2919 2853 3059 2907 sicut
3094 2854 3355 2924 scriptum
3391 2862 3513 2909 est:

1941 2944 2113 2998 Erant
2153 2944 2261 2999 illis
2296 2944 2471 2998 omnia
2513 2945 2809 2997 communia
2832 2961 2853 3009 ;
2884 2952 2931 2998 ct
2961 2944 3370 2998 distribuebatur
3400 2945 3519 2998 uni-

1944 3035 2128 3104 cuique
2175 3043 2328 3104 prout
2381 3049 2509 3103 opus
2559 3041 2669 3086 erat
2721 3030 2878 3103 (Act.
2912 3030 3027 3105 tv).
3083 3031 3517 3102 Uniuscujusque

257 3137 449 3177 servos
480 3119 599 3189 ejus
626 3121 997 3177 celebritatem
1026 3122 1261 3177 convivii
1284 3122 1464 3177 votivo
1491 3122 1685 3194 gaudio
1709 3124 1839 3178 reti-
1866 3105 1909 3165 Ο
1942 3131 2124 3178 autem
2160 3120 2348 3177 fratris
2390 3120 2824 3191 supplementum
2868 3121 2951 3176 vel
3002 3121 3299 3193 indigentia
3349 3122 3514 3190 inspi-

257 3215 429 3270 nebit.
463 3213 601 3268 Item
629 3228 660 3266 a
687 3213 869 3282 primo
899 3213 986 3268 die
1016 3212 1238 3268 Pascha:
1266 3229 1440 3284 usque
1480 3213 1546 3269 ad
1579 3214 1837 3270 Penteco-

259 3317 412 3371 sten,
459 3305 850 3375 quinquaginta
891 3305 1104 3360 scilicet
1137 3306 1412 3361 continuis
1441 3307 1662 3371 diebus,
1693 3305 1837 3376 jeju-

259 3400 407 3453 nium
435 3413 468 3452 a
495 3397 701 3453 sanctis
722 3396 975 3451 Patribus
1004 3396 1324 3453 dissolutum
1357 3405 1475 3462 est;
1508 3407 1728 3467 prepter
1758 3413 1837 3451 re-

259 3489 658 3545 surrectionem
676 3486 930 3542 videlicet
953 3486 1191 3552 Christi,
1213 3495 1269 3542 et
1288 3487 1579 3543 adventum
1603 3488 1838 3556 Spiritus

261 3582 432 3636 sancti
462 3599 475 3634 :
513 3587 576 3634 ut
602 3579 658 3634 hi
688 3579 805 3633 dies
832 3593 939 3633 non
968 3578 1023 3631 in
1055 3577 1227 3646 ﬁgura
1260 3577 1490 3641 laboris,
1522 3578 1663 3646 quod
1695 3577 1837 3643 Qua-

261 3671 580 3741 dragesimte
608 3675 816 3737 tempus
856 3666 1156 3737 signiﬁcat,
1190 3668 1284 3721 sed
1323 3667 1377 3720 in
1417 3666 1601 3736 quiete
1641 3666 1839 3720 laetitiae

260 3762 454 3817 laxatis
473 3759 697 3829 jejuniis
718 3759 1074 3815 celebrentur.
1098 3757 1307 3813 Placuit
1334 3757 1499 3811 etiam
1528 3756 1779 3810 Patribus
1807 3771 1837 3809 a

261 3854 343 3909 die
385 3852 592 3908 natalis
636 3850 850 3906 Domini
894 3864 1067 3919 usque
1109 3850 1177 3903 ad
1221 3847 1362 3902 diem
1400 3845 1838 3901 Circumeisionis

260 3943 501 3999 solemne
532 3949 747 4011 tempus
774 3936 988 3995 eﬁicere
1027 3938 1409 4006 licentiamque
1447 3935 1700 3991 vescendi
1742 3935 1839 3988 ha-

258 4035 407 4091 bere.
440 4031 557 4087 Non
587 4032 748 4086 aliter
774 4038 830 4087 et
857 4031 973 4086 dies
1001 4029 1320 4100 Epiphania:
1350 4043 1418 4085 ex
1447 4027 1618 4082 veteri
1652 4026 1837 4096 regula
1868 4067 1874 4072 .

259 4123 542 4180 reﬁciendi
573 4121 959 4191 indulgentiam
988 4125 1282 4175 consecuta
1309 4125 1393 4174 est
1422 4135 1434 4171 :
1478 4116 1743 4185 siquidem
1783 4122 1839 4169 ct

260 4216 385 4271 dum
419 4214 651 4283 quisque
679 4211 908 4266 fratrum
939 4209 1292 4275 convertitur,
1325 4208 1417 4263 alii
1462 4222 1529 4261 ex
1571 4206 1693 4260 aliis
1718 4220 1836 4260 mo-

259 4307 520 4362 nasteriis
569 4304 771 4360 fratres
814 4304 988 4375 gratia
1033 4302 1289 4358 visitandi
1328 4307 1688 4364 concurrunt,
1737 4314 1837 4369 pro

259 4396 532 4452 cbaritate
584 4393 927 4464 adimplenda
977 4393 1446 4461 interrumpuntur
1487 4388 1691 4458 jejunia
1721 4428 1736 4454 ,
1790 4387 1835 4442 si

262 4496 442 4543 tamen
469 4501 579 4542 non
609 4485 810 4542 fuerint
839 4484 1131 4555 generalia.
1177 4482 1381 4538 Prmter
1408 4481 1523 4535 haec
1565 4480 1669 4535 alia
1701 4488 1836 4534 tem-

260 4594 390 4649 pora
439 4578 613 4634 libere
656 4577 990 4645 licenterque
1029 4575 1353 4647 jejuniorum
1405 4573 1723 4626 inserviunt.
1775 4568 1831 4624 Si

263 4669 352 4738 qui
382 4675 567 4722 autem
594 4666 982 4721 monachorum
1025 4662 1297 4733 praedictis
1331 4661 1662 4730 temporibus
1696 4658 1837 4727 jeju-

263 4775 392 4815 nare
432 4760 758 4827 disponunt,
789 4770 1127 4826 nequaquam
1163 4750 1481 4823 prohibendi
1518 4760 1678 4804 sunt:
1712 4763 1833 4801 nam

264 4850 417 4903 multi
446 4849 799 4918 antiquorum
829 4846 1050 4899 Patrum
1088 4842 1173 4897 his
1196 4841 1386 4895 diebus
1416 4840 1469 4893 in
1500 4853 1683 4893 eremo
1713 4837 1837 4890 abs-

264 4940 526 5004 tinuisse,
574 4953 677 4992 nec
714 4937 1048 5005 aliquantum
1081 4932 1285 5001 jejunia
1326 4929 1550 4985 solvisse
1586 4926 1840 4996 leguntur

268 5028 368 5082 nisi
400 5034 610 5082 tantum
640 5026 828 5081 diebus
871 5022 1192 5084 Dominicis,
1224 5029 1445 5090 propter
1488 5014 1839 5071 resurrectio-

268 5117 352 5173 nis
375 5118 582 5175 Christi
611 5117 876 5173 laetitiam.

863 5203 1088 5261 CAPUT
1135 5202 1228 5259 XII

880 5296 959 5349 De
977 5293 1221 5364 jejuuiis.

334 5388 675 5461 Jejuniorum
720 5395 901 5442 autem
945 5387 1045 5441 hos
1091 5385 1207 5440 dies
1242 5383 1585 5454 potissimum
1627 5388 1840 5435 veteres

267 5482 564 5553 elegean
608 5480 852 5535 Primum
886 5478 1151 5549 jejunium
1190 5475 1627 5546 Quadragesima:
1664 5472 1843 5542 quoti-

268 5574 521 5636 dianum,
563 5572 619 5626 in
662 5586 769 5642 qua
809 5570 985 5641 major
1022 5569 1365 5625 abstinentite
1404 5563 1747 5621 observantia
1786 5563 1839 5617 in

270 5665 576 5731 monachis,
598 5663 854 5733 quoniam
878 5678 983 5718 non
1012 5661 1185 5717 solum
1215 5676 1243 5714 a
1273 5657 1532 5730 prandiis,
1558 5656 1651 5712 sed
1677 5655 1839 5712 etiam

1937 3214 2115 3268 ciatur
2145 3227 2160 3266 :
2205 3220 2266 3267 ut
2311 3212 2404 3282 qui
2448 3213 2693 3278 habent,
2727 3212 2967 3267 contenti
3003 3212 3150 3278 sint;
3185 3219 3239 3265 et
3276 3212 3365 3280 qui
3407 3226 3513 3265 non

1936 3302 2174 3365 habent,
2205 3302 2495 3372 accipiant.
2530 3300 2666 3355 Nam
2703 3300 2920 3356 babenti
2951 3315 3058 3354 non
3093 3300 3326 3365 dabitur,
3358 3307 3419 3353 ut
3446 3300 3519 3353 sit

1938 3392 2084 3447 unde
2116 3392 2403 3461 egentibus
2431 3390 2726 3445 tribuatur.
2763 3390 2935 3444 Porro
2971 3390 3137 3444 linteo
3167 3405 3271 3444 non
3303 3396 3519 3459 oportet

1940 3481 2268 3536 monachum
2310 3480 2460 3534 indui
2494 3498 2508 3533 :
2548 3480 2786 3534 orarium
2814 3520 2828 3545 ,
2865 3480 3043 3534 birros
3068 3520 3083 3544 ,
3121 3480 3369 3548 planetas
3405 3494 3513 3532 non

1938 3585 2021 3629 est
2053 3575 2133 3629 fas
2163 3575 2239 3627 uti
2259 3614 2273 3637 ,
2315 3588 2490 3642 neque
2531 3573 2621 3627 illa
2659 3571 2973 3626 indumenta
3005 3572 3086 3626 vel
3113 3572 3478 3628 calceamenta
3498 3613 3513 3637 ,

1938 3682 2059 3735 quae
2088 3663 2416 3735 generaliter
2444 3670 2638 3717 ea-tera
2670 3663 2998 3715 monas‘teria
3028 3662 3342 3715 abutuntur.
3377 3661 3513 3716 Ter-

1938 3757 2025 3811 nis
2054 3763 2234 3809 autem
2268 3753 2496 3817 tunicis,
2527 3760 2584 3807 et
2620 3752 2773 3811 bonis
2807 3751 3014 3820 palliis,
3048 3750 3383 3821 singulisque
3411 3766 3509 3805 cu»

1936 3847 2093 3904 cullis
2137 3843 2378 3900 contenti
2426 3850 2587 3897 erunt
2632 3842 2776 3897 servi
2820 3840 3048 3905 Christi,
3102 3842 3298 3912 quibus
3345 3836 3509 3911 supra

1938 3938 2222 4009 adjicictur
2250 3933 2476 3990 melotcs
2504 3932 2729 4003 pellieea
2749 3972 2763 3998 ,
2795 3932 3046 4001 mappula
3068 3972 3083 3999 ,
3119 3931 3348 3987 manica:
3375 3944 3511 4000 quo-

1938 4043 2043 4099 que
2069 4024 2290 4097 pedules
2311 4065 2324 4089 ,
2356 4030 2411 4078 et
2444 4022 2649 4093 caligae.
2682 4021 2780 4076 His
2809 4029 3019 4075 tantum
3048 4020 3295 4077 contenti
3318 4026 3509 4082 erunt,

1938 4119 2071 4174 nihil
2099 4123 2359 4187 przeterea
2386 4114 2440 4169 in
2467 4114 2654 4169 habitu
2682 4112 2825 4169 aliud
2851 4120 3261 4182 przcsumentes.
3285 4108 3513 4166 Pedules

1938 4218 2120 4264 autem
2151 4214 2373 4262 utentur
2402 4206 2455 4261 in
2489 4205 2852 4271 monasterio,
2883 4204 3120 4274 quandiu
3154 4204 3352 4258 hiemis
3383 4215 3509 4257 coe-

1938 4296 2079 4369 gerit
2108 4294 2360 4349 violentia
2389 4309 2403 4358 ;
2436 4292 2552 4347 sive
2580 4292 2704 4346 dum
2737 4290 2934 4345 fratres
2970 4288 3294 4360 gradiuntur
3327 4287 3381 4340 in
3419 4286 3509 4340 iti-

1942 4399 2074 4439 nere
2094 4424 2108 4449 ,
2139 4381 2224 4436 vel
2255 4381 2673 4452 proﬁciscuntur
2701 4380 2767 4433 ad
2794 4380 3004 4433 urbem.
3050 4375 3297 4431 Monachi
3326 4383 3506 4429 autem

1944 4474 1997 4527 in
2027 4470 2359 4527 monasterio
2385 4469 2566 4539 palliis
2593 4483 2806 4537 semper
2830 4467 3161 4537 operiantur,
3192 4472 3253 4519 ut
3278 4479 3380 4533 pro
3407 4464 3506 4518 ho—

1936 4573 2147 4619 nestate
2177 4561 2305 4617 tecti
2340 4560 2622 4625 incedant,
2652 4568 2710 4614 et
2737 4559 2789 4612 in
2819 4557 3120 4612 ministerio
3144 4555 3323 4626 operis
3346 4569 3508 4623 expc-

1938 4654 2035 4708 diti
2070 4653 2400 4706 discurrant.
2443 4649 2585 4703 Sane
2616 4650 2660 4703 si
2693 4647 2831 4702 forte
2863 4648 2987 4718 quis
3016 4645 3235 4717 pallium
3270 4659 3374 4699 non
3412 4644 3509 4697 ha-

1938 4747 2088 4809 beat,
2121 4742 2362 4797 humeris
2390 4739 2696 4809 mappulam
2727 4747 3072 4808 superponat.
3104 4736 3293 4791 Nullus
3322 4748 3510 4788 mona-

1938 4836 2161 4889 chorum
2194 4832 2373 4886 vultus
2414 4844 2600 4884 curam
2640 4837 2822 4897 gerat,
2868 4843 2977 4897 per.
3008 4826 3153 4896 quod
3182 4823 3417 4879 lascivia:
3453 4829 3509 4877 et

1937 4924 2247 4996 petulantiae
2279 4922 2483 4976 crimen
2522 4921 2808 4974 incurrat:
2863 4934 2967 4972 non
3014 4924 3098 4971 est
3139 4915 3283 4969 enim
3326 4919 3508 4968 mente

1940 5023 2151 5079 castus,
2203 5011 2356 5082 cujus
2403 5020 2497 5065 aut
2540 5010 2785 5079 corporis
2827 5009 3035 5072 cultus,
3070 5012 3164 5059 aut
3204 5002 3507 5072 impudicus
3552 5052 3557 5057 .

1939 5113 2115 5163 exstat
2143 5106 2406 5159 incessus.
2436 5102 2621 5156 Nullus
2647 5099 3032 5154 monachorum
3060 5108 3272 5150 comam
3301 5092 3508 5145 nutrire

1941 5199 2136 5254 debet:
2172 5210 2293 5250 nam
2322 5194 2411 5263 qui
2448 5194 2552 5247 hoe
2588 5191 2885 5253 imitantur,
2918 5187 3021 5241 etsi
3054 5185 3165 5254 ipsi-
3183 5184 3291 5238 hoc
3318 5181 3385 5235 ad
3414 5180 3508 5234 de-

1941 5288 2215 5358 cipiendos
2242 5286 2486 5340 homines
2510 5299 2608 5353 per
2638 5281 2873 5351 speciem
2901 5276 3261 5336 simulationis
3290 5288 3397 5328 non
3426 5271 3509 5325 fa-

1940 5379 2090 5433 ciant
2110 5417 2125 5442 ,
2157 5376 2293 5429 alios
2331 5371 2953 5436 tamenscandalizant;
2984 5376 3248 5440 ponentes
3283 5362 3509 5421 offendi-

1940 5468 2119 5525 culum
2170 5465 2434 5530 inﬁrmis,
2478 5472 2533 5519 et
2566 5470 2813 5517 sanctum
2846 5461 3181 5532 propositum
3218 5470 3390 5527 usque
3436 5454 3502 5507 ad

1941 5556 2332 5628 blasphemiam
2389 5554 2765 5623 perducentcs.
2823 5549 3067 5604 Tendere
3126 5560 3258 5618 ergo
3312 5544 3509 5599 debent

1946 5649 2066 5714 isti,
2101 5645 2315 5717 quando
2344 5652 2397 5697 et
2427 5657 2632 5709 omnes,
2661 5642 2770 5696 imo
2795 5637 2953 5694 simul
2979 5654 3040 5693 ac
3066 5638 3270 5707 pariter
3298 5649 3505 5691 omnes.
