3974 6192
446 335 549 391 16⁸1

1473 333 1530 389 S.
1572 328 1929 387 BENEDICTI
1965 328 2257 383 ABBATIS
2291 330 2700 386 .LVIANENSZS

3589 333 3688 391 568

445 445 579 498 Nam
614 446 1035 516 reprehensibile
1072 455 1192 512 est,
1232 444 1505 501 diversum
1542 446 1744 499 habere
1773 443 2005 499 cultum.
2037 444 2085 501 A
2114 443 2403 497 secundam
2454 443 2873 497 admonitionem
2926 458 2956 497 a
3008 444 3140 498 vitio
3184 459 3530 515 nequaquam
3585 446 3701 502 fnec

445 533 537 590 ubi
567 550 674 588 non
704 544 787 590 est
814 536 1086 591 diversum
1118 536 1451 606 propositum

1032 623 1260 683 CAPUT
1295 624 1430 682 XIV.

627 715 701 769 De
729 724 897 770 strato
917 757 932 781 ,
964 716 1073 770 sive
1099 715 1164 771 de
1192 715 1523 772 illusionibus
1552 719 1849 772 nocturnis.

518 808 779 864 Abbatem
820 826 942 865 cum
976 808 1235 865 fratribus
1272 810 1477 880 pariter
1515 809 1568 863 in
1598 810 2018 881 congregatione

446 900 771 955 commorari
807 909 1057 969 oportet;
1098 908 1157 954 ut
1190 899 1493 956 conununis
1539 902 1912 967 conversatio,
1971 909 2019 957 3t

448 989 823 1046 testimonium
868 990 1024 1045 bona:
1077 992 1229 1058 vitm,
1273 1001 1329 1047 et
1373 992 1734 1048 reverentiam
1779 994 2019 1062 praebeat

448 1083 765 1154 disciplina.
801 1083 1020 1140 Fratres
1048 1100 1262 1155 quoque
1289 1100 1506 1150 omnes,
1541 1086 1585 1141 si
1617 1086 1871 1156 possibile
1899 1093 2016 1151 est,

451 1175 506 1230 in
536 1191 643 1230 uno
672 1175 915 1231 conclavi
942 1177 1270 1231 commorari
1301 1177 1473 1232 decet.
1525 1175 1678 1244 Quod
1724 1175 1770 1231 si
1804 1175 2020 1230 difﬁcile

446 1264 641 1332 fuerit,
672 1275 819 1322 certe
845 1267 931 1322 vel
958 1268 1143 1323 decem
1162 1309 1179 1333 ,
1207 1268 1403 1338 quibus
1430 1283 1569 1322 unus
1593 1275 1677 1322 est
1703 1281 2019 1337 prazponen-

447 1356 548 1410 dus
577 1356 844 1420 decanus,
876 1357 1034 1426 quasi
1067 1365 1247 1413 rector
1274 1365 1329 1411 et
1358 1365 1563 1412 custos.
1594 1356 1905 1425 Speciosam
1935 1356 2020 1411 vel

448 1446 653 1500 variam
682 1447 1071 1516 supellectilem
1102 1449 1430 1504 monachum
1470 1448 1670 1503 habere
1706 1464 1815 1503 non
1852 1432 2017 1513 licet,

447 1536 603 1606 cujus
631 1547 835 1592 stratus
860 1538 968 1592 erit
995 1547 1200 1603 storea,
1222 1546 1277 1593 et
1300 1538 1613 1608 stragulum,
1644 1538 1913 1609 pellesque
1945 1539 2019 1593 la-

447 1634 585 1681 natae
613 1626 765 1692 dum,
797 1626 1039 1697 galnabis
1068 1642 1283 1697 quoque
1311 1637 1366 1683 et
1405 1627 1816 1699 frecistergium,
1848 1630 2019 1700 gemi-

446 1729 656 1783 nusque
682 1716 751 1770 ad
777 1724 938 1785 caput
963 1717 1233 1786 pulvillus.
1262 1717 1367 1780 Per
1392 1719 1632 1787 singulas
1656 1718 2021 1775 hebdomadas

2117 531 2187 584 rit
2235 532 2584 597 emendatus,
2638 548 2875 603 congrua
2924 531 3050 587 facti
3094 534 3176 588 sui
3229 535 3701 593 animadversione

2116 629 2448 674 coerceatur.
2467 620 2783 676 Peccantem
2808 622 2984 677 nullus
3004 624 3266 678 oceultet:
3286 625 3533 681 criminis
3554 627 3703 682 enim

2116 718 2200 763 est
2235 712 2522 766 consensio
2555 721 2679 781 post
2715 714 3007 768 secundam
3054 714 3475 771 admonitionem
3520 718 3705 775 celare

2116 802 2427 869 quempiam
2469 810 2830 871 peccatorem.
2873 800 2932 857 Si
2978 804 3101 872 quis
3141 804 3337 874 saepius
3381 816 3702 875 peccantem

2116 889 2341 955 viderit,
2366 890 2517 960 prius
2546 891 2648 946 boc
2683 891 2773 944 uni
2804 890 2888 945 vel
2914 890 3124 946 duobus
3155 891 3491 947 demonstret
3523 893 3707 949 fratri.

2116 979 2238 1043 bus,
2263 995 2489 1049 quorum
2518 980 2827 1035 testimonio
2853 982 3023 1050 possit
3047 982 3316 1047 convinci,
3351 983 3397 1038 si
3426 987 3709 1055 negaverit

2118 1069 2209 1136 qui
2239 1069 2483 1140 deliquit.
2522 1070 2812 1126 Peccatum
2836 1071 3015 1141 palam
3041 1073 3388 1127 commissum
3413 1074 3594 1143 palam
3624 1087 3707 1131 est

2119 1162 2447 1232 arguendum
2476 1179 2489 1215 :
2526 1170 2585 1216 ut
2619 1162 2746 1216 dum
2782 1176 3016 1231 peccans
3049 1161 3335 1217 manifeste
3362 1164 3706 1230 emendatur,

2121 1252 2174 1305 hi
2209 1253 2301 1322 qui
2330 1268 2453 1307 eum
2486 1253 2537 1308 in
2564 1254 2708 1309 malo
2739 1253 2936 1307 imitati
2974 1261 3134 1319 sunt,
3161 1255 3523 1325 corrigantur.
3553 1255 3708 1310 Sicut

2120 1352 2301 1397 autem
2327 1343 2487 1398 unius
2517 1343 2716 1398 delicto
2752 1358 2894 1413 saepe
2931 1343 3083 1397 multi
3121 1350 3381 1414 pereunt;
3424 1346 3500 1399 ita
3546 1345 3709 1400 unius

2119 1436 2497 1491 emendatione
2515 1436 2832 1506 plerumque
2858 1434 3014 1489 multi
3037 1435 3333 1489 salvantur.
3359 1436 3462 1502 Qui
3490 1452 3625 1491 vero
3653 1437 3705 1491 in

2119 1526 2342 1580 fratrem
2369 1527 2706 1596 peccaverit,
2738 1526 2781 1579 si
2811 1525 2995 1579 statim
3021 1524 3376 1579 reminisceris
3403 1526 3469 1579 ad
3494 1527 3711 1580 veniam

2118 1617 2447 1687 poscendam
2486 1618 2648 1672 fuerit
2682 1616 3003 1681 inclinatus,
3039 1616 3303 1687 percipiat
3327 1618 3395 1671 ab
3427 1632 3491 1672 eo
3531 1616 3712 1671 indul-

2121 1708 2357 1774 gentiam
2389 1707 2479 1762 cui
2516 1706 2859 1778 cognoscitur
2886 1705 3133 1760 intulisse
3164 1705 3439 1776 injuriam.
3469 1706 3575 1773 Qui
3612 1723 3710 1761 au-

449 1807 618 1863 abbas
640 1808 755 1863 sive
777 1810 1099 1878 przepositus
1121 1809 1347 1865 lectulos
1365 1820 1680 1865 cunctorum
1707 1812 2017 1881 perSpiciat,

2125 1808 2231 1853 tem
2257 1815 2364 1853 non
2401 1800 2566 1868 petit,
2597 1806 2687 1853 aut
2714 1813 2818 1852 non
2845 1814 2909 1852 ex
2944 1798 3126 1853 animo
3160 1798 3427 1867 postulat,
3457 1800 3510 1852 in
3543 1800 3710 1854 colla-

448 1912 517 1950 ne
546 1897 674 1966 quid
705 1898 945 1966 indigeat
971 1897 1159 1962 frater,
1189 1913 1283 1953 seu
1315 1898 1640 1970 superfluum
1671 1900 1888 1956 habeat.
1918 1901 2024 1956 No-

448 1996 535 2041 cte
564 1988 691 2043 dum
725 1989 791 2043 ad
820 1989 1193 2044 dormiendum
1236 1989 1366 2053 itur,
1399 2006 1496 2045 seu
1538 1998 1823 2061 postquam
1867 1993 2022 2062 quie—

453 2079 643 2143 scitur,
679 2079 835 2134 alteri
868 2095 1026 2134 neruo
1054 2080 1323 2151 loquatur.
1367 2081 1425 2136 In
1466 2083 1748 2138 nocturnis
1789 2084 2026 2141 tenebris

452 2183 611 2223 nemo
635 2168 886 2239 loquatur
910 2168 1064 2225 fratri
1089 2171 1175 2226 cui
1203 2171 1404 2227 obviat.
1430 2172 1647 2228 Duobus
1674 2174 1728 2228 in
1752 2173 1892 2230 lecto
1918 2191 2024 2231 uno

449 2256 629 2325 jacere
672 2274 783 2315 non
826 2258 1005 2316 liceat.
1051 2260 1169 2315 Lux
1215 2270 1394 2316 autem
1435 2271 1594 2318 nocte
1638 2263 2020 2319 dormientium

448 2346 626 2402 locum
672 2347 940 2413 illustret,
987 2358 1047 2405 ut
1091 2351 1331 2421 depulsis
1373 2354 1613 2408 tenebris
1655 2355 2021 2411 testimonium

448 2447 632 2508 pateat
673 2440 962 2511 singularis
998 2442 1217 2513 quietis.
1261 2442 1506 2498 Monachi
1548 2451 1751 2500 stratus
1789 2446 1842 2500 in
1878 2446 2023 2500 nulla

448 2528 592 2598 turpi
631 2528 961 2597 cogitatione
1001 2542 1267 2598 versetur,
1313 2535 1407 2589 sed
1446 2535 1499 2589 in
1542 2535 1655 2590 sola
1693 2537 2025 2606 contempla-

448 2617 597 2673 tione
623 2617 719 2673 Dei
750 2618 1041 2686 accubans,
1072 2629 1126 2675 et
1156 2622 1395 2692 requiem
1428 2623 1673 2692 corporis
1701 2632 1758 2678 et
1786 2625 2021 2694 quietem

452 2705 651 2762 habeat
677 2709 878 2774 cordis,
908 2711 1372 2782 cogitationesque
1395 2729 1589 2783 pravas
1615 2728 1648 2768 a
1673 2729 1733 2770 se
1757 2715 1983 2785 repellat
2005 2733 2019 2780 ;

446 2796 602 2852 bouis
636 2795 893 2866 objectis,
928 2809 1112 2871 turpes
1152 2818 1182 2856 a
1227 2817 1285 2857 se
1325 2813 1598 2859 removeat
1630 2823 1642 2858 :
1690 2820 1817 2860 nam
1854 2807 2023 2862 animi

449 2896 629 2943 motus
679 2889 1008 2961 imaginibus
1053 2892 1167 2948 suis
1212 2894 1410 2963 agitur,
1457 2901 1513 2948 et
1558 2894 1734 2965 qualis
1775 2896 2022 2964 vigilanti

445 2978 706 3048 cogitatio
733 2978 930 3046 fuerit,
963 2982 1088 3037 talis
1118 2990 1171 3038 et
1204 2983 1380 3055 imago
1413 2999 1515 3053 per
1542 3001 1793 3055 soporem
1832 3001 2024 3041 occur-

447 3068 539 3119 rit.
573 3065 677 3134 Qui
704 3078 969 3125 nocturna
1015 3070 1264 3128 illusione
1292 3074 1571 3143 polluitur,
1600 3074 1878 3145 publicare
1919 3078 2023 3133 hoc

2123 1889 2324 1942 tionem
2371 1888 2631 1943 deductus
2671 1888 2825 1958 juxta
2865 1902 3147 1943 excessum
3201 1889 3409 1960 injuria:
3454 1905 3711 1959 congrum

2123 1977 2399 2046 subjaecat
2425 1978 2736 2048 disciplinze.
2762 1978 2863 2045 Qui
2896 1980 2996 2034 sibi
3035 1980 3265 2034 invicem
3299 1983 3545 2036 convicia
3579 1984 3712 2053 objio

2123 2070 2303 2135 ciunt,
2335 2069 2380 2123 si
2412 2069 2606 2125 iterum
2636 2071 2865 2125 invicem
2893 2071 2993 2125 sibi
3022 2072 3272 2126 celeriter
3300 2071 3534 2128 laxando
3560 2075 3711 2144 igno-

2123 2173 2300 2229 scunt,
2326 2165 2380 2219 hi
2402 2163 2516 2232 jam
2542 2165 2610 2220 ab
2631 2164 2738 2219 alio
2751 2165 3026 2235 judicandi
3051 2182 3157 2220 non
3185 2175 3328 2232 sunt,
3353 2167 3478 2236 quia
3506 2169 3711 2237 pariter

2123 2254 2224 2309 sibi
2261 2255 2472 2308 veniam
2511 2255 2641 2310 dare
2678 2254 3072 2311 festinaverunt
3104 2275 3118 2310 :
3149 2258 3193 2311 si
3227 2267 3404 2312 tamen
3443 2260 3711 2316 excedere

2123 2344 2178 2397 in
2201 2343 2521 2411 semetipsos
2542 2341 2879 2413 frequentius
2898 2359 3001 2397 non
3022 2353 3369 2413 praesumant.
3394 2346 3497 2413 Qui
3521 2355 3712 2417 sponte

2123 2434 2334 2505 culpam
2357 2434 2646 2490 conﬁtetur
2665 2451 2826 2506 quam
2850 2437 3033 2507 gessit,
3058 2438 3270 2491 veniam
3298 2441 3594 2507 promereri
3619 2441 3713 2495 de—

2123 2524 2215 2578 bet
2252 2539 2413 2593 quam
2454 2526 2676 2594 expetit.
2714 2523 2914 2580 Oretur
2950 2527 3115 2595 igitur
3138 2542 3236 2596 pro
3261 2543 3357 2593 eo,
3386 2530 3547 2599 eique
3580 2545 3714 2584 con-—

2123 2612 2304 2668 festim
2323 2654 2336 2677 ,
2361 2614 2407 2668 si
2430 2614 2564 2669 levis
2587 2614 2744 2685 culpa
2765 2624 2850 2670 est
2866 2656 2879 2679 ,
2903 2617 3177 2685 postulata
3213 2618 3542 2689 indulgentia
3572 2636 3714 2689 pra:-

2121 2707 2334 2761 bcatur.
2370 2705 2469 2773 Qui
2513 2722 2613 2776 pro
2658 2708 2807 2778 gravi
2857 2710 2991 2763 vitio
3032 2724 3173 2777 smpe
3212 2712 3715 2767 excommunicatus

2122 2798 2411 2852 emendare
2441 2797 2768 2866 neglexerit,
2815 2798 2998 2852 tandiu
3043 2800 3371 2854 damnationi
3407 2801 3711 2868 sul‘jaceat,

2124 2902 2405 2956 quousque
2434 2888 2561 2941 vitia
2591 2888 2773 2942 inclita
2813 2889 3079 2958 deponat:
3110 2899 3166 2943 ut
3185 2905 3342 2958 quem
3369 2892 3533 2944 semel
3559 2893 3717 2950 illata

2123 2976 2521 3032 animadversio
2550 2993 2657 3031 non
2687 2978 2962 3042 coercuit,
2995 2977 3246 3049 frequens
3283 2982 3545 3036 severitas
3578 2998 3720 3037 cen-

2123 3074 2241 3120 seat
2286 3068 2703 3123 emendandum.
2753 3069 3010 3136 Quamvis
3052 3070 3416 3141 frequentium
3460 3076 3718 3143 gravissi-

445 3155 597 3212 Patri
621 3161 936 3215 monasterii
962 3177 1069 3216 non
1097 3173 1358 3231 moretur,
1383 3166 1662 3236 culpaeque
1687 3169 1893 3222 meritis
1919 3169 2018 3223 hoc

2124 3170 2444 3227 morumque
2484 3158 2735 3213 vitiorum
2774 3161 3030 3231 voragine
3064 3163 3135 3215 sit
3174 3163 3459 3233 quisquam
3488 3166 3716 3222 immer-

447 3248 650 3304 tribuat
672 3258 727 3305 et
749 3252 963 3309 occulte
981 3254 1353 3323 pmnitentiam
1381 3265 1503 3327 agat
1529 3276 1542 3311 :
1568 3259 1744 3314 sciens
1767 3260 1893 3329 quia
1917 3259 2023 3313 nisr

446 3341 819 3408 prmcessisset
853 3343 907 3398 in
950 3360 1016 3400 eo
1055 3343 1232 3402 fluxus
1268 3348 1435 3403 animi
1479 3350 1657 3419 turpia
1697 3352 2017 3421 cogitantis,

446 3445 554 3484 non
585 3442 904 3502 sequeretur
928 3436 981 3490 in
1008 3452 1078 3492 eo
1100 3435 1275 3494 fluxus
1296 3439 1526 3495 sordidte
1547 3449 1710 3511 atque
1734 3442 2022 3497 immunda:

446 3519 779 3589 pollutionis.
810 3523 979 3590 Quem
1005 3526 1148 3580 enim
1176 3529 1498 3596 praevenerit
1522 3530 1780 3600 cogitatio
1810 3529 2016 3594 illicita,

443 3612 670 3667 tcntatio
695 3611 845 3668 illum
871 3614 1038 3670 fmdat
1065 3616 1356 3670 immunda.
1385 3617 1489 3684 Qui
1515 3628 1780 3674 nocturno
1806 3620 2021 3674 delusus

447 3700 824 3767 phantasmate
852 3701 1044 3769 fuerit,
1080 3714 1324 3775 tempore
1354 3707 1514 3761 ollicii
1545 3707 1597 3762 in
1641 3709 1884 3763 sacrario
1909 3716 2019 3763 sta-

443 3789 560 3855 bit;
594 3806 694 3847 nec
722 3792 942 3849 audebit
969 3794 1155 3848 eadem
1188 3796 1274 3849 die
1307 3796 1593 3851 ecclesiam
1634 3798 1882 3865 introire,
1923 3815 2019 3852 an-

445 3892 658 3949 tequam
684 3882 752 3937 sit
777 3882 918 3939 lotus
944 3892 997 3939 et
1023 3886 1176 3953 aquis
1200 3894 1253 3940 et
1280 3885 1553 3957 laerymis.
1589 3888 1645 3942 ln
1678 3888 1794 3959 lege
1820 3891 2019 3959 quippe

445 3972 653 4037 (Deut.
698 3976 892 4046 χχιιι)
942 3978 1031 4046 (ιυί
1081 3982 1291 4036 somnio
1340 3992 1606 4039 nocturno
1655 3985 2015 4054 polluebatur,

447 4063 631 4132 egredi
666 4062 963 4130 jubebatur
1002 4081 1032 4119 θ
1067 4070 1294 4134 castris,
1333 4086 1433 4126 nec
1461 4072 1673 4143 regredi
1702 4074 2017 4143 priusquam

450 4150 514 4202 ad
548 4164 825 4218 vesperam
857 4150 1146 4207 lavaretur.
1194 4156 1330 4212 Etsi
1362 4158 1435 4213 illi
1478 4160 1531 4214 in
1575 4162 1780 4216 carnali
1822 4162 2019 4232 populo

444 4242 553 4305 ita,
599 4242 727 4313 quid
772 4243 1030 4314 spiritalis
1073 4262 1261 4303 servus
1304 4250 1506 4305 Christi
1553 4250 1733 4308 facere
1778 4253 2019 4308 debeat?

443 4333 535 4401 qui
570 4334 743 4402 magis
772 4337 1283 4394 contaminationem
1313 4354 1466 4394 suam
1511 4340 1670 4395 debet
1713 4343 2016 4411 respicere,

443 4433 497 4476 et
529 4423 686 4494 longe
715 4423 782 4476 ab
811 4424 983 4480 altero
1010 4428 1218 4503 positus
1248 4438 1427 4484 mente
1456 4438 1510 4485 et
1542 4444 1766 4500 corpore
1807 4442 2015 4502 pertre-

444 4515 709 4580 miscere,
739 4525 902 4587 atque
933 4519 985 4571 in
1017 4518 1183 4589 figura
1216 4535 1368 4591 aqnze
1392 4523 1721 4592 pmnitentim
1746 4524 2015 4595 lacrymas

442 4607 744 4663 adhibere:
787 4618 846 4662 ut
895 4625 999 4663 non
1052 4609 1224 4664 solum
1254 4613 1439 4681 aquis,
1471 4614 1565 4668 sed
1593 4613 1758 4669 etiam
1802 4614 2014 4672 fletibus

444 4698 663 4755 studeat
691 4699 870 4766 ablui,
900 4701 1159 4772 quidquid
1192 4701 1329 4757 forte
1369 4719 1464 4773 per
1491 4705 1758 4759 occultam
1801 4706 2013 4774 culpam

444 4790 719 4844 immunda
774 4792 1159 4846 contaminatio
1213 4792 1424 4862 polluit.
1486 4793 1587 4859 Qui
1641 4791 2015 4849 fornicationis

444 4880 792 4936 tentamentis
821 4889 1112 4946 exmstuat,
1143 4890 1261 4937 oret
1296 4884 1662 4938 indesinenter
1697 4891 1858 4954 atque
1885 4885 2012 4940 abs-

442 4972 637 5035 tineat,
681 4988 782 5028 nec
808 4973 1094 5029 erubescat
1134 4974 1381 5029 confiteri
1412 4975 1649 5030 libidinis
1686 4984 1875 5029 aestum
1906 4991 2014 5045 quo

443 5061 657 5127 uritur;
699 5062 825 5131 quia
866 5063 1055 5117 vitium
1097 5064 1366 5119 detectum
1403 5063 1512 5118 cito
1553 5073 1793 5129 curatur,
1839 5064 2014 5120 latens

442 5163 574 5203 vero
593 5189 607 5213 ,
637 5158 843 5219 quanto
869 5152 1102 5222 amplius
1130 5152 1460 5208 occultatum
1489 5151 1683 5216 fuerit,
1717 5160 1867 5207 tanto
1899 5168 2013 5207 ma-

441 5239 526 5306 gis
551 5237 820 5308 profunde
848 5241 1018 5311 serpit
1046 5259 1060 5295 :
1092 5241 1235 5311 quod
1262 5256 1451 5299 revera
1486 5240 1577 5311 qui
1607 5239 1883 5310 publicare
1912 5255 2010 5295 ne-

442 5325 593 5395 gligit
614 5368 629 5393 ,
658 5328 841 5383 curari
871 5329 1092 5385 minime
1120 5329 1285 5400 cupit.

1040 5437 1265 5495 CAPUT
1302 5438 1419 5493 XV.

921 5558 926 5564 .
949 5507 1029 5563 De
1063 5506 1494 5578 delinquentibus.

515 5594 572 5650 Si
598 5598 721 5668 quis
754 5600 810 5654 in
835 5599 1015 5669 aliquo
1041 5599 1145 5655 levi
1171 5598 1367 5654 delicto
1393 5600 1634 5655 titubans
1658 5601 2009 5662 oberraverit,

444 5686 611 5741 semel
646 5696 807 5758 atque
843 5691 1036 5745 iterum
1079 5688 1446 5744 admonendus
1485 5699 1567 5744 est
1612 5708 1624 5744 :
1672 5691 1761 5761 qui
1804 5692 1850 5746 si
1864 5699 2013 5770 'post

2123 3259 2216 3300 sus
2236 3286 2251 3309 ,
2276 3262 2380 3300 non
2409 3255 2588 3302 tamen
2618 3264 2645 3301 a
2677 3251 3001 3305 monasterio
3030 3252 3417 3322 projieiendus,
3441 3256 3715 3323 sedjuxta

2122 3335 2436 3404 qualitatem
2467 3336 2646 3391 delicti
2672 3340 3004 3393 coercendus
3024 3347 3107 3394 est
3135 3359 3148 3393 :
3178 3355 3246 3395 ne
3273 3340 3413 3397 forte
3435 3345 3527 3413 qui
3555 3355 3716 3414 pote-

2123 3435 2209 3479 rat
2232 3442 2330 3495 per
2350 3427 2658 3482 diuturnam
2680 3431 3070 3498 paenitudinem
3090 3434 3398 3501 emendari,
3430 3436 3555 3490 dum
3582 3453 3716 3507 pro-

2114 3512 2323 3581 jicitur,
2347 3531 2440 3570 ore
2472 3517 2671 3572 diaboli
2693 3520 2998 3574 devoretur.

2673 3630 2947 3687 CAPUT
3000 3632 3153 3687 XVI.

2740 3702 2817 3754 De
2840 3702 3066 3756 delictis.

2191 3791 2393 3846 Delicta
2433 3799 2611 3847 autem
2649 3801 2741 3846 aut
2776 3792 2914 3848 levia
2942 3801 3065 3848 sunt
3094 3801 3189 3848 aut
3219 3796 3423 3865 gravia.
3454 3795 3714 3852 Levioris

2119 3878 2289 3947 culpa:
2325 3893 2449 3934 reus
2484 3888 2569 3935 est
2602 3898 2615 3933 :
2656 3881 2747 3951 qui
2788 3882 2997 3936 otiosus
3035 3896 3154 3936 esse
3191 3882 3473 3948 dilexerit,
3515 3884 3609 3953 qui
3641 3886 3711 3938 ad

2118 3969 2351 4024 cilicium
2370 4010 2384 4035 ,
2413 3969 2499 4024 vel
2526 3971 2592 4025 ad
2614 3971 2954 4026 collationem
2976 4011 2990 4035 ,
3024 3972 3108 4025 vel
3138 3972 3205 4026 ad
3229 3986 3467 4025 mensam
3500 3972 3716 4027 tandius

2119 4060 2361 4125 venerit;
2385 4061 2475 4129 qui
2501 4063 2553 4115 in
2575 4062 2741 4116 choro
2753 4062 2903 4116 horis
2928 4061 3110 4117 riserit
3122 4060 3383 4117 fabulisve
3398 4065 3711 4129 vacaverit;

2118 4151 2208 4220 qui
2246 4151 2432 4206 relicto
2462 4150 2638 4206 oflicio
2675 4152 2759 4207 vel
2787 4166 2982 4222 opere,
3018 4159 3171 4206 extra
3204 4152 3546 4207 necessitatis
3575 4168 3716 4208 cau-

2118 4257 2234 4295 sam
2276 4241 2421 4296 foras
2458 4242 2801 4307 discesserit;
2845 4242 2938 4312 qui
2988 4251 3258 4311 torporem
3306 4251 3401 4296 aut
3450 4257 3713 4299 somnum

2120 4331 2417 4395 amaverit;
2444 4330 2536 4399 qui
2561 4331 2755 4400 sacpius
2772 4331 3070 4398 juraverit;
3094 4332 3186 4401 qui
3210 4332 3563 4401 multiloquus
3587 4333 3713 4391 fue-

2123 4423 2224 4487 rit;
2257 4423 2349 4492 qui
2380 4422 2736 4477 ministerium
2760 4422 3046 4491 cujuslibet
3071 4424 3251 4493 operis
3275 4422 3579 4491 iniunctum
3602 4427 3712 4481 sibi

2041 4482 2092 4541 D
2118 4482 2234 4565 sine
2274 4482 2646 4566 benedictione
2681 4482 3007 4580 susceperit,
3058 4482 3124 4564 ac
3154 4482 3376 4580 peracto
3413 4527 3580 4581 opere
3622 4513 3716 4568 be

2115 4609 2471 4663 nedictionem
2494 4608 2714 4662 minime
2734 4606 3102 4677 postulaverit,
3127 4607 3217 4675 qui
3243 4608 3542 4686 injunetum
3566 4624 3713 4678 opus

2116 4698 2449 4768 negligenter
2473 4698 2557 4753 vel
2588 4698 2795 4752 tardius
2822 4698 3149 4768 expleverit;
3182 4697 3274 4766 qui
3301 4712 3430 4751 casu
3467 4711 3564 4750 vas
3603 4698 3713 4751 ali-

2117 4788 2258 4857 quod
2288 4787 2536 4859 fregerit;
2569 4789 2660 4857 qui
2690 4789 2944 4842 damnum
2974 4788 3052 4841 rei
3081 4802 3264 4856 parva:
3299 4785 3576 4849 intulerit;
3610 4788 3712 4857 qui
3752 4797 3767 4811 '

2117 4881 2301 4935 codice
2323 4881 2651 4950 negligenter
2672 4895 2800 4934 usus
2822 4879 3015 4944 fuerit;
3039 4879 3130 4948 qui
3152 4878 3349 4933 alicubi
3366 4878 3433 4931 ad
3455 4893 3715 4933 momen-

2116 4976 2229 5021 tum
2271 4968 2595 5034 secesserit;
2642 4969 2733 5037 qui
2775 4968 2985 5023 occulte
3027 4969 3236 5022 litteras
3278 4968 3348 5021 ab
3389 4966 3574 5035 aliquo
3618 4969 3709 5022 vel

2115 5058 2388 5128 quodlibet
2414 5074 2609 5113 munus
2646 5059 2942 5127 acceperit;
2968 5058 3051 5113 vel
3076 5057 3357 5126 epistolam
3394 5058 3711 5127 suscipiens

2114 5150 2499 5213 occultaverit,
2523 5160 2618 5204 aut
2644 5150 2761 5205 sine
2785 5150 2995 5204 abbatis
3027 5165 3294 5205 consensu
3332 5150 3707 5219 rescripserit,

2116 5239 2198 5292 vel
2228 5239 2521 5307 quemlibet
2553 5251 2837 5309 parentum
2856 5280 2872 5304 ,
2892 5241 2975 5294 vel
2998 5240 3339 5295 sazcularium
3358 5280 3373 5305 ,
3406 5241 3524 5295 sine
3542 5242 3711 5311 jussu

2114 5329 2345 5384 senioris
2375 5339 2469 5384 aut
2493 5331 2717 5395 viderit,
2746 5340 2839 5385 aut
2863 5344 2985 5384 cum
3011 5346 3077 5384 eo
3113 5330 3322 5385 loeutus
3347 5331 3449 5395 sit;
3489 5331 3579 5400 qui
3614 5347 3710 5386 εθ-

2113 5420 2254 5476 niori
2285 5421 2603 5476 inobediens
2624 5421 2813 5487 fuerit;
2851 5421 2940 5492 qui
2969 5423 3358 5476 contumaciter
3378 5422 3578 5478 seniori
3613 5438 3709 5477 re-

2114 5512 2419 5579 sponderit;
2450 5514 2542 5583 qui
2571 5528 2696 5582 erga
2723 5515 2989 5570 seniorem
3025 5513 3260 5583 linguam
3290 5528 3396 5567 non
3427 5527 3713 5583 represso-

2112 5601 2213 5664 rit;
2267 5602 2356 5670 qui
2404 5603 2636 5657 lascivus
2688 5605 2740 5658 in
2787 5605 2965 5675 lingua
3018 5604 3221 5669 fuerit;
3269 5604 3358 5673 qui
3407 5604 3711 5663 inhoneste

2113 5691 2427 5755 incesserit;
2470 5694 2558 5763 qui
2586 5693 2878 5763 joeaverit;
2908 5696 2999 5766 qui
3035 5692 3175 5750 satis
3208 5694 3419 5757 riserit;
3448 5692 3707 5763 quicum
