3974 6192
216 379 321 435 569

836 369 1065 428 CODEX
1103 366 1557 425 REGCLARUM.
1597 397 1668 406 —
1703 365 1883 421 PARS
1921 364 1984 419 ll.
2026 365 2324 421 REGL'IJE
2366 366 2467 419 PP.
2508 365 2867 422 OCClDENT.

3336 384 3341 391 ’
3364 369 3475 425 570‘

213 489 686 550 excommunicato
714 487 922 542 locutus
957 486 1152 551 fuerit,
1183 488 1452 548 oraverit,
1484 492 1575 537 aut
1614 496 1797 537 come-
1824 487 1872 544 Λ
1901 482 2124 536 Icarum.
2164 482 2678 541 Exconimunicandi
2710 493 3027 554 potestatem
3059 489 3276 544 habebit
3312 489 3476 546 Pater

214 574 394 648 derit;
419 581 506 651 qni
523 578 822 633 illusionem
841 588 1155 631 nocturnam
1176 576 1319 629 Patri
1336 590 1440 628 non
1461 573 1795 643 patefecerit.

215 676 349 730 Hasc
374 675 535 743 igitur
559 680 613 726 et
642 672 728 726 his
751 672 947 725 similia
972 671 1219 724 triduana
1247 666 1799 724 excommunicatioue

214 764 556 821 emendanda
574 772 719 818 sunt.
745 762 991 817 Graviori
1015 769 1197 815 autem
1224 760 1390 828 culpa:
1409 759 1673 813 obnoxius
1694 765 1797 822 est,

216 858 260 911 si
294 854 625 908 temulentus
651 853 876 921 quisque
903 852 1004 916 sit,
1028 852 1074 905 si
1101 852 1307 905 discors
1325 890 1339 914 ,
1366 849 1410 903 si
1441 847 1799 916 turpiloquus,

217 949 261 1001 si
302 944 631 1000 feminarum
662 942 973 1008 familiaris,
1005 943 1052 997 si
1089 943 1362 997 seminans
1401 938 1726 1002 discordias,
1755 936 1802 990 si

218 1039 544 1101 iracundus,
569 1038 614 1092 si
644 1037 764 1090 alta:
791 1045 844 1090 et
869 1042 1062 1090 erecta:
1088 1033 1312 1089 cervicis
1330 1073 1345 1099 ,
1376 1032 1420 1085 si
1448 1038 1623 1084 mente
1645 1028 1805 1082 tumi-

217 1130 315 1184 dus
348 1128 437 1184 vel
457 1128 687 1199 jartanti
719 1128 932 1181 incessu
973 1126 1390 1187 immoderatus;
1424 1123 1471 1177 si
1510 1123 1803 1184 detractor,

216 1234 474 1282 susum,
514 1232 593 1272 ve.
640 1216 881 1281 invidus;
925 1215 969 1269 si
997 1221 1355 1284 praesumptor
1381 1211 1457 1265 rei
1489 1208 1800 1279 peculiaris,

216 1312 258 1364 si
286 1309 541 1379 pecunia:
565 1308 816 1378 contagio
847 1306 1174 1376 implicatur,
1198 1304 1241 1357 si
1271 1301 1470 1371 aliquid
1493 1308 1688 1370 praeter
1720 1313 1804 1351 re-

216 1401 458 1471 gularem
513 1397 966 1468 dispensationem
1022 1392 1348 1463 superﬂuum
1393 1390 1697 1460 possideat,
1758 1388 1801 1442 si

216 1492 500 1548 fraudator
524 1491 602 1545 rei
627 1495 859 1557 acceptse
878 1528 891 1549 ,
918 1485 1003 1541 vel
1024 1484 1324 1540 commissa-
1350 1482 1476 1547 sibi,
1508 1489 1601 1535 aut
1629 1480 1806 1533 minus

216 1584 540 1639 commissae.
559 1580 703 1635 Inter
724 1583 838 1641 haec
867 1578 911 1633 si
934 1592 991 1632 se
1015 1578 1080 1632 de
1111 1576 1273 1630 rebus
1303 1589 1485 1628 secum
1508 1571 1685 1625 allatis
1708 1586 1803 1624 ex-

216 1674 435 1737 tulerit,
466 1673 552 1725 vel
584 1673 649 1726 de
676 1671 743 1726 iis
773 1686 870 1741 per
896 1667 1312 1723 inobedientiam
1351 1664 1800 1728 murmuraverit;

218 1768 259 1820 si
288 1766 365 1821 rei
407 1764 632 1835 majoris
664 1763 919 1817 damnum
967 1760 1238 1823 intulerit,
1281 1757 1324 1810 si
1364 1756 1573 1810 furatus
1619 1754 1802 1817 fuerit,

1901 574 2244 641 monasterii,
2278 575 2391 629 sive
2418 578 2769 644 praepositus;
2801 578 2991 648 reliqui
3019 589 3196 635 autem
3220 597 3476 639 excessus

1902 667 2285 721 monachorum
2322 670 2376 722 in
2419 668 2639 722 collecta
2678 670 2861 723 abbati
2902 670 2986 725 vel
3013 674 3303 741 praeposito
3330 674 3474 730 defe—

1902 766 2126 822 rentur;
2169 768 2227 811 ut
2269 758 2314 812 is
2361 759 2453 827 qui
2501 760 2791 828 deliquisse
2843 763 3202 831 cognoscitur,
3262 780 3480 836 compe-

1905 848 2034 901 tenti
2063 848 2348 901 severitate
2378 859 2697 903 coercentur

2464 955 2691 1013 CAPUT
2728 959 2908 1014 XVIII.

2375 1024 2454 1079 De
2488 1028 2637 1081 rebus
2679 1028 3003 1086 Monasterii.

1967 1113 2168 1176 Abbati
2201 1115 2285 1168 vel
2316 1119 2582 1172 monacho
2611 1123 2924 1176 monasterii
2964 1139 3178 1178 servum
3218 1142 3324 1181 non
3351 1128 3483 1183 lice-

1902 1204 1983 1259 bit
2016 1203 2193 1260 facere
2230 1206 2479 1262 liberum.
2514 1209 2614 1276 Qui
2646 1212 2788 1265 enim
2828 1214 2957 1267 nihil
2988 1217 3264 1285 proprium
3294 1218 3478 1283 habet,

1903 1294 2210 1350 libertatem
2240 1298 2319 1351 rei
2352 1299 2540 1353 aliena:
2574 1300 2703 1355 dare
2741 1318 2847 1357 non
2875 1304 3051 1359 debet.
3082 1305 3235 1369 Nam,
3265 1307 3403 1361 sicut
3431 1316 3486 1363 et

1904 1388 2084 1442 saeculi
2125 1389 2272 1459 leges
2296 1399 2620 1455 sanxerunt,
2653 1410 2757 1447 non
2781 1405 2949 1464 potest
2984 1396 3207 1450 alienari
3228 1401 3485 1467 possessio

1907 1482 2008 1535 nisi
2047 1498 2078 1534 a
2117 1483 2326 1551 proprio
2361 1482 2590 1537 domino.
2630 1483 2801 1539 Omne
2830 1487 2969 1555 quod
3012 1487 3064 1540 in
3096 1492 3485 1545 monasterium

1888 1571 1960 1629 .in
1986 1586 2205 1624 nummo
2227 1572 2546 1640 ingreditur,
2574 1575 2672 1629 sub
2702 1576 3011 1631 testimonio
3041 1580 3312 1634 seniorum
3346 1584 3488 1637 acci-

1905 1663 2181 1732 piendum.
2218 1663 2416 1718 Eadem
2457 1667 2683 1735 pecunia
2733 1667 2786 1720 in
2838 1667 3012 1722 tribus
3058 1671 3304 1738 partibus
3354 1673 3489 1727 divi-

1908 1752 2081 1806 denda
2108 1760 2193 1806 est
2223 1769 2239 1806 :
2269 1767 2497 1822 quarum
2521 1769 2625 1807 una
2648 1755 2753 1808 erit
2782 1770 2880 1824 pro
2904 1755 3134 1813 inﬁrmis
3159 1768 3214 1813 et
3248 1761 3485 1827 senibus,

218 1861 259 1913 si
284 1856 678 1927 perjuraverit;
710 1855 755 1909 si
784 1854 977 1908 falsum
1014 1850 1243 1915 dixerit;
1278 1848 1324 1903 si
1352 1847 1726 1903 contentiones
1752 1853 1808 1899 et
1833 1837 1881 1896 B
1910 1851 1965 1897 et
1990 1858 2089 1911 pro
2119 1842 2299 1913 aliquo
2333 1845 2629 1899 coemendo
2657 1845 2710 1899 in
2737 1845 2928 1901 diebus
2965 1851 3167 1904 sanctis
3193 1851 3389 1906 cultius
3420 1852 3489 1906 ad

216 1951 362 2004 rixas
403 1947 696 2011 amaverit;
736 1945 781 2000 si
820 1942 1167 1998 manifestum
1204 1938 1508 1995 convicium
1537 1935 1692 1991 fratri
1724 1936 1803 1990 in-

216 2040 435 2104 tulerit;
458 2038 512 2107 ,si
548 2051 831 2107 personam
867 2031 1171 2088 innocentis
1195 2029 1332 2085 falso
1363 2028 1591 2084 crimine
1616 2042 1804 2081 macu-

216 2131 440 2194 laverit;
472 2129 520 2185 si
552 2127 857 2184 contumaci
887 2126 1067 2180 animo
1092 2124 1363 2179 seniorem
1390 2121 1732 2191 despexerit;
1760 2121 1806 2175 si

217 2237 503 2277 rancorem
537 2220 798 2275 adversus
833 2216 1057 2272 fratrem
1093 2214 1357 2279 tenuerit;
1391 2213 1435 2267 si
1475 2212 1722 2283 peccanti
1754 2213 1807 2266 in

219 2328 271 2366 se
297 2322 355 2366 et
389 2317 580 2380 postea
618 2305 938 2379 supplicanti
976 2305 1187 2359 veniam
1220 2319 1325 2358 non
1363 2302 1725 2367 concesserit;
1762 2302 1806 2356 si

219 2420 336 2457 cum
379 2400 623 2472 parvulis
657 2398 954 2468 jocaverit;
995 2397 1037 2450 si
1078 2410 1199 2449 cum
1241 2395 1412 2447 altero
1451 2392 1504 2445 in
1535 2407 1642 2445 uno
1667 2391 1809 2446 lecto

216 2495 475 2566 jacuerit,
507 2493 552 2547 si
580 2499 732 2545 extra
768 2503 1108 2544 communem
1152 2501 1394 2540 mensam
1432 2483 1685 2553 privatim
1723 2482 1810 2536 vel

219 2585 403 2639 furtim
419 2582 697 2653 quippiam
713 2578 1032 2648 sumpserit;
1060 2577 1103 2631 si
1122 2576 1314 2630 alicubi
1338 2582 1490 2628 extra
1504 2573 1808 2627 consultum

218 2677 496 2752 pmcpositi
523 2674 605 2729 vel
628 2672 838 2728 abbatis
860 2669 1143 2725 discedens
1170 2665 1349 2721 medio
1372 2666 1458 2719 die
1478 2664 1560 2718 vel
1582 2663 1811 2733 amplius

220 2776 588 2827 commoratus
623 2766 815 2820 fuerit:
854 2764 934 2828 si,
976 2771 1036 2816 ut
1075 2762 1279 2815 otiosus
1301 2757 1399 2820 sit,
1444 2753 1631 2808 falsam
1665 2752 1814 2807 infir-

219 2864 469 2920 mitatem
496 2855 868 2929 praetenderit.
893 2853 1018 2907 Hmc
1048 2859 1102 2906 ct
1129 2848 1324 2904 similia
1348 2845 1503 2915 juxta
1529 2844 1808 2897 arbitrium

219 2953 400 3010 Patris
421 2952 677 3005 diuturna
696 2942 1254 3002 excommunicatione
1279 2935 1552 3009 purganda
1569 2945 1687 2988 sunt
1710 2952 1724 3000 ;
1754 2944 1812 2989 ut

219 3044 307 3115 qui
356 3041 600 3112 graviter
644 3050 871 3109 peccare
918 3040 1241 3096 noscuntur,
1284 3028 1482 3083 acriori
1525 3028 1813 3082 severitate

219 3141 601 3190 coerceantur.

804 3215 1029 3273 CAPUT
1068 3216 1227 3271 XVII.

711 3311 789 3366 De
829 3312 1313 3366 excommunicatis.

286 3403 608 3463 Satisfaetio
651 3400 1075 3471 delinquentium
1118 3401 1234 3456 haec
1271 3411 1355 3457 est
1399 3421 1410 3455 :
1456 3402 1717 3458 fratribus
1755 3403 1809 3458 in

219 3499 451 3555 ecclesia
493 3492 833 3557 constitutis,
880 3499 1105 3562 peracto
1158 3493 1491 3560 paenitentia:
1536 3501 1809 3564 tempore,

220 3586 727 3647 cxcommuuicatus
754 3592 977 3637 vocatus
1003 3581 1175 3637 solvet
1202 3584 1383 3637 statim
1415 3585 1689 3656 cingulum
1719 3600 1813 3640 cx-

221 3692 302 3737 tra
350 3681 585 3736 chorum
630 3676 795 3729 humo
841 3681 1180 3744 prostratus,
1211 3690 1493 3744 quousque
1524 3676 1813 3732 celebritas

222 3770 539 3841 expleatur;
570 3780 804 3834 cumque
827 3762 1037 3831 iussum
1069 3763 1232 3818 fuerit
1258 3765 1325 3818 ab
1357 3767 1551 3819 abbate
1574 3766 1640 3819 de
1669 3774 1812 3820 terra

221 3865 535 3930 consurget,
558 3854 976 3927 ingrediensque
996 3855 1222 3908 chorum
1232 3862 1380 3913 oret.
1405 3854 1532 3908 Post
1553 3856 1669 3909 hzcc
1689 3855 1814 3909 data

222 3951 474 4006 oratione
501 3963 603 4019 pro
636 3962 702 4001 eo
742 3946 811 4000 ab
850 3945 1077 4010 abbate,
1109 3952 1163 4000 et
1204 3947 1656 4019 respondentibus
1683 3963 1814 4002 cun-

221 4045 360 4107 ctis,
400 4041 612 4104 Amen,
658 4045 870 4107 surget,
913 4046 1076 4106 atque
1116 4038 1184 4091 ab
1227 4037 1478 4092 omnibus
1513 4053 1612 4106 pro
1643 4039 1814 4108 negli-

220 4136 403 4207 gentia
434 4132 652 4188 veniam
686 4137 909 4199 poscat,
950 4128 1245 4198 adepturus
1282 4129 1666 4200 indulgentiam
1697 4137 1819 4199 post

218 4225 387 4297 hujus
425 4219 811 4279 emendatoria:
851 4217 1237 4273 satisfactionis
1274 4234 1580 4273 censuram.
1623 4218 1680 4272 In
1722 4220 1821 4274 mi-

219 4319 347 4377 ncri
387 4323 547 4372 mtate
584 4310 865 4368 constituti
906 4325 1014 4364 non
1057 4318 1183 4364 sunt
1222 4310 1504 4367 coercendi
1549 4313 1817 4366 sententia

219 4401 834 4465 excommunicationis,
886 4401 984 4455 sed
1034 4415 1134 4469 pro
1170 4400 1437 4468 qualitate
1481 4401 1821 4470 negligentia:

219 4492 485 4564 congruis
522 4488 847 4546 emendandi
880 4496 1007 4542 sunt
1042 4488 1242 4558 plagis;
1282 4496 1338 4541 ut
1374 4504 1509 4557 quos
1538 4490 1713 4543 aetatis
1736 4490 1818 4542 in-

223 4584 460 4637 tirmitas
485 4595 516 4634 a
544 4578 698 4649 culpa
728 4594 836 4633 non
871 4585 1122 4643 revocat,
1149 4577 1338 4648 ﬂagelli
1364 4578 1643 4648 disciplina
1670 4595 1817 4633 com-

220 4681 430 4742 τεθείη.
471 4668 973 4726 Excommunicatis
1000 4677 1177 4723 autem
1199 4710 1212 4733 ,
1245 4668 1313 4722 ab
1348 4670 1433 4741 his
1461 4669 1595 4724 locis
1623 4671 1817 4738 quibus

222 4761 428 4815 fuerint
456 4758 763 4822 constituti,
793 4766 918 4811 ante
943 4758 1277 4828 poenitentia:
1308 4766 1516 4827 tempus
1545 4759 1815 4828 expletum

221 4850 478 4924 progredi
520 4847 889 4919 prohibeatur.
933 4846 1014 4903 Ad
1043 4849 1567 4903 excommunicatum
1600 4850 1726 4903 nulli
1755 4850 1821 4903 li-

222 4949 345 4995 ccat
384 4937 604 5009 ingredi
646 4936 783 4990 citra
826 4936 1113 5005 imperium
1157 4938 1403 4992 senioris.
1437 4936 1571 4992 Cum
1590 4942 1819 4993 ‘excom-

222 5031 506 5085 munirato
545 5041 725 5097 neque
752 5042 942 5092 orare,
986 5042 1163 5097 neque
1197 5028 1341 5097 loqui
1373 5029 1566 5097 cuique
1607 5028 1820 5093 licebit;

222 5133 352 5172 cum
396 5115 873 5171 excommunicato
912 5115 1045 5169 nulli
1082 5116 1297 5185 penitus
1333 5118 1480 5172 vesci
1504 5116 1681 5183 'licet,
1724 5132 1824 5173 nec

220 5207 326 5278 ipsi
357 5206 579 5277 quidem
611 5204 702 5275 qui
743 5203 1058 5258 alimentum
1092 5204 1259 5258 victui
1288 5207 1511 5275 prmbet.
1552 5205 1717 5276 Cujus
1746 5206 1824 5260 bi-

217 5299 405 5352 clnana
441 5297 529 5352 vel
567 5295 818 5349 triduana
858 5293 1022 5348 fuerit
1060 5294 1205 5349 illata
1246 5298 1826 5353 excommuui‘cationis

218 5389 548 5459 suspensio,
597 5386 710 5441 sola
752 5387 909 5457 prinis
946 5394 1000 5440 et
1036 5401 1189 5457 aqua:
1231 5387 1284 5441 in
1312 5392 1678 5459 vespertinum
1721 5390 1826 5443 erit

217 5481 539 5538 adhibenda
563 5483 807 5540 refectio.
834 5483 1362 5550 Excommunicatis,
1400 5492 1597 5554 prmter
1630 5484 1826 5540 hiemis

216 5572 546 5628 violentiam
567 5614 582 5640 ,
609 5574 787 5630 cubile
816 5576 1012 5629 humus
1040 5576 1146 5628 erit
1182 5583 1387 5629 tantum
1409 5614 1423 5638 ,
1456 5573 1571 5628 sive
1606 5582 1784 5628 storea
1807 5592 1821 5639 ;

222 5665 468 5719 amictus
509 5674 690 5719 autem
734 5675 948 5737 tegmen
995 5681 1178 5720 rasum
1221 5672 1314 5720 aut
1352 5664 1492 5720 forte
1535 5664 1770 5719 cilicium
1809 5684 1821 5718 :

226 5760 675 5815 calceamentum
702 5773 828 5813 vero
857 5767 1087 5827 spartea,
1123 5767 1215 5811 aut
1244 5756 1517 5826 quodlibet
1547 5771 1714 5825 genus
1741 5771 1825 5810 so-

1907 1934 2109 1987 victum
2140 1932 2472 1999 fraternum;
2506 1936 2611 1989 alia
2646 1951 2745 2007 pro
2774 1939 2989 2008 egenis;
3017 1943 3175 1995 tertia
3204 1959 3303 2013 pro
3329 1947 3492 2001 vesti-

1908 2030 2105 2084 mentis
2130 2028 2354 2083 fratrum
2380 2038 2435 2086 et
2461 2046 2751 2100 puerorum
2768 2074 2782 2098 ,
2816 2034 2899 2089 vel
2925 2035 3187 2105 quibusve
3209 2038 3276 2092 ad
3306 2054 3493 2093 neces-

1908 2123 2122 2177 sitatem
2157 2124 2470 2178 monasterii
2509 2127 2835 2180 coemendis.
2868 2126 3012 2194 Quas
3045 2136 3156 2184 tres
3186 2139 3370 2200 partes
3401 2146 3493 2184 cu-

1908 2223 2019 2268 stos
2061 2215 2285 2269 sacrarii
2325 2216 2620 2285 suscipiat,
2658 2234 2723 2272 ac
2765 2220 3115 2290 prmeipiente
3154 2221 3351 2276 abbate
3392 2223 3492 2277 sub

1907 2306 2218 2359 testimonio
2242 2307 2513 2375 prmpositi
2552 2309 2633 2362 vel
2672 2310 2945 2365 seniorum
2975 2312 3040 2366 de
3075 2312 3300 2385 singulis
3325 2314 3494 2383 parti-

1907 2395 2011 2449 bus
2034 2412 2133 2465 pro
2157 2397 2269 2450 suis
2297 2399 2621 2453 necessariis
2650 2400 2829 2455 causis
2861 2404 3161 2471 expendat.

2495 2508 2722 2565 CAPUT
2763 2511 2904 2565 XIX.

2323 2576 2463 2642 Quid
2500 2580 2569 2631 ad
2606 2597 2758 2649 quem
2794 2582 3067 2649 pertineat.

1980 2665 2060 2718 Ad
2095 2666 2443 2735 praepositum
2480 2668 2714 2734 pertinet
2751 2669 3054 2724 sollicitudo
3082 2673 3487 2735 monachorum,

1911 2755 2053 2808 actio
2080 2770 2363 2809 causarum
2383 2796 2396 2820 ,
2433 2771 2559 2811 cura
2597 2760 3017 2826 possessionum,
3049 2761 3187 2813 satio
3218 2778 3489 2830 agrorum,

1910 2846 2173 2916 plantatio
2218 2847 2538 2919 culturaque
2574 2852 2886 2918 vinearum,
2927 2853 3201 2924 diligentia
3236 2870 3491 2927 gregum,

1910 2939 2248 2993 constructio
2279 2940 2628 2995 aedificiorum
2649 2983 2663 3006 ,
2696 2958 2832 3011 opus
2857 2946 3345 3013 carpentariorum,
3378 2949 3493 3004 sive

1911 3025 2210 3082 fabrorum.
2252 3028 2333 3083 Ad
2369 3032 2645 3086 custodem
2686 3034 2909 3088 sacrarii
2958 3037 3193 3105 pertinet
3240 3054 3368 3093 cura
3412 3040 3496 3094 vel

1913 3118 2156 3171 custodia
2187 3119 2390 3189 templi,
2420 3121 2629 3189 signum
2654 3137 2868 3191 quoque
2893 3124 3051 3179 dandi
3089 3126 3141 3180 in
3175 3130 3497 3198 vespertinis

1836 3190 1881 3253 Ο
1913 3209 2301 3278 nocturnisque
2326 3208 2550 3276 ciliciis;
2584 3212 2702 3266 vela
2729 3223 3010 3284 vestesque
3038 3231 3238 3282 sacrae,
3271 3233 3334 3272 ac
3371 3235 3497 3274 vasa

1910 3317 2223 3369 sacrorum,
2258 3305 2472 3359 codices
2497 3321 2742 3377 quoque,
2778 3308 3246 3382 instrumentaque
3285 3321 3495 3376 cuncta,

1911 3391 2088 3447 oleum
2119 3394 2172 3447 in
2199 3410 2328 3450 usus
2353 3399 2678 3460 sanctuarii,
2706 3415 2830 3454 cera
2862 3411 2918 3455 et
2946 3401 3252 3457 luminaria.
3282 3404 3387 3459 lste
3412 3422 3500 3461 ve-

1912 3483 2098 3538 stiaria
2120 3487 2436 3539 monasterii
2466 3488 2741 3556 suscipiat,
2766 3490 2967 3558 quique
2987 3492 3151 3545 etiam
3176 3492 3260 3545 fila
3286 3493 3499 3547 diversa
3574 3486 3579 3493 ’

1912 3588 2011 3642 pro
2041 3576 2366 3629 consnendis
2396 3578 2635 3631 vestibus
2665 3576 2893 3632 fratrum
2926 3578 3165 3644 habebit,
3192 3592 3246 3634 et
3274 3583 3499 3649 quibus-

1914 3676 2126 3731 cuuque
2156 3672 2215 3717 ut
2251 3679 2534 3719 necessum
2574 3674 2656 3719 est
2703 3667 3050 3724 ministrabit.
3088 3669 3168 3724 Ad
3199 3671 3340 3726 hunc
3371 3688 3502 3742 quo-

1914 3770 2019 3823 que
2047 3755 2340 3825 pertinebit
2368 3772 2561 3809 aurum
2590 3766 2643 3811 et
2678 3767 2988 3828 argentum,
3019 3770 3322 3831 cmteraque
3362 3764 3501 3818 facta

1915 3845 2219 3913 infectaque
2253 3846 2377 3899 teris
2416 3844 2654 3914 ferrique
2690 3847 2908 3900 metalla
2942 3866 2957 3901 :
2988 3848 3258 3905 ordinatio
3288 3866 3502 3923 quoque

1915 3937 2309 4003 linteariorum,
2333 3936 2594 3992 fullonum
2614 3979 2629 4004 ,
2659 3940 2991 3994 ccrariorum
3020 3951 3181 4011 atque
3207 3953 3497 3999 sartorum.

1915 4029 1994 4084 Ad
2018 4028 2308 4098 janitorem
2346 4030 2639 4099 pertinebit
2673 4047 2802 4086 cura
2832 4033 3138 4101 hospitum,
3166 4036 3503 4092 denuntiatio

1918 4120 2316 4177 advenientium
2336 4162 2348 4184 ,
2375 4121 2618 4175 custodia
2646 4123 2978 4177 exteriorum
3009 4124 3388 4181 claustrorum.
3420 4126 3502 4182 Ad

1916 4228 2039 4267 eum
2077 4211 2167 4281 qui
2206 4211 2424 4265 cellario
2467 4212 2821 4282 praeponitur,
2864 4215 3157 4283 pertinebit
3203 4216 3505 4273 sollicitudo

1918 4320 2104 4359 eorum
2143 4318 2262 4373 qua:
2291 4304 2343 4357 in
2380 4305 2752 4374 promptuario
2781 4312 2921 4359 sunt.
2950 4304 3054 4359 Iste
3078 4309 3341 4375 prmbebit
3378 4312 3505 4367 hcb-

1920 4395 2250 4449 domadariis
2286 4394 2545 4462 quidquid
2587 4395 2948 4450 necessarium
2984 4405 3066 4449 est
3108 4398 3269 4451 victui
3312 4416 3503 4455 mona-

1921 4483 2166 4546 chorum,
2198 4484 2471 4551 hospitum
2497 4492 2551 4538 ct
2579 4485 2936 4538 inﬁrmorum.
2971 4485 3079 4541 Isto
3106 4499 3370 4556 praesente
3397 4493 3506 4546 dis-

1923 4581 2218 4643 pensantur
2258 4590 2320 4628 ea
2355 4590 2474 4643 qua:
2512 4575 2715 4630 mensis
2749 4574 3037 4632 deferenda
3076 4589 3218 4632 sunt.
3258 4580 3308 4633 ls
3338 4583 3503 4636 etiam

1924 4665 2185 4735 quidquid
2230 4665 2506 4718 residuum
2558 4668 2795 4734 sumptui
2847 4667 3012 4722 fuerit
3063 4687 3160 4740 pro
3206 4686 3500 4741 pauperum

1922 4754 2112 4809 usibus
2146 4754 2464 4808 reservabit.
2509 4754 2644 4809 Huic
2682 4773 2896 4827 quoque
2937 4760 3388 4816 hcbdomadarius
3413 4779 3506 4819 ex-

1921 4845 2065 4914 pleta
2093 4845 2424 4898 hebdomada
2456 4860 2584 4898 vasa
2611 4847 2713 4900 sibi
2746 4850 2940 4903 tradita
2968 4852 3261 4916 exhibcb't,
3290 4854 3355 4907 ad
3385 4870 3481 4924 per

1925 4931 2258 5002 spicicndum
2295 4933 2480 5001 utique
2520 4934 2564 4987 si
2606 4935 2941 5005 negligenter
2969 4940 3154 4993 habita
3193 4955 3297 4994 non
3331 4950 3456 4996 sunt
3486 4960 3501 4998 :

1925 5040 1990 5078 ac
2015 5024 2193 5079 denuo
2228 5026 2539 5080 succedenti
2582 5027 3004 5085 hebdomadario
3044 5046 3226 5086 coram
3263 5034 3366 5089 isto
3398 5042 3506 5089 tra-

1923 5114 2139 5168 dentur.
2182 5115 2265 5170 Ad
2306 5117 2451 5171 hunc
2482 5133 2696 5188 quoque
2731 5121 3005 5189 pertinent
3043 5122 3270 5189 horrea,
3310 5140 3506 5196 greges

1916 5208 2104 5262 ovium
2133 5215 2188 5261 et
2210 5223 2485 5278 pecorum,
2512 5209 2634 5263 lana
2658 5218 2713 5265 et
2734 5210 2921 5275 linum,
2951 5213 3176 5279 aviaria,
3203 5215 3507 5271 sollicitudo

1925 5299 2127 5353 cibaria
2150 5299 2217 5352 ad
2242 5299 2655 5353 ministrandum
2688 5300 3003 5370 pistoribus,
3024 5302 3306 5372 jumenlis,
3333 5305 3506 5360 bobus

1925 5396 1982 5443 et
2020 5387 2238 5453 avibus;
2277 5387 2541 5441 industria
2581 5403 2796 5458 quoque
2823 5390 3344 5458 calceamentorum,
3373 5408 3505 5449 cura

1926 5487 2200 5548 pastorum
2232 5491 2325 5531 seu
2366 5476 2719 5545 piscatorum.
2756 5477 2837 5532 Ad
2869 5479 3344 5536 hcbdomadarium
3382 5497 3501 5553 pcr-

1926 5567 2062 5620 tiuet
2087 5581 2215 5620 cura
2247 5564 2602 5637 ferculorum,
2638 5567 3036 5624 administratio
3067 5585 3411 5637 mensarum,
3434 5572 3507 5628 si-

1927 5676 2087 5733 gnum
2117 5658 2275 5712 dandi
2305 5657 2357 5711 in
2388 5657 2598 5712 diurnis
2621 5649 2832 5722 ciliciis,
2863 5659 2977 5716 sive
3001 5661 3053 5716 in
3091 5661 3398 5728 collatione,
3420 5661 3505 5717 vel

1928 5753 1981 5807 in
2030 5749 2421 5821 coll:c‘.apost
2466 5750 2595 5807 solis
2647 5752 2973 5809 occnbitum.
3035 5753 3118 5811 Ad
3162 5754 3506 5811 hortulanum
