3974 6192
469 354 571 409 57!
1487 346 1544 402 S.
1584 344 1948 400 BENEDICTI
1988 338 2281 396 ABBATIS
2317 337 2727 394 ANIANENSIS
3618 339 3725 393 572

473 461 763 534 pertinebit
801 458 1029 514 munitio
1065 456 1414 525 custodiaque
1461 458 1740 512 hortorum
1761 496 1775 520 ,
1818 454 2051 509 alvearia
2081 454 2130 512 Α
2156 452 2439 505 mercedem
2465 451 2725 521 propheta:
2752 449 2966 518 accipiet
2998 461 3015 498 :
3041 457 3088 502 et
3121 448 3209 518 qui
3241 448 3421 518 recipit
3440 449 3648 519 justum
3676 454 3729 509 in

476 570 667 627 apum,
712 568 842 608 cura
879 550 1146 606 seminum
1188 549 1561 615 diversorum,
1609 564 1674 605 ac
1719 548 2054 604 denuntiatio
2155 542 2362 594 nomine
2387 540 2547 609 iusti,
2580 540 2865 594 mercedem
2892 539 3030 609 justi
3057 538 3269 609 accipiet
3302 552 3321 591 :
3353 548 3403 595 et
3430 541 3523 611 qui
3554 551 3728 613 potura

476 647 604 717 quid
651 643 865 713 quando
902 648 1149 711 oporteat
1185 641 1238 696 in
1286 641 1459 696 hortis
1506 640 1620 695 seri
1659 650 1752 695 aut
1800 640 2052 711 plantari.

474 738 577 791 Ars
607 742 788 791 autem
825 733 1055 804 pistoria
1093 734 1161 788 ad
1196 733 1362 789 laicos
1398 732 1691 804 pertinebit
1725 749 1740 787 :
1770 734 1868 803 ipsi
1909 734 2055 789 enim

473 826 714 881 triticum
742 833 999 895 purgent;
1030 824 1129 893 ipsi
1153 840 1217 878 ex
1248 839 1399 878 more
1427 823 1649 878 molant.
1681 824 1909 879 Massam
1941 834 2058 879 tan-

475 917 719 971 tumdetn
748 916 998 971 monachi
1037 914 1356 978 conﬁciant,
1382 923 1434 968 et
1455 930 1645 984 panem
1687 916 1787 970 sibi
1825 917 2058 987 propriis

482 1008 731 1062 manibus
763 1007 862 1077 ipsi
894 1006 1113 1060 faciant.
1138 1006 1308 1059 Porro
1333 1021 1430 1075 pro
1459 1006 1762 1075 hospitibus
1791 1007 1872 1060 vel
1911 1007 2060 1061 inﬁr-

482 1103 585 1151 mis
623 1097 743 1151 laici
783 1095 985 1149 faciant
1026 1110 1211 1163 panes.
1253 1093 1687 1149 Strumentorum
1723 1095 1963 1150 custodia
2006 1105 2063 1151 et

481 1188 929 1242 ferramentorum
969 1186 1035 1240 ad
1072 1201 1236 1239 unum
1260 1226 1275 1252 ,
1302 1201 1459 1254 quem
1485 1185 1646 1238 Pater
1674 1188 2059 1241 monachorum

480 1278 737 1348 elegerit,
767 1277 1095 1347 pertinebit,
1137 1278 1227 1345 qui
1267 1292 1329 1331 ea
1373 1275 1721 1345 operantibus
1754 1276 2060 1343 distribuat,

483 1376 808 1438 receptaque
835 1367 1120 1421 custodiat.
1147 1367 1215 1419 Et
1239 1366 1366 1421 licet
1398 1367 1512 1421 lucc
1537 1374 1731 1421 cuncta
1759 1367 2067 1435 specialiter

486 1459 713 1528 singulis
733 1467 990 1513 maneant
1009 1457 1319 1520 distributa,
1336 1458 1516 1511 omnia
1537 1465 1714 1513 tamen
1737 1474 1767 1512 a
1780 1458 1941 1513 Patre
1959 1475 2065 1516 mo

486 1551 710 1605 nasterii
731 1550 978 1605 ordinata
1001 1549 1066 1603 ad
1090 1565 1275 1603 curam
1302 1550 1571 1619 prtepositi
1597 1550 1963 1619 pertinebunt.
1986 1550 2067 1607 Ad

485 1639 897 1694 custodiendam
932 1639 986 1693 in
1022 1638 1155 1693 urbe
1182 1638 1373 1694 cellam
1403 1655 1542 1694 unus
1569 1640 1749 1695 senior
1776 1648 1829 1694 et
1866 1641 2073 1709 gravis-

2154 630 2355 685 dederit
2382 632 2473 684 uni
2497 648 2561 684 ea:
2589 630 2814 684 minimis
2837 630 2950 684 istis
2972 629 3183 683 calicem
3205 645 3355 700 aqua
3379 629 3589 701 frigidm
3618 645 3732 689 tan-

2156 728 2266 771 tum
2299 720 2354 771 in
2383 720 2591 772 nomine
2618 718 2895 788 discipuli,
2928 719 3090 771 Amen
3114 717 3230 771 dico
3257 719 3395 773 vobis
3423 736 3527 775 non
3557 723 3732 791 perdet

2156 808 2444 862 mercedem
2472 825 2623 863 suam
2660 807 2872 880 (Matth.
2905 807 2981 880 κ).
3024 808 3092 862 Et
3120 808 3249 864 licet
3275 809 3525 865 omnibus
3552 810 3733 882 hospi-

2159 898 2386 954 talitatis
2415 899 2613 954 bonum
2645 913 2769 953 cum
2798 899 2968 969 gratia
2994 906 3240 968 oporteat
3263 897 3455 954 referri
3473 941 3489 965 ,
3520 901 3739 957 uberior

2159 1000 2338 1046 tamen
2379 991 2594 1047 clericis
2631 999 2688 1046 et
2718 989 2998 1045 monachis
3031 989 3321 1045 deferenda
3360 999 3446 1045 est
3484 992 3741 1048 honoriﬁ-

2160 1084 2335 1137 centia
2369 1083 2769 1153 hospitalitatis.
2800 1080 3149 1136 Prmbeantur
3180 1080 3261 1137 eis
3286 1082 3593 1138 habitacula
3614 1125 3630 1148 ,
3668 1083 3744 1138 la-

2161 1182 2358 1227 ventur
2383 1187 2571 1228 eorunt
2597 1173 2791 1242 pedes,
2820 1178 2879 1226 ut
2913 1180 3240 1240 praeceptum
3270 1171 3612 1227 Dominicum
3638 1173 3741 1227 im-

2160 1264 2393 1333 pleatur.
2435 1264 2701 1334 Congruis
2726 1264 2889 1318 etiam
2928 1262 3229 1332 sumptibus
3256 1262 3460 1318 eisdem
3496 1263 3745 1321 humanis

2165 1353 2293 1408 tatis
2320 1354 2493 1424 gratia
2519 1355 2843 1424 praebeatur.

2657 1464 2967 1521 CAPUT
3036 1463 3254 1519 XXII.

2730 1534 2808 1589 De
2832 1534 3183 1605 profectione.

2240 1627 2428 1683 Nullus
2465 1628 2849 1682 monachorum
2878 1626 3183 1681 inconsulto
3208 1625 3403 1683 abbate
3425 1625 3619 1680 audeat
3650 1642 3749 1682 us-

486 1732 656 1786 simus
697 1730 1084 1786 monachorum
1119 1744 1245 1784 cum
1280 1730 1488 1784 duobus
1525 1730 1768 1799 parvulis
1792 1732 2072 1786 monachis
2100 1785 2143 1799 ﬁ
2171 1718 2316 1786 υῖδιη
2346 1717 2632 1787 Progredi,
2662 1732 2764 1770 nec
2798 1715 3001 1785 θιίειυῖιι
3030 1729 3358 1785 Primumere
3382 1715 3496 1769 δίηθ
3527 1715 3751 1785 ἰωνετίο

485 1821 894 1877 constituendus
930 1829 1014 1875 est
1053 1820 1160 1885 ibi,
1197 1820 1296 1889 qui
1330 1820 1375 1874 si
1415 1819 1570 1888 culpa
1608 1829 1788 1886 caret,
1823 1823 2076 1877 convenit

2181 1806 2290 1874 ejus
2316 1785 2409 1862 seu
2446 1785 2741 1877 prtepositi.
2780 1805 2839 1860 Si
2874 1807 3090 1875 quando
3127 1806 3294 1861 abbas
3320 1806 3404 1860 vel
3433 1808 3753 1877 praepositus

488 1925 614 1968 eum
649 1912 911 1981 perpetim
940 1912 1254 1980 perdurare.
1294 1912 1463 1966 Porro
1502 1928 1641 1967 cura.
1663 1914 2072 1969 nutriendorum

485 2001 832 2072 parvulorum
858 2000 1150 2071 pertinebit
1187 2003 1255 2058 ad
1283 2003 1457 2059 virum
1477 2044 1493 2068 ,
1530 2019 1689 2073 quem
1718 2005 1941 2076 elegerit
1974 2005 2074 2062 Pa-

488 2099 595 2155 ter,
640 2100 886 2145 sanctum
933 2092 1378 2162 sapientemque,
1430 2101 1592 2162 atque
1636 2102 1796 2149 aetate
1834 2110 2073 2167 gravem,

490 2181 875 2236 informantem
902 2182 1154 2251 parvulos
1185 2198 1292 2236 non
1323 2183 1495 2237 solum
1527 2185 1720 2239 studiis
1748 2184 2073 2250 litterarum,

491 2270 585 2325 sed
613 2271 774 2324 etiam
800 2271 1140 2327 documentis
1174 2272 1593 2342 magisterioque
1627 2274 1905 2329 virtutum.
1935 2275 2074 2329 Cura

491 2362 899 2433 peregrinorum
920 2362 1005 2417 vel
1027 2377 1329 2432 pauperum
1345 2362 1687 2434 eleemosyna
1707 2365 1997 2434 pertinebit
2011 2366 2077 2419 ad

493 2467 617 2507 eum
654 2453 737 2507 cui
779 2453 1199 2523 dispensationis
1234 2461 1474 2523 potestas
1507 2454 1795 2508 commissa
1832 2464 1933 2509 est.
1974 2456 2079 2510 Iste

496 2543 640 2611 quod
668 2542 833 2597 habet
854 2543 1160 2607 distribuat,
1193 2543 1554 2598 communicet
1576 2544 1717 2612 quod
1750 2552 1947 2613 potest,
1970 2560 2077 2601 non

495 2644 560 2686 ex
596 2630 817 2685 tristitia
852 2638 946 2683 aut
981 2631 1306 2685 necessitate
1351 2649 1363 2685 :
1400 2630 1638 2686 Hilarem
1674 2635 1811 2686 enim
1844 2634 2078 2693 datorem

495 2718 669 2792 diligit
695 2719 839 2775 Deus
867 2719 955 2793 (II
981 2719 1102 2775 Cor.
1138 2720 1235 2793 tx).

1096 2809 1324 2867 CAPUT
1360 2810 1481 2866 XX.

976 2899 1055 2953 De
1080 2900 1307 2968 inﬁrmis
1334 2901 1610 2970 fratribus.

571 2987 717 3042 Cura
756 2988 1093 3043 inﬁrmorum
1132 3003 1265 3044 sano
1308 2999 1611 3059 sanctteque
1657 2992 2081 3048 conversationis

500 3079 620 3132 viro
662 3080 1047 3134 committenda
1092 3089 1207 3146 est,
1256 3083 1347 3151 qui
1390 3098 1488 3151 pro
1536 3083 1618 3137 eis
1664 3083 2079 3139 sollicitudinem
2108 3118 2150 3180 C

502 3165 644 3221 ferre
668 3167 857 3236 possit,
880 3183 1184 3238 magnaque
1205 3185 1326 3224 cum
1351 3171 1613 3225 industria
1636 3180 1891 3241 praestare
1918 3174 2081 3229 faciat

502 3256 762 3327 quidquid
799 3258 1139 3313 imbecillitas
1169 3274 1353 3314 eorum
1390 3263 1711 3330 expostulat.
1757 3264 1874 3333 Ipse
1902 3274 2080 3320 autem

500 3347 584 3402 sic
614 3347 833 3418 aegrotis
860 3350 1155 3415 deserviat,
1193 3358 1253 3404 ut
1286 3351 1351 3407 de
1396 3353 1695 3422 sumptibus
1723 3370 1907 3410 eorum
1939 3358 2083 3411 vesci

501 3453 609 3493 non
648 3448 956 3509 praesumat.
997 3439 1239 3512 Egrotis
1287 3442 1597 3498 delicatiora
1634 3446 1918 3513 pnebenda
1959 3457 2085 3503 sunt

503 3529 788 3595 alimenta,
827 3546 1106 3601 quousque
1149 3532 1217 3587 ad
1264 3534 1691 3590 incolumitatem
1734 3539 2082 3607 perveniant;

502 3628 789 3690 postquam
830 3630 1009 3676 autem
1047 3622 1276 3684 salutem
1320 3626 1652 3695 receperint,
1687 3628 1753 3681 ad
1784 3644 1939 3683 usum
1968 3631 2082 3700 pri-

504 3711 703 3766 stinum
733 3720 1094 3766 revertantur.
1123 3712 1329 3768 Inﬁrmi
1357 3730 1455 3784 pro
1482 3730 1590 3784 quo
1616 3716 1899 3773 delicatius
1927 3719 2083 3774 alun-

507 3809 618 3867 tur,
656 3800 909 3858 fortiores
945 3803 1068 3859 inde
1101 3818 1439 3875 nequaquam
1474 3808 1910 3865 scandalizentur
1948 3829 1961 3865 :
1994 3814 2085 3881 qui

506 3892 652 3947 enim
678 3892 796 3947 sani
834 3901 959 3947 sunt
994 3892 1237 3949 inﬁrmos
1271 3895 1500 3952 tolerare
1531 3898 1759 3965 debent;
1786 3901 1876 3970 qui
1905 3909 2085 3956 autem

505 3981 707 4035 inﬁrmi
736 3989 892 4047 sunt,
924 3998 1087 4038 sanos
1112 3992 1167 4039 et
1202 3982 1514 4041 laborantes
1549 3990 1955 4057 anteponendos
1983 3990 2087 4045 sibi

506 4087 616 4127 non
662 4073 928 4127 dubitent.
974 4073 1185 4129 Nullam
1233 4085 1445 4145 oportet
1492 4078 1574 4132 vel
1603 4095 1786 4136 veram
1826 4083 2006 4138 cordis
2032 4092 2087 4137 ct

508 4161 755 4229 corporis
776 4160 1145 4216 inﬁrmitatem
1171 4171 1367 4227 tacere,
1394 4165 1475 4219 vel
1503 4164 1690 4221 falsam
1718 4170 2084 4238 prmtendere;

510 4249 605 4304 sed
649 4249 741 4319 qui
779 4257 1035 4318 possunt,
1079 4252 1279 4322 gratias
1317 4252 1428 4306 Deo
1466 4264 1629 4324 agant
1670 4264 1724 4311 et
1762 4267 2083 4327 operentur;

512 4341 603 4410 qui
639 4354 769 4396 vero
799 4356 905 4397 non
936 4350 1191 4411 possunt,
1236 4343 1581 4398 manifestent
1618 4362 1744 4401 suos
1781 4348 2085 4419 languores,

2173 1897 2371 1955 alicubi
2398 1897 2833 1966 proﬁciscuntur,
2871 1894 2962 1952 ille
3002 1894 3145 1951 ferat
3180 1894 3409 1949 fratrum
3435 1894 3750 1951 sollicitudi-

2174 2001 2295 2041 nem
2318 2027 2334 2052 ,
2365 1986 2458 2056 qui
2493 1992 2577 2041 est
2611 1993 2733 2055 post
2768 1986 3113 2058 prmpositum
3154 1986 3422 2040 secundus
3458 1985 3516 2037 in
3543 1984 3749 2040 ordine.

2174 2077 2361 2133 Nullus
2390 2078 2750 2149 prepinquum
2781 2078 2866 2133 vel
2889 2085 3209 2133 extraneum
3238 2077 3505 2145 hospitem
3531 2076 3618 2131 vel
3645 2092 3755 2131 mo-

2175 2170 2407 2225 nachum
2437 2168 2760 2223 familiarem
2786 2184 2879 2225 seu
2908 2177 3186 2239 parentem
3214 2169 3398 2223 videre
3426 2168 3632 2239 absque
3660 2170 3753 2223 im-

2174 2261 2325 2331 perio
2371 2261 2563 2314 audeat
2614 2261 2842 2316 senioris
2890 2279 2905 2314 :
2963 2274 3137 2331 neque
3182 2261 3299 2315 sine
3342 2261 3555 2315 abbatis
3602 2262 3753 2331 jussu

2175 2351 2403 2420 quisque
2432 2350 2681 2421 accipere
2704 2351 2987 2420 epistolam
3010 2392 3026 2416 ,
3054 2350 3138 2406 vel
3178 2352 3307 2407 dare
3342 2351 3589 2420 cuiquam
3622 2366 3755 2420 pra:-

2177 2450 2372 2496 sumat.
2394 2435 2639 2507 'Quando
2678 2440 2877 2497 fratres
2914 2441 3047 2497 foris
3085 2440 3526 2512 proﬁciscuntur,
3564 2441 3649 2495 vel
3682 2456 3758 2496 re-

2178 2534 2371 2597 deunt,
2422 2533 2767 2604 congregatis
2813 2534 3066 2588 omnibus
3111 2534 3165 2587 in
3209 2548 3377 2586 unum
3424 2532 3478 2585 in
3531 2531 3757 2586 ecclesia

2177 2620 2605 2677 benedictionem
2656 2620 2962 2691 accipiant;
3012 2621 3309 2688 eodemque
3352 2620 3509 2673 modo
3560 2620 3758 2675 hebdo-

2180 2712 2404 2768 madarii
2445 2712 2527 2767 vel
2568 2712 2930 2781 quarumlibet
2970 2727 3149 2766 rerum
3180 2711 3613 2782 dispensatores,
3650 2712 3759 2766 sive

2180 2806 2306 2859 dum
2336 2816 2745 2875 promoventur,
2784 2806 2897 2860 sive
2924 2806 3049 2859 dum
3086 2805 3366 2860 recedunt.
3398 2804 3628 2874 Propter
3665 2820 3757 2859 ne-

2182 2896 2489 2950 cessitatem
2516 2894 2751 2965 aliquam
2778 2894 3092 2949 monasterii
3116 2894 3221 2949 duo
3242 2893 3436 2948 fratres
3456 2892 3760 2963 spirituales

2183 3001 2246 3039 ac
2274 2984 2640 3053 probatissimi
2677 2984 2960 3054 eligantur,
2998 2974 3091 3053 qui
3127 2982 3192 3036 ad
3217 2982 3402 3037 urbem
3430 2982 3514 3037 vel
3545 2982 3611 3037 ad
3642 2999 3760 3052 pos-

2183 3076 2479 3130 sessionem
2508 3074 2814 3130 mittantur.
2841 3072 3236 3128 Adolescentuli
3271 3081 3451 3128 autem
3481 3072 3565 3127 vel
3594 3088 3759 3141 nuper

2184 3165 2428 3218 conversi
2459 3178 2490 3217 a
2520 3162 2612 3217 tali
2639 3163 2940 3218 ministerio
2967 3162 3275 3217 removendi
3302 3181 3315 3216 :
3343 3178 3411 3217 ne
3433 3172 3528 3217 aut
3554 3164 3761 3217 inﬁrma

2181 3261 2316 3308 tetas
2348 3254 2527 3307 carnis
2554 3252 2821 3308 desiderio
2851 3252 3141 3322 polluatur,
3171 3261 3264 3307 aut
3298 3254 3448 3308 rudis
3475 3257 3759 3310 conversio

2182 3341 2249 3395 ad
2289 3342 2468 3397 smculi
2504 3341 2770 3397 desideria
2813 3350 3139 3397 revertatur.
3184 3343 3480 3398 Monachus
3520 3347 3649 3401 dum
3696 3348 3761 3402 ad

2183 3432 2326 3487 aliud
2347 3432 2734 3487 monasterium
2757 3433 2990 3487 mittitur
3009 3434 3353 3500 visitandum,
3379 3437 3617 3503 quandiu
3641 3453 3759 3491 cum

2182 3523 2262 3578 eis
2306 3522 2471 3577 fuerit
2507 3524 2573 3578 ad
2614 3538 2751 3594 quos
2790 3525 3091 3580 destinatus
3128 3534 3242 3603 est,
3286 3526 3360 3580 ita
3397 3542 3522 3581 eum
3546 3518 3763 3597 ~oportet

2184 3614 2257 3669 ibi
2285 3613 2467 3669 vivere
2506 3614 2647 3669 sicut
2690 3614 2957 3685 reliquum
3000 3625 3201 3670 cretum
3238 3627 3549 3673 sanctorum
3592 3620 3761 3683 videt,

2183 3712 2403 3774 propter
2438 3705 2748 3760 scandalum
2791 3704 2999 3760 scilicet
3033 3713 3087 3759 et
3125 3705 3586 3774 perturbationem
3630 3708 3764 3761 inﬁr-

2184 3812 2415 3852 morum.

2664 3884 2966 3941 CAPUT
3035 3884 3287 3940 XXIII.

2775 3975 2851 4029 De
2889 3975 3169 4045 defunctis.

2257 4066 2685 4121 Transeuntibus
2724 4066 2791 4120 de
2836 4066 2937 4120 hac
2981 4066 3101 4121 luce
3143 4065 3429 4133 fratribus,
3476 4077 3761 4136 antequam

2184 4163 2533 4232 sepeliantur,
2574 4176 2675 4231 pro
2701 4160 3035 4216 dimittendis
3061 4176 3248 4215 eorum
3285 4162 3524 4232 peccatis
3561 4162 3765 4217 sacriﬁ—

2185 4252 2328 4304 cium
2351 4250 2630 4305 oneratur.
2659 4249 2897 4317 Corpora
2925 4247 3152 4302 fratrum
3180 4264 3286 4303 uno
3311 4248 3618 4318 sepelienda
3644 4258 3766 4304 sunt

2185 4338 2302 4393 loco
2332 4358 2344 4393 :
2378 4350 2437 4395 ut
2465 4356 2600 4411 quos
2629 4341 2867 4394 viventes
2894 4339 3134 4394 Charitas
3160 4340 3381 4394 retinuit
3406 4341 3618 4406 unitos,
3652 4357 3764 4395 mo-

509 4439 565 4487 et
592 4432 764 4488 levius
790 4433 1183 4504 humaniusque
1217 4443 1537 4491 tractentur.
1570 4434 1682 4493 Sub
1707 4447 1968 4506 prtetextu
1998 4441 2082 4494 in-
2109 4450 2161 4509 ι)
2186 4432 2387 4486 riemes
2429 4432 2578 4487 locus
2612 4448 2752 4486 unus
2796 4432 3169 4503 amplectatur.
3209 4433 3315 4486 Pro
3350 4433 3634 4503 spiritibus
3675 4435 3768 4489 de-

509 4522 781 4579 ﬁrmitatis
805 4524 938 4578 nihil
964 4525 1235 4595 peculiare
1264 4526 1594 4592 habendum,
1626 4543 1693 4582 ne
1718 4527 1884 4584 lateat
1917 4529 2083 4585 libido

509 4613 820 4683 cupiditatis
840 4616 941 4671 sub
966 4614 1241 4685 languoris
1266 4615 1462 4685 specie.
1492 4616 1727 4672 Lavacra
1749 4619 1876 4673 nulli
1905 4635 2085 4675 mona-

509 4704 614 4757 cho
656 4704 901 4760 adeunda
948 4705 1125 4759 studio
1161 4706 1369 4761 lavandi
1400 4708 1671 4777 corporis,
1710 4709 1813 4764 nisi
1850 4718 2083 4764 tantum-

510 4792 671 4846 modo
696 4808 795 4863 pro
820 4794 1139 4849 necessitate
1168 4795 1459 4864 languoris.
1491 4796 1599 4852 Nec
1621 4798 1973 4854 differendum
1999 4809 2083 4855 est

510 4890 733 4952 propter
767 4884 1064 4950 medelam,
1109 4886 1152 4940 si
1204 4887 1453 4956 expedit;
1503 4902 1605 4943 nec
1640 4891 2081 4945 murmurandum

511 4979 625 5038 est;
657 4975 782 5043 quia
810 4991 917 5031 non
946 4975 1006 5030 ﬁt
1026 4991 1124 5045 pro
1153 4977 1390 5047 appetitu
1419 4976 1725 5049 voluptatis,
1754 4981 1846 5035 sed
1874 4996 1972 5051 pro
2002 4997 2088 5037 re-

512 5064 692 5119 medio
715 5075 922 5122 tantum
946 5067 1157 5122 salutis.

1074 5160 1333 5216 CAPUT
1371 5160 1535 5217 XXI.

1110 5251 1188 5306 De
1212 5252 1518 5322 hospitibus.

585 5335 1011 5394 Advenientibus
1054 5340 1355 5409 hospitibus
1398 5351 1645 5412 prompta
1684 5349 1844 5411 atque
1891 5343 2088 5401 alacris

515 5428 784 5497 susceptio
807 5428 1106 5484 adhibenda
1127 5438 1239 5496 est;
1266 5432 1499 5486 scientes
1523 5434 1592 5488 ob
1613 5433 1717 5488 hoc
1738 5432 2086 5488 novissimam

516 5520 773 5589 consequi
801 5520 1229 5588 retributionem,
1260 5522 1400 5577 sicut
1425 5532 1480 5578 et
1502 5524 1759 5579 Dominus
1782 5523 1913 5579 dicit
1943 5541 1956 5578 :
1984 5523 2088 5590 Qui

519 5620 607 5659 vos
632 5608 832 5678 recipit,
857 5626 937 5664 me
963 5611 1141 5680 recipit
1168 5624 1187 5661 :
1215 5612 1305 5682 qui
1328 5628 1409 5665 me
1430 5614 1629 5683 recipit,
1658 5614 1835 5684 recipit
1862 5630 1979 5667 eum
1999 5616 2089 5685 qui

518 5710 601 5750 me
626 5696 784 5751 misit.
815 5697 917 5764 Qui
955 5700 1133 5769 recipit
1163 5703 1461 5771 prophetam
1489 5702 1544 5756 in
1575 5702 1779 5757 nomine
1804 5707 2084 5774 prophetia,

2188 4520 2489 4576 functorum
2532 4521 2702 4577 altera
2751 4523 2836 4577 die
2876 4530 2999 4593 post
3036 4522 3391 4578 Pentecosten
3438 4523 3765 4578 sacrificium

2187 4609 2297 4665 Deo
2322 4610 2601 4678 offeratur,
2636 4621 2696 4666 ut
2721 4614 2893 4667 beatte
2927 4614 3049 4668 vita:
3078 4614 3367 4684 participes
3402 4612 3527 4669 facti
3566 4630 3768 4686 purga-

2188 4700 2355 4756 tiores
2393 4718 2616 4773 corpora
2653 4719 2749 4758 sua
2795 4704 2849 4757 in
2896 4704 2983 4759 die
3026 4706 3439 4760 resurrectionis
3479 4706 3765 4775 recipiant.

2188 4793 2313 4849 llam
2334 4795 2516 4865 igitur,
2547 4811 2580 4850 ο
2608 4796 2749 4850 servi
2778 4796 2903 4871 Qei,
2936 4797 3133 4851 milites
3168 4796 3400 4861 Christi,
3430 4807 3770 4866 contempto-

2188 4900 2276 4939 res
2304 4886 2486 4939 nutudi
2506 4926 2520 4951 ,
2550 4886 2625 4939 ita
2647 4886 2799 4940 vobis
2825 4886 3177 4941 custodienda
3208 4885 3453 4940 volumus
3472 4927 3487 4952 ,
3514 4895 3575 4940 ut
3601 4888 3770 4957 majo-

2190 4992 2309 5030 rum
2340 4986 2604 5048 prrecepta
2634 4977 2851 5032 Patrum
2880 4993 2979 5047 per
3003 4978 3182 5031 omnia
3208 4979 3561 5033 conscrvetis.
3589 4977 3771 5035 Susci—

2189 5067 2300 5139 pite
2327 5068 2489 5137 igitur
2521 5070 2661 5124 inter
2689 5070 2779 5124 illa
2807 5079 2861 5125 et
2889 5071 3029 5126 hanc
3052 5070 3470 5127 admonitionem
3498 5081 3785 5135 nostram,‘

2191 5158 2377 5213 humili
2407 5159 2569 5214 corde
2596 5159 2962 5215 custodientes
2986 5175 3105 5230 quae
3130 5161 3391 5225 dicimus,
3415 5161 3653 5216 libenter
3678 5177 3765 5215 su-

2191 5258 2400 5305 mentes
2422 5250 2564 5318 quod
2591 5249 2993 5320 dispensamus;
3015 5259 3281 5321 quatenus
3301 5251 3456 5307 vobis
3479 5252 3548 5307 de
3569 5251 3767 5307 effectu

2185 5340 2364 5409 operis
2392 5339 2461 5395 sit
2487 5339 2656 5411 gloria
2676 5381 2692 5406 ,
2723 5348 2779 5395 et
2808 5339 2964 5395 nobis
2999 5355 3098 5410 pro
3134 5340 3248 5410 ipsa
3276 5342 3647 5398 admonitione
3672 5357 3768 5413 po-

2187 5430 2384 5485 stulata
2411 5432 2694 5500 proveniat
2717 5431 2897 5487 venia.
2925 5430 3068 5485 Deus
3091 5440 3271 5487 autem
3300 5433 3649 5503 omnipotens
3675 5448 3767 5489 cu-

2188 5520 2387 5575 stodiat
2411 5536 2504 5576 vos
2530 5521 2584 5575 in
2606 5521 2856 5578 omnibus
2881 5523 3038 5578 bonis
3058 5564 3072 5590 ,
3097 5531 3154 5578 et
3173 5523 3444 5594 quomodo
3465 5526 3665 5595 coepit,
3689 5525 3777 5585 sic.

2189 5610 2470 5666 conﬁrmet
2494 5612 2724 5683 gratiam
2752 5628 2905 5667 suam
2930 5614 2984 5669 in
3012 5616 3181 5671 vobis.
3211 5615 3406 5670 Amen.
3788 5604 3805 5619 χ

2504 5703 2730 5774 Erplicit
2772 5704 2968 5775 Regula
3002 5708 3170 5762 sancti
3206 5706 3435 5763 Isidori-
