3974 6192
256 294 357 349 577

860 289 1089 344 consx
1126 286 1578 343 succussu.
1620 315 1685 323 -
1724 281 1902 335 rans
1940 281 2000 335 ιι.
2044 281 2345 338 naeuus
2387 283 2492 337 pr.
2529 260 2885 342 occmsNr.

3380 289 3484 343 ωδ

251 411 428 470 beant,
459 404 831 458 determinari.
866 402 1058 456 Addidi
1092 403 1252 456 etiam
1280 399 1494 454 modum
1523 406 1577 453 et
1607 405 1815 465 tempus
1844 398 1893 457 Α
1920 395 2167 449 minister
2210 396 2263 449 in
2307 396 2606 467 colligendo
2657 401 2861 454 exstiti.
2910 401 2988 454 Ex
3038 416 3268 470 quarum
3308 409 3488 456 tamen

248 500 573 573 jejuniorum
602 505 763 565 atque
786 482 1143 549 abstinentiae.
1171 492 1432 560 Subjuuxi
1455 505 1665 558 quoque
1686 487 1819 541 locis

254 588 509 662 congruis
550 601 725 657 pauca
766 586 829 639 de
856 584 1146 638 virtutibus
1172 590 1226 637 et
1260 582 1425 645 vitiis,
1453 588 1508 634 et
1536 587 1596 633 ut
1635 579 1819 633 cautos

256 682 487 737 facerem
527 676 812 737 solitarios,
856 674 1050 743 quibus
1094 672 1268 726 modis
1309 669 1570 725 miracula
1604 665 1821 737 operari

253 770 459 826 soleant
514 766 768 820 intimare
830 762 1035 818 curavi.
1081 760 1163 815 Ad
1216 759 1466 813 ultimum
1528 765 1707 811 autem
1753 753 1822 808 de

244 854 652 930 perseverantia
692 851 819 906 boni
859 849 1037 919 operis
1073 862 1240 902 unum
1283 854 1492 900 tantum
1527 842 1823 913 capitulum

246 950 423 1021 posui.

308 1041 375 1095 ιη
406 1040 497 1094 his
528 1051 657 1108 ergo
678 1034 927 1090 omnibus
950 1033 1254 1102 ubicunque
1276 1029 1544 1100 aliquibus
1568 1026 1825 1083 clausulis

248 1130 601 1189 enucleandis
629 1127 922 1183 necessitas
947 1124 1178 1189 exstitit,
1204 1138 1410 1178 morem
1439 1119 1679 1175 fluminis
1710 1118 1827 1172 imi-

249 1225 351 1279 tari
382 1220 586 1277 studui.
618 1217 841 1272 Fluvius
871 1216 1066 1285 quippe
1095 1215 1220 1268 dum
1250 1227 1346 1281 per
1376 1211 1589 1265 alveum
1617 1207 1821 1272 deﬂuit,

249 1316 292 1370 si
334 1312 510 1367 valles
551 1323 818 1365 concavas
859 1320 927 1360 ex
956 1305 1126 1360 latere
1168 1303 1455 1371 contingit,
1487 1302 1542 1355 in
1572 1315 1664 1354 eas
1702 1313 1827 1368 pro-

255 1407 396 1460 tinus
424 1403 509 1458 sui
533 1402 766 1469 impetus
796 1412 1015 1452 cursum
1044 1393 1290 1457 divertit;
1318 1406 1550 1460 cumque
1578 1389 1696 1443 illas
1717 1388 1830 1443 suf-

253 1498 499 1554 ficienter
528 1489 832 1562 impleverit
854 1529 868 1554 ,
910 1494 1128 1556 repente
1157 1499 1214 1539 se
1244 1484 1299 1537 in
1330 1481 1537 1536 alveum
1568 1477 1823 1533 refundit.

250 1590 322 1644 Ita
373 1586 634 1642 nimirum
664 1581 973 1647 ubicunque
1011 1577 1152 1629 inter
1194 1587 1349 1629 sacra
1380 1578 1688 1627 sanctorum
1720 1567 1830 1621 elo—

252 1681 376 1752 quia
430 1677 666 1746 aliquam
713 1671 1097 1727 obscuritatem
1154 1679 1405 1736 congruae
1457 1658 1828 1752 mdiﬁcationis

254 1749 461 1839 reperi,
501 1763 654 1835 quasi
685 1762 752 1817 ad
785 1761 1020 1814 vicinam
1062 1756 1255 1810 vallem
1290 1749 1684 1822 explanationis
1727 1763 1826 1839 un-

253 1834 375 1917 dam
406 1834 634 1921 retorsi;
666 1862 721 1909 et
746 1852 871 1907 dum
899 1849 1070 1919 ipsam
1115 1843 1463 1901 obscuritatis
1488 1840 1682 1894 vallem
1720 1834 1829 1890 suf-

254 1951 499 2005 ﬁcienter
537 1942 835 2014 expositam
884 1936 1163 2009 perspexi,
1218 1947 1407 1987 rursus
1453 1930 1519 1983 ad
1554 1925 1829 1982 sermonis

251 2039 512 2114 propositi
538 2036 749 2091 alveum
782 2030 1083 2088 recucurri.
1111 2026 1219 2082 Sed
1246 2042 1353 2081 non
1388 2025 1493 2079 hoc
1519 2037 1641 2076 meo
1667 2034 1829 2075 sensu

250 2112 334 2188 vel
369 2128 571 2195 studio,
598 2126 696 2181 sed
731 2132 1043 2180 sanctorum
1062 2118 1295 2195 Patrum
1320 2112 1556 2171 oraculis
1589 2126 1830 2166 annuen-

247 2225 400 2281 tibus
422 2218 633 2293 peregi.

317 2315 439 2371 Hoc
464 2328 615 2377 sane,
640 2304 1152 2367 Pater-venerande,
1187 2311 1298 2356 tam
1327 2315 1422 2355 vos
1457 2298 1550 2369 qui
1580 2297 1648 2351 ad
1686 2295 1831 2349 istud

252 2404 575 2478 opusculum
617 2399 972 2472 peragendum
1006 2411 1091 2450 me
1126 2393 1426 2456 excitastis,
1453 2406 1615 2461 quam
1642 2403 1831 2443 omnes

252 2499 343 2570 qui
389 2498 510 2551 haec
542 2495 680 2549 forte
714 2489 906 2545 lecturi
936 2495 1084 2551 sunt,
1112 2494 1388 2541 contestor
1416 2491 1472 2537 et
1494 2483 1742 2543 obsecro,
1771 2486 1830 2533 ut

252 2585 516 2656 quidquid
543 2583 597 2636 in
633 2580 797 2636 rebus
825 2578 946 2633 istis
973 2591 1093 2645 qua:
1118 2583 1393 2641 utcunque
1428 2571 1648 2641 digestae
1680 2577 1829 2632 sunt,

253 2671 694 2745 reprehensionis
722 2667 1047 2731 invenerint,
1075 2666 1207 2720 vitio
1233 2678 1367 2719 mea:
1402 2660 1721 2717 rusticitatis
1747 2675 1832 2714 as-

253 2767 471 2820 cribant
517 2763 759 2830 mihique
802 2761 1084 2831 dignanter
1131 2757 1441 2826 indulgeant
1479 2772 1493 2809 :
1540 2769 1603 2809 ea
1650 2762 1830 2807 autem

253 2869 379 2924 quae
408 2852 701 2909 secundum
732 2851 890 2905 fidem
922 2848 1245 2906 catholicam
1286 2848 1429 2902 diota
1460 2845 1831 2925 probaverim,

253 2947 366 3002 Deo
406 2947 690 3016 deputent,
734 2944 825 3013 qui
868 2944 959 2997 dat
1001 2942 1251 2998 omnibus
1299 2940 1601 3003 afﬂuenter,
1629 2947 1684 2991 et
1727 2952 1832 2990 non

254 3037 608 3106 improperat.
638 3034 749 3103 Ego
789 3032 986 3102 quippe
1014 3032 1140 3085 dum
1167 3031 1346 3085 studui
1384 3035 1709 3098 praeceptum
1741 3026 1829 3094 ju-

253 3125 435 3180 bentis
500 3122 746 3192 implere,
788 3122 955 3175 etiam
1005 3119 1209 3188 majora
1256 3120 1463 3173 viribus
1511 3117 1645 3171 meis
1692 3132 1831 3186 pra:-

1920 485 2307 554 compositione
2328 487 2626 554 specierum
2655 488 2801 543 salus
2830 488 3061 544 efficitur
3089 490 3485 562 :egrotantium.

1922 575 2011 631 Sic
2037 578 2222 641 etiam,
2246 578 2324 632 sic
2354 577 2576 632 forsitan
2614 594 2748 633 mea:
2780 579 3082 635 devotionis
3109 581 3264 636 labor
3295 590 3492 637 vestra:

1920 666 2197 731 charitati,
2227 667 2453 721 Domino
2487 667 2807 735 opitulante,
2850 669 3051 739 aliquid
3090 671 3354 742 proficere
3397 688 3495 727 va-

1922 755 2070 811 lebit.
2100 754 2215 811 Non
2253 757 2426 820 enim,
2472 766 2533 810 ut
2568 773 2714 822 reor,
2751 766 2860 813 tam
2901 761 3130 816 sollicite
3175 763 3305 816 mihi
3351 764 3493 818 hanc

1922 844 2179 915 Regulam
2210 845 2448 900 scribere
2478 845 2846 916 injungeretis,
2884 851 2985 905 nisi
3019 867 3141 905 eam
3168 851 3492 923 diligeretis,

1922 944 1978 989 et
2004 935 2107 989 nisi
2139 935 2206 988 ad
2232 935 2567 1003 propositum
2592 936 2716 991 vitm
2752 939 3004 994 solitariae
3042 942 3363 1012 quandoque
3403 955 3495 997 ve—

1926 1027 2044 1080 nire
2064 1025 2386 1080 voluissetis.
2412 1024 2562 1081 Sicut
2583 1028 2726 1082 enim
2750 1046 2836 1083 me
2860 1030 2961 1099 pia:
2982 1032 3279 1087 devotionis
3301 1032 3496 1088 affectu

1923 1117 2194 1172 exhortati
2230 1117 2365 1172 estis
2390 1125 2450 1171 ut
2482 1133 2601 1173 eam
2637 1121 2953 1185 scriberem,
2989 1122 3061 1175 ita
3091 1138 3234 1176 nunc
3263 1139 3358 1178 vos
3396 1125 3496 1178 hu-

1925 1207 2123 1261 militer
2150 1209 2381 1277 deposco
2406 1216 2468 1261 ut
2503 1209 2749 1263 eamdem
2778 1210 2975 1280 smpius
3006 1211 3291 1281 diligenter
3319 1213 3499 1284 legere

1926 1298 2221 1362 studentis;
2269 1307 2535 1367 quatenus
2585 1300 2795 1355 animus
2842 1310 3054 1365 vester,
3103 1303 3499 1370 quodammodo

1924 1387 2286 1442 exterioribus
2312 1388 2576 1443 molestiis
2607 1387 2883 1458 fatigatus,
2927 1391 2995 1444 ad
3021 1391 3257 1460 seipsum
3290 1394 3495 1459 redeat,

1927 1486 1983 1532 et
2027 1493 2132 1547 quo
2178 1479 2408 1531 maxime
2458 1478 2715 1534 festinare
2748 1481 2971 1545 debeat,
3028 1483 3309 1553 intelligat.
3358 1484 3500 1551 Quid

1929 1583 2057 1639 ergo
2084 1568 2136 1623 in
2166 1570 2266 1624 hac
2291 1572 2401 1623 vita
2432 1570 2754 1626 laboriosius
2779 1588 2938 1640 quam
2968 1575 3198 1628 terrenis
3223 1576 3505 1632 desideriis

1929 1662 2192 1715 aestuare?
2219 1661 2326 1715 Aut
2372 1663 2497 1732 quid
2547 1665 2789 1717 securius
2820 1680 2982 1734 quam
3029 1667 3095 1721 de
3130 1665 3289 1734 hujus
3319 1668 3504 1723 seaculi

1932 1752 2167 1806 vanitate
2197 1751 2271 1805 nil
2309 1754 2595 1821 appetere?
2620 1754 2720 1821 Qui
2749 1756 2893 1809 enim
2930 1756 3071 1811 hunc
3116 1758 3378 1813 mundum
3420 1760 3504 1814 di-

1932 1841 2119 1912 ligunt,
2150 1842 2472 1897 turbulentis
2493 1845 2608 1913 ejus
2635 1845 2783 1898 curis
2810 1853 2864 1899 et
2893 1847 3346 1904 sollicitudinibus
3373 1865 3507 1905 con-

1930 1939 2233 1993 turbantur.
2286 1939 2386 2006 Qui
2433 1950 2611 1995 autem
2657 1942 2724 1995 ab
2770 1957 2835 1997 eo
2885 1945 3176 2010 recedunt,
3213 1955 3268 2002 et
3316 1947 3505 2003 solita-

1927 2030 2065 2084 riam
2095 2032 2260 2083 vitam
2297 2039 2577 2099 expetunt,
2609 2031 2804 2086 futurze
2838 2035 2986 2115 pacis
3018 2038 3260 2105 requiem
3280 2079 3294 2103 ,
3337 2054 3502 2107 quam

1930 2121 2039 2177 illic
2082 2130 2427 2193 exspectant,
2471 2124 2559 2178 hic
2589 2121 2703 2193 jam
2743 2126 3141 2194 quodammodo
3176 2129 3377 2184 habere
3421 2131 3508 2184 in-

1929 2212 2148 2266 choant.

2002 2301 2344 2371 Quapropter
2385 2317 2568 2371 qumso
2609 2310 2717 2357 tam
2766 2320 2861 2360 vos
2900 2321 3060 2375 quam
3103 2322 3292 2362 omnes
3342 2308 3511 2363 Deum
3606 2370 3609 2375 _

1931 2391 2233 2461 diligentes,
2260 2402 2319 2446 ut
2348 2408 2506 2447 nemo
2550 2393 2691 2448 hanc
2735 2395 2989 2465 Regulam
3032 2405 3289 2465 spernat,
3335 2412 3513 2467 neque

1926 2482 1999 2535 ab
2024 2483 2125 2536 hac
2156 2476 2510 2537 instructione
2534 2498 2732 2551 pavore
2758 2487 3077 2554 perterritus
3101 2487 3353 2557 refugiat,
3380 2490 3539 2575 quia,

1931 2572 2016 2625 via
2056 2571 2243 2625 salutis
2292 2587 2400 2625 non
2437 2573 2594 2627 aliter
2633 2574 2735 2627 nisi
2782 2583 3009 2645 angusto
3055 2577 3210 2630 initio
3252 2585 3336 2630 est
3372 2571 3507 2632 inci-5

1930 2662 2144 2732 pienda.
2187 2661 2341 2716 Unde
2386 2662 2648 2717 Dominus
2690 2664 2805 2717 ait:
2843 2664 3149 2719 Contendile
3187 2666 3384 2720 intrare
3422 2683 3517 2736 per

1933 2761 2208 2822 angustam
2238 2761 2443 2827 portam
2476 2751 2689 2824 (Matth.
2714 2769 2820 2817 vn,
2848 2753 2957 2823 15).
2987 2754 3053 2807 Et
3082 2754 3278 2808 iterum
3306 2772 3319 2807 :
3352 2757 3515 2809 Arcta

1932 2853 1981 2897 et
2011 2852 2232 2913 angusta
2264 2844 2346 2896 via
2381 2852 2475 2907 est,
2506 2860 2621 2913 qua:
2648 2843 2793 2896 ducit
2833 2844 2902 2897 ad
2939 2846 3132 2906 vitam;
3162 2844 3273 2898 lata
3310 2854 3360 2899 et
3389 2861 3515 2915 spa-

1934 2941 2089 3003 tiosa,
2112 2957 2228 3010 qua!
2254 2939 2398 2993 ducit
2426 2940 2495 2992 ad
2524 2950 2739 2994 mortem
2768 2939 2979 3013 (Ibid.).
3008 2940 3149 2993 Nihil
3174 2954 3303 3010 ergo
3328 2940 3379 2993 in
3413 2940 3517 2994 hac

1936 3030 2320 3084 constitutione
2364 3044 2652 3099 asperum,
2696 3030 2781 3084 vel
2828 3020 3142 3094 onerosum,
3177 3031 3312 3085 nihil
3354 3047 3522 3102 grave

1938 3140 2093 3194 spero
2131 3139 2214 3178 me
2262 3125 2568 3193 scripsisse;
2609 3124 2704 3179 sed
2749 3124 2794 3178 si
2842 3125 2973 3194 quid
3005 3125 3278 3193 paululum
3325 3125 3518 3179 restri-

185 3223 201 3244 '
252 3212 483 3282 sumpsi,
516 3212 820 3280 suscipere;
851 3212 944 3265 sed
978 3221 1156 3264 tamen
1193 3211 1305 3279 ipsa
1335 3208 1643 3264 ohedieutia
1680 3207 1835 3260 valde
1863 3239 1906 3299 Ο
1938 3214 2098 3278 ctius,
2126 3214 2363 3268 dictante
2406 3214 2676 3283 :equitatis
2712 3215 2925 3270 ratione
2966 3215 3021 3269 in
3050 3230 3114 3269 ea
3158 3216 3387 3280 institui,
3418 3216 3523 3271 hoc

254 3304 386 3357 mihi
413 3309 539 3357 erat
568 3300 910 3355 necessaria?
941 3300 1053 3355 llac
1082 3300 1299 3370 quidem
1326 3308 1521 3354 nactus
1547 3298 1833 3355 occasione

254 3392 554 3462 Regulam,
593 3407 756 3460 quam
802 3407 906 3453 non
939 3392 1221 3453 habebam,
1255 3392 1412 3445 modo
1440 3391 1633 3445 habeo.
1667 3390 1837 3444 Crete-

257 3499 374 3537 rum
400 3484 470 3537 de
492 3484 837 3537 accuratione
859 3483 1110 3544 dictionis
1131 3482 1458 3536 elucubratas
1481 3496 1585 3535 non
1612 3489 1830 3551 satago;

257 3574 381 3641 quia
420 3573 567 3641 quod
607 3589 639 3626 a
688 3572 963 3642 magistris
1011 3571 1324 3641 negligenda
1374 3585 1483 3625 non
1536 3570 1736 3636 didici,
1780 3571 1834 3624 id

257 3666 514 3721 exhibere
544 3664 810 3733 loquendo
838 3664 1075 3733 nequivi.

324 3755 385 3811 ld
433 3755 612 3824 ipsum
646 3762 826 3809 autem
858 3754 1003 3823 quod
1043 3753 1271 3823 scripsi,
1313 3767 1421 3808 non
1466 3752 1682 3820 ingenio
1718 3766 1840 3806 meo

262 3843 454 3908 fretus,
480 3844 578 3897 sed
618 3843 955 3898 orationibus
984 3842 1182 3897 vestris
1217 3842 1604 3897 auxiliantibus
1629 3840 1835 3910 peregi.

264 3919 451 3989 Solent
487 3947 725 4000 namque
763 3932 959 3987 medici
1003 3946 1070 3987 ex
1103 3931 1395 3986 multorum
1438 3931 1719 3998 speciebus
1755 3931 1839 3998 pi—

262 4033 606 4092 gmentorum
647 4022 704 4075 in
753 4020 982 4076 salutem
1025 4022 1299 4090 poscentis
1353 4022 1624 4091 quoddam
1672 4004 1841 4090 genus

262 4112 647 4167 medicamenti
699 4112 1053 4181 componere,
1104 4127 1206 4167 nec
1255 4112 1464 4181 seipsos
1509 4119 1844 4181 praesumunt

261 4199 419 4256 fateri
468 4209 746 4257 creatures
778 4201 1071 4256 herbarum
1110 4201 1196 4255 vel
1231 4191 1458 4256 aliarum
1501 4202 1838 4272 Specierum,

264 4291 359 4345 sed
406 4291 689 4347 ministros
717 4306 778 4347 se
815 4306 936 4347 esse
979 4292 1035 4345 in
1080 4290 1378 4362 colligendo
1406 4298 1460 4346 et
1510 4291 1844 4346 conficiendo

264 4391 537 4436 asserunt.
569 4381 649 4436 lta
678 4392 734 4438 et
778 4397 897 4452 ego,
936 4397 1045 4437 non
1092 4394 1281 4438 auctor
1315 4381 1475 4451 hujus
1509 4383 1711 4452 operis,
1750 4382 1846 4437 sed

1937 3311 2159 3370 propter
2200 3303 2628 3359 emendationem
2672 3306 2925 3359 vitiorum
2955 3314 3010 3359 et
3044 3307 3518 3360 conservationem

1941 3392 2204 3445 virtutum
2250 3393 2373 3448 feci.
2422 3395 2676 3464 Quisquis
2707 3397 2873 3466 igitur
2915 3396 3055 3450 hanc
3089 3395 3345 3465 Regulam
3376 3398 3520 3450 bono

1941 3483 2124 3537 animo
2166 3491 2220 3538 et
2268 3485 2425 3553 plena
2482 3485 2768 3540 devotione
2816 3485 3051 3539 voluerit
3104 3487 3414 3548 observare,
3466 3487 3520 3538 in

1940 3576 2191 3643 prmsenti
2241 3576 2416 3629 adhuc
2464 3576 2660 3630 saeculo
2704 3577 2948 3644 positus,
2989 3573 3056 3628 ad
3100 3575 3362 3628 virtutum
3407 3574 3525 3628 cul-

1945 3662 2109 3727 mina,
2143 3663 2251 3716 Deo
2297 3661 2525 3726 favente,
2558 3664 2757 3731 poterit
2800 3661 3099 3724 scandere;
3131 3672 3185 3717 et
3211 3673 3331 3731 post
3362 3662 3524 3730 hujus

1942 3751 2065 3804 vita:
2094 3751 2407 3816 terminum,
2432 3767 2553 3806 cum
2584 3752 2787 3807 sanctis
2812 3761 2867 3806 et
2890 3752 3079 3806 electis
3110 3752 3202 3805 Dei
3229 3752 3281 3805 in
3310 3752 3520 3806 caelesti

1942 3855 2108 3910 regno
2146 3841 2395 3911 gaudere,
2424 3849 2480 3896 et
2514 3856 2638 3896 cum
2669 3842 2784 3911 ipso
2817 3842 3043 3895 Domino
3070 3849 3127 3895 et
3167 3841 3372 3911 angelis
3397 3842 3516 3911 ejus

1943 3933 1998 3986 in
2029 3941 2348 4002 perpetuum
2395 3932 2626 3988 feliciter
2664 3932 2860 4002 poterit
2887 3933 3098 3997 vivere;
3132 3941 3187 3987 et
3214 3948 3320 3986 non
3348 3932 3522 3987 solum

1943 4024 2145 4086 vivere,
2193 4022 2289 4075 sed
2329 4023 2492 4076 etiam
2537 4038 2889 4093 conregnare.
2938 4024 3327 4095 Cunctipotens
3380 4025 3524 4079 Dens

1945 4111 2185 4166 animum
2206 4118 2446 4165 vestrum
2468 4111 2534 4165 ad
2563 4112 2703 4167 hanc
2737 4113 3094 4170 institutionis
3121 4115 3527 4169 observantiam

1946 4200 2262 4256 festinanter
2284 4201 2537 4265 adducat,
2564 4209 2620 4255 et
2644 4217 2743 4270 per
2763 4203 3010 4258 eamdem
3036 4203 3437 4259 observantiam
3461 4203 3531 4257 ad

1945 4306 2110 4363 regna
2132 4291 2378 4347 caelestia
2408 4291 2689 4361 perducat.
2717 4292 2910 4347 Amen.

2468 4381 2698 4453 Explicit
2735 4382 3004 4453 prologus.

925 4647 1072 4758 IN
1084 4646 1460 4760 CEPIT
1552 4648 2121 4763 TEXTUS
2203 4650 2859 4763 REGUL/E.

797 4890 1023 4948 CAPUT
1062 4892 1351 4949 PRIMUM.

674 4981 750 5035 De
783 4981 1053 5052 generibus
1081 4981 1459 5038 solitariorum.

340 5074 585 5129 Primum
639 5072 804 5144 igitur
841 5073 1097 5143 indagare
1128 5081 1342 5143 oportet
1388 5091 1485 5131 cur
1529 5078 1848 5141 monachus,

269 5164 357 5218 vel
383 5181 482 5220 cur
507 5164 787 5220 solitarius
814 5173 1059 5229 vocatur,
1090 5172 1146 5218 et
1178 5164 1258 5218 sic
1292 5165 1526 5228 demum,
1560 5165 1852 5220 auxiliante

1943 4896 2058 4965 jam
2090 4898 2368 4952 videamus
2410 4904 2542 4967 quot
2584 4907 2711 4952 sunt
2755 4910 2951 4967 genera
2995 4894 3381 4951 solitariorum.
3412 4892 3528 4948 Duo

1952 4994 2079 5040 sunt
2120 5002 2353 5056 namque
2381 5000 2576 5057 genera
2604 4984 3003 5049 solitariorum;
3034 4999 3199 5037 unum
3228 4983 3527 5039 anachore-

1950 5084 2149 5143 tarum,
2189 5078 2241 5132 id
2268 5086 2371 5140 est,
2402 5077 2783 5138 eremitarum;
2817 5075 3045 5129 alterum
3074 5088 3203 5128 vero
3234 5073 3533 5130 emnobita-

1953 5183 2096 5231 rum,
2129 5169 2231 5223 hoc
2255 5175 2366 5233 est,
2412 5165 2812 5221 monasteriale.
2852 5164 2977 5220 [huc
3019 5171 3201 5219 autem
3245 5165 3528 5220 amborum

267 5254 455 5312 divina
484 5256 796 5324 clementia,
826 5259 894 5313 ad
936 5266 1133 5313 cmtera
1171 5260 1487 5329 exponenda
1536 5261 1635 5316 rite
1678 5266 1853 5328 trans-
1877 5303 1930 5361 Β
1954 5273 2148 5328 genera
2175 5273 2285 5313 non
2327 5257 2697 5314 conversionis
2723 5255 2940 5310 fervore
2971 5255 3177 5310 novitio
3211 5255 3409 5309 debent
3452 5254 3531 5307 in-

266 5358 481 5400 eamus.
512 5346 810 5402 Monachus
833 5349 978 5402 cnim
1007 5349 1197 5403 Graeca
1242 5349 1564 5420 etymologia
1604 5358 1851 5414 vocatur,

265 5449 338 5490 eo
380 5439 525 5506 quod
551 5440 625 5493 sit
651 5440 960 5510 singularis.
1010 5439 1197 5494 Menas
1236 5442 1381 5495 enim
1411 5440 1618 5505 Graece,
1665 5440 1855 5495 Latine

267 5527 626 5598 singularitas
669 5529 885 5585 dicitur.
929 5531 1070 5599 Ergo
1129 5532 1405 5586 solitarius
1465 5532 1855 5600 interpretatur

268 5618 597 5677 vocabulum
627 5618 898 5677 monachi.
945 5617 1147 5672 Idcirco
1176 5618 1319 5672 enim
1349 5620 1462 5673 sive
1499 5620 1711 5674 dicatur
1740 5635 1856 5674 mn-

267 5710 488 5765 nachus
526 5712 640 5767 sive
672 5712 963 5776 solitarius,
1010 5726 1174 5763 unum
1222 5719 1384 5780 atque
1435 5711 1573 5763 idem
1619 5720 1719 5764 est.
1751 5712 1855 5765 Sed

1955 5349 2130 5413 stitui,
2167 5349 2262 5404 sed
2303 5338 2561 5402 diuturna
2604 5346 2921 5402 monasterii
2954 5346 3342 5401 exercitatione
3382 5343 3535 5413 prius

1957 5438 2153 5493 debent
2201 5437 2454 5508 probari,
2499 5445 2768 5505 quatenus
2809 5435 3021 5505 probati
3063 5434 3132 5489 ad
3185 5431 3535 5504 perfectionis

1956 5529 2203 5593 culmen,
2253 5528 2480 5583 Domino
2531 5528 2840 5592 miserante,
2884 5531 3253 5581 conscendere
3294 5522 3534 5579 valeant.

1956 5619 2226 5674 Prmterea
2267 5633 2480 5690 quoque
2518 5635 2659 5690 saepe
2707 5620 3013 5675 dubitatum
3061 5627 3147 5673 est
3188 5632 3219 5672 a
3267 5614 3469 5671 multis.
3505 5629 3534 5667 a

1957 5725 2064 5779 quo
2091 5709 2426 5781 potissimum
2460 5711 2847 5768 monachorum
2885 5724 3100 5764 oremus
3129 5715 3304 5783 empta
3334 5706 3400 5760 sit
3437 5704 3533 5759 ha-
