3974 6192
456 302 556 359 579

1478 283 1537 338 S.
1577 276 1933 336 BENEDlCTl
1971 269 2262 329 ABBATIS
2295 261 2699 322 ANIANENSIS

3593 249 3700 303 580

454 415 639 474 bitari.
667 411 895 479 Quidam
939 409 1082 463 enim
1115 403 1272 457 altius
1305 404 1634 469 repetentes,
1663 410 1694 448 a
1725 392 1884 446 beato
1910 387 2025 442 Elia
2057 390 2104 447 Α
2129 382 2270 452 ligite
2310 378 2548 433 inimicos
2593 381 2829 435 vestros;
2869 367 3153 438 benefacite
3193 366 3275 419 his
3311 361 3402 434 qui
3451 375 3539 415 vos
3581 363 3700 415 ode-

2371 475 2378 479 -
2491 464 2627 479 nun
2747 461 2834 479 ιιι
2910 455 3181 479 u----|.:-
3231 453 3368 479 ηδ...
3419 450 3536 479 ﬁ..-
3583 449 3676 479 uti:

456 515 512 561 et
537 505 742 560 Joanne
764 507 1035 568 sumptum
1062 495 1248 548 dicunt
1275 488 1585 550 exordium;
1614 483 1705 537 alii
1735 491 1914 535 autem
1943 493 2029 531 as-

455 601 706 652 severant
733 593 948 644 beatum
980 583 1271 637 Antonium
1300 578 1460 647 hujus
1504 573 1765 644 propositi
1801 584 1919 624 esse
1946 581 2031 620 ca-

357 737 366 753 ,.
455 697 567 760 put.
597 684 860 739 Macarius
893 694 1022 732 vero
1051 673 1344 744 discipulus
1377 670 1519 723 beati
1551 665 1768 720 Antonii
1800 660 2032 716 afﬁrmat

456 753 680 832 l‘anlum
730 770 1016 841 quemdam
1062 765 1352 819 Thebzeum
1400 761 1452 813 in
1501 757 1650 810 Novo
1681 753 2029 807 Testamento

459 871 538 924 rei
586 868 744 922 istius
783 864 949 918 fuisse
1000 858 1338 930 principem;
1389 851 1532 921 quod
1583 856 1638 901 et
1687 859 1878 906 verum
1925 850 2025 898 est.

459 960 749 1016 Sciendum
785 970 912 1008 vero
939 951 1079 1021 quod
1112 965 1140 1001 a
1169 956 1409 1014 tempore
1433 939 1582 996 beati
1606 935 1822 991 Antonii
1858 949 2034 1002 cmpe-

455 1062 586 1108 runt
631 1048 1017 1105 emnobitarum
1063 1038 1325 1101 solitarii,
1367 1037 1470 1089 hoc
1507 1040 1620 1095 est,
1663 1027 1878 1082 retrusi.
1925 1024 2031 1079 Sed

457 1147 577 1215 quis
611 1143 816 1212 primus
844 1138 1032 1189 fuisset
1064 1142 1323 1190 retrusus,
1354 1125 1564 1181 dillicile
1594 1120 1888 1189 reperitur;
1921 1131 2031 1170 non

457 1235 600 1289 enim
649 1226 985 1283 solummodo
1034 1223 1085 1275 in
1134 1217 1418 1279 coenobiis,
1461 1213 1555 1268 sed
1591 1211 1754 1264 etiam
1800 1208 1855 1261 in
1902 1205 2033 1275 ipsis

457 1323 656 1378 eremis
701 1325 859 1370 antea
908 1311 1224 1366 habitabant
1276 1303 1496 1359 retrusi.
1543 1301 1746 1354 Priscis
1802 1295 2034 1363 denique

455 1412 789 1483 temporibus
829 1407 885 1459 hi
929 1404 1018 1474 qui
1063 1403 1213 1472 prius
1253 1404 1308 1451 in
1353 1392 1696 1448 monasteriis
1752 1395 1906 1444 erant
1948 1400 2034 1439 re-

457 1482 615 1568 trusi,
635 1503 724 1572 qui
751 1500 861 1567 jam
885 1497 1184 1551 didicerant
1215 1504 1308 1559 per
1329 1487 1499 1541 multa
1522 1482 1890 1551 experimenta
1914 1493 2034 1530 eon-

459 1607 544 1652 tra
591 1569 858 1648 diabolum
891 1599 1150 1657 pugnare,
1183 1582 1281 1649 ipsi
1313 1592 1527 1647 quoque
1575 1575 1712 1628 bene
1753 1569 2030 1631 instructi,

458 1697 622 1756 atque
659 1687 800 1738 sicut
847 1694 1035 1734 aurum
1077 1677 1130 1729 in
1173 1675 1393 1726 fornace
1422 1666 1654 1736 probati,
1699 1664 1937 1718 fraterna
1968 1676 2033 1714 ex

459 1782 576 1837 acie
617 1778 684 1832 ad
716 1773 1042 1843 singularem
1088 1779 1319 1834 pugnam
1351 1759 1544 1822 eremi,
1576 1756 1752 1810 securi
1777 1753 1890 1821 jam
1917 1753 2033 1806 sine

461 1867 828 1928 consolatione
866 1859 1109 1918 alterius,
1140 1853 1254 1908 sola
1283 1865 1442 1905 manu
1475 1845 1562 1900 vel
1597 1843 1821 1898 brachio
1847 1848 2034 1895 contra

459 1963 591 2018 vitia
619 1957 799 2014 carnis
828 1951 910 2006 vel
944 1946 1356 2017 cogitationum,
1396 1939 1506 1992 Deo
1534 1935 1848 1997 auxiliante,
1880 1930 2036 1985 dimi-

456 2050 634 2108 caturi
680 2043 992 2116 pergebant.
1036 2035 1236 2088 llorum
1276 2027 1579 2096 exemplum
1617 2026 1810 2079 beatus
1842 2018 2038 2074 Amul-

462 2139 600 2210 phus
645 2109 928 2203 episcopus
973 2123 1160 2185 tenuit,
1192 2119 1282 2188 qui
1313 2115 1609 2172 secundum
1643 2109 1855 2166 Domini
1900 2123 2039 2178 prae-

462 2203 677 2298 ceptum
719 2221 898 2276 omnia
937 2231 1054 2286 qua:
1105 2212 1291 2267 habuit
1322 2207 1560 2263 vendidit
1603 2203 2038 2275 pauperibusque

463 2291 758 2374 distribuit.
785 2311 852 2365 Et
893 2323 1001 2362 non
1029 2304 1200 2359 solum
1231 2297 1548 2368 temporalia
1593 2294 1808 2363 reliquit
1835 2291 2036 2355 omnia,

465 2413 563 2471 sed
603 2411 768 2465 etiam
798 2407 1190 2476 episcopatum,
1220 2412 1379 2466 quem
1409 2400 1530 2463 post
1571 2389 1916 2444 amissionem
1950 2386 2041 2439 bo-

462 2520 658 2564 norum
710 2475 1119 2568 temporalium,
1171 2489 1400 2543 Domino
1447 2483 1729 2552 largiente,
1769 2475 2036 2546 suscepit,

463 2597 639 2669 ipsum
681 2591 912 2652 dimisit;
944 2595 999 2640 et
1024 2594 1208 2654 postea
1239 2577 1487 2634 cellulam
1530 2570 1852 2630 retrusionis
1880 2583 2043 2637 expe—

464 2657 582 2750 tiit;
628 2683 808 2749 ibique
839 2676 1017 2732 multis
1054 2673 1242 2727 diebus
1267 2682 1386 2722 sese
1422 2666 1489 2720 ad
1530 2659 1937 2718 exercitaudum
1985 2657 2040 2710 in

465 2774 664 2832 divinis
705 2771 940 2826 cultibus
990 2763 1219 2818 Domino
1264 2755 1613 2826 mancipavit.
1665 2751 1867 2806 Deinde
1913 2761 2043 2802 vero

465 2873 589 2938 post
637 2861 927 2916 multorum
971 2851 1241 2908 curricula
1281 2859 1543 2901 annorum
1596 2839 1887 2908 assumpsit
1932 2835 2045 2889 alas
2115 2861 2121 2868 -

468 2926 611 3011 sicut
657 2951 923 3009 columba,
972 2947 1073 3000 hoc
1117 2949 1230 3005 est,
1266 2940 1498 2994 virtutes
1537 2930 1864 3002 spirituales,
1895 2935 1949 2982 et
1978 2926 2045 2980 ad

466 3058 712 3100 eremum
749 3035 1090 3097 convolavit;
1128 3031 1312 3098 ibique
1355 3025 1639 3081 Dominum
1678 3028 1924 3075 nostrum
1957 3015 2043 3069 Je-

469 3150 589 3191 sum
619 3130 895 3187 Christum
924 3095 1280 3193 exspectavit,
1308 3127 1369 3171 ut
1416 3116 1563 3169 illum
1591 3111 1798 3167 salvum
1841 3108 2046 3162 faceret
2072 3095 2116 3156 C

467 3239 504 3281 a
527 3218 966 3293 pusillanimitate
993 3212 1217 3280 spiritus
1244 3211 1666 3275 et'tempestate.
1694 3201 1794 3266 Qui
1821 3199 2046 3254 veniens

468 3289 579 3370 non
627 3309 800 3366 solum
830 3303 1059 3361 salvavit
1100 3315 1220 3355 eum
1242 3339 1257 3362 ,
1288 3297 1382 3352 sed
1408 3296 1476 3350 ad
1505 3297 1708 3348 aethera
1752 3289 2049 3345 transvexit

469 3402 703 3460 feliciter
740 3394 1130 3454 coronandum.
1160 3390 1365 3445 Idcirco
1394 3386 1539 3441 enim
1567 3382 1882 3451 exemplum'
1913 3380 2046 3434 tanti

469 3494 575 3550 viri
603 3489 759 3558 huius
789 3487 879 3542 hic
909 3486 1148 3539 inserere
1175 3478 1376 3542 studui,
1403 3483 1463 3530 ut
1487 3475 1555 3528 ab
1587 3488 1654 3528 eo
1679 3473 1894 3527 discant
1926 3467 2050 3522 soli-

469 3588 598 3644 tarii
618 3584 802 3640 omnia
824 3580 1028 3637 caduca
1053 3574 1334 3645 despicere
1353 3576 1408 3625 et
1432 3567 1673 3624 coelestia
1696 3565 1824 3619 totis
1845 3561 2049 3616 viribus

472 3687 753 3751 appetere.

1103 3758 1331 3817 CAPUT
1369 3757 1433 3812 ll.

509 3864 589 3919 De
630 3859 901 3934 praeceptis
954 3851 1231 3932 altioribus
1283 3845 1657 3904 monachorum
1699 3845 1773 3896 vel
1828 3839 2013 3894 solita-

1159 3935 1379 3974 norum.

547 4044 755 4098 Altiora
781 4040 925 4094 enim
954 4045 1080 4090 sunt
1105 4039 1373 4103 praecepta
1405 4042 1525 4097 qua:
1550 4027 1746 4081 dantur
1773 4020 2053 4078 monachis

475 4133 562 4188 vel
591 4130 787 4185 saeculo
809 4127 933 4179 huic
955 4121 1402 4181 renuntiantibus,
1425 4131 1586 4185 quam
1613 4114 1703 4168 illa
1720 4129 1839 4182 quae
1859 4113 2054 4166 dantur

480 4223 728 4278 ﬁdelibus
758 4220 810 4271 in
837 4215 1030 4271 saeculo
1053 4225 1393 4266 communem
1420 4210 1586 4261 vitam
1616 4205 1920 4275 agentibus.
1951 4203 2056 4257 Mo-

479 4313 670 4369 nachis
693 4319 748 4363 et
776 4306 1033 4364 solitariis
1053 4303 1280 4358 dicitur:
1307 4299 1366 4354 Si
1387 4301 1460 4352 vis
1489 4296 1745 4368 perfectus
1773 4310 1902 4358 esse,
1924 4293 2054 4346 vade

482 4417 530 4460 et
555 4403 714 4458 vende
741 4400 916 4454 omnia
945 4413 1060 4468 qua:
1085 4393 1260 4458 habes,
1294 4401 1342 4445 et
1373 4391 1443 4443 da
1471 4387 1814 4459 pauperibus;
1843 4395 1889 4438 et
1916 4385 2048 4447 veni,

479 4511 690 4562 sequere
729 4508 808 4545 me
841 4449 1054 4561 (Ma'tth.
1081 4501 1170 4540 xix
1191 4526 1204 4549 ,
1231 4449 1344 4555 2d).
1374 4481 1440 4535 Et
1471 4449 1683 4534 rursum
1707 4495 1719 4530 ι
1752 4475 1934 4530 Omnis
1963 4476 2051 4546 qui
2080 4449 2129 4508 D

480 4583 742 4655 reliquerit
771 4579 1002 4640 domum,
1037 4584 1128 4627 aut
1168 4574 1380 4643 fratres,
1417 4579 1506 4623 aut
1548 4578 1770 4639 patrem,
1813 4576 1903 4620 aut
1943 4583 2054 4618 ma-

481 4689 633 4739 trem,
661 4682 750 4726 aut
775 4684 1008 4730 uxorem,
1035 4675 1126 4718 aut
1153 4664 1312 4732 ﬁlios,
1337 4672 1426 4717 aut
1455 4676 1608 4731 agros
1629 4669 1845 4730 propter
1870 4674 2054 4713 nomen

479 4783 681 4828 meum,
715 4758 1012 4828 centuplum
1053 4756 1296 4824 accipiet,
1327 4762 1374 4807 et
1413 4754 1573 4806 vitam
1605 4761 1852 4804 a'ternam
1890 4751 2054 4819 possi-

482 4855 620 4910 debit
655 4850 844 4923 (lbid.,
873 4863 1002 4900 vers.
1033 4845 1093 4898 21
1127 4853 1174 4897 et
1201 4842 1313 4912 29).
1346 4841 1470 4896 llmc
1507 4849 1561 4895 et
1589 4839 1889 4906 hujusmodi
1919 4855 2055 4906 prm-

482 4960 636 5017 cepta
685 4937 993 5016 specialiter
1039 4935 1167 4989 solis
1212 4940 1512 5002 congruunt
1555 4931 1834 4984 monachis
1871 4931 2049 4984 solita-

484 5038 703 5104 riisque.
732 5033 796 5086 Et
823 5037 1023 5098 quanto
1063 5023 1376 5094 singularia,
1415 5029 1563 5074 tanto
1593 5021 1800 5088 potiora
1829 5029 1883 5074 et
1920 5020 2051 5073 emi-

483 5127 748 5180 nentiora.
800 5122 928 5176 llaec
959 5135 1087 5175 vero
1135 5131 1256 5186 quae
1299 5121 1597 5183 sequuntur
1640 5111 1792 5181 quasi
1841 5113 2050 5165 minora

483 5214 778 5269 minoribus
810 5209 1132 5280 generaliter
1171 5207 1313 5261 dicta
1347 5211 1473 5258 sunt
1503 5203 1768 5256 omnibus.
1804 5199 1906 5264 Qui
1948 5217 2049 5253 non

481 5301 690 5371 accipit,
726 5299 900 5367 inquit
932 5297 1208 5357 Dominus,
1246 5309 1450 5347 crucem
1481 5306 1650 5352 suam,
1689 5298 1735 5342 et
1773 5289 1904 5341 venit
1939 5297 2050 5356 post

484 5408 585 5455 me,
625 5407 726 5442 non
766 5398 839 5441 est
879 5403 959 5439 me
999 5386 1185 5454 dignus
1229 5381 1442 5453 (Matth.
1468 5395 1531 5442 Χ,
1565 5378 1674 5447 58).
1718 5379 1782 5430 Et
1817 5377 2046 5430 iterum:

486 5479 677 5533 Omnia
720 5493 836 5547 qua:
876 5474 1032 5530 vultis
1073 5483 1128 5526 ut
1167 5472 1370 5542 faciant
1412 5469 1551 5522 vobis
1589 5467 1838 5531 homines,
1872 5466 2051 5519 eadem

483 5579 531 5622 et
567 5585 656 5621 vos
684 5569 839 5636 facite
868 5565 972 5619 illis
999 5565 1213 5636 (Matth.
1238 5579 1336 5626 vn,
1369 5562 1479 5631 {2).
1511 5560 1637 5613 Dico
1673 5569 1843 5611 autent
1869 5557 2007 5610 vobis
2031 5574 2049 5610 .'

487 5658 666 5716 Nolite
702 5661 936 5714 resistere
966 5657 1103 5711 malo
1139 5657 1352 5727 (Matth.
1377 5672 1428 5722 v,
1456 5655 1566 5726 59).
1603 5654 1731 5707 Item
1767 5654 1876 5720 ipse
1907 5669 1918 5703 :
1959 5651 2052 5704 Di-

2133 449 2282 534 runt,
2331 475 2437 521 etc.
2486 464 2684 536 (Ibid,
2735 461 2862 531 44).
2910 455 3185 512 Monachis
3227 453 3371 508 enim
3419 450 3537 505 sive
3583 449 3710 504 soli-

2128 562 2280 616 tariis
2324 558 2522 614 dicitur
2562 565 2622 609 ut
2658 569 2758 608 sua
2800 551 2980 607 omnia
3027 546 3438 614 derelinquant;
3483 541 3711 598 saecula-

2128 653 2278 706 ribus
2318 665 2468 713 vero,
2498 655 2557 701 ut
2585 662 2679 701 sua
2721 644 2903 700 omnia
2929 643 3067 696 bene
3093 645 3302 707 gerant.
3335 636 3415 688 llli
3440 642 3709 704 praecepta

2128 742 2399 812 generalia
2425 742 2562 794 bene
2598 736 2828 790 vivendo
2862 729 3271 792 transcendunt,
3307 727 3395 780 isti
3427 725 3713 796 praeceptis

2129 831 2470 903 generalibus
2492 828 2883 896 astringantur.
2907 821 2988 875 Ad
3015 817 3406 890 perfectionem
3430 815 3578 868 enim
3604 827 3712 867 non

2129 922 2325 977 sullicit
2352 922 2605 988 cuiquam
2636 933 2733 972 sua
2761 913 3158 980 derelinquere,
3191 909 3295 962 nisi
3321 907 3488 962 etiam
3519 914 3716 960 semet-

2131 1014 2307 1084 ipsum
2329 1013 2585 1079 abneget.
2616 1008 2722 1063 Sed
2765 1005 2897 1076 quid
2932 1014 3018 1057 est
3043 1000 3390 1069 semetipsum
3418 997 3710 1066 abnegare,

2131 1104 2236 1157 nisi
2265 1101 2630 1156 voluntatibus
2665 1095 2902 1168 propriis
2927 1089 3275 1148 renuntiare?
3305 1096 3364 1142 ut
3394 1087 3488 1157 qui
3525 1101 3715 1154 super.

2133 1195 2234 1248 bus
2284 1201 2436 1256 erat,
2467 1190 2550 1244 'sit
2578 1187 2830 1250 humilis;
2877 1183 2969 1254 qui
3006 1179 3318 1243 iracundus,
3349 1179 3567 1232 studeat
3591 1190 3715 1231 esse

2133 1289 2476 1344 mansuetus;
2528 1277 2621 1348 qui
2673 1275 3010 1335 luxuriosus,
3063 1271 3136 1326 sit
3184 1277 3397 1334 castus;
3444 1267 3540 1336 qui
3589 1275 3718 1320 ante

2133 1374 2395 1437 ebriosus,
2437 1370 2507 1424 sit
2550 1367 2793 1432 sobrius;
2830 1363 2924 1432 qui
2951 1360 3168 1416 invidus
3198 1368 3253 1414 et
3288 1357 3606 1421 malevolus,
3637 1356 3709 1410 sit

2135 1463 2399 1531 benignus
2420 1467 2476 1515 et
2502 1456 2814 1513 benevolus.
2839 1453 2976 1508 Nam
3003 1451 3050 1507 si
3080 1453 3156 1505 ita
3183 1450 3414 1520 quisque
3441 1448 3718 1504 renuntiat

2136 1553 2385 1609 omnibus
2413 1567 2532 1620 quae
2567 1548 2827 1620 possidet,
2854 1554 2916 1600 ut
2945 1552 3001 1599 et
3029 1543 3141 1598 suis
3164 1557 3274 1596 non
3297 1539 3572 1594 renuntiet
3603 1552 3720 1592 mo-

2137 1645 2306 1708 ribus,
2335 1657 2443 1696 non
2471 1648 2555 1695 est
2578 1654 2674 1710 pro
2700 1644 2849 1693 certo
2874 1633 3075 1691 Christi
3103 1630 3416 1700 discipulus.
3443 1627 3548 1696 Qui
3571 1626 3719 1682 enim

2064 1721 2108 1779 Β
2137 1734 2251 1788 suis
2281 1733 2441 1786 rebus
2475 1729 2763 1793 renuntiat,
2802 1741 2899 1781 sua
2931 1724 3193 1793 abnegat;
3233 1719 3326 1791 qui
3370 1731 3501 1773 vero
3537 1716 3719 1787 pravis

2139 1823 2380 1878 moribus
2429 1820 2702 1876 renuntiat
2753 1815 3102 1884 semetipsum
3160 1813 3414 1880 abnegat.
3460 1805 3619 1863 Unde
3666 1814 3720 1859 et

2139 1914 2435 1969 Dominus:
2469 1911 2571 1977 Qui
2601 1908 2736 1973 vult,
2768 1905 2972 1975 inquit,
3017 1912 3130 1975 post
3169 1917 3251 1955 me
3280 1900 3472 1964 venire,
3504 1895 3722 1966 abneget

2140 2004 2492 2073 semetipsum,
2514 2010 2561 2055 et
2584 2008 2832 2070 sequatur
2853 2013 2932 2049 me
2958 1994 3110 2067 (Luc.
3135 2008 3214 2058 ιιι,
3237 1989 3350 2061 25).

2721 2106 2948 2164 CAPUT
3001 2104 3085 2159 lll.

2142 2234 2220 2288 De
2273 2241 2500 2304 quatuor
2551 2224 2821 2280 ordinibus
2869 2223 3148 2344 ihodminum
3194 2217 3286 2289 qui
3328 2223 3484 2271 erunt
3537 2215 3597 2269 in
3639 2212 3722 2268 die

2894 2310 2927 2344 u
2965 2307 3076 2344 icu.

2859 2301 3076 2362 judicit.

2215 2414 2504 2470 Sciendum
2534 2422 2748 2480 quoque
2779 2414 2861 2461 est
2888 2404 3013 2473 quia
3041 2409 3274 2472 quatuor
3301 2398 3523 2454 ordines
3553 2395 3723 2451 homi-

2144 2521 2272 2562 num
2312 2512 2473 2559 erunt
2521 2502 2574 2555 in
2621 2499 2707 2553 die
2740 2495 2964 2565 judicii,
3013 2493 3121 2547 duo
3164 2493 3460 2552 bonorum,
3520 2495 3579 2542 et
3619 2487 3723 2541 duo

2144 2595 2430 2650 malorum.
2478 2591 2694 2644 Primus
2737 2586 2869 2642 ordo
2930 2582 3229 2639 salvabitur
3273 2587 3328 2635 et
3368 2594 3479 2633 non
3517 2577 3724 2646 judica-

2144 2689 2320 2752 bitur,
2365 2685 2418 2739 id
2463 2692 2579 2747 est,
2635 2680 2728 2748 qui
2779 2693 2876 2732 sua
2918 2675 3101 2731 omnia
3143 2687 3243 2744 pro
3304 2671 3526 2727 Christo
3571 2670 3725 2724 dero-

2145 2779 2426 2847 linquunt,
2485 2773 2590 2842 ipsi
2645 2769 2859 2839 quidem
2908 2781 3031 2821 eum
3085 2765 3197 2818 Deo
3237 2761 3450 2831 iudices
3509 2755 3725 2812 venturi

2146 2879 2272 2926 sunt
2315 2868 2380 2922 ad
2418 2864 2698 2936 judicium.
2749 2859 2901 2916 Unde
2942 2867 3029 2912 est
3070 2855 3201 2910 illud
3227 2853 3378 2908 lsaite
3411 2871 3423 2906 :
3470 2851 3725 2904 Dominus

2146 2961 2215 3015 ad
2237 2958 2499 3029 judicium
2525 2955 2689 3008 veniet
2715 2965 2833 3004 cum
2859 2947 3066 3002 senibus
3111 2943 3288 3015 populi
3312 2942 3395 2997 sui
3437 2940 3582 3012 (Isa.
3616 2954 3677 2993 nt
3706 2977 3722 3004 ,

2149 3023 2261 3120 id):
2291 3046 2410 3120 .lpsi
2442 3045 2574 3099 alios
2595 3040 2947 3113 iudicabunt,
2978 3045 3034 3090 et
3079 3050 3186 3090 non
3226 3033 3620 3104 iudicabuntur
3659 3023 3727 3083 ab

2149 3118 2301 3193 aliis.
2341 3132 2622 3190 Secundus
2666 3128 2800 3184 ordo
2835 3125 3254 3195 judicabituret
3303 3120 3626 3183 salvabitur,
3673 3118 3730 3172 id

2147 3235 2253 3292 est,
2284 3224 2410 3280 boni
2442 3218 2772 3284 Christiani,
2801 3216 2895 3286 qui
2922 3230 3011 3269 res
3038 3203 3199 3281 hujus
3237 3211 3422 3266 mundi
3450 3209 3730 3280 possident

2147 3327 2204 3373 et
2229 3331 2321 3371 eas
2350 3311 2679 3384 pauperibus
2707 3306 2950 3377 quotidie
2997 3312 3245 3374 erogant,
3287 3301 3378 3371 qui
3409 3300 3585 3354 nudos
3631 3314 3728 3352 ve-

2149 3408 2339 3470 stiunt,
2383 3402 2628 3459 infirmos
2650 3398 2908 3461 visitant,
2939 3404 2994 3450 et
3021 3395 3126 3448 alia
3153 3393 3238 3448 his
3263 3392 3458 3446 similia
3506 3388 3732 3460 implent

2149 3514 2270 3570 qum
2299 3496 2548 3552 Christus
2576 3492 2758 3546 facere
2786 3490 2961 3544 docet.
2995 3485 3063 3540 Hi
3099 3485 3236 3540 tales
3259 3483 3649 3552 jutlicabuntur
3675 3489 3733 3534 et

2149 3569 2531 3646 salvabuntur;
2587 3579 2785 3648 quibus
2813 3576 3057 3630 dicturus
3085 3582 3170 3628 est
3216 3573 3270 3626 in
3294 3570 3499 3640 judicio
3547 3569 3730 3623 Domi-

2150 3692 2271 3730 nus.
2305 3673 2538 3735 Esurivi,
2568 3679 2617 3723 et
2647 3667 2866 3721 dedistis
2896 3664 3024 3718 mihi
3055 3662 3374 3718 manducare
3403 3674 3421 3712 :
3450 3660 3595 3714 sitivi
3620 3700 3635 3725 ,
3678 3669 3731 3712 et

2150 3765 2367 3820 dedistis
2406 3762 2534 3816 mihi
2554 3760 2728 3814 ebibere
2749 3755 2964 3827 (Matth.
2995 3769 3121 3820 xxv,
3150 3752 3260 3824 '55).
3295 3752 3360 3806 Et
3378 3760 3502 3821 post
3523 3767 3726 3820 pauca:

2159 3855 2361 3919 Venite,
2395 3849 2647 3906 benedicti
2679 3845 2862 3900 Patris
2897 3844 3021 3910 mei,
3051 3843 3300 3914 percipite
3327 3856 3565 3910 regnum,
3588 3837 3730 3909 quod

2151 3946 2294 4001 vobis
2338 3949 2581 4014 paratum
2609 3946 2686 3992 est
2733 3936 2798 3990 ab
2831 3934 3030 4004 origine
3070 3930 3253 3986 mundi
3284 3929 3470 4000 (Ibid.,
3516 3945 3566 3982 υ.
3605 3925 3727 4008 ~54).

2120 4024 2123 4028 ’
2153 4005 2370 4092 Tertius
2407 4031 2541 4086 ordo
2566 4026 2900 4096 iudicabitur
2934 4020 3104 4077 simul
3147 4027 3203 4073 et
3233 4005 3687 4073 condemnabitur
3710 4053 3730 4080 ,

2154 4126 2207 4180 id
2237 4133 2345 4189 est,
2377 4121 2504 4176 mali
2535 4116 2848 4178 Christiani,
2882 4113 2975 4185 qui
3004 4111 3164 4166 fidem
3211 4110 3412 4164 habere
3438 4107 3726 4171 videntur,

2154 4216 2248 4271 sed
2277 4213 2645 4284 operationem
2675 4225 2782 4263 non
2810 4206 3032 4261 habent.
3066 4202 3159 4256 lsti
3205 4201 3272 4254 ad
3297 4199 3575 4254 sinistram
3608 4213 3734 4266 par-

2155 4316 2262 4361 tem
2295 4304 2698 4374 deputabuntur
2739 4296 3043 4362 injudicio,
3086 4302 3140 4349 et
3188 4291 3306 4348 istis
3352 4289 3596 4344 dicturus
3640 4297 3731 4342 est

2155 4395 2296 4449 idem
2327 4394 2442 4463 ipse
2485 4390 2744 4445 Dominus
2789 4403 2804 4440 :
2840 4384 3071 4448 ltsurivi,
3103 4391 3150 4436 et
3181 4397 3284 4434 non
3329 4378 3546 4433 dedistis
3595 4377 3730 4430 mihi

2154 4481 2510 4544 manducare;
2539 4478 2694 4540 sitivi,
2725 4484 2771 4528 et
2800 4491 2905 4528 non
2932 4472 3148 4527 dedistis
3182 4469 3311 4524 mihi
3332 4467 3503 4522 bibere
3533 4465 3724 4538 (Ibid.,

2155 4590 2202 4627 v.
2227 4573 2339 4642 ιε).
2356 4572 2422 4625 Ει
2440 4578 2562 4642 post
2575 4583 2746 4638 pauca
2765 4584 2776 4619 :
2802 4565 2883 4619 Ite
2902 4561 3166 4617 maledicti
3190 4561 3243 4613 in
3264 4561 3432 4630 ignem
3449 4568 3727 4620 teternum,

2155 4663 2242 4734 qui
2261 4670 2587 4733 praeparatus
2605 4667 2681 4712 est
2701 4655 2909 4710 diabolo
2927 4663 2974 4708 et
2995 4650 3203 4722 Angelis
3223 4649 3337 4719 ejus
3354 4647 3514 4719 (Ibid.
3535 4665 3582 4701 v.
3608 4645 3724 4717 41).

2154 4753 2247 4807 lsti
2275 4751 2418 4806 enim
2447 4748 2834 4818 iudicabuntur
2860 4750 2915 4796 et
2948 4756 3054 4795 non
3082 4737 3453 4793 salvabuntur.
3485 4735 3735 4802 Quartus

2157 4857 2284 4897 vero
2314 4841 2448 4895 ordo
2475 4838 2580 4893 erit
2608 4835 2922 4897 infidelium,
2950 4831 3041 4900 qui
3072 4845 3177 4884 non
3197 4827 3606 4897 iudicabuntur,
3630 4824 3730 4880 sed

2159 4929 2679 4987 eondemnabuntur.
2711 4925 2788 4977 De
2817 4923 2903 4978 his
2939 4921 3014 4974 ait
3051 4917 3337 4972 Psalmista
3384 4933 3396 4968 :
3446 4913 3569 4967 Non
3609 4929 3731 4967 sun-

2156 5031 2273 5091 gent
2303 5021 2448 5090 impii
2495 5020 2552 5072 in
2590 5017 2818 5087 judicio,
2869 5030 3032 5084 neque
3058 5019 3352 5082 peccatores
3402 5009 3457 5060 in
3500 5006 3727 5059 concilio

2146 5115 2411 5183 justorum
2459 5108 2628 5180 (Psal.
2681 5125 2719 5172 ι,
2754 5107 2828 5176 5).
2868 5106 3168 5173 Resurgent
3215 5100 3361 5153 enim
3399 5097 3569 5167 impii,
3615 5111 3722 5150 non

2157 5213 2216 5256 ιιι
2240 5201 2568 5271 judicentur,
2602 5197 2694 5251 sed
2721 5204 2782 5249 ut
2809 5195 3263 5254 condemnentur;
3297 5187 3505 5242 scilicet
3542 5195 3602 5240 ut
3633 5186 3724 5254 qui

2157 5297 2274 5350 sine
2323 5294 2439 5361 lege
2467 5297 2855 5360 peccaverunt,
2893 5285 3009 5340 sine
3037 5283 3151 5352 lege
3180 5287 3404 5350 pereant
3431 5277 3611 5349 (Rom.
3650 5293 3721 5344 ιι,

2155 5385 2495 5455 12).Ριὶηιιιε
2521 5396 2647 5436 vero
2675 5381 2830 5443 ordo,
2856 5378 2945 5446 qui
2963 5392 3057 5430 sua
3072 5374 3479 5441 dereliquerunt
3503 5377 3558 5424 et
3573 5367 3726 5424 Chri-

2156 5484 2297 5528 stum
2327 5472 2495 5528 secuti
2527 5471 2761 5533 fuerunt,
2790 5467 3110 5538 iudicabunt
3135 5465 3270 5518 alios
3313 5463 3448 5517 duos
3490 5475 3727 5530 sequen—

2155 5573 2264 5627 tes,
2294 5563 2346 5616 id
2379 5571 2479 5628 est,
2512 5563 2683 5617 bonos
2710 5559 3069 5622 Christianos,
3097 5565 3157 5610 ut
3176 5555 3442 5625 recipiant
3468 5554 3642 5617 bona;
3673 5557 3727 5605 et

2157 5653 2327 5707 malos
2350 5667 2378 5704 e
2411 5661 2618 5714 contra,
2648 5659 2705 5703 ut
2736 5648 2996 5718 recipiant
3026 5645 3185 5700 mala.
