3974 6192
250 267 345 327 581

854 271 1078 327 CODEX
1117 269 1572 325 liliGL’LARUM.
1616 302 1679 310 -—
1719 271 1899 325 PARS
1931 271 1997 325 ll.
2044 271 2345 327 REGULE
2384 273 2486 327 PP.
2528 274 2879 330 OCCIDENT.

3391 284 3498 340 582

317 382 453 437 Cum
528 393 736 434 summa
787 379 950 446 igitur
1013 380 1296 434 devotione
1344 397 1594 451 rogemus
1656 383 1821 436 Deum
1853 386 1901 443 Λ
1931 389 2048 435 tant
2101 383 2313 438 animos
2367 394 2582 440 nostros
2625 399 2788 456 atque
2836 389 3144 446 nohiiitant.
3205 393 3495 452 Nobiscum

243 482 309 526 ut
366 471 532 524 corda
574 479 758 522 nostra
823 469 1248 522 misericorditer
1296 471 1564 539 tangendo
1612 471 1794 524 omnia

241 559 483 614 visibilia
543 571 642 611 nos
701 557 977 625 despicere
1038 556 1225 623 faciat,
1277 567 1543 627 quatenus
1593 560 1661 614 ad
1712 561 1823 628 pri-

1921 471 2068 536 sint,
2101 472 2239 526 intra
2266 488 2365 528 nos
2392 475 2519 529 sint.
2552 475 2763 532 Divitiae
2791 487 2987 534 nostra:
3029 482 3310 538 credenda:
3347 496 3494 550 sunt,

1921 560 2199 628 pudicitia,
2237 577 2356 630 qua:
2387 579 2485 618 nos
2511 565 2734 633 pudicos
2772 566 2972 633 faciat;
3003 579 3057 623 et
3089 568 3325 638 justitia,
3377 589 3495 642 qua:

241 665 400 705 mum
463 647 708 702 ordinem
773 647 1044 715 pertinere
1109 649 1400 718 possimus.
1477 649 1822 705 Vindicemus
1915 646 2122 715 justos;
2157 651 2348 718 pietas,
2380 667 2500 720 quae
2528 653 2680 721 pios;
2716 655 3014 721 humilitas,
3052 674 3171 728 quae
3219 661 3490 727 humiles;

244 742 430 810 itaque
481 739 538 794 in
586 738 743 794 nobis
789 738 924 792 bene
967 740 1194 794 vivendo
1253 740 1482 810 gratiam
1535 741 1670 794 tanti
1725 743 1823 796 bo-
1862 802 1877 822 _

242 831 424 894 noris,
484 829 529 884 si
577 830 723 883 enim
768 828 934 881 vitam
983 840 1224 883 nostram
1273 829 1512 898 perfecte
1551 830 1823 884 custodie-
1865 825 1874 835 ”

244 923 438 984 rimus,
469 920 682 988 judiees
731 934 854 974 cum
899 919 1009 973 Deo
1078 929 1133 973 et
1176 920 1434 989 apostolis
1481 919 1599 988 ejus
1643 921 1697 974 in
1735 920 1821 973 die

236 1011 431 1082 judicii
480 1010 706 1064 erimus.
757 1009 1092 1064 Firmissime
1145 1010 1287 1065 enim
1330 1011 1432 1064 hoc
1477 1011 1699 1064 credere
1728 1010 1822 1064 de-

237 1105 438 1158 bemus
467 1142 484 1166 ,
532 1102 657 1170 quia
708 1100 1050 1156 ﬁdelissimus
1097 1109 1182 1154 est
1233 1101 1320 1154 ille
1365 1101 1456 1168 qui
1509 1102 1612 1154 hoc
1663 1101 1819 1156 nobis

238 1192 538 1263 promittit.
575 1192 785 1247 Veritas
815 1199 899 1244 est
925 1191 1060 1259 ipse,
1090 1189 1277 1243 fallere
1318 1205 1425 1244 non
1454 1198 1649 1260 potest.
1678 1189 1819 1244 Soli-

247 1284 395 1346 tarii,
424 1283 519 1353 qui
551 1297 647 1337 sua
666 1283 846 1338 omnia
866 1297 965 1350 pro
989 1281 1190 1336 Christi
1211 1295 1396 1334 amore
1417 1280 1817 1350 derelinquunt,

241 1393 368 1431 cum
431 1375 598 1428 Petro
651 1373 895 1442 apostolo
946 1373 1127 1427 dicere
1171 1379 1428 1441 poterunt
1488 1389 1502 1425 :
1557 1371 1816 1438 Domine,

157 1495 159 1497 ι
242 1482 358 1520 ecce
393 1481 490 1518 nos
519 1463 821 1535 reliquimus
851 1465 1055 1528 omnia,
1102 1472 1150 1516 et
1185 1464 1349 1515 secuti
1375 1479 1555 1516 sumus
1580 1472 1663 1528 te;
1690 1462 1818 1535 quid

241 1572 364 1626 ergo
395 1556 498 1608 erit
548 1553 693 1608 nobis
740 1552 956 1625 (Matth.
1008 1569 1122 1619 XIX,
1169 1552 1300 1623 27)?
1353 1551 1468 1607 Hoc
1519 1567 1618 1621 pro
1667 1561 1817 1607 certo

231 1646 384 1701 scire
416 1643 688 1707 convenit,
721 1643 864 1712 quod
897 1643 1058 1697 Petro
1093 1650 1222 1696 tunc
1259 1641 1538 1710 respondit
1564 1641 1816 1696 omnibus

1923 741 2298 803 mansuetudo,
2331 758 2450 810 qua:
2479 752 2814 809 mansuetos;
2846 747 3172 813 innocentia,
3204 767 3323 820 qua:
3346 753 3496 808 inno-

1921 837 2140 893 centes;
2201 831 2432 898 puritas,
2463 847 2580 899 quae
2616 848 2812 900 puros;
2857 837 3156 904 prudentia,
3208 856 3328 908 qua:
3367 858 3495 911 pru-

1920 917 2148 981 dentes;
2194 921 2552 987 temperantia
2577 962 2591 985 ,
2635 935 2754 989 qua:
2793 931 3188 995 temperantes;
3239 939 3294 984 et
3331 948 3494 1001 supra

1921 1005 2103 1058 omnia
2158 1007 2417 1072 charitas,
2472 1025 2591 1077 quae
2643 1025 2744 1064 nos
2775 1012 2904 1066 facit
2948 1015 3058 1070 Deo
3083 1026 3139 1071 et
3184 1021 3493 1077 hominibus

1919 1094 2146 1158 charos,
2179 1095 2437 1150 vitiorum
2467 1097 2814 1165 imp0tentes,
2846 1104 3025 1156 saeculi
3051 1115 3450 1176 contemptores
3475 1152 3490 1178 ,

1919 1198 1984 1238 ac
2011 1185 2275 1238 bonorum
2304 1187 2542 1239 omnium
2577 1196 2896 1244 sectatores.
2941 1192 3066 1247 limo
3096 1205 3223 1249 sunt
3247 1214 3350 1252 non
3379 1217 3494 1254 om-

1919 1273 2102 1337 nium,
2151 1275 2244 1328 sed
2289 1283 2602 1330 sanctorum
2631 1277 2758 1332 solae
2806 1279 3072 1347 virtutes;
3127 1299 3232 1338 non
3269 1288 3492 1343 divitum

1919 1366 2293 1433 superborum,
2344 1367 2440 1421 sed
2495 1368 2779 1422 humilium
2837 1387 3134 1441 pauperum
3184 1376 3489 1446 facultates,
3557 1373 3565 1380 ”

1917 1457 2239 1523 patrimonia
2259 1459 2526 1522 cordium,
2562 1459 2763 1521 divitia:
2788 1462 3226 1534 incorruptibiles
3249 1485 3455 1526 morum
3475 1513 3490 1538 ,

1919 1546 2115 1616 quibus
2165 1563 2270 1602 non
2322 1548 2620 1615 abundant,
2652 1551 2756 1606 nisi
2795 1554 2887 1621 qui
2937 1555 3043 1609 illis
3069 1559 3376 1615 carnalibus
3423 1577 3492 1616 ex

1872 1672 1874 1675 -
1916 1637 2080 1690 corde
2109 1639 2437 1692 renuntiant.
2484 1639 2614 1706 Quae
2641 1644 2890 1710 quamvis
2920 1645 3037 1713 ipsa
3069 1647 3178 1700 sint
3211 1647 3352 1704 bona
3373 1691 3388 1716 ,
3433 1661 3493 1704 ut

233 1738 507 1794 'solitariis
554 1737 610 1791 in
657 1735 818 1790 Petro
869 1734 1163 1804 respondit.
1211 1733 1461 1788 Forsitan
1507 1739 1590 1788 est
1619 1733 1817 1802 aliquis
1844 1719 1890 1778 B
1917 1735 2043 1796 pote
2074 1743 2102 1780 a
2133 1728 2276 1784 bono
2303 1730 2414 1784 Deo
2443 1740 2654 1798 creata;
2682 1740 2866 1788 tamen
2893 1737 3019 1803 quia
3049 1746 3173 1791 sum
3201 1739 3357 1795 bonis
3384 1757 3490 1796 ma-

239 1831 334 1901 qui
369 1831 520 1884 dicat
547 1846 561 1882 :
593 1828 796 1883 Imitari
825 1827 982 1897 hujus
1013 1827 1199 1882 mundi
1226 1834 1628 1898 contemptores
1652 1827 1774 1883 volo
1793 1868 1809 1893 ,

239 1922 333 1975 sed
358 1920 505 1990 quod
535 1919 832 1989 relinquam
854 1935 960 1974 non
987 1919 1176 1974 habeo.
1203 1917 1283 1973 Ad
1307 1920 1410 1974 hoc
1437 1935 1567 1973 vero
1590 1935 1817 1991 respon-

234 2010 481 2064 dendum
529 2017 614 2064 est
655 2027 668 2063 :
708 2009 930 2062 Multum
973 2009 1196 2064 dimittit
1238 2009 1327 2064 ille
1355 2010 1448 2078 qui
1479 2010 1815 2064 voluntatem

232 2101 476 2155 habendi
536 2100 775 2154 dimittit.
828 2099 1121 2154 Attendere
1170 2100 1334 2154 etiam
1376 2100 1634 2154 debemus
1670 2100 1816 2168 quod

233 2207 347 2245 non
377 2190 518 2244 dixit
541 2209 556 2245 :
596 2188 696 2244 Vos
715 2191 802 2261 qui
827 2189 1108 2260 reliquistis
1137 2192 1311 2243 omnia
1339 2190 1694 2256 solummodo,
1722 2191 1817 2245 sed

230 2283 474 2347 addidit,
531 2291 588 2336 et
637 2281 810 2336 secuti
851 2282 984 2336 estis
1027 2295 1113 2335 me
1155 2281 1401 2352 (Ibidem,
1453 2299 1498 2335 υ.
1531 2281 1645 2351 28),
1689 2282 1816 2350 quia

229 2373 394 2428 multi
426 2374 737 2441 relinquunt
785 2387 901 2435 sua,
938 2380 992 2425 et
1019 2370 1298 2426 Christum
1329 2386 1436 2425 non
1475 2381 1813 2441 sequuntur;

239 2464 382 2517 sicut
429 2462 627 2518 Crates
656 2461 1013 2532 philosophus
1057 2469 1113 2514 et
1162 2461 1253 2516 alii
1306 2460 1460 2513 multi
1499 2479 1510 2513 :
1574 2461 1818 2529 sequitur

241 2553 388 2607 enim
419 2553 695 2607 Christum
722 2551 986 2622 quiillum
1013 2551 1275 2604 imitatur.

311 2642 610 2696 Pensemus
636 2642 801 2710 igitur
827 2641 952 2708 quid
973 2639 1172 2694 Petrus
1203 2639 1422 2701 dimisit,
1465 2640 1556 2709 qui
1583 2639 1662 2694 sic
1688 2655 1817 2694 eon-

242 2732 476 2788 ﬁdenter
518 2731 775 2801 loquitur.
818 2731 976 2786 Retia
1003 2738 1208 2785 tantum
1257 2730 1460 2785 dimisit
1495 2740 1550 2785 et
1583 2732 1812 2798 navim,

241 2835 428 2877 tamen
445 2822 669 2892 loquitur
691 2822 1044 2877 confidenter.
1070 2821 1394 2891 Reliquimns
1418 2823 1611 2874 omnia.
1639 2822 1714 2876 Ac
1737 2823 1815 2877 sic

231 2918 490 2970 diceret:
523 2915 794 2980 Fecimus,
826 2915 1070 2978 Domine,
1104 2914 1246 2983 quod
1270 2912 1516 2982 jussisti;
1549 2915 1689 2968 scire
1726 2929 1814 2965 vn-

235 3009 420 3062 lumus
458 3007 616 3076 quale
668 3021 766 3076 pro
815 3006 917 3060 hoc
945 3006 1223 3076 praemium
1267 3005 1494 3058 daturus
1537 3019 1596 3058 es
1633 3005 1806 3059 nobis.

1916 1816 2086 1886 lisque
2138 1821 2464 1885 communia,
2517 1823 2734 1877 student
2781 1839 2843 1878 ea
2873 1826 3183 1893 spirituales
3226 1829 3326 1882 viri
3366 1846 3490 1886 coa-

1917 1916 2176 1973 temnerc,
2208 1925 2314 1980 quo
2361 1912 2570 1980 possint
2600 1913 2668 1966 ad
2693 1913 2784 1967 illa
2839 1914 3335 1986 incomparabiliter
3383 1937 3491 1976 me-

1915 1999 2072 2066 liora,
2097 2017 2217 2072 quze
2241 2010 2366 2056 sunt
2388 2003 2652 2057 bonorum
2681 2005 2918 2059 omnium
2938 2009 3154 2078 propria
3179 2014 3486 2078 pervenire.

1916 2089 2178 2156 Quoniam
2208 2107 2313 2146 non
2335 2100 2419 2146 est
2448 2093 2555 2146 tale
2585 2092 2782 2148 bonum
2814 2095 2957 2164 quod
2988 2097 3191 2152 habent
3237 2109 3291 2153 et
3336 2101 3484 2167 mali,

1915 2182 2076 2250 quale
2105 2183 2236 2236 illud
2277 2183 2420 2252 quod
2461 2198 2566 2238 non
2617 2185 2820 2239 habent
2866 2186 2970 2240 nisi
3017 2187 3164 2242 boni.
3197 2187 3490 2258 Corporale

1913 2275 2135 2340 bonum,
2185 2277 2398 2345 quando
2441 2278 2640 2331 habent
2689 2279 2890 2348 iniqui,
2937 2280 3185 2350 ipsorum
3213 2291 3305 2337 est
3351 2299 3490 2352 prie-

1917 2361 2118 2426 mium;
2168 2365 2384 2432 quando
2434 2365 2634 2419 habent
2673 2365 2829 2434 justi,
2870 2383 2976 2422 non
3027 2378 3108 2423 est
3135 2385 3319 2424 eorum
3351 2387 3491 2440 pra:-

1917 2452 2102 2514 minm,
2135 2454 2230 2509 sed
2280 2456 2578 2524 temporale
2611 2458 2884 2512 solatium.
2915 2460 3068 2524 ltem,
3107 2460 3234 2516 boni
3281 2471 3489 2532 tempo-

1917 2544 2049 2598 ralis
2095 2546 2316 2601 amissio
2348 2547 2406 2600 ﬁt
2435 2550 2753 2602 exercitium
2777 2549 2913 2617 justi
2959 2560 3011 2605 et
3047 2553 3234 2621 injusti
3285 2555 3487 2624 suppli-

1912 2636 2078 2701 cium,
2102 2639 2229 2706 quia
2255 2647 2311 2692 et
2327 2638 2507 2707 justus
2534 2641 2801 2696 desiderio
2830 2642 3129 2698 caelestium
3155 2656 3345 2714 captus
3369 2664 3487 2702 om-

1916 2725 2003 2779 nia
2054 2728 2372 2797 temporalia
2419 2730 2533 2785 sive
2578 2731 2795 2797 habeat,
2844 2734 2958 2787 sive
2987 2739 3219 2800 amittat,
3264 2739 3487 2794 omnino

1911 2831 2020 2870 non
2051 2818 2241 2882 sentit;
2267 2827 2320 2872 et
2346 2819 2587 2889 iniquus,
2612 2821 2706 2889 qui
2737 2837 2858 2876 cum
2887 2822 3248 2882 delectatione
3276 2825 3478 2890 habuit,

1914 2907 2030 2961 sine
2062 2907 2245 2963 dolore
2275 2924 2382 2964 non
2413 2910 2610 2978 perdit.
2643 2910 2872 2980 Propter
2907 2913 3012 2967 hoc
3062 2913 3229 2981 igitur
3272 2915 3351 2969 eis
3393 2920 3486 2984 qui

1913 2999 2145 3053 militant
2174 3001 2284 3056 Deo
2314 3000 2585 3071 fugienda:
2629 3010 2754 3056 sunt
2798 3017 2863 3056 ex
2900 3012 3012 3057 toto
3042 3005 3203 3058 corde
3250 3005 3484 3070 divitiae,

229 3098 398 3154 Jesus
432 3107 612 3152 autem
647 3113 752 3152 non
781 3097 951 3151 solum
981 3097 1106 3159 illis,
1133 3095 1225 3150 sed
1257 3104 1312 3148 et
1341 3096 1555 3149 cmtcris
1584 3110 1808 3164 respon-
1835 3069 1881 3130 ε
1913 3107 2047 3162 quas
2077 3093 2166 3162 qui
2199 3094 2399 3149 habere
2436 3094 2643 3160 volunt,
2674 3095 2793 3149 sine
2828 3094 3016 3150 labore
3047 3111 3154 3150 non
3198 3105 3445 3167 quierunt
3465 3135 3484 3165 ,

232 3189 340 3252 dit,
376 3188 608 3242 dicens:
657 3187 821 3240 Amen
851 3186 966 3238 dico
998 3185 1169 3250 vobis,
1213 3185 1351 3255 quod
1395 3201 1481 3238 vos
1523 3186 1612 3254 qui
1650 3185 1812 3238 secuti

233 3280 359 3332 estis
393 3294 509 3340 me,
554 3278 608 3329 in
655 3274 1038 3346 regeneratione
1063 3315 1078 3340 ,
1108 3291 1225 3328 cum
1254 3275 1444 3328 sederit
1479 3273 1622 3342 ﬁli-us
1645 3274 1812 3327 homi-

231 3372 318 3424 «uis
345 3368 400 3421 in
421 3367 544 3421 sede
571 3368 858 3437 majestatis
883 3382 1012 3431 sure,
1044 3366 1285 3420 scdebitis
1309 3376 1354 3420 et
1381 3383 1468 3419 vos
1489 3383 1644 3435 super
1667 3366 1811 3419 sedes

231 3457 536 3521 duodecim,
560 3455 859 3525 judicantes
886 3455 1159 3508 duodecim
1197 3455 1362 3508 tribus
1393 3454 1562 3508 Israel
1598 3455 1806 3528 (Ibid).

239 3550 430 3620 Magna
459 3548 645 3602 laetitia
671 3553 726 3601 et
755 3546 1129 3600 inenarrabilis
1169 3546 1337 3614 gloria
1371 3546 1526 3599 nobis
1566 3553 1649 3598 cst
1687 3560 1810 3614 pro-

240 3639 421 3692 missa.
467 3636 594 3691 Haec
620 3636 882 3691 sententia
929 3636 1000 3689 ad
1046 3650 1234 3689 omnes
1287 3635 1521 3705 pertinet
1575 3635 1667 3702 qui
1712 3649 1808 3687 sua

235 3727 419 3781 omnia
445 3741 544 3797 pro
574 3726 668 3780 Dei
695 3740 878 3780 amore
905 3724 1300 3793 derelinquunt.

307 3816 783 3871 Transcendamus
819 3823 997 3869 autem
1029 3814 1261 3868 visibilia
1305 3814 1504 3876 omnia,
1549 3811 1808 3880 despicia-

241 3925 360 3964 mus
393 3908 707 3962 transitoria
743 3914 935 3962 cuncta
955 3944 970 3968 .
1001 3915 1062 3960 ut
1107 3918 1413 3959 mereamur
1437 3903 1637 3973 perfrui
1685 3918 1806 3956 cum

238 3999 412 4052 beatis
435 3995 696 4067 apostolis
717 4003 932 4052 aeterna:
957 3994 1304 4048 beatitudinis
1325 3993 1523 4063 gloria;
1547 4001 1602 4046 et
1627 4000 1684 4045 ut
1708 3993 1808 4047 hoc

237 4089 399 4143 citius
451 4088 564 4151 ﬁat,
616 4087 827 4142 Domini
872 4086 1212 4140 clementiam
1241 4085 1482 4154 qu0tidie
1530 4083 1807 4138 humiliter

239 4189 548 4243 exoremus,
601 4175 842 4230 dicentes
886 4175 1316 4244 :Cunctipotens
1366 4174 1530 4237 Deus,
1567 4173 1660 4242 qui
1709 4189 1807 4227 nos

237 4285 332 4339 per
380 4269 695 4340 sanguinem
745 4267 865 4322 Filii
915 4267 992 4320 tui
1023 4267 1321 4332 redemisti,
1363 4276 1418 4321 et
1465 4283 1532 4320 ex
1563 4282 1702 4336 aqua
1753 4275 1806 4322 et

237 4361 445 4430 Spiritu
492 4366 684 4414 sancto
713 4357 1018 4412 voluntarie
1065 4357 1418 4426 regenerasti,
1471 4357 1556 4412 fac
1605 4373 1704 4411 nos
1739 4358 1806 4411 de

237 4451 342 4504 hac
378 4449 680 4503 miserrima
733 4447 1170 4518 peregrinatione
1221 4447 1289 4500 ad
1319 4445 1411 4499 diu
1443 4446 1801 4500 desideratam

232 4541 397 4594 citius
429 4539 661 4609 patriam
690 4537 946 4600 transire,
975 4537 1027 4590 in
1058 4551 1160 4604 qua
1187 4550 1310 4590 cum
1353 4535 1679 4589 beatissimis
1711 4552 1806 4588 an-

235 4633 370 4702 gelis
397 4640 454 4686 et
494 4629 825 4685 felicissimis
868 4627 1178 4682 hominibus
1203 4628 1402 4682 saeculo
1448 4629 1806 4682 renuntianti-

235 4724 357 4788 bus,
383 4737 479 4794 per
507 4723 716 4777 inﬁnita
745 4719 940 4774 sarcula
966 4733 1268 4788 regnemus.

869 4831 1093 4888 CAPUT
1132 4831 1219 4885 IV.

692 4901 823 4967 Quae
848 4903 950 4956 sint
984 4918 1115 4956 verte
1151 4902 1362 4955 divitiis.

306 4993 434 5060 Quae
465 4995 576 5049 sint
612 5008 755 5048 verae
784 4993 986 5047 divitiae
1011 4993 1202 5048 beatus
1229 4991 1522 5061 Gregorius
1560 5000 1809 5062 patenter

231 5087 496 5150 insinuat,
513 5085 731 5139 dicens:
758 5082 916 5148 Solae,
941 5083 1137 5152 inquit,
1155 5082 1356 5136 divitia:
1374 5097 1518 5136 verte
1528 5090 1670 5145 sunt,
1690 5097 1808 5150 qua:

232 5192 337 5231 nos
366 5176 660 5230 virtutibus
685 5176 878 5230 divites
907 5175 1128 5229 faciunt.
1168 5174 1297 5241 Quae
1323 5189 1451 5229 vero
1463 5175 1631 5230 nobis
1653 5190 1810 5244 appe-

229 5267 410 5321 tenda
434 5275 564 5321 sunt
580 5267 803 5332 divitiae,
821 5266 904 5321 vel
917 5282 1037 5334 quae
1057 5264 1341 5334 fugiendae,
1365 5265 1554 5319 beatus
1575 5264 1809 5335 Prosper

228 5357 372 5410 satis
387 5357 668 5411 evidenter
684 5355 935 5419 ostendit,
959 5355 1142 5409 dicens
1168 5372 1180 5406 :
1204 5353 1310 5408 ωδε
1335 5353 1488 5407 nobis
1509 5354 1810 5408 ambiendus

227 5452 364 5499 sunt
389 5445 618 5510 divitiae,
646 5459 767 5513 qua:
791 5460 892 5499 nos
919 5459 1117 5500 ornare
1145 5443 1354 5513 possint
1384 5442 1589 5510 pariter
1612 5451 1666 5494 et
1689 5459 1807 5496 mu-

229 5535 386 5600 nire;
433 5550 556 5605 quie
606 5550 706 5590 nos
743 5536 907 5590 etiam
951 5542 1140 5589 contra
1171 5533 1401 5602 impetus
1452 5530 1676 5585 hostiles
1728 5547 1813 5584 ar-

229 5633 410 5691 mant,
441 5639 474 5678 a
502 5625 705 5680 mundo
735 5625 1134 5689 distemiinant,
1163 5623 1272 5678 Deo
1303 5621 1698 5684 commendant,
1736 5623 1812 5676 di-

1911 3186 2028 3241 sine
2055 3185 2367 3241 difﬁcultate
2396 3203 2503 3241 non
2550 3188 2861 3254 inveniunt,
2893 3190 3009 3244 sine
3040 3206 3170 3244 cura
3215 3207 3322 3246 non
3367 3208 3484 3248 scr-

1911 3283 2060 3341 vant,
2109 3276 2228 3331 sine
2258 3277 2418 3330 anxia
2449 3277 2812 3333 delectatione
2860 3296 2967 3335 non
3007 3283 3319 3351 possident,
3365 3285 3486 3340 sine

1909 3366 2058 3434 gravi
2085 3365 2269 3420 dolore
2315 3383 2420 3420 non
2449 3369 2699 3435 perdunt.
2731 3368 3019 3437 Apostolus
3062 3380 3241 3425 autem
3281 3372 3486 3427 Christi

1911 3455 2172 3511 militibus
2222 3455 2362 3511 dicit
2411 3476 2424 3510 :
2496 3455 2622 3511 Volo
2667 3475 2757 3510 vos
2815 3460 2926 3532 sine
2974 3460 3327 3514 sollicitudine
3374 3479 3485 3514 esse

1904 3546 1960 3618 (Ι
1982 3547 2102 3600 Cor.
2126 3548 2416 3618 xxxu).,Et
2450 3548 2626 3602 idem:
2661 3548 2831 3602 Radix
2861 3551 3091 3602 omnium
3121 3551 3382 3603 malorum
3405 3562 3482 3605 est

1907 3640 2152 3704 avaritia,
2181 3657 2336 3710 quam
2367 3641 2578 3710 quidam
2615 3649 2910 3710 appetentes
2941 3658 2972 3693 a
3000 3641 3104 3709 ﬁde
3137 3653 3440 3696 erraverunt
3466 3681 3482 3708 ,

1906 3735 1953 3779 et
1982 3727 2312 3780 inseruerunt
2342 3745 2396 3779 se
2418 3729 2686 3781 doloribus
2709 3729 2888 3782 multis
2911 3728 2961 3800 (Ι
2997 3729 3130 3784 Tim.
3163 3747 3236 3794 vt,
3269 3732 3378 3799 10).
3403 3733 3481 3788 Ac

1908 3815 1987 3869 sic
2018 3830 2210 3869 census
2245 3816 2348 3869 iste
2381 3826 2626 3870 terrenus
2659 3818 2754 3877 eis.
2787 3833 2818 3871 a
2847 3819 3042 3886 quibus
3071 3819 3263 3873 vitiose
3300 3821 3479 3892 diligi-

1905 3914 1996 3958 tur
2026 3921 2130 3958 non
2160 3915 2241 3958 est
2285 3906 2619 3973 voluptatum
2649 3908 2892 3972 materia,
2927 3908 3022 3962 sed
3047 3909 3314 3963 dolorum.
3352 3911 3478 3968 Hinc

1906 3995 1974 4050 de
2004 3995 2146 4050 veris
2175 4003 2224 4049 el
2261 3994 2544 4048 fallacibus
2583 3995 2786 4048 divitiis
2817 3997 2959 4050 diota
3008 3995 3294 4052 subiciant.
3325 4000 3473 4067 Quo-

1906 4088 2067 4142 modo
2097 4095 2276 4140 autem
2310 4086 2431 4156 quis
2463 4085 2528 4139 ad
2561 4086 2906 4154 perfectionis
2939 4088 3162 4143 .culmen
3208 4105 3475 4145 conscen-

1908 4180 2037 4233 dere
2067 4186 2260 4247 possrt,
2293 4178 2595 4232 audiamus.

2532 4287 2755 4342 CAPUT
2797 4288 2859 4341 V.

2353 4354 2426 4408 De
2455 4358 2768 4425 perfectione
2792 4357 3037 4424 justitia’.

1984 4448 2041 4502 Si
2063 4449 2181 4517 quis
2215 4463 2344 4518 ergo
2384 4447 2496 4500 vult
2521 4462 2638 4501 esse
2663 4447 2952 4516 perfectus,
2979 4457 3030 4503 et
3055 4448 3240 4504 tollere
3265 4465 3477 4506 crucem

1913 4553 2084 4602 suam,
2112 4546 2167 4590 ct
2195 4538 2346 4605 sequi
2367 4536 2650 4590 Dominum
2681 4534 3041 4601 Salvatorem,
3071 4545 3124 4591 et
3155 4538 3357 4592 imitari
3380 4539 3478 4593 Pc-

1913 4637 2053 4682 trum
2090 4629 2388 4681 dicentem:
2417 4626 2657 4690 Domine,
2688 4643 2802 4680 ecce
2831 4645 2925 4682 nos
2957 4629 3258 4699 reliquimus
3279 4631 3475 4700 omnia,

1912 4727 1960 4771 et
1985 4719 2146 4771 secuti
2165 4732 2346 4770 sumus
2369 4727 2417 4768 te
2446 4715 2659 4786 (Matth.
2695 4733 2808 4779 xxx,
2841 4718 2954 4788 9.7),
2989 4719 3151 4774 faciat
3194 4721 3296 4773 hoc
3337 4722 3478 4788 quod

1915 4806 2169 4875 praecepit
2191 4803 2452 4860 Dominus
2475 4804 2827 4870 adolescenti,
2869 4817 2923 4861 et
2949 4809 3193 4862 suﬁicere
3222 4810 3272 4862 ei
3304 4818 3480 4877 potest

1916 4896 1982 4950 ad
2013 4896 2436 4964 perfectionem;
2471 4894 2525 4947 id
2551 4903 2636 4948 est
2663 4913 2675 4947 :
2737 4894 2876 4949 Vade
2898 4906 2944 4950 et
2973 4898 3134 4950 vende
3156 4899 3332 4951 omnia
3359 4915 3477 4966 qua:

1914 4987 2090 5052 habes,
2124 4997 2173 5040 et
2201 4986 2271 5039 da
2297 4986 2649 5057 pauperibus;
2674 4994 2724 5040 et
2751 4988 2884 5051 veni,
2915 5005 3127 5058 sequere
3153 5004 3234 5041 me
3257 4988 3474 5059 (Matth.

1916 5095 2028 5144 xix,
2054 5078 2167 5150 2|).
2195 5077 2252 5132 ln
2279 5085 2547 5146 potestate
2575 5087 2757 5131 nostra
2783 5085 2867 5131 est
2893 5087 3073 5130 utrum
3097 5077 3325 5132 velimus
3354 5091 3477 5133 esse

1914 5167 2138 5238 perfecti
2169 5183 2238 5222 an
2267 5182 2394 5221 non.
2443 5165 2558 5220 Non
2589 5166 2745 5220 nobis
2764 5164 2956 5235 jugum
2993 5167 3334 5222 necessitatis
3373 5168 3476 5222 im-

1913 5260 2097 5329 ponit,
2129 5257 2225 5313 sed
2251 5256 2506 5326 potestati
2536 5262 2735 5309 nostrae
2775 5254 3003 5308 liberum
3039 5254 3321 5308 arbitrium
3348 5271 3475 5309 con-

1914 5349 2074 5413 cedit,
2106 5349 2292 5403 dicens
2321 5364 2334 5400 :
2393 5345 2481 5399 Vis
2505 5361 2615 5399 esse
2635 5344 2914 5414 perfectus,
2945 5354 2999 5399 et
3038 5344 3093 5398 in
3122 5345 3299 5414 primo
3325 5355 3473 5401 stare

1912 5441 2140 5510 vestigio
2183 5438 2495 5508 dignitatis?
2534 5435 2706 5489 Vende
2743 5435 2917 5488 omnia
2951 5452 3068 5504 quia
3099 5435 3284 5501 habes,
3315 5445 3364 5490 et
3399 5435 3470 5490 da

1911 5531 2258 5600 pauperibus;
2302 5538 2351 5582 et
2397 5528 2529 5592 veni,
2577 5543 2787 5596 sequere
2830 5541 2928 5578 me.
2982 5524 3298 5595 Quicunque
3339 5541 3470 5598 ergo

1913 5621 2184 5689 perfectus
2208 5634 2325 5672 esse
2364 5617 2614 5683 voluerit,
2654 5618 2810 5673 debet
2848 5616 3080 5672 vendere
3127 5618 3305 5694 omnia
3353 5633 3470 5690 qua
