3974 6192
488 296 594 354 583

491 418 676 477 habet,
705 416 890 465 etnon
931 418 998 459 ex
1027 409 1212 472 parte.
1245 397 1385 451 sicut
1418 391 1655 447 Ananias
1689 387 1818 442 fecit
1855 393 1911 440 et
1959 384 2061 437 Sa-
2088 384 2139 441 Α

493 471 681 579 phire,
713 500 809 555 sed
842 504 1014 550 totum
1049 489 1320 549 vendere;
1360 493 1415 537 et
1455 496 1577 536 cum
1608 476 1931 537 vendiderit,
1981 471 2063 525 ni-

496 561 571 654 itil
602 561 874 652 fraudare,
908 585 1003 640 sed
1030 584 1159 637 dare
1181 592 1343 633 omne
1387 573 1516 628 illud
1544 571 1778 642 pretium
1809 561 2064 636 pauperi-

498 691 629 748 bus;
666 691 721 738 et
746 681 826 734 sic
849 676 953 732 sibi
980 673 1291 749 thesaurum
1323 668 1375 719 in
1400 676 1623 734 regnum
1648 659 1908 714 cmlorum
1930 668 2069 723 pra:—

498 790 713 849 parare.
766 771 950 839 Neque
1002 765 1147 819 enim
1176 746 1298 814 'hoc
1335 756 1402 810 ad
1443 754 1833 826 perfectionem
1868 746 2071 801 solum-

503 841 662 922 inodo
689 860 907 922 sufﬁcit,
949 856 1053 910 nisi
1095 859 1217 923 post
1247 853 1589 915 contemptas
1617 841 1834 895 divitias
1878 850 2073 904 sequa-

500 966 591 1011 tur
619 953 983 1012 Salvatorem,
1030 945 1084 998 id
1112 950 1214 1005 est,
1246 938 1456 993 relictis
1491 934 1668 996 malis,
1713 930 1879 983 faciat
1911 928 2068 980 bona.

503 1045 761 1105 Facilius,
794 1037 971 1109 inquit
997 1035 1189 1088 beatus
1224 1028 1606 1096 Hieronymus,
1644 1016 1893 1075 sacculus
1935 1029 2071 1067 con-

506 1103 764 1191 temnitur
789 1103 953 1198 quam
991 1124 1245 1179 voluntas
1272 1125 1329 1172 et
1353 1116 1619 1184 voluptas.
1670 1107 1820 1163 Multi
1861 1103 2076 1157 divitias

510 1228 900 1293 relinquentes,
953 1214 1241 1270 Dominum
1292 1224 1399 1263 non
1446 1211 1768 1273 sequuntur.
1822 1195 2077 1265 Sequitur

509 1319 655 1375 enim
685 1312 991 1369 Dominum,
1025 1306 1117 1376 qui
1146 1303 1389 1357 imitator
1416 1299 1533 1367 ejus
1558 1303 1663 1359 est,
1689 1301 1745 1348 et
1783 1306 1881 1360 per
1912 1287 2069 1341 vesti-

512 1410 597 1482 gia
635 1406 776 1462 illius
804 1400 1065 1471 graditur.
1099 1395 1202 1460 Qui
1229 1394 1367 1447 enim
1393 1390 1518 1443 dicit
1540 1404 1593 1441 se
1632 1386 1686 1440 in
1709 1382 1916 1438 Christo
1954 1390 2076 1431 ma-

514 1470 666 1561 nere,
697 1470 842 1548 debet
888 1486 1147 1561 quomodo
1189 1482 1279 1536 ille
1318 1478 1619 1539 ambulavit,
1669 1485 1716 1529 et
1748 1475 1854 1543 ipse
1898 1470 2082 1522 ambu-

515 1589 626 1642 lare
656 1585 708 1656 (Ι
738 1584 872 1637 Tim.
904 1596 964 1642 ιι,
995 1578 1070 1648 6).
1102 1575 1311 1629 Bonum
1343 1578 1425 1625 est
1456 1581 1589 1639 ergo
1628 1567 1723 1620 Dei
1757 1578 1917 1619 servo
1960 1575 2081 1615 cor—

513 1676 774 1749 poraliter
797 1678 1062 1725 remotum
1084 1679 1204 1720 esse
1230 1677 1262 1716 a
1284 1660 1520 1724 mundo;
1553 1657 1648 1711 sed
1674 1654 1841 1709 multo
1866 1650 2078 1713 melius,

1432 253 1445 263 ‘
1500 276 1568 332 .s.
1603 269 1959 330 BENEDICTI
1996 261 2288 321 seems
2330 254 2728 316 ANIANENSIS

3640 246 3750 302 58‘

2166 376 2395 432 chielem
2421 388 2639 444 quoque
2664 368 2863 424 dicitur
2892 382 2905 417 :
2933 362 3248 419 Sacerdotes
3272 359 3397 423 mei,
3425 359 3517 429 qui
3539 358 3665 414 mihi
3689 362 3750 415 in

2164 466 2355 537 templo
2374 480 2486 519 meo
2512 463 2836 522 ministrant,
2852 472 2956 509 non
2969 453 3195 507 habeant
3216 450 3567 521 possessiones
3590 463 3608 500 :
3630 466 3752 520 ergo

2167 556 2425 610 Dominus
2453 550 2706 621 possessio
2730 560 2911 601 eorum
2939 562 2957 607 ;
2989 559 3081 596 nec
3110 540 3495 605 hazreditatem,
3520 555 3619 609 ego
3645 538 3751 593 Do-

2167 647 2341 699 minus
2369 641 2649 697 Itwreditas
2675 652 2855 692 eorum
2879 633 3094 706 (Ezech.
3123 629 3398 700 xuv,28).
3418 630 3486 683 Et
3515 630 3637 699 ipse
3654 630 3756 686 Do-

2172 737 2352 791 minus
2380 734 2509 788 alibi
2540 732 2669 786 dicit
2707 728 2835 782 filiis
2864 726 2989 780 Levi
3014 739 3027 777 :
3064 721 3186 776 Non
3226 721 3420 776 dabitis
3449 731 3656 791 partem
3680 721 3759 773 in-

2172 836 2251 880 ter
2304 825 2495 895 fratres
2524 838 2666 885 suos,
2696 835 2790 889 ego
2837 816 3095 870 Dominus
3138 813 3306 883 portio
3338 828 3519 866 eorum
3563 810 3756 883 (Nam.

2171 934 2327 981 xvnt,
2354 916 2467 987 ΞΟ).
2505 914 2602 969 llic
2632 912 2765 966 satis
2795 909 3075 963 evidenter
3111 905 3348 960 ostendit
3380 904 3528 973 quod
3570 904 3627 958 hi
3672 906 3763 973 qui

2175 1017 2408 1062 terrena:
2434 1000 2770 1058 haereditatis
2794 996 3099 1068 portionem
3126 992 3592 1063 contempserint,
3627 992 3764 1047 tales

2174 1113 2234 1153 se
2262 1097 2521 1152 exhibere
2567 1093 2763 1147 debent
2792 1096 2852 1143 ut
2890 1088 3200 1157 possideant
3224 1085 3536 1148 Dominum,
3564 1092 3624 1138 et
3662 1084 3766 1154 ipsi

2183 1187 2565 1259 possideantur
2594 1197 2625 1233 a
2677 1179 2925 1233 Domino.
2969 1177 3085 1242 Qua
3115 1176 3182 1229 de
3213 1190 3270 1228 re
3297 1175 3461 1229 etiam
3496 1174 3551 1227 in
3595 1172 3768 1228 Colla-

2180 1277 2416 1331 tionibus
2446 1273 2666 1325 Patrum
2702 1268 2809 1322 tale
2838 1267 2999 1321 datur
3028 1263 3356 1331 exemplum.
3392 1261 3631 1328 Quidam
3660 1261 3769 1315 fra-

2180 1377 2263 1422 ter
2292 1364 2609 1419 rcnuntians
2640 1359 2860 1423 StBClllt),
2901 1367 2956 1411 et
2978 1356 3115 1411 dans
3149 1371 3269 1424 qua:
3296 1353 3531 1409 habebat
3559 1369 3765 1423 paupe-

2182 1455 2348 1516 ribus,
2383 1453 2625 1506 retinens
2657 1457 2837 1503 autem
2867 1462 3040 1516 pauca
3067 1445 3133 1498 ad
3161 1458 3299 1513 opus
3320 1458 3501 1507 suum,
3534 1443 3687 1497 venit
3706 1444 3771 1498 ad

2184 1545 2435 1599 abbatem
2486 1540 2800 1594 Antonium.
2834 1536 3005 1602 Quem
3045 1550 3169 1595 cum
3216 1533 3529 1604 agnovisset
3566 1549 3730 1587 senex
3753 1573 3770 1597 ,

2189 1632 2328 1688 dixit
2355 1631 2445 1685 ei:
2481 1628 2538 1684 Si
2570 1629 2654 1682 vis
2701 1626 3000 1681 monachus
3031 1624 3170 1689 fieri,
3219 1625 3355 1677 vade
3399 1623 3455 1677 in
3490 1623 3647 1677 illum
3693 1626 3769 1678 vi-

519 1713 765 1749 ιιυιαιιιυι
798 1713 1062 1725 ovs-av-..“
1088 1713 1200 1720 ---ν
1234 1713 1261 1716 -_
1285 1713 1317 1715 -κ
1507 1713 1518 1724 ,

519 1771 811 1825 voluntate.
844 1762 1144 1827 Utrumque
1187 1768 1318 1809 vero
1360 1750 1621 1820 optimum
1662 1754 1721 1802 et
1761 1744 2080 1815 perfectum.
2111 1721 2159 1779 Β
2186 1740 2330 1788 cum.
2356 1730 2412 1778 οι
2439 1736 2559 1776 “me
2586 1733 2800 1783 (3³1³085,
2829 1726 2885 1773 ει
2924 1718 3141 1786 impone
3174 1715 3390 1783 οοτροτί
3423 1723 3517 1769 ιιιο
3545 1713 3694 1771 liudo
3720 1725 3776 1770 et

2222 1817 2232 1827 ι
2406 1815 2417 1826 ο
2465 1815 2478 1827 I
2626 1811 2686 1827 ΙἿΑ
2742 1826 2747 1827 ,
2780 1826 2787 1827 κ
2816 1826 2841 1827 ,,
2880 1808 2963 1827 211,
3005 1808 3076 1827 ᾃεΑ
3123 1807 3334 1827 ρΑΑςῌ-ᾼ.
3398 1821 3522 1827 Α--ΔΔ
3574 1806 3613 1827 Ἀ
3636 1821 3743 1827 --ᾔ

518 1860 610 1916 Ille
637 1872 766 1927 ergo
792 1851 1064 1923 perfectus
1090 1854 1192 1909 est,
1228 1843 1320 1912 qui
1363 1841 1492 1894 huic
1528 1837 1726 1893 saectdo
1770 1843 1825 1888 et
1864 1846 2090 1901 corpore

516 1959 575 2004 et
602 1921 763 2003 corde
794 1921 1068 1997 discretus
1110 1941 1212 1989 est.
1255 1931 1444 2000 Magna
1474 1927 1615 1998 apud
1658 1926 1828 1978 Deum
1861 1921 2093 1991 refulget

522 2040 716 2111 gratia,
744 2035 838 2104 qui
878 2031 1005 2086 huic
1034 2025 1230 2084 saeculo
1254 2018 1674 2090 contemptibilis
1697 2017 1875 2070 fuerit.
1902 2014 2092 2068 Servis

527 2136 706 2183 autem
752 2124 848 2179 Dei
878 2128 1075 2177 cuncta
1118 2114 1279 2183 hujus
1314 2111 1501 2167 mundi
1544 2108 1815 2164 contraria
1839 2120 1960 2161 esse
2002 2105 2094 2159 de-

520 2220 667 2279 bent,
700 2227 760 2269 ut
789 2214 916 2268 dum
943 2212 1047 2265 ista
1093 2207 1317 2262 adversa
1352 2202 1614 2263 sentiunt,
1646 2198 1713 2251 ad
1736 2196 1956 2251 caeleste
1995 2193 2093 2248 de-

527 2312 786 2371 siderium
835 2304 1111 2361 ardentius
1153 2300 1479 2357 excitentur.
1530 2292 1671 2360 Quid
1710 2290 1856 2344 enim
1903 2289 1958 2341 in
1990 2288 2098 2340 hac

529 2408 643 2462 vita
669 2399 989 2457 laboriosius
1024 2409 1187 2466 quam
1223 2388 1459 2447 terrenis
1497 2382 1783 2441 desideriis
1822 2376 2095 2433 mstuare?

532 2498 639 2552 Aut
668 2493 795 2563 quid
839 2488 1083 2544 securius
1129 2497 1290 2555 quam
1319 2479 1387 2534 de
1425 2475 1588 2546 hujus
1634 2469 1818 2527 steculi
1858 2466 2097 2522 vanitate

533 2555 1000 2652 nihil-appetere?
1028 2575 1129 2642 Qui
1159 2572 1303 2627 enim
1356 2569 1499 2622 hunc
1542 2559 1800 2616 mundum
1833 2555 2096 2624 diligunt,

532 2644 854 2730 turbulentis
879 2668 994 2738 ejus
1026 2663 1173 2718 curis
1203 2667 1259 2714 et
1285 2650 1735 2712 sollicitudinibus
1768 2644 2100 2701 conturban-

535 2774 641 2819 tur.
693 2760 797 2828 Qui
840 2735 1021 2813 autcm
1061 2754 1128 2807 ab
1179 2764 1244 2804 eo
1293 2745 1571 2805 recedunt,
1618 2746 1839 2809 propter
1874 2735 2099 2788 interna:

537 2826 735 2923 quietis
783 2844 1247 2915 tranquillitatem,
1271 2836 1465 2892 futura:
1499 2830 1646 2901 pacis
1669 2826 1909 2896 requiem
1936 2837 2097 2893 quam

543 2914 672 2998 illuc
693 2914 1030 3009 exspectant,
1057 2932 1145 2987 hic
1166 2929 1560 3000 quodammodo
1595 2920 1795 2974 habere
1824 2914 2096 2969 inchoant.

1152 3034 1636 3126 casuri/1,”
1772 3114 1852 3126 Η
2004 3112 2016 3126 ⁸
2129 3064 2174 3126 C

549 3142 699 3208 Quod
721 3140 807 3210 qui
830 3129 1384 3210 sazculorenuntiant,
1415 3140 1517 3177 non
1545 3113 1733 3204 debent
1764 3114 1950 3169 habere
1996 3112 2104 3165 lia:-

948 3204 1191 3258 reditates
1223 3213 1315 3250 nec
1341 3192 1705 3265 possessiones.

615 3296 680 3354 lli
703 3310 832 3364 ergo
859 3292 950 3362 qui
975 3287 1230 3345 saeculum
1259 3281 1496 3355 perfecte
1535 3276 1936 3344 derelinquunt,
1973 3270 2109 3325 nihil

548 3390 745 3445 debent
773 3363 1062 3456 possidere
1105 3385 1305 3449 printer
1352 3372 1658 3428 Dominum.
1710 3366 1862 3423 Unde
1890 3365 1944 3418 in
1973 3363 2111 3416 libro

547 3451 805 3549 Prosperi
843 3477 916 3531 ita
958 3472 1189 3543 legitur:
1226 3467 1613 3534 Quemcunque
1639 3473 1772 3528 ergo
1802 3451 2111 3526 possidendi

548 3541 781 3627 delectat
827 3541 1073 3630 ambitio,
1116 3561 1309 3623 Deum,
1339 3569 1501 3627 quem
1549 3549 1702 3613 colit,
1751 3545 1880 3616 quia
1932 3541 2114 3597 omnia

547 3661 810 3735 possidet,
840 3655 1092 3727 expedita
1128 3656 1308 3706 mente
1333 3643 1607 3717 possideat
1634 3656 1650 3703 ;
1678 3646 1735 3693 et
1777 3637 1830 3691 in
1856 3649 1922 3690 eo
1952 3630 2120 3687 habe-

551 3726 631 3811 bit
658 3726 990 3821 quaecunque
1012 3748 1199 3800 sancte
1219 3735 1511 3794 desiderat.
1543 3730 1652 3786 Sed
1679 3726 1935 3799 quoniam
1959 3734 2117 3777 nemo

548 3812 787 3914 possidet
809 3812 1002 3902 Deum,
1047 3831 1151 3888 nisi
1183 3828 1274 3899 qui
1301 3824 1610 3897 possidetur
1653 3834 1681 3873 a
1729 3816 1861 3880 Deo,
1893 3813 1956 3869 fit
2000 3812 2118 3882 ipse

547 3909 800 4005 primltus
833 3928 928 3983 Dei
965 3922 1258 3996 possessio,
1289 3928 1345 3973 et
1370 3913 1598 3971 efﬁcitur
1623 3911 1673 3966 ei
1715 3909 1856 3963 Deus
1903 3917 2119 3975 posses-

551 3991 643 4081 sor
680 4031 735 4076 et
770 3991 985 4090 portio:
1008 4012 1212 4071 Deinde
1236 4008 1364 4080 quid
1393 4005 1538 4060 ultra
1562 4000 1759 4072 quierit
1777 4038 1791 4062 ,
1820 3996 1906 4051 cui
1936 3991 2119 4048 omnia

555 4128 686 4168 suus
715 4089 961 4165 conditor
998 4103 1103 4157 sit?
1144 4101 1251 4154 Aut
1275 4098 1404 4168 quid
1429 4096 1479 4150 ei
1503 4091 1732 4154 sufficit,
1763 4089 1849 4144 cui
1879 4089 1993 4155 ipse
2014 4100 2121 4137 non

563 4199 791 4255 sufﬁcit?
846 4194 1002 4249 Hunc
1044 4190 1357 4261 possidebat
1401 4193 1457 4239 et
1490 4186 1558 4238 ab
1600 4182 1691 4236 illo
1744 4177 2123 4250 possidebatur

560 4291 651 4346 ille
677 4288 769 4358 qui
808 4286 1024 4342 dicebat
1068 4282 1124 4337 in
1167 4278 1357 4350 spiritu
1404 4294 1418 4329 :
1468 4273 1651 4328 Portio
1699 4288 1835 4334 mea,
1880 4267 2121 4332 Domine,

560 4382 672 4436 dixi
717 4376 977 4434 custodire
1003 4373 1164 4443 legem
1201 4380 1346 4423 tuam
1376 4364 1547 4437 (Psal.
1575 4377 1765 4424 cxvnt,
1792 4358 1902 4431 57).
1935 4359 2001 4412 Et
2027 4358 2124 4411 ite-

560 4485 682 4527 rum
716 4486 731 4522 :
764 4466 1018 4520 Dominus
1049 4476 1170 4532 pars
1201 4453 1521 4511 Itwreditatis
1571 4466 1699 4505 metu
1734 4458 1783 4502 et
1817 4446 1996 4501 colicis
2023 4444 2124 4497 mei

565 4558 738 4632 (Psal.
767 4572 857 4621 xv,
885 4553 963 4625 5).
991 4551 1094 4619 Qui
1122 4549 1263 4603 enim
1298 4544 1538 4616 possidet
1564 4540 1848 4596 Dominum
1866 4579 1882 4603 ,
1912 4547 1966 4592 et
2003 4551 2124 4590 cum

561 4625 823 4721 propheta
853 4643 986 4698 dicit
1015 4658 1029 4693 :
1062 4638 1198 4692 Pars
1225 4653 1342 4690 mea
1375 4635 1630 4689 Dominus
1661 4629 1876 4703 (Thren.
1909 4644 1991 4693 ιιι,
2011 4625 2127 4696 24),

564 4744 702 4801 nihil
723 4748 878 4796 extra
910 4738 1196 4793 Dominum
1236 4733 1441 4788 habere
1475 4735 1673 4800 potest.
1716 4725 1868 4793 Quod
1900 4725 1946 4779 si
1978 4724 2132 4793 quid-

566 4835 713 4906 piam
739 4829 884 4886 aliud
912 4826 1164 4884 habuerit
1189 4831 1383 4894 praeter
1403 4821 1711 4884 Dominum,
1732 4832 1861 4887 pars
1893 4814 2010 4884 ejus
2032 4816 2135 4869 Do-

568 4926 749 4982 minus
773 4937 884 4978 non
928 4919 1034 4975 erit
1063 4935 1077 4972 :
1109 4915 1258 4973 verbi
1284 4913 1480 4984 gratia,
1524 4911 1571 4965 si
1604 4924 1819 4973 aurum,
1854 4908 1900 4962 si
1943 4920 2136 4976 argen-

572 5025 708 5081 tum,
739 5014 784 5070 si
822 5008 1193 5083 possessiones
1212 5046 1228 5072 ,
1259 5006 1306 5060 si
1335 5003 1541 5057 variam
1577 4997 1985 5070 supellectilem,
2014 5010 2135 5050 cum

575 5107 696 5162 istis
723 5103 968 5174 partibus
998 5097 1258 5153 Dominus
1283 5107 1411 5165 pars
1439 5089 1556 5158 ejus
1584 5088 1701 5144 fleri
1731 5101 1838 5142 non
1868 5086 2134 5155 dignatur.

577 5195 638 5252 Si
666 5207 818 5264 ergo,
850 5191 1024 5259 inquit
1066 5188 1445 5256 Hieronymus,
1474 5195 1603 5252 pars
1645 5176 1856 5233 Domini
1903 5189 2045 5238 sum,
2086 5182 2142 5228 et

579 5285 849 5344 funiculus
878 5280 1208 5338 haereditatis
1231 5276 1369 5346 ejus,
1399 5289 1509 5329 non
1538 5269 1745 5341 accipio
1763 5274 1976 5337 partem
2002 5266 2141 5319 inter

580 5385 806 5433 ceteras
831 5373 1026 5435 tribus,
1056 5370 1152 5425 sed
1175 5367 1331 5438 quasi
1356 5365 1545 5422 Levita
1574 5370 1629 5418 et
1656 5358 1912 5415 sacerdos
1939 5356 2059 5410 vivo
2076 5354 2144 5409 de

544 5495 551 5503 -
584 5465 829 5529 decimis,
857 5471 911 5517 et
925 5459 1081 5515 altari
1108 5458 1419 5513 deserviens
1440 5452 1627 5509 altaris
1648 5447 1918 5505 oblatione
1936 5452 2149 5500 susten—

587 5565 671 5611 tor
699 5571 714 5609 :
741 5554 883 5651 unde
906 5551 1112 5606 habens
1137 5549 1338 5602 victum
1367 5553 1422 5601 et
1449 5544 1853 5603 vestimentum,
1888 5537 1973 5591 his
2017 5549 2148 5589 con-

1105 5640 1121 5651 “
1565 5636 1578 5651 Ι
1627 5649 1639 5651 Α
1682 5646 1871 5651 μμμη-..
1928 5627 2123 5651 ΑΔΓ-..

591 5655 772 5700 tentus
796 5627 912 5710 cio,
936 5652 989 5697 et
1016 5640 1213 5695 nudam
1233 5651 1448 5693 crucem
1473 5636 1648 5689 nudus
1676 5646 1889 5701 sequar.
1918 5629 1997 5683 Ad
2019 5627 2150 5680 Eze-

2189 1817 2270 1872 sie
2298 1815 2421 1871 veni
2464 1815 2590 1868 huc.
2624 1811 2692 1865 Et
2727 1826 2851 1865 cum
2879 1808 2970 1864 ille
3000 1808 3079 1862 sic
3120 1807 3368 1872 fecisset,
3394 1821 3527 1863 aves
3574 1806 3779 1862 lacera-

2190 1904 2321 1959 bant
2343 1917 2538 1958 carnes
2564 1908 2619 1956 et
2655 1914 2853 1969 corpus
2893 1896 3030 1966 ejus.
3073 1895 3208 1950 Cum
3233 1903 3413 1951 autem
3440 1897 3782 1967 pervenisset

2191 1993 2261 2046 ad
2291 2006 2496 2054 senem,
2546 1986 2903 2057 interrogavit
2950 1986 2996 2040 si
3044 1984 3271 2039 fecisset
3310 2000 3433 2053 quae
3463 1985 3682 2039 dixerat
3707 1984 3777 2038 ei.

2190 2083 2285 2137 Ille
2316 2091 2499 2137 autem
2547 2078 2788 2134 ostendit
2834 2092 3031 2147 corpus
3075 2091 3232 2131 suum
3262 2075 3587 2129 laceratum.
3631 2075 3785 2128 Tunc

2193 2173 2329 2228 dixit
2372 2179 2591 2227 sanctus
2620 2169 2933 2229 Antonius:
2986 2167 3087 2233 Qui
3132 2166 3446 2221 renuntiant
3478 2165 3683 2220 saeculo
3728 2172 3785 2218 et

2194 2265 2382 2320 volunt
2432 2262 2638 2317 habere
2686 2261 2926 2324 divitias,
2954 2273 3084 2313 ecce
3111 2258 3184 2311 ita
3226 2258 3623 2326 impugnantur
3651 2265 3707 2310 et
3752 2271 3782 2309 a

2196 2354 2530 2411 daemonibus
2549 2352 2951 2420 discerpuntur.
2976 2346 3089 2402 Hoc
3113 2347 3278 2415 igitur
3302 2348 3369 2401 de
3397 2360 3508 2400 non
3531 2342 3784 2400 habenda

2197 2446 2544 2518 possessione
2596 2442 2798 2498 dictum
2841 2438 3092 2495 sufficiat.
3145 2437 3305 2491 Aliud
3353 2443 3540 2489 autem
3588 2434 3659 2489 de
3682 2450 3789 2488 non

2199 2535 2445 2593 habenda
2487 2532 2807 2588 haereditate
2838 2531 3104 2585 dicamus.
3135 2526 3297 2581 Venit
3318 2525 3545 2595 quidam
3590 2526 3788 2588 homo,

2198 2626 2415 2682 nomine
2442 2623 2808 2689 Magistratus,
2848 2620 2918 2673 ad
2948 2619 3167 2674 beatum
3195 2616 3507 2681 Arsenium,
3538 2614 3794 2670 deferens

2199 2717 2250 2771 ei
2285 2720 2663 2771 testamentum
2686 2709 2971 2779 cuiusdam
2999 2709 3241 2777 parentis
3265 2706 3406 2776 ejus,
3436 2705 3530 2774 qui
3556 2705 3795 2775 relique-
3830 2753 3834 2757 «

2199 2816 2287 2863 rat
2311 2807 2362 2861 ei
2408 2803 2780 2860 hmreditatem
2809 2815 3060 2869 magnam
3102 2798 3279 2853 valde.
3310 2797 3379 2850 Et
3402 2795 3690 2864 accipiens
3714 2809 3794 2849 se-

2202 2902 2322 2956 nior
2393 2903 2776 2955 testamentum
2837 2892 3009 2947 voluit
3078 2890 3324 2945 scindere
3390 2888 3545 2941 illud.
3626 2885 3797 2955 Magi-

2202 3000 2405 3049 stratus
2450 2996 2630 3044 autem
2679 2984 2875 3041 cecidit
2919 2983 2988 3038 ad
3013 2983 3178 3051 pedes
3206 2981 3341 3049 ejus,
3390 2978 3581 3033 dicens
3621 2991 3639 3029 :
3694 2977 3798 3031 De-

2206 3097 2397 3153 precor
2450 3088 2502 3135 te
2544 3085 2763 3149 propter
2789 3075 2982 3139 Deum,
3025 3088 3094 3127 ne
3135 3071 3349 3126 seindas
3377 3069 3527 3124 illud.
3560 3069 3631 3122 Et
3654 3068 3795 3123 dixit

2207 3174 2258 3227 ei
2286 3173 2454 3227 abbas
2504 3169 2762 3223 Arsenius
2803 3184 2816 3219 :
2851 3165 2964 3234 Ego
2991 3164 3143 3234 prius
3186 3168 3431 3216 mortuus
3461 3174 3583 3212 sum
3625 3174 3796 3228 quam

2208 3263 2316 3318 ille.
2350 3262 2469 3331 ipse
2496 3268 2677 3315 autem
2725 3257 2885 3312 modo
2913 3262 3158 3311 mortuus
3203 3261 3308 3316 est,
3336 3249 3609 3320 quomodo
3650 3265 3798 3304 nunc

2211 3369 2297 3411 me
2346 3354 2474 3409 fecit
2504 3351 2811 3407 haeredem?
2838 3358 2895 3404 et
2943 3347 3155 3403 remisit
3201 3351 3609 3408 testamentum,
3659 3342 3798 3396 nihil

2210 3446 2406 3501 exinde
2441 3443 2735 3513 accipiens.
2765 3439 2920 3497 Unde
2957 3439 3116 3493 datur
3150 3434 3377 3504 intelligi
3418 3434 3568 3502 quod
3604 3433 3662 3487 hi
3705 3431 3797 3503 qui

2214 3535 2469 3591 saeculum
2502 3533 2816 3601 relinquunt
2852 3528 2990 3584 nihil
3018 3528 3217 3583 debent
3258 3524 3460 3579 habere
3486 3532 3695 3593 pnnter
3718 3523 3799 3576 vi-

2213 3635 2381 3689 ctum,
2420 3623 2499 3677 vel
2551 3621 2830 3692 possidere
2864 3627 3020 3675 extra
3068 3617 3472 3672 vestimentum.
3520 3613 3801 3684 Praecipue

2214 3729 2344 3769 vero
2379 3712 2691 3777 Solitarius,
2738 3709 2831 3780 (iui
2872 3708 3117 3763 imitator
3142 3704 3516 3775 apostolorum
3558 3717 3682 3756 esse
3706 3718 3797 3757 cu-

2217 3808 2317 3877 pit,
2346 3805 2432 3860 his
2459 3811 2670 3857 tantum
2701 3801 2863 3857 debet
2905 3814 3030 3856 esse
3074 3804 3381 3854 contentus.
3410 3795 3479 3849 Et
3509 3795 3641 3864 quia
3690 3808 3795 3846 non

2217 3902 2393 3964 potest
2420 3893 2541 3963 quis
2566 3892 2771 3946 servire
2809 3891 2921 3946 Deo
2949 3888 3110 3943 simul
3137 3894 3193 3942 et
3240 3885 3463 3948 mundo,
3494 3891 3788 3954 propterea

2218 3985 2385 4039 voluit
2437 3983 2579 4036 Deus
2608 3981 2845 4036 cultores
2880 3994 3007 4035 suos
3046 3977 3295 4033 omnibus
3325 3975 3646 4030 renuntiare
3669 4013 3688 4039 ,
3742 3980 3798 4026 nt

2218 4074 2436 4129 exclusa
2464 4073 2646 4127 mundi
2673 4071 2986 4141 cupiditate,
3014 4069 3195 4124 divina
3219 4067 3272 4121 in
3297 4066 3378 4120 eis
3406 4065 3654 4119 charitas
3679 4077 3797 4134 pos-

2221 4174 2304 4221 set
2328 4164 2511 4233 augeri
2542 4164 2624 4217 vel
2653 4162 2864 4232 perfici.

2826 4269 3053 4326 CAPUT
3092 4269 3201 4324 V'll.

2229 4367 2381 4433 Quod
2418 4374 2530 4437 post
2581 4361 3082 4437 abrenuntiationem
3114 4344 3292 4437 seaculi
3333 4371 3439 4410 non
3471 4354 3624 4409 debet
3665 4353 3800 4423 quis-

2703 4448 2803 4502 que
2828 4432 3035 4484 divitias
3060 4429 3317 4497 colligere.

2302 4525 2540 4581 Solitarii
2583 4538 2712 4594 ergo
2758 4520 3002 4575 funditus
3043 4519 3239 4575 saeculo
3268 4516 3681 4579 renuntiantes,
3733 4514 3800 4567 ita

2234 4618 2359 4673 huic
2390 4614 2589 4670 mundo
2618 4613 2756 4667 mori
2789 4612 3017 4675 debent,
3062 4618 3123 4663 ut
3156 4609 3255 4663 soli
3286 4608 3399 4662 Deo
3446 4606 3637 4660 vivere
3664 4603 3803 4658 deie—

2235 4715 2469 4763 ctentur.
2518 4704 2834 4772 Quantoque
2868 4700 2937 4756 ab
2983 4699 3143 4769 hujus
3177 4699 3359 4754 saeculi
3404 4698 3707 4767 cupiditate
3747 4708 3801 4748 se

2239 4798 2591 4858 subtrahunt,
2647 4802 2796 4847 tanto
2845 4793 3057 4846 interna
3091 4790 3287 4846 mentis
3313 4789 3430 4843 acie
3464 4785 3801 4858 praesentiam

2237 4891 2331 4945 Dei
2366 4897 2420 4944 et
2447 4895 2758 4942 sanctarum
2792 4885 2910 4955 ejus
2937 4884 3304 4955 perspicaoius
3348 4878 3799 4948 contemplantur.

2241 4981 2347 5037 Sed
2394 4986 2521 5034 sunt
2569 4976 2722 5032 multi
2769 4975 2861 5044 qui
2887 4975 3113 5043 cupiunt
3146 4971 3438 5028 convolare
3468 4969 3539 5023 ad
3580 4970 3802 5039 gratiam

2241 5072 2356 5137 Dei,
2402 5069 2497 5125 sed
2539 5069 2727 5122 timent
2759 5082 2947 5121 carere
2978 5060 3385 5120 oblectamentis
3417 5059 3630 5113 mundi.
3684 5057 3804 5113 Pro-

2242 5170 2399 5218 vocat
2426 5175 2520 5216 eos
2554 5158 2770 5229 quidem
2814 5173 2969 5212 amor
3008 5153 3234 5219 Christi,
3269 5151 3365 5208 sed
3404 5158 3630 5207 revocat
3669 5146 3805 5219 cupi-

2247 5253 2391 5308 ditas
2418 5248 2622 5323 sseculi,
2650 5247 2793 5303 sicut
2839 5246 3034 5317 legitur
3063 5244 3118 5299 in
3158 5241 3553 5298 Collationibus
3596 5239 3806 5294 Patrum

2250 5344 2443 5402 fecisse
2483 5339 2772 5410 quemdam
2824 5337 3145 5400 solitarium,
3178 5334 3270 5405 qui
3314 5334 3368 5388 in
3397 5334 3564 5389 horto
3609 5344 3704 5386 suo
3733 5339 3813 5383 se—

2251 5435 2373 5490 dule
2401 5434 2634 5495 laborat,
2665 5436 2720 5484 et
2743 5442 2958 5484 omnem
2983 5426 3223 5482 laborem
3253 5439 3409 5479 suum
3440 5423 3496 5478 in
3520 5424 3814 5487 eleemosy-

2252 5544 2378 5584 nam
2406 5515 2764 5595 expendebat,
2804 5529 2860 5575 et
2886 5526 3094 5576 tantum
3126 5518 3226 5575 sibi
3256 5515 3527 5572 retinebat
3557 5519 3812 5585 quantum

2256 5623 2322 5677 ad
2344 5625 2543 5678 victum
2595 5621 2761 5689 ipsius
2807 5615 3100 5672 sufficeret.
3145 5614 3338 5667 Postea
3388 5626 3519 5664 vero
3568 5608 3793 5667 Satanas
