3974 6192
293 313 403 371 585

297 523 580 593 pecuniam
601 562 618 587 ,
661 537 732 577 ne
760 539 882 578 cum
914 524 1158 580 senueris
1195 533 1289 580 aut
1312 535 1578 597 aegrotare
1623 529 1878 599 carperis,

301 611 502 680 aliquid
555 611 820 682 indigeas.
851 611 920 667 Et
967 613 1205 685 collegit,
1249 622 1305 670 et
1358 617 1601 686 implevit
1634 617 1879 687 lagenam

297 717 460 756 unam
488 702 746 756 nummis.
779 702 1014 775 Contigit
1041 712 1220 758 autem
1236 719 1360 759 eum
1388 706 1651 761 inﬁrmari
1672 747 1686 772 ,
1715 715 1770 762 et
1783 724 1880 778 pu-

293 793 499 850 treﬁeri
526 793 725 862 pedem
772 793 909 862 ejus.
956 795 1026 849 Et
1075 797 1333 866 expendit
1372 797 1497 862 hoc,
1527 800 1673 868 quod
1717 799 1879 854 colle-

290 891 441 939 ctum
475 882 744 936 habuerat
770 884 826 936 in
853 885 1092 939 medicos
1113 925 1128 951 ,
1176 892 1232 939 et
1256 886 1392 941 nihil
1426 887 1476 940 ei
1503 887 1761 956 prodesse
1784 903 1878 958 po-

290 975 416 1029 tuit.
445 973 646 1029 Postea
668 989 800 1028 vero
825 976 973 1029 venit
998 976 1217 1044 quidam
1257 976 1323 1032 de
1352 980 1594 1048 expertis
1623 979 1873 1043 medicis,

287 1079 342 1124 et
371 1071 515 1124 dixit
558 1070 607 1124 ei
639 1087 653 1123 :
702 1069 814 1124 Nisi
843 1071 1100 1125 incideris
1122 1071 1312 1139 pedem
1343 1079 1516 1137 tuum,
1554 1080 1726 1128 totum
1755 1088 1876 1128 cor-

287 1173 391 1228 pus
435 1167 590 1213 tuum
629 1158 898 1228 putreﬁet.
942 1159 1010 1213 Et
1055 1160 1456 1215 constituerunt
1495 1168 1556 1215 ut
1599 1161 1655 1216 in
1682 1161 1876 1222 crasti-

286 1266 420 1306 num
462 1252 767 1306 inciderent
793 1251 842 1306 ei
871 1252 1082 1322 pedem.
1124 1252 1218 1307 llla
1248 1261 1429 1308 autem
1461 1262 1620 1309 nocte
1659 1254 1874 1309 rediens

287 1341 344 1395 in
393 1341 774 1411 semetipsum,
829 1350 883 1396 et
917 1342 1296 1412 pmnitentiam
1340 1359 1506 1414 agens
1533 1345 1600 1399 de
1644 1345 1730 1399 his
1753 1360 1874 1414 quze

285 1433 480 1504 gessit,
531 1432 796 1502 ingemuit
829 1440 885 1488 et
918 1433 1067 1488 ﬂevit
1096 1434 1320 1489 dicens:
1354 1435 1557 1489 Memor
1582 1442 1720 1501 esto,
1767 1435 1874 1490 Do-

287 1523 455 1587 mine,
489 1537 716 1592 operum
742 1536 984 1577 meorum
1013 1523 1277 1593 priorum,
1314 1538 1434 1593 quae
1465 1523 1723 1578 faciebam
1748 1541 1871 1579 cum

286 1612 602 1666 laborarem
653 1612 708 1665 in
754 1612 913 1667 horto
938 1627 1077 1677 meo,
1109 1627 1176 1666 ex
1219 1627 1328 1681 quo
1353 1613 1684 1682 pauperibus
1713 1612 1872 1666 mini-

288 1704 554 1758 strabam.
601 1703 667 1756 Et
702 1718 826 1758 cum
869 1701 1039 1768 ﬂeret,
1075 1703 1250 1756 astitit
1283 1703 1334 1756 ei
1373 1703 1597 1772 angelus
1633 1702 1867 1766 Domini,

947 318 1174 376 CODEX
1217 318 1668 377 REGULARUM.
1707 349 1778 362 --
1816 319 1996 376 PARS
2033 323 2096 376 II.
2139 322 2439 380 REGULAE
2482 327 2583 381 PP.
2625 327 2895 384 ORIEN'I‘.

295 430 524 487 immisit
568 432 622 487 ei
672 433 727 486 in
777 432 940 488 corde
976 433 1164 490 dicens
1210 457 1221 488 :
1257 435 1457 508 Collige
1492 437 1588 491 tibi
1633 437 1867 508 aliquam
1898 439 1948 498 A

3448 336 3554 394 586

2568 442 2796 499 CAPUT
2839 444 2970 500 VIII.

2016 525 2156 592 Quid
2184 531 2253 584 sit
2279 534 2486 602 proprie
2514 535 2706 598 activa,
2737 535 2924 604 quidve
2957 539 3352 609 contemplativa
3377 544 3499 600 vita.

2053 618 2188 684 Quia
2212 621 2376 691 igitur
2405 637 2504 692 per
2533 624 2762 678 activam
2789 626 2956 680 vitam
2983 628 3051 682 ad
3079 633 3551 702 contemplativam

1978 708 2214 774 venitur,
2239 710 2442 765 idcirco
2466 712 2616 780 prius
2640 714 2923 769 dicendum
2947 731 3072 771 reor
3091 719 3219 788 quid
3246 723 3318 776 sit
3337 725 3555 795 proprie

1979 798 2152 852 activa
2183 800 2326 864 vita;
2359 809 2413 855 et
2441 803 2520 857 sic
2545 804 2760 858 demum
2788 807 2854 861 ad
2877 810 3347 879 contemplativam
3376 823 3554 870 trans-

1977 887 2212 942 eundum
2239 897 2338 944 est.
2368 889 2557 946 Activa
2583 893 2791 948 scilicet
2813 897 2922 950 vita
2947 908 3030 954 est
3056 905 3396 958 conversatio
3426 907 3552 960 reli-
3597 889 3608 907 ’

1975 977 2147 1045 giosa,
2174 995 2294 1050 quae
2326 981 2485 1036 docet
2507 983 2776 1052 quomodo
2800 987 3082 1058 Prtepositi
3123 993 3225 1048 sub
3260 1009 3317 1049 se
3358 1009 3548 1069 regant

1977 1068 2222 1125 viventes
2245 1086 2310 1125 ac
2336 1072 2590 1144 diligant;
2628 1083 2683 1130 et
2717 1091 2825 1132 non
2869 1079 3050 1136 minus
3075 1083 3142 1136 de
3166 1099 3351 1140 eorum
3386 1068 3549 1158 quam

1976 1156 2042 1212 de
2067 1173 2163 1213 sua
2189 1161 2363 1216 salute
2386 1163 2622 1231 solliciti,
2665 1166 2807 1236 quod
2835 1168 2916 1224 eis
2939 1171 3195 1240 expedire
3236 1156 3418 1232 sciunt
3459 1194 3551 1248 pa-

1977 1256 2126 1304 terna
2151 1268 2280 1307 cura
2302 1256 2620 1324 provideant
2645 1275 2657 1312 :
2683 1267 2739 1314 et
2759 1260 2992 1330 qualiter
3015 1263 3239 1332 subjecti
3265 1271 3552 1338 praeposito

1975 1353 2093 1405 suo,
2130 1348 2382 1411 tanquam
2416 1346 2581 1414 capiti
2608 1348 2850 1414 membra
2879 1351 3220 1420 deserviant,
3255 1370 3319 1410 ac
3348 1373 3552 1427 prame-

1973 1437 2065 1496 pta
2103 1431 2219 1500 ejus
2258 1432 2406 1488 velut
2446 1435 2733 1504 imperium
2783 1439 2881 1493 Dei
2913 1456 3126 1497 summo
3161 1459 3345 1501 amore
3369 1459 3551 1505 custo-

1974 1518 2143 1572 diant.
2183 1519 2303 1589 Ipsa
2348 1538 2596 1593 namque
2639 1526 2871 1582 actualis
2918 1527 3027 1587 vita
3067 1546 3260 1600 panem
3289 1539 3549 1594 esurienti

1978 1609 2189 1675 tribuit,
2215 1613 2381 1667 verbo
2404 1615 2684 1684 sapientiae
2713 1618 3042 1674 nescientem
3069 1622 3246 1689 docet,
3275 1638 3547 1684 errantem

1975 1701 2218 1770 corrigit,
2249 1705 2646 1772 superbientem
2677 1707 2746 1761 ad
2775 1707 3098 1765 humilitatis
3131 1713 3273 1766 viam
3299 1728 3542 1782 revocat,

287 1800 343 1846 et
381 1791 524 1845 dixit
572 1790 625 1844 ei
656 1807 668 1842 :
705 1789 807 1844 Ubi
852 1797 977 1844 sunt
1018 1791 1220 1844 nummi
1269 1805 1406 1860 quos
1456 1790 1760 1862 collegisti,
1814 1800 1869 1846 et
1901 1775 1945 1832 Β
1974 1790 2302 1848 inﬂrmantis
2345 1810 2531 1849 curam
2601 1797 2778 1866 gerit;
2833 1815 2952 1868 qua:
2990 1801 3216 1871 singulis
3245 1775 3548 1877 quibusque

288 1882 379 1937 ubi
415 1889 505 1936 est
541 1895 666 1950 spes
703 1879 771 1934 de
805 1896 908 1950 qua
963 1880 1247 1934 tractasti?
1299 1880 1369 1933 At
1407 1881 1498 1934 ille
1540 1881 1870 1951 respondens

288 1973 366 2026 ait
392 1990 404 2024 :
435 1970 690 2033 Peccavi,
721 1969 970 2033 Domine,
1000 1978 1056 2023 et
1089 1969 1309 2037 ignosce
1337 1969 1490 2034 mihi,
1521 1969 1748 2025 ulterius
1769 1970 1872 2026 hoc

290 2079 394 2117 non
447 2061 673 2115 faciam.
701 2059 852 2113 Tunc
899 2059 1121 2130 angelus
1171 2059 1348 2129 tetigit
1396 2059 1584 2128 pedem
1633 2059 1769 2126 ejus,
1817 2071 1873 2114 et

288 2151 471 2205 statim
502 2158 726 2205 sanatus
755 2155 858 2212 est,
909 2156 964 2204 et
1015 2164 1244 2219 surgens
1286 2164 1445 2204 mane
1492 2149 1626 2204 abiit
1654 2153 1867 2221 operari

289 2242 340 2296 in
380 2257 534 2313 agro.
587 2242 747 2297 Venit
796 2256 927 2313 ergo
971 2241 1212 2296 medicus
1247 2256 1372 2296 cum
1419 2240 1768 2300 ferramentis
1811 2253 1871 2298 ut

285 2341 499 2390 secaret
541 2331 735 2402 pedem
772 2331 910 2400 eius,
941 2339 998 2387 et
1025 2333 1102 2386 ait
1131 2349 1145 2385 :
1181 2331 1354 2388 Ubine
1381 2341 1464 2388 est
1489 2333 1578 2388 ille
1602 2335 1872 2405 aegrotus?

287 2424 356 2478 Et
384 2424 648 2477 dixerunt
683 2422 732 2477 ei
765 2439 777 2475 :
817 2422 962 2476 Exiit
1003 2437 1160 2477 mane
1186 2422 1400 2492 operari
1437 2423 1492 2477 in
1534 2439 1694 2494 agro;
1744 2433 1870 2480 tunc

282 2514 588 2569 admiratus
620 2513 881 2578 medicus,
921 2515 1193 2583 perrexit,
1237 2523 1294 2569 et
1337 2515 1470 2570 vidit
1504 2531 1627 2570 eum
1662 2524 1866 2571 terram

283 2602 611 2668 fodientem,
658 2611 713 2656 et
749 2603 1069 2673 gloriﬁcavit
1116 2605 1306 2670 Deum,
1334 2606 1424 2674 qui
1458 2605 1508 2659 ei
1554 2606 1867 2663 reddiderat

281 2693 597 2747 sanitatem.
627 2693 724 2749 llis
763 2695 896 2749 satis
929 2695 1208 2751 evidenter
1249 2697 1556 2752 ostenditur
1603 2707 1865 2769 quantum

284 2781 485 2835 malum
527 2782 601 2836 sit
642 2790 765 2852 post
805 2785 1337 2841 abrenuntiationem
1386 2787 1566 2843 sarculi
1607 2791 1867 2858 pecunias

283 2871 544 2942 colligere
583 2882 641 2928 et
689 2889 851 2928 avare
890 2877 1146 2932 retinere.
1223 2877 1375 2933 Unde
1429 2881 1690 2950 scriptum
1727 2891 1810 2938 est
1846 2902 1861 2938 :

282 2962 454 3016 Nemo
478 2964 686 3018 mittens
714 2982 926 3020 manum
954 2984 1104 3021 suam
1133 2969 1186 3021 in
1216 2978 1480 3036 aratrum,
1504 2981 1550 3025 et
1581 2974 1864 3044 respiciens

283 3063 443 3118 retro,
471 3063 624 3124 aptus
652 3065 726 3109 est
755 3073 910 3127 regno
934 3056 1031 3111 Dei
1057 3057 1208 3130 (Luc.
1250 3075 1330 3126 lx,
1355 3059 1467 3132 62).
1501 3062 1634 3118 Novi
1680 3075 1859 3121 autem

1970 1881 2262 1949 expediunt
2288 1883 2583 1954 dispensat,
2609 1895 2666 1940 et
2690 1889 2994 1945 commissis
3022 1892 3123 1947 sibi
3155 1895 3389 1962 qualiter
3417 1901 3544 1954 sub-

1969 1969 2163 2025 sistere
2195 1976 2436 2038 valeant,
2469 1975 2701 2030 sollicite
2723 1978 2990 2046 providet.
3027 1981 3158 2048 Qua:
3187 1995 3390 2041 etcum
3418 2004 3540 2043 cor-

1971 2072 2100 2126 pore
2123 2066 2178 2113 et
2205 2059 2262 2114 in
2288 2063 2538 2130 praesenti
2566 2063 2723 2126 ﬁunt,
2762 2075 2964 2122 etcum
2998 2085 3226 2140 corpore
3254 2074 3540 2142 deficiunt,

1970 2153 2025 2200 et
2049 2155 2229 2204 tamen
2261 2163 2471 2206 merces
2510 2150 2669 2221 hujus
2694 2155 2817 2211 vitae
2842 2170 3124 2226 permanet
3161 2163 3218 2218 in
3259 2175 3542 2225 mternum.

1969 2237 2397 2311 Contemplativa
2423 2260 2639 2314 quoque
2684 2248 2794 2302 vita
2841 2258 2926 2306 est
2969 2251 3315 2312 dilectionem
3363 2259 3457 2315 Dei
3487 2272 3544 2316 et

1969 2330 2202 2398 proximi
2233 2340 2343 2387 tota
2371 2342 2552 2391 mente
2585 2338 2839 2404 retinere,
2873 2343 3186 2401 transitoria
3215 2357 3409 2405 cuncta
3453 2352 3547 2408 de-

1969 2420 2202 2488 spicere,
2229 2423 2464 2481 visibilia
2488 2435 2834 2497 postponere,
2866 2437 3239 2492 tantummodo
3280 2455 3401 2510 qua:
3427 2456 3543 2498 cm-

1970 2509 2130 2566 lestia
2173 2523 2300 2568 sunt
2341 2517 2668 2575 desiderare.
2727 2520 2864 2577 Nam
2907 2509 3323 2600 contemplativa
3363 2535 3472 2590 vita
3512 2553 3542 2590 a

1971 2605 2407 2677 contemplando,
2453 2609 2556 2665 hoc
2583 2619 2668 2665 est
2693 2613 2944 2682 videndo,
2976 2633 3172 2674 nomen
3199 2626 3443 2695 accepit;
3491 2628 3543 2681 iu

1968 2710 2074 2766 qua
2104 2709 2404 2755 creatorem
2432 2716 2587 2756 suum
2613 2712 2859 2760 creatura
2893 2708 3275 2769 intellectualis
3303 2716 3373 2770 ab
3393 2721 3541 2773 onmi

1967 2798 2190 2858 peccato
2211 2801 2439 2861 purgata
2467 2795 2646 2849 visura
2675 2804 2780 2851 est.
2814 2796 2920 2854 Sed
2957 2809 3012 2855 et
3059 2803 3105 2857 si
3159 2818 3279 2859 eam
3322 2807 3544 2879 diligen-

1969 2890 2051 2936 ter
2068 2882 2414 2938 considerare
2440 2883 2697 2952 velimus,
2726 2887 2912 2957 eljam
2937 2890 2989 2943 in
3033 2891 3136 2947 hoc
3161 2891 3335 2965 fragili
3360 2897 3540 2955 taber-

1966 2971 2158 3026 naculo
2184 3011 2198 3036 ,
2229 2973 2317 3026 ubi
2345 2974 2583 3042 quotidie
2622 2976 3028 3048 ingemiscimus
3049 3020 3065 3047 ,
3112 2984 3542 3054 contemplativa:

1965 3063 2088 3117 vitae
2111 3065 2504 3134 quodammodo
2529 3069 2820 3140 participes
2865 3070 2982 3126 fieri
3009 3088 3315 3143 possumus.
3361 3075 3496 3145 Quia
3522 3119 3540 3141 .

281 3158 382 3214 ego
419 3144 536 3214 ipse
562 3145 847 3215 quemdam
877 3127 1121 3216 fratrem,
1158 3165 1320 3220 quem
1354 3127 1563 3208 utinam
1605 3171 1710 3211 non
1737 3173 1862 3213 nus-
1889 3127 1932 3187 C
1965 3155 2262 3210 secundum
2313 3127 2674 3226 quorumdam
2717 3127 3043 3231 opinionem,
3087 3164 3220 3219 nihil
3264 3127 3410 3222 aliud
3454 3179 3542 3224 est

281 3236 430 3290 sem!
456 3233 613 3302 cujus
638 3238 801 3291 etiam
825 3254 1039 3304 nomen,
1070 3241 1116 3295 si
1140 3241 1342 3311 aliquid
1363 3246 1662 3313 prodesset,
1679 3248 1863 3303 dicere

280 3339 498 3394 possem
531 3343 543 3378 :
582 3326 674 3395 qui
725 3329 825 3383 sub
862 3329 1086 3384 obtentu
1135 3331 1414 3402 religionis
1448 3335 1755 3406 relinquere
1804 3354 1862 3394 se

278 3417 542 3473 saeculum
571 3417 751 3485 ﬁnxit,
782 3428 838 3475 et
869 3422 936 3476 ad
964 3422 1261 3478 solitariam
1293 3425 1483 3493 vitam,
1521 3445 1628 3484 non
1674 3431 1858 3496 corde,

280 3506 375 3560 sed
410 3521 646 3575 corpore
679 3514 886 3562 tantum
936 3512 1202 3580 pervenit.
1233 3513 1366 3581 Quia
1413 3525 1594 3571 autem
1639 3535 1743 3574 non
1777 3536 1863 3575 so-

279 3596 391 3650 lum
445 3605 576 3651 ante
621 3597 833 3653 habitas
871 3602 1240 3668 possessiones
1283 3615 1338 3659 et
1378 3607 1592 3662 divitias
1623 3607 1864 3665 funditus

279 3703 388 3743 non
419 3687 718 3754 distribuit,
756 3690 852 3744 sed
880 3690 1044 3744 etiam
1074 3693 1119 3746 si
1153 3708 1257 3761 qua
1305 3693 1444 3749 forte
1469 3697 1518 3750 ei
1554 3712 1584 3750 a
1612 3696 1862 3754 ﬂdelibus

279 3777 500 3834 fuerant
524 3779 726 3844 oblata,
756 3794 919 3834 avare
947 3782 1230 3837 retinebat.
1261 3784 1457 3840 Postea
1482 3801 1611 3840 vero
1635 3787 1861 3844 immisit

281 3868 330 3922 ei
359 3869 614 3924 diabolus
653 3869 709 3923 in
735 3885 849 3936 cor,
881 3878 943 3926 ut
975 3872 1042 3925 ad
1073 3873 1426 3941 perferendas
1456 3876 1694 3944 divitias,
1727 3895 1861 3949 quas

279 3959 419 4014 male
473 3968 821 4028 servaverat,
869 3961 1014 4018 foras
1043 3965 1108 4018 de
1148 3964 1280 4020 cella
1310 3967 1633 4024 retrusionis
1663 3972 1856 4026 exiret.

279 4050 435 4117 Quod
482 4050 560 4104 ita
592 4058 647 4104 et
692 4051 856 4118 fecit;
889 4055 980 4123 qui
1007 4056 1246 4125 quandiu
1272 4056 1322 4111 in
1361 4062 1612 4128 praesenti
1660 4063 1860 4118 saeculo

281 4142 440 4206 vixit,
474 4157 586 4196 non
617 4143 789 4197 solum
820 4144 1166 4216 sibimetipsi,
1200 4149 1294 4204 sed
1322 4149 1487 4205 etiam
1515 4151 1670 4208 nobis
1692 4155 1861 4208 omni-

276 4233 381 4286 bus
435 4233 492 4286 in
536 4233 888 4301 opprobrium
943 4234 1070 4300 fuit;
1101 4245 1155 4293 et
1207 4254 1314 4293 non
1359 4240 1533 4295 solum
1570 4250 1699 4299 tunc
1740 4243 1858 4313 ejus

277 4319 588 4388 exemplum
632 4323 839 4388 nocuit,
874 4325 967 4378 sed
999 4327 1176 4382 adhuc
1205 4329 1289 4384 his
1316 4330 1406 4398 qui
1437 4347 1560 4385 eum
1593 4343 1859 4389 noverunt

276 4410 456 4474 obest,
483 4419 535 4464 et
559 4410 756 4466 futuris
785 4413 1082 4470 scientibus
1121 4419 1352 4473 nocebit.
1386 4418 1522 4486 Quia
1563 4431 1688 4476 sunt
1717 4437 1852 4477 non-

275 4497 435 4564 nulli,
463 4500 577 4569 qui,
609 4502 880 4572 despectis
908 4504 1087 4558 carnis
1123 4505 1427 4572 desideriis,
1459 4518 1654 4564 cuncta
1688 4511 1850 4566 relin-

271 4607 445 4662 quere
495 4601 854 4662 pertractant,
911 4596 1005 4649 sed
1051 4611 1174 4651 cum
1223 4598 1485 4654 cecidisse
1529 4599 1682 4654 illum
1731 4613 1854 4670 post

269 4685 457 4755 operis
488 4685 702 4740 initium
753 4687 1112 4755 conspiciunt,
1155 4688 1256 4742 hoc
1287 4689 1461 4757 ipsum
1500 4689 1681 4745 facere
1707 4692 1850 4759 quod

272 4774 715 4832 deliberaverant
761 4778 1169 4847 pertimescunt.
1225 4778 1359 4834 Nam
1408 4789 1464 4836 et
1506 4782 1594 4836 isti
1643 4783 1700 4837 in
1747 4784 1850 4837 hoc

271 4864 440 4920 etiam
471 4868 734 4934 arguendi
761 4875 903 4931 sunt,
937 4875 996 4921 ut
1027 4868 1073 4922 si
1101 4875 1272 4923 malos
1298 4871 1689 4938 pertimescunt
1736 4873 1851 4927 imi-

274 4955 381 5009 tari
441 4957 498 5009 in
539 4957 737 5011 malum
768 4998 783 5023 ,
837 4971 936 5012 cur
972 4958 1112 5028 pigri
1155 4968 1282 5013 sunt
1328 4960 1496 5017 bonos
1550 4963 1751 5018 imitari
1799 4966 1851 5019 in

273 5042 512 5100 bonum?
567 5045 720 5102 Unde
769 5049 1028 5118 scriptum
1077 5056 1206 5102 est:
1255 5049 1330 5103 De
1375 5049 1531 5107 bonis
1577 5068 1853 5110 sumamus

273 5135 541 5205 exempla.
573 5136 654 5190 Ob
684 5136 824 5190 hanc
857 5151 988 5208 ergo
1013 5152 1231 5192 causam
1268 5138 1494 5194 aliorum
1540 5141 1854 5197 scribuntur

274 5225 444 5278 ruinae
473 5233 529 5280 et
559 5227 914 5294 perditiones,
957 5235 1018 5281 ut
1064 5243 1164 5284 nos
1218 5229 1283 5283 de
1315 5241 1500 5285 nostra
1543 5233 1654 5286 vita
1682 5233 1852 5289 simus

274 5314 638 5370 sollicitiores.
675 5315 946 5372 Hactenus
976 5325 1156 5371 autem
1187 5317 1253 5372 de
1278 5320 1460 5374 saeculi
1489 5321 1842 5376 abrenuntia-

274 5405 441 5470 tioue,
471 5414 528 5461 et
567 5407 634 5461 de
679 5423 786 5463 non
832 5407 1147 5479 colligendis
1200 5409 1403 5464 divitiis
1437 5411 1569 5466 satis
1613 5412 1851 5467 abunde-

270 5510 397 5565 que,
439 5504 501 5548 ut
539 5497 753 5565 Opinor,
786 5498 990 5552 dictum
1015 5508 1116 5554 est.
1144 5498 1300 5554 Modo
1329 5500 1474 5554 enim
1505 5502 1570 5556 de
1608 5510 1850 5558 contem-

269 5587 470 5655 plativa
517 5588 664 5651 vita,
717 5588 828 5665 Deo
878 5590 1206 5654 auxiliante,
1273 5597 1328 5644 et
1379 5591 1539 5646 beato
1581 5590 1848 5662 Prospero

271 5679 628 5752 suﬂragante,
660 5681 838 5750 aliqua
866 5681 1098 5737 dicenda
1134 5691 1262 5737 sunt
1284 5683 1538 5752 capitula.

637 5776 908 5835 PATROL.
949 5775 1106 5836 CIII.

1876 4473 1929 4531 D

1962 3246 2375 3317 contemplativa
2427 3250 2536 3305 vita
2577 3268 2738 3322 quam
2787 3269 2966 3309 rerum
3013 3255 3295 3313 latentium
3336 3259 3541 3316 futura-

1962 3353 2188 3408 rumque
2216 3340 2428 3405 notitia,
2459 3343 2572 3397 sive
2602 3344 2814 3399 vacatio
2851 3347 2920 3401 ab
2947 3348 3204 3404 omnibus
3228 3351 3540 3421 occupatio-

1961 3427 2118 3482 nibus
2156 3430 2360 3495 mundi,
2413 3431 2526 3486 sive
2569 3433 2875 3489 divinarum
2919 3437 3159 3492 studium
3200 3438 3528 3499 litterarum.

1960 3516 2185 3584 Quando
2239 3528 2418 3574 autem
2460 3521 2730 3576 infirmum
2773 3524 3092 3591 visitamus,
3139 3538 3414 3586 mortuum
3459 3550 3539 3589 se-

1959 3607 2210 3676 pelimus,
2232 3619 2506 3665 errantem
2522 3612 2867 3680 corrigimus,
2886 3623 3016 3670 tunc
3045 3617 3098 3670 in
3125 3619 3300 3674 activa
3323 3636 3534 3678 sumus.

1960 3693 2187 3760 Quando
2224 3711 2353 3751 vero
2381 3697 2434 3750 in
2475 3708 2766 3768 conspectu
2810 3701 2906 3755 Dei
2941 3701 3204 3772 lacrymas
3236 3704 3529 3774 fundimus,

1960 3792 2016 3838 et
2039 3785 2216 3854 qualis
2248 3786 2548 3853 beatitudo,
2581 3789 2755 3858 qualis
2781 3790 2891 3854 lux,
2924 3792 3100 3862 qualis
3118 3793 3289 3864 gloria
3315 3798 3387 3852 sit
3409 3814 3532 3854 san-

1959 3873 2063 3927 ctis
2091 3872 2145 3926 in
2171 3873 2328 3939 cado,
2360 3875 2600 3945 cogitare
2625 3877 2892 3945 volumus,
2927 3889 3054 3936 tunc
3096 3883 3150 3937 in
3190 3889 3527 3958 contempla-

1961 3962 2071 4017 tiva
2098 3979 2306 4025 sumus.
2336 3963 2442 4021 Sed
2469 3966 2642 4021 activa
2672 3967 2782 4022 vita
2806 3985 2927 4026 cum
2964 3987 3186 4044 corpore
3214 3976 3404 4048 incipit
3429 4020 3443 4044 ,
3480 3991 3535 4036 et

1963 4054 2053 4109 hic
2096 4070 2220 4110 cum
2267 4056 2384 4126 ipso
2413 4056 2633 4123 linitur;
2683 4059 3096 4130 contemplativa
3135 4079 3262 4121 vero
3288 4068 3399 4124 vita
3442 4072 3532 4126 hic

1959 4146 2266 4211 inchoatur,
2319 4155 2375 4201 et
2419 4147 2472 4202 in
2503 4146 2685 4202 futuro
2736 4150 2934 4207 sazculo
2963 4154 3259 4222 perﬁcitur.
3311 4159 3391 4213 Ex
3441 4161 3527 4216 his

1958 4238 2102 4292 enim
2143 4238 2394 4306 signatur
2434 4254 2564 4304 una,
2613 4238 2666 4293 id
2691 4248 2776 4295 est
2816 4242 2990 4297 activa
3021 4259 3118 4313 per
3157 4245 3534 4315 Martham;et

1959 4331 2156 4395 altera,
2184 4331 2240 4385 id
2283 4339 2369 4385 est
2398 4331 2838 4402 contemplativa,
2869 4348 2966 4402 per
2993 4335 3214 4392 Mariam
3246 4358 3260 4392 :
3295 4343 3387 4395 sed
3437 4360 3530 4397 ne-

1960 4422 2192 4477 cessaria
2219 4430 2303 4476 est
2325 4423 2545 4476 omnino
2575 4423 2783 4478 Martha
2810 4424 3008 4480 Μαι-ἰαὶ.

2566 4533 2792 4590 CAPUT
2831 4535 2919 4589 IX.

1959 4622 2143 4687 Qualis
2167 4624 2313 4677 debet
2357 4641 2466 4678 esse
2508 4625 2560 4677 in
2608 4625 2774 4704 activa
2801 4626 2920 4690 vita,
2953 4631 3041 4700 qui
3071 4630 3138 4682 ad
3164 4633 3524 4704 contemplati-

2371 4710 2486 4747 vam
2512 4695 2856 4750 conscendere
2879 4695 3111 4756 conatur.

2023 4783 2104 4838 Ad
2148 4782 2420 4854 fastigium
2464 4798 2592 4854 ergo
2645 4785 2764 4838 vitae
2804 4789 3237 4858 contemplativa:
3279 4792 3525 4863 quisquis

1954 4881 2182 4927 conatur
2214 4873 2608 4937 conscendere,
2659 4875 3008 4944 semetipsum
3049 4878 3207 4933 debet
3234 4880 3385 4950 prius
3426 4898 3525 4950 per

1957 4963 2124 5018 multa
2148 4964 2518 5032 experimenta
2571 4963 2624 5016 in
2652 4965 2827 5018 activa
2851 4966 2960 5019 vita
2991 4967 3222 5035 probare
3249 4987 3264 5022 :
3295 4971 3341 5023 si
3379 4970 3524 5039 inju—

1955 5053 2065 5108 rias
2094 5053 2293 5122 poterit
2335 5052 2509 5116 ferre,
2565 5053 2608 5106 si
2659 5053 2970 5122 opprobria,
3009 5056 3052 5109 si
3103 5056 3424 5124 derisiones,
3476 5061 3521 5116 si

1953 5143 2343 5208 contumelias,
2379 5144 2425 5198 si
2450 5143 2845 5210 detractiones,
2879 5146 2924 5200 si
2952 5145 3158 5215 ﬂagella
3184 5149 3384 5217 poterit
3409 5166 3524 5206 sus-

1952 5234 2143 5287 tinere.
2189 5233 2249 5287 Si
2287 5233 2402 5287 hare
2439 5239 2496 5286 et
2531 5232 2634 5287 alia
2677 5232 3016 5300 hujusmodi,
3069 5237 3183 5291 sive
3211 5253 3240 5292 a
3280 5239 3521 5304 diabolo,

1952 5323 2064 5378 sive
2092 5323 2160 5377 ab
2184 5323 2367 5393 aliquo
2391 5323 2536 5377 illata
2565 5323 2834 5392 patienter
2877 5327 3078 5394 poterit
3103 5329 3392 5393 sustinere,
3433 5332 3523 5387 hic

1949 5414 2143 5467 merito
2187 5413 2254 5467 ad
2300 5413 2772 5482 contemplativam
2797 5417 3121 5488 quandoque
3159 5420 3358 5488 poterit
3393 5436 3524 5476 con-

1950 5501 2150 5556 volare.
2178 5501 2236 5554 In
2265 5502 2366 5554 ista
2393 5501 2538 5554 enim
2566 5502 2716 5571 prius
2753 5517 2852 5571 per
2879 5507 3200 5560 exercitium
3242 5507 3370 5563 boni
3393 5523 3523 5578 ope-

1951 5592 2024 5646 ris
2073 5601 2266 5645 cuncta
2315 5591 2677 5647 exhaurienda
2734 5603 2860 5647 sunt
2887 5595 3052 5662 vitia,
3094 5604 3154 5652 ut
3182 5595 3235 5650 in
3283 5595 3372 5651 illa
3406 5598 3521 5668 jam

1950 5697 2085 5750 pura
2115 5680 2312 5736 mentis
2341 5679 2452 5734 acie
2482 5681 2547 5735 ad
2579 5683 3048 5753 contemplandum
3093 5688 3260 5741 Deum
3295 5688 3525 5759 quisque

3099 5783 3163 5841 1;)
