3974 6192
427 330 533 388 587

1419 319 1479 372 S.
1519 314 1879 372 BENEDICTI
1925 310 2214 368 ABBATIS
2254 309 2661 367 ANIANENSIS

3583 313 3689 368 588

427 443 784 512 pertranseat.
818 434 887 490 Et
928 434 1058 489 licet
1105 444 1400 486 conversus
1427 428 1610 483 statim
1653 426 1720 480 ad
1757 432 1998 479 eontem-
2024 425 2074 485 Α
2101 421 2364 491 pulsatur,
2395 437 2494 476 nec
2523 423 2760 492 rapitur;
2786 423 3025 492 quatitur
3053 421 3316 477 diabolica
3348 420 3693 492 impulsione,

425 531 716 603 plationem
765 523 1128 581 conscendere
1171 520 1374 590 cupiat,
1407 527 1590 573 tamen
1619 517 1827 570 ratione
1855 515 2000 583 cogi-

427 633 516 676 tur
559 628 620 676 ut
669 618 820 688 prius
866 615 920 669 in
967 614 1158 668 activae
1204 613 1328 666 vitae
1375 609 1690 680 operatione
1724 615 1996 671 versetur;

426 714 550 784 quia
587 711 680 780 qui
739 708 889 778 prius
948 707 1002 760 in
1038 705 1216 760 activa
1259 703 1368 758 vita
1411 701 1651 772 proficit,
1703 707 1889 770 postea
1934 697 2002 752 ad

413 799 939 869 contemplationem
980 797 1119 850 bene
1156 792 1492 849 conscendit.
1544 790 1735 844 Merito
1773 789 1915 844 enim
1948 788 2001 842 in

413 894 530 946 ista
571 887 897 952 sustollitur,
926 885 1018 955 qui
1047 886 1100 938 in
1133 882 1221 936 illa
1248 881 1398 936 utilis
1446 879 1735 934 invenitur.
1766 877 2002 944 Quicun-

411 993 530 1051 que
569 993 699 1050 ergo
743 975 1091 1046 temporalem
1123 973 1301 1027 adhuc
1325 971 1554 1042 gloriam
1581 977 1676 1024 aut
1723 967 2000 1022 carnalem

423 1069 913 1141 concupiscentiam
948 1066 1236 1130 affectant,
1262 1079 1294 1118 a
1322 1061 1777 1132 contemplatione
1802 1060 2001 1130 quietis

420 1159 833 1231 prohibeantur,
863 1164 923 1211 ut
950 1156 1129 1226 potius
1159 1155 1212 1208 in
1244 1153 1561 1223 operatione
1607 1151 1834 1207 actualis
1878 1150 2001 1203 vitae

426 1258 738 1321 purgentur.
776 1248 1069 1304 Sciendum
1095 1262 1226 1302 vero
1253 1253 1337 1301 est
1363 1245 1489 1314 quia
1534 1245 1633 1299 viri
1665 1244 1837 1299 sancti
1863 1258 1893 1297 a
1917 1257 2002 1298 se-

425 1349 572 1395 creto
595 1337 1060 1408 contemplationis
1079 1335 1430 1407 egrediuntur
1451 1335 1519 1389 ad
1537 1335 1811 1404 publicum
1834 1334 2002 1388 actio-

425 1435 530 1500 nis,
563 1443 617 1490 et
658 1447 852 1487 rursus
898 1430 967 1485 ab
1015 1429 1244 1484 actionis
1290 1427 1581 1483 manifesto
1619 1428 1687 1482 ad
1734 1438 2001 1484 secretum

411 1521 894 1592 contemplationis
924 1520 1128 1574 intimae
1174 1525 1538 1573 revertuntur.
1568 1518 1626 1572 In
1670 1518 1845 1572 activa
1894 1518 2002 1572 vita

425 1613 652 1670 intentio
680 1617 1092 1682 perseveranter
1118 1608 1357 1674 incedit;
1388 1609 1442 1662 in
1467 1608 1884 1677 contemplativa
1909 1623 2003 1661 au-

415 1712 534 1760 tem
573 1717 694 1759 sese
718 1717 816 1771 per
860 1699 1142 1754 intervalla
1187 1699 1418 1769 quisque
1446 1697 1692 1762 resumit,
1733 1697 1857 1767 quia
1885 1697 2004 1751 diu-

2103 527 2203 567 nec
2246 512 2500 577 vincitur,
2551 522 2606 568 et
2635 513 2745 568 Deo
2783 528 2881 569 suo
2928 514 3122 568 devota
3175 523 3356 569 mente
3396 513 3692 583 subjectus,

2101 617 2209 655 non
2255 601 2510 655 atteritur
2539 601 2765 657 diversis
2811 603 3221 669 tentationibus,
3282 604 3377 659 sed
3409 605 3690 675 probatur.

2101 689 2192 744 llle
2224 703 2350 743 vero
2379 704 2567 745 omnes
2618 689 2950 755 affectiones,
2992 691 3188 762 quibus
3225 692 3333 746 vita
3386 694 3694 750 mortalium

2101 781 2361 847 variatur,
2409 781 2612 836 sanctis
2659 783 2949 838 virtutibus
2985 783 3172 848 vineit,
3218 785 3577 854 cupiditatum
3631 801 3694 842 ac

2101 872 2569 940 perturbationum
2616 873 2858 928 omnium
2919 874 3058 928 liber
3110 876 3268 930 beata
3338 877 3522 945 quiete
3572 892 3698 948 per-

2102 960 2327 1027 fruitur;
2360 971 2414 1016 et
2439 963 2710 1017 illecebris
2753 978 2817 1018 ac
2841 963 3206 1032 voluptatibus
3235 965 3408 1021 factus
3447 969 3695 1037 expedita

2102 1059 2282 1106 mente
2313 1053 2583 1122 superior,
2617 1052 2874 1107 ineffabili
2901 1054 3095 1123 gaudio
3131 1055 3324 1110 divinae
3368 1059 3698 1128 contempla-

2103 1147 2264 1202 tionis
2318 1145 2566 1201 afﬁcitur.
2625 1147 2732 1202 Iste
2778 1148 3118 1218 suscipiendo
3176 1150 3558 1221 peregrinum,
3604 1168 3695 1208 ve-

2102 1239 2316 1292 stiendo
2351 1239 2576 1303 nudum,
2627 1238 2974 1310 gubernando
3031 1241 3354 1311 subjectum,
3382 1243 3696 1297 redimendo

2102 1326 2396 1396 captivum,
2442 1327 2638 1381 tuendo
2661 1327 2924 1383 violenter
2947 1343 3284 1398 oppressum,
3317 1331 3518 1401 jugiter
3544 1348 3601 1388 se
3629 1335 3696 1388 ab

2103 1417 2354 1471 omnibus
2382 1417 2758 1485 iniquitatibus
2791 1418 2906 1472 suis
2943 1419 3228 1485 emaculat,
3267 1429 3324 1476 et
3350 1422 3516 1476 vitam
3542 1438 3694 1478 suam

2104 1510 2368 1564 bonorum
2413 1522 2638 1578 Operum
2673 1507 2939 1564 fructibus
2991 1510 3147 1564 ditat.
3208 1510 3302 1565 llle
3347 1511 3696 1569 facultatibus

2107 1598 2220 1652 suis
2244 1598 2298 1652 in
2317 1613 2448 1652 usus
2469 1613 2767 1668 pauperum
2789 1598 3091 1655 distributis
3114 1601 3274 1655 simul
3298 1617 3356 1657 se
3375 1604 3696 1673 exspoliavit

2108 1689 2331 1752 mundo,
2379 1695 2434 1742 et
2461 1688 2697 1742 admovit
2741 1689 2868 1744 totis
2915 1689 3122 1744 vir-ibus
3163 1691 3340 1746 omlo:
3374 1707 3464 1748 res
3509 1697 3695 1750 mundi

427 1794 688 1848 turnitate
720 1769 1128 1859 contemplandi
1159 1789 1413 1843 lassatur.
1450 1786 1605 1841 Sicut
1631 1787 1776 1840 enim
1812 1785 2005 1855 aquilae
2031 1769 2080 1828 B
2107 1777 2309 1834 mundo
2336 1775 2584 1848 Ρνοὶθείῑν
2617 1787 2675 1834 et
2715 1780 2950 1850 δείρευω
3003 1781 3222 1838 Christo
3272 1784 3466 1839 devota
3512 1797 3697 1842 mente

425 1885 593 1941 moris
621 1890 704 1939 est
733 1895 946 1952 semper
989 1878 1205 1934 oculum
1233 1877 1287 1931 in
1329 1876 1544 1930 radium
1572 1874 1702 1930 solis
1742 1873 1966 1946 infigere
1990 1915 2006 1940 ,

427 1993 527 2034 nec
553 1975 856 2038 deflectere,
889 1971 994 2026 nisi
1022 1984 1162 2025 esca;
1191 1967 1360 2024 solius
1387 1967 1644 2030 obtentu;
1695 1965 1768 2019 ita
1799 1971 1854 2020 et
1881 1979 2008 2019 san-

428 2069 500 2122 cti
548 2081 580 2121 a
627 2062 1081 2133 contemplatione
1111 2061 1179 2114 ad
1227 2059 1491 2115 actualem
1522 2059 1689 2113 vitam
1738 2057 2010 2113 mterdum

427 2156 802 2219 reflectuntur,
846 2151 1257 2207 considerantes
1283 2149 1374 2203 illa
1405 2163 1613 2204 summa
1642 2148 1723 2203 sic
1749 2161 1871 2203 esse
1898 2147 2009 2202 uti-

431 2249 527 2314 lia,
555 2255 618 2301 ut
641 2254 826 2301 tamen
849 2242 1074 2300 humilia
1103 2241 1213 2296 sint
1236 2240 1514 2311 paululum
1539 2246 1741 2294 nostra;
1768 2238 2011 2310 indigen-

433 2340 524 2394 tia:
559 2334 884 2393 necessaria.
919 2331 1056 2387 Nam
1076 2342 1133 2387 et
1157 2330 1298 2386 visio
1325 2329 1635 2384 animalium
1666 2329 1721 2384 in
1747 2328 2009 2384 Ezechie-

430 2431 496 2484 lis
519 2425 800 2499 prophetia
827 2421 979 2497 (Cap.
1011 2421 1074 2495 ι),
1107 2437 1228 2492 quae
1252 2421 1404 2477 ibant
1441 2434 1551 2476 nec
1575 2420 2008 2485 revertebantur,

431 2525 665 2596 pertinet
702 2521 770 2577 ad
807 2521 933 2575 vitae
962 2519 1151 2574 activae
1193 2516 1678 2588 perseverantiam.
1715 2516 1782 2570 Et
1813 2515 2012 2570 iterum

431 2635 494 2675 ea
523 2615 777 2674 animalia
819 2629 940 2685 quae
982 2613 1135 2668 ibant
1156 2619 1210 2666 et
1256 2610 1690 2676 revertebantur,
1739 2607 2014 2679 pertinent

433 2710 498 2764 ad
557 2704 992 2776 contemplativa:
1037 2702 1163 2757 vitae
1218 2713 1564 2764 mensuram;
1620 2699 1675 2752 in
1725 2712 1832 2768 qua
1885 2696 2011 2756 dum

432 2801 659 2871 quisque
691 2795 1004 2861 intenderit,
1041 2809 1139 2849 sua
1171 2791 1552 2848 reverberatus
1576 2787 1896 2843 infirmitate
1920 2800 2006 2842 re-

434 2890 690 2954 flectitur,
749 2895 912 2956 atque
943 2886 1139 2939 iterum
1189 2890 1450 2938 renovata
1480 2879 1799 2943 intentione,
1839 2878 1907 2932 ad
1949 2891 2014 2932 ea

433 2982 576 3037 unde
602 2978 954 3036 descenderat
983 2990 1174 3031 rursus
1211 2975 1456 3045 erigitur.
1487 2971 1695 3027 Idcirco
1723 2971 1867 3026 enim
1899 2971 2014 3024 haec

433 3069 812 3142 praemisimus,
843 3075 902 3121 ut
928 3067 984 3121 bi
1006 3066 1098 3134 qui
1137 3065 1190 3119 in
1220 3062 1639 3132 contemplativa
1659 3066 1663 3071 '
1683 3061 1795 3114 vita
1827 3060 2014 3114 volunt

2107 1870 2369 1936 restituit,
2401 1886 2431 1924 a
2459 1885 2565 1940 quo
2586 1871 2689 1926 sibi
2710 1873 2898 1927 donari
2933 1874 3266 1932 immortales
3292 1877 3511 1933 divitias
3536 1887 3692 1944 orat;

2107 1969 2168 2016 ut
2194 1976 2405 2032 pauper
2439 1963 2651 2034 protegi
2675 1977 2733 2018 se
2756 1964 2998 2033 quotidie
3039 1967 3314 2035 postulat;
3359 1978 3421 2024 ut
3449 1970 3698 2026 inﬁmus

2108 2050 2534 2106 immortalitatis
2576 2052 2893 2110 indumento
2937 2057 3125 2112 vestiri
3167 2059 3357 2128 cupit;
3410 2069 3471 2115 ut
3525 2063 3700 2117 nudus

2106 2139 2322 2196 defendi
2389 2155 2449 2197 se
2504 2142 2574 2197 ab
2619 2142 3022 2214 impugnatione
3079 2147 3425 2203 invisibilium
3460 2150 3701 2205 hostium

2108 2232 2395 2303 supplicat,
2426 2240 2488 2286 ut
2513 2231 2809 2304 fragilitate
2845 2236 3026 2292 carnis
3068 2252 3394 2308 oppressus;
3430 2249 3488 2296 et
3537 2243 3702 2298 coale—

2108 2332 2246 2379 stem
2283 2322 2386 2378 sibi
2430 2323 2661 2394 patriam
2711 2325 2902 2380 donari
2932 2327 3221 2396 desiderat,
3248 2340 3310 2386 ut
3355 2332 3695 2404 peregrinus.

2107 2414 2296 2470 Activa
2322 2416 2467 2471 enim
2496 2417 2607 2471 vita
2636 2417 2798 2474 habet
2833 2413 3125 2478 sollicitum
3154 2437 3370 2480 cursum
3402 2443 3416 2493 ;
3456 2439 3699 2485 contem-

2107 2505 2309 2577 plativa
2338 2521 2468 2562 vero
2493 2507 2748 2578 gaudium
2764 2511 3174 2581 sempiternum.
3199 2513 3254 2568 ln
3283 2515 3383 2572 hac
3403 2520 3703 2587 acquiritur

2109 2613 2357 2670 regnum,
2403 2599 2457 2654 in
2487 2599 2574 2654 illa
2601 2602 2918 2672 percipitur.
2973 2605 3098 2662 Haec
3121 2608 3284 2678 igitur
3305 2609 3434 2665 facit
3482 2611 3704 2681 pulsare

2110 2689 2376 2744 bonorum
2405 2704 2628 2760 operum
2657 2692 2800 2747 velut
2835 2695 3158 2764 quibusdam
3187 2699 3435 2755 manibus
3454 2698 3698 2768 januam,

2111 2780 2200 2837 illa
2221 2788 2380 2836 vocat
2416 2793 2818 2840 consummatos
2849 2786 2903 2840 in
2942 2789 3196 2857 patriam.
3241 2790 3301 2844 In
3327 2793 3428 2846 hac
3458 2803 3697 2847 contem-

2111 2871 2263 2926 nitur
2313 2870 2566 2937 mundus,
2622 2873 2675 2927 in
2705 2873 2793 2928 illa
2829 2875 3102 2932 videbitur
3129 2878 3290 2934 Deus.
3340 2881 3408 2936 Et
3445 2889 3504 2936 ut
3533 2883 3702 2937 multa

2112 2969 2431 3031 praeteream
2469 2977 2588 3032 qua:
2609 2978 3035 3022 commemorare
3067 2984 3176 3024 non
3210 2971 3385 3037 valeo,
3428 2971 3484 3026 in
3521 2974 3700 3028 activa

2115 3055 2206 3120 qui
2238 3053 2529 3108 immundis
2562 3055 2840 3124 spiritibus
2887 3059 3194 3115 exstiterint
3222 3062 3497 3130 fortiores,
3529 3065 3582 3120 in
3611 3065 3702 3119 illa

434 3116 668 3232 perfecte
696 3157 899 3222 vivere,
933 3170 1030 3225 per
1076 3154 1356 3208 intervalla
1385 3162 1691 3221 temporum
1740 3150 1883 3206 unde
1928 3149 2008 3204 vi-
2040 3116 2084 3178 (ἶ
2116 3143 2552 3212 contemplativa.
2591 3161 2712 3216 quae
2739 3162 2949 3203 summe
2979 3151 3136 3205 beata
3176 3161 3278 3219 est,
3320 3166 3705 3212 remunerante

437 3259 569 3307 vaut
599 3248 835 3320 propriis
864 3247 1112 3301 manibus
1143 3259 1249 3300 non
1279 3244 1554 3315 negligant
1597 3243 1864 3298 laborare.
1913 3241 2019 3298 Ca-

436 3348 601 3398 veant
630 3347 808 3392 tamen
856 3345 916 3391 ut
969 3351 1077 3390 non
1116 3335 1181 3389 de
1210 3334 1321 3389 ullo
1362 3335 1649 3389 inhonesto
1679 3332 1896 3404 negotio
1938 3333 2018 3387 vi-

438 3441 586 3487 ctum
635 3437 902 3499 quaerant,
952 3435 1176 3496 propter
1223 3425 1330 3480 hoc
1378 3425 1641 3494 scriptum
1670 3431 1754 3479 est
1798 3441 1811 3477 :
1851 3422 2019 3476 Nemo

436 3523 668 3577 militans
711 3519 820 3573 Deo
864 3517 1097 3588 implicat
1124 3533 1176 3571 se
1215 3515 1561 3571 amatoribus
1589 3515 1808 3587 negotiis
1832 3555 1846 3581 ,
1879 3523 1937 3568 ut
1970 3515 2018 3568 ei

436 3613 662 3684 placeat,
688 3611 773 3666 cui
799 3626 854 3665 se
882 3609 1118 3680 probavit
1144 3607 1231 3681 (II
1256 3607 1392 3662 Tim.
1424 3624 1485 3674 ιι,
1512 3607 1592 3678 4).

1030 3717 1279 3789 _CAPUT
1333 3717 1401 3772 x.

507 3809 776 3878 Quantum
821 3810 957 3864 inter
999 3808 1444 3890 contemplativam
1495 3818 1544 3864 et
1576 3811 1799 3865 activam
1855 3809 2018 3863 vitam

1116 3888 1331 3933 intersit.

517 3971 638 4027 Jam
678 3986 820 4026 nunc
841 3969 970 4040 quid
1007 3970 1147 4024 inter
1189 3970 1664 4040 contemplativam
1698 3979 1754 4026 et
1782 3971 2016 4026 activam

440 4065 608 4118 vitam
647 4061 861 4114 intersit
927 4059 1168 4113 breviter
1222 4059 1589 4116 disseremus:
1622 4061 1764 4131 quod
1816 4070 1875 4115 ut
1902 4060 2016 4117 evi-

442 4154 632 4207 denter
651 4151 878 4214 eluceat,
927 4148 1070 4217 ipsas
1106 4148 1206 4201 sibi
1233 4150 1460 4204 invicem
1491 4152 1650 4216 vitas,
1692 4153 2020 4222 contempla-

444 4243 610 4296 tivam
648 4223 856 4294 scilicet
875 4246 930 4293 et
962 4237 1216 4300 activam,
1257 4239 1482 4307 prolatis
1511 4252 1698 4295 earum
1729 4243 2019 4299 virtutibus

435 4329 805 4386 conferamus.
857 4327 938 4383 Ad
981 4328 1211 4382 activam
1274 4343 1508 4397 namque
1557 4330 1724 4384 vitam
1787 4332 2020 4401 pertinet

447 4427 587 4480 inter
628 4423 861 4478 humana
900 4419 1182 4492 proficere,
1229 4428 1284 4475 et
1321 4420 1536 4475 rebellis
1569 4422 1808 4490 corporis
1841 4432 2017 4479 motus
2042 4453 2095 4512 D

447 4518 670 4573 rationis
692 4515 917 4586 imperio
943 4523 1260 4585 temperare.
1289 4513 1371 4568 Ad
1391 4514 1860 4584 contemplativam
1889 4531 2016 4571 vero

448 4611 678 4682 pertinet
705 4623 866 4676 supra
900 4607 1131 4659 humana
1160 4605 1426 4660 desiderio
1455 4603 1800 4674 perfectionis
1829 4620 2018 4660 ascen-

447 4700 596 4765 dere,
627 4706 682 4752 et
721 4694 1086 4751 indesinenter
1133 4695 1188 4750 in
1225 4695 1486 4766 augendis
1537 4695 1831 4750 virtutibus
1863 4695 2016 4750 incu-

435 4789 597 4844 bare.
626 4785 798 4840 Habet
826 4784 969 4840 enim
996 4781 1169 4838 activa
1199 4785 1308 4839 vita
1338 4785 1659 4854 profectum;
1691 4784 2021 4855 Contempla—

435 4880 559 4934 stiva
622 4875 917 4947 fastigium.
967 4873 1091 4929 Hmc
1131 4873 1260 4929 facit
1308 4873 1580 4929 hominem
1619 4882 1884 4937 sanctum,
1933 4873 2023 4928 illa

434 4967 764 5039 g-perfectum.
839 4963 1006 5035 Hujus
1056 4965 1182 5019 vitae
1225 4973 1309 5020 est
1358 4964 1488 5018 nulli
1537 4978 1764 5034 prorsus
1799 4961 2028 5030 injurias

435 5063 711 5134 .irrogare,
783 5057 925 5113 illius
977 5056 1244 5128 irrogatas
1307 5055 1686 5125 aequanimiter
1739 5053 2026 5108 sustinere.

439 5152 583 5218 fimo,
621 5159 682 5205 ut
699 5147 948 5220 proprius
986 5148 1183 5212 dicam,
1223 5154 1508 5202 exsecutor
1551 5145 1736 5200 activa:
1774 5143 1952 5199 studet
1977 5143 2029 5197 in

451 5256 512 5297 se
537 5243 785 5313 peccanti
806 5242 1106 5306 dimittere;
1149 5235 1578 5308 contemplativa:
1601 5242 1838 5290 sectator
1864 5231 2032 5288 offen-

453 5347 562 5397 sas,
597 5332 792 5402 quibus
820 5333 1081 5403 pulsatur,
1123 5345 1191 5386 ne
1228 5330 1449 5385 omnino
1471 5327 1829 5391 concutiatur,
1877 5326 2028 5394 igno-

456 5437 579 5477 rare
621 5424 792 5492 magis
815 5435 1046 5492 paratus
1087 5431 1172 5478 est
1216 5437 1380 5492 quam
1448 5420 1671 5476 donare.
1738 5418 1844 5472 Iste
1893 5419 2030 5472 iram

455 5512 724 5579 patientiae
760 5513 956 5567 virtute
996 5511 1314 5582 compescit,
1365 5507 1733 5564 immoderatis
1771 5506 2036 5575 cupidita-

459 5601 599 5654 tibus
649 5602 992 5670 parcimonite
1046 5601 1254 5656 frenum
1301 5599 1565 5668 imponit;
1609 5597 1846 5667 tangitur
1890 5595 2033 5648 desi-

449 5689 618 5745 deriis
653 5690 977 5752 carnalibus,
1023 5704 1122 5743 nec
1165 5689 1467 5752 consentit;
1501 5688 1683 5741 mundi
1719 5686 2032 5741 curiositate

2116 3235 2368 3303 Domino,
2399 3236 2536 3292 fiunt
2596 3239 2798 3295 sanctis
2844 3242 3050 3312 angelis
3111 3245 3367 3314 aequales,
3426 3257 3592 3318 atque
3645 3249 3702 3303 in

2115 3333 2376 3381 aeternum
2411 3342 2533 3382 cum
2562 3327 2652 3384 illo
2677 3330 2980 3400 regnabunt
3007 3333 3060 3387 in
3088 3349 3320 3405 superna
3351 3337 3442 3392 illa
3470 3339 3700 3395 civitate

2116 3414 2323 3472 felices.

2729 3513 2961 3571 CAPUT
2992 3516 3082 3571 XI.

2189 3598 2342 3665 Quod
2372 3603 2708 3677 prwsentium
2731 3617 3125 3677 contemptores
3159 3608 3316 3662 etiam
3358 3610 3446 3663 hic
3471 3621 3704 3670 contem-

2609 3672 2806 3742 plativa
2831 3677 2934 3730 vita
2952 3672 3200 3731 'delectat.

2185 3775 2354 3846 Igitur
2399 3777 2525 3832 vita:
2575 3778 3002 3848 contemplativa:
3047 3781 3287 3838 felicitati
3331 3788 3708 3854 promerendae

2118 3866 2206 3922 ille
2230 3868 2465 3937 suspirat
2490 3870 2581 3938 qui
2601 3872 2958 3939 praesentibus
2987 3875 3235 3930 omnibus
3267 3891 3365 3944 pro
3393 3875 3700 3934 futurorum

2117 3958 2567 4027 contemplatione
2593 3962 2890 4028 renuntiat,
2935 3972 3097 4034 atque
3138 3967 3448 4023 domesticis
3475 3985 3706 4039 occupa-

2121 4049 2375 4116 tionibus,
2416 4065 2535 4120 qua:
2559 4066 2942 4123 nonnunquam
2982 4056 3221 4125 perfecte
3262 4059 3444 4115 vivere
3485 4063 3707 4132 cupienv

2119 4138 2252 4193 tium
2295 4153 2582 4210 processus
2633 4142 2950 4213 impediunt.
2981 4146 3132 4217 Ipsos
3157 4148 3320 4203 etiam
3355 4165 3468 4204 suae
3520 4152 3702 4205 carnis

2118 4227 2340 4286 affectus
2361 4231 2413 4286 in
2441 4231 2584 4286 illam
2609 4234 2991 4290 sublimitatem
3019 4237 3211 4293 divina:
3233 4241 3702 4311 contemplationis

2118 4329 2338 4376 evectus
2385 4333 2694 4391 exsuperat,
2728 4333 2785 4380 et
2821 4325 2956 4380 infra
2983 4342 3042 4382 se
3078 4330 3328 4383 universa
3369 4330 3701 4400 despiciens,

2120 4424 2239 4479 qua:
2312 4411 2629 4482 plerumque
2673 4416 2880 4470 animas
2939 4417 3006 4472 de
3077 4419 3348 4486 praeterita
3411 4421 3704 4478 sanctitate

2122 4516 2342 4558 securas
2391 4502 2646 4573 dejiciunt
2692 4505 2760 4559 in”
2781 4516 3018 4572 terrena,
3051 4509 3184 4577 ipsis
3226 4509 3339 4578 jam
3387 4509 3705 4565 ctnlestibus

2123 4593 2534 4663 appropinquat,
2572 4603 2723 4650 tanto
2745 4595 2973 4650 vicinior
2996 4595 3169 4653 factus
3193 4599 3407 4664 divinis,
3435 4607 3701 4668 quantum

2124 4698 2285 4752 supra
2324 4683 2557 4738 humana
2602 4685 2782 4738 omnia
2821 4686 2999 4741 studio
3042 4687 3391 4757 perfectionis
3435 4689 3676 4743 ascendit

2127 4772 2318 4828 Certus
2344 4787 2579 4844 namque
2629 4775 2774 4844 quod
2819 4776 2866 4830 si
2904 4777 3374 4847 contemplativam
3394 4779 3564 4832 vitam
3613 4779 3703 4833 hic

2129 4865 2348 4920 incertis
2389 4866 2705 4932 honoribus,
2753 4868 2953 4923 divitiis
2998 4870 3194 4935 anxiis,
3220 4878 3274 4924 et
3298 4870 3519 4924 caducis
3563 4870 3704 4924 dele-

2127 4959 2451 5013 ctationibus
2486 4959 2641 5029 plena
2677 4959 2951 5015 voluntate
2987 4961 3300 5031 praetulerit,
3338 4976 3498 5017 veros
3537 4962 3704 5016 bono-

2129 5065 2238 5116 res,
2285 5065 2607 5120 securasque
2672 5051 2890 5107 divitias
2935 5062 2993 5107 et
3049 5054 3432 5109 delectationes
3473 5063 3703 5109 teternas

2129 5141 2385 5205 inveniet,
2406 5155 2528 5194 cum
2548 5141 2614 5195 ad
2638 5140 3019 5210 perfectionem
3041 5145 3468 5213 contemplativa:
3488 5143 3704 5199 virtutis

2133 5231 2186 5284 in
2223 5229 2313 5284 illa
2357 5229 2512 5283 beata
2540 5229 2670 5296 vita,
2702 5230 2790 5284 ubi
2833 5230 3009 5285 futura
3035 5241 3138 5298 est,
3166 5232 3279 5287 Deo
3299 5241 3698 5294 remunerante.

2135 5321 2457 5390 pervenerit.

2192 5412 2256 5466 Et
2301 5409 2485 5466 revera
2523 5411 2650 5482 quid
2695 5412 2798 5466 erit
2847 5413 3164 5468 honoratius
3207 5427 3274 5468 eo
3319 5427 3479 5482 quem
3526 5411 3703 5466 divina

2136 5502 2421 5558 clementia
2459 5501 2626 5572 gloria
2657 5501 2908 5572 angelicae
2937 5501 3212 5573 dignitatis
3254 5501 3529 5557 beaverit?
3568 5497 3701 5565 Quid

2135 5591 2298 5644 ditius
2339 5605 2404 5644 eo
2439 5605 2599 5658 quem
2641 5590 2792 5658 regni
2820 5589 3056 5644 caelestis
3101 5588 3445 5644 lneffabiliter
3487 5587 3706 5641 aflluens

2135 5682 2408 5736 beatitudo
2432 5680 2724 5740 ditaverit?
2748 5679 2852 5734 Aut
2877 5681 3005 5750 quid
3037 5681 3199 5735 etiam
3227 5680 3314 5734 hic
3341 5675 3706 5734 delectabiiius
