3974 6192
303 389 408 444 589
959 385 1187 444 CODEX
1229 381 1684 453 REGULARUM.
1727 412 1796 422 —-
1833 379 2012 435 PARS
2053 382 2111 436 ll.
2151 382 2452 440 REGULIE
2489 382 2591 437 PP.
2635 383 2908 439 ORIENT.
3451 389 3555 444 590

299 500 752 570 contemplatione
793 499 995 563 divina,
1030 513 1149 568 qua:
1195 494 1296 550 sibi
1343 496 1607 550 veraciter
1655 495 1882 549 inhianti
1913 502 1958 558 Α
1988 497 2217 566 gaudeat
2257 498 2475 552 omnino
2501 498 2566 553 de
2606 497 2990 568 temporalibus
3033 513 3132 554 nec
3167 498 3365 571 lugeat.
3416 499 3560 558 Inter

300 592 760 663 incorruptibilem
825 591 1150 645 suavitatem
1199 589 1394 642 futura:
1433 587 1885 642 remunerationis
1986 585 2105 640 laeta
2143 602 2206 642 ac
2241 587 2414 642 tristia
2447 602 2610 642 unam
2648 588 2840 642 faciem
2876 587 3042 643 animi
3084 590 3378 646 constantis
3419 592 3564 649 obti-

300 685 572 744 infundit?
599 683 865 750 Quoniam
914 681 1132 751 quidem
1177 679 1594 750 contemplativa
1644 679 1753 733 vita
1799 678 1886 733 hic
1988 685 2130 732 neat.
2183 677 2294 732 Nec
2341 678 2577 748 pectoris
2646 679 2889 734 stabilem
2947 677 3255 734 ﬁrmitatem
3299 681 3561 752 quidquid

297 791 512 849 quoque
561 782 832 829 amatores
873 787 1000 828 suos
1050 769 1355 824 futurorum
1404 769 1668 823 bonorum
1715 768 1889 822 consi-
1985 770 2251 837 promittit
2285 771 2538 836 mundus,
2564 779 2658 825 aut
2681 772 2942 838 minatur,
2976 772 3252 839 excutiat;
3287 773 3380 828 sed
3421 775 3561 831 idem

296 868 576 926 deratione
619 865 870 930 delectat,
927 877 992 918 ac
1047 861 1149 917 sibi
1184 867 1294 915 tota
1343 859 1542 914 mentis
1585 858 1888 913 intentione
1988 874 2198 928 semper
2247 874 2313 915 ac
2367 860 2468 915 sibi
2496 861 2686 916 similis
2741 875 3113 931 perseverans,
3164 863 3348 918 mundi
3406 864 3564 934 hujus

295 965 571 1019 vacantes,
614 963 875 1025 quantum
927 953 981 1008 in
1029 953 1134 1007 hac
1174 951 1284 1005 vita
1346 949 1462 1004 ﬁeri
1513 956 1710 1018 potest,
1747 947 1889 1001 dono

293 1045 578 1118 sapientiae
630 1042 928 1113 spiritualis
974 1040 1262 1104 illuminat,
1300 1046 1356 1094 et
1391 1038 1460 1093 ad
1509 1038 1652 1092 illam
1694 1037 1886 1091 divina:

295 1139 521 1195 visionis
574 1137 984 1207 plenitudinem,
1039 1133 1193 1203 cujus
1243 1148 1392 1204 spem
1458 1132 1648 1188 studiis
1694 1131 1888 1186 intenti

295 1229 612 1286 coelestibus
644 1234 862 1298 gerunt,
899 1226 1172 1280 incentivo
1205 1224 1438 1295 quodam
1488 1223 1660 1294 ipsius
1700 1238 1892 1278 conse-

296 1320 525 1389 quendae
586 1315 936 1386 perfectionis
977 1313 1294 1380 inﬂammat,
1337 1322 1403 1368 ut
1451 1312 1597 1384 quod
1647 1328 1791 1368 nunc
1834 1313 1890 1368 in

295 1408 584 1478 aenigmate
620 1412 853 1460 cernunt
886 1418 988 1458 nec
1035 1402 1274 1474 perfecte
1306 1402 1638 1468 discernunt,
1677 1410 1804 1456 tunc
1837 1402 1890 1455 in

297 1497 386 1550 illa
432 1495 766 1550 revelatione
815 1495 1178 1565 conspiciant.

876 1610 1106 1666 CAPUT
1160 1611 1275 1664 Xll.

367 1699 498 1764 Qum
569 1709 619 1755 et
659 1709 858 1771 quanta
924 1701 991 1771 sit
1023 1700 1078 1752 in
1125 1701 1224 1771 hac
1273 1716 1431 1754 carne
1487 1698 1894 1769 contemplativa:

889 1770 1007 1824 vitae
1051 1769 1317 1840 perfectio.

1986 940 2181 1002 damna
2239 949 2400 1002 simul
2435 956 2492 1005 et
2537 949 2686 1004 lucra
2747 965 2854 1004 non
2906 953 3122 1006 sentiat.

2061 1041 2129 1094 Et
2170 1056 2292 1096 cum
2331 1042 2446 1096 haec
2473 1049 2636 1111 atque
2667 1043 2752 1096 his
2774 1042 2967 1096 similia
2995 1044 3418 1114 contemplativa:
3443 1047 3566 1102 vita:

1989 1129 2212 1186 aﬂ‘ectus
2259 1132 2586 1202 impleverit,
2626 1147 2732 1188 non
2761 1146 2821 1188 se
2858 1133 2946 1188 hic
2982 1131 3095 1202 jam
3143 1148 3208 1188 ex
3239 1136 3384 1190 omni
3410 1147 3566 1206 parte

1991 1221 2312 1292 perfectum,
2338 1223 2433 1279 sed
2471 1223 2857 1293 perﬁciendum
2896 1225 2950 1278 in
2979 1224 3070 1279 illa
3102 1227 3207 1279 vita
3247 1226 3424 1292 beata,
3447 1243 3566 1296 qua:

1989 1308 2170 1365 futura
2217 1318 2318 1377 est,
2375 1312 2726 1368 immobiliter
2775 1313 2981 1378 credat,
3010 1322 3172 1383 atque
3222 1316 3291 1370 ad
3336 1331 3456 1371 eam
3485 1333 3565 1384 se,

1991 1400 2083 1454 ubi
2130 1400 2225 1455 Dei
2272 1400 2627 1456 substantiam
2680 1402 2913 1457 revelata
2953 1403 3093 1457 facie
3141 1401 3322 1461 videre
3374 1406 3565 1475 possit,

1991 1491 2267 1545 extendat.
2305 1490 2438 1544 Nam
2477 1491 2617 1545 sicut
2641 1492 2729 1546 hic
2773 1493 3175 1560 comparatione
3207 1492 3351 1562 juste
3383 1495 3568 1550 viven-

1995 1579 2128 1632 tium
2200 1579 2398 1634 dicitur
2449 1581 2677 1649 quisque
2747 1580 3060 1649 perfectus:
3106 1580 3287 1648 justus
3335 1598 3566 1652 namque

1992 1677 2261 1737 praecepta
2293 1667 2440 1734 facit,
2471 1669 2745 1737 perfectus
2774 1677 2954 1724 autem
2992 1678 3261 1739 praecepta
3285 1678 3566 1726 transcen-

1995 1758 2074 1811 dit
2103 1775 2116 1820 ;
2151 1759 2225 1811 ita
2260 1759 2401 1813 idem
2431 1759 2660 1814 collatus
2688 1759 2792 1814 illis
2819 1759 3061 1814 absolute
3105 1759 3360 1830 perfectis
3385 1762 3478 1832 qui
3507 1761 3564 1816 in

367 1861 610 1931 Denique
659 1859 1086 1931 contemplativa:
1139 1860 1264 1914 vitae
1312 1866 1548 1914 sectator
1592 1857 1658 1912 ad
1691 1856 1885 1913 Condi-

1995 1847 2080 1900 illa
2118 1847 2229 1902 vita
2258 1848 2417 1903 beata
2459 1848 2627 1903 futuri
2665 1859 2811 1915 sunt,
2842 1865 2949 1905 non
2998 1859 3101 1916 est,
3131 1861 3190 1906 ut
3236 1853 3309 1906 ita
3359 1853 3559 1919 dicam,

295 1964 471 2010 torem
521 1968 679 2007 suum
708 1953 871 2008 corde
898 1952 1280 2006 illuminandus
1329 1950 1586 2015 accedat;
1615 1949 1718 2018 ipsi
1757 1964 1884 2004 con-

295 2038 607 2116 teinplando
675 2060 740 2100 ac
786 2043 1164 2098 insatiabiliter
1229 2042 1553 2113 perfruendo
1599 2040 1884 2110 vigilanter

295 2135 806 2204 inserviat;ipsum
848 2133 1055 2205 jugiter
1105 2132 1478 2202 concupiscat,
1533 2145 1646 2200 prae
1697 2145 1883 2184 amore

292 2225 412 2296 ejus
477 2226 658 2280 omnia
717 2225 912 2295 quibus
966 2224 1092 2279 inde
1141 2231 1318 2294 potest
1385 2221 1556 2277 averti
1627 2221 1876 2292 refugiat.

293 2313 499 2370 Omnes
548 2313 900 2383 cogitationes
942 2327 1069 2367 suas
1123 2327 1186 2366 ac
1229 2326 1380 2380 spem
1432 2318 1600 2366 totam
1641 2310 1696 2364 in
1739 2309 1882 2363 illius

293 2405 654 2461 delectatione
681 2405 993 2474 suspendat.
1018 2404 1348 2458 Litterarum
1377 2402 1680 2458 divinarum
1710 2401 1882 2456 sacris

300 2495 744 2552 meditationibus
781 2502 954 2559 vacet,
1001 2493 1055 2548 in
1097 2494 1178 2548 eis
1217 2508 1274 2548 se
1327 2493 1584 2549 divinitus
1626 2491 1876 2546 oblectet.

296 2587 371 2641 lbi
418 2600 478 2641 se
522 2594 696 2640 totum
749 2585 896 2640 velut
938 2584 994 2637 in
1046 2581 1264 2652 speculo
1300 2582 1535 2652 quodam
1584 2580 1882 2651 refulgente

298 2677 624 2742 consideret,
668 2685 722 2732 et
775 2677 828 2731 in
871 2691 930 2731 se
984 2677 1127 2746 quod
1178 2690 1402 2744 pravum
1450 2674 1877 2744 deprehenderit,

222 2822 231 2830 .
299 2771 576 2841 corrigat;
633 2770 777 2840 quod
857 2777 1086 2833 rectum,
1150 2776 1369 2832 teneat;
1422 2766 1567 2836 quod
1615 2765 1878 2830 deforme,

302 2871 623 2932 componat;
657 2861 799 2932 quod
833 2861 1138 2932 pulchrum,
1177 2859 1428 2923 excolat;
1491 2858 1633 2928 quod
1667 2872 1881 2923 sanum,

299 2959 509 3017 servet;
545 2951 688 3020 quod
710 2949 1003 3014 inﬁrmum,
1033 2949 1248 3003 assidua
1276 2948 1508 3002 lectione
1536 2946 1878 3010 corroboret;

299 3043 514 3097 Domini
564 3041 647 3096 sui
703 3050 971 3112 praecepta
1014 3040 1422 3112 infatigabiliter
1455 3039 1616 3109 legat,
1655 3037 1882 3107 inexpli-

298 3133 552 3188 cabiliter
597 3131 806 3204 diligat,
838 3131 1132 3186 efﬁcaciter
1188 3129 1446 3200 impleat;
1499 3136 1554 3182 et
1602 3127 1732 3198 quid
1781 3128 1882 3182 sibi

1983 1938 2222 2006 perfecte
2254 1939 2527 2009 perfectus
2557 1957 2571 2005 ;
2597 1940 2683 1994 cui
2716 1941 2820 1995 etsi
2851 1940 3076 1996 dimissa
3113 1950 3197 1996 est
3231 1943 3410 1997 omnis
3461 1943 3565 1999 ini-

1983 2029 2179 2097 quitas,
2251 2044 2357 2084 non
2403 2039 2487 2085 est
2529 2031 2705 2085 adhuc
2761 2039 2968 2096 sanata,
3029 2033 3124 2088 sed
3182 2043 3406 2088 sanatur
3449 2032 3569 2103 ejus

1984 2117 2294 2173 inﬁrmitas.
2345 2119 2413 2174 Et
2462 2120 2582 2174 ideo
2619 2119 2665 2175 si
2700 2135 2807 2175 non
2837 2131 3046 2192 peccat,
3095 2131 3154 2177 ut
3192 2124 3262 2179 sit
3288 2139 3416 2181 vere
3447 2139 3572 2194 per-

1982 2206 2172 2275 fectus,
2187 2223 2412 2278 peccare
2435 2217 2610 2265 tamen
2638 2218 2835 2280 potest,
2857 2213 2984 2282 quia
3013 2229 3120 2268 non
3144 2223 3228 2271 est
3254 2225 3571 2288 consumpta

1982 2297 2130 2351 omni
2160 2298 2480 2353 inﬁrmitate
2514 2309 2756 2356 sanatus.
2815 2301 2893 2358 Ac
2926 2319 3024 2373 per
3050 2305 3152 2360 hoc
3185 2305 3276 2360 ubi
3312 2307 3380 2361 ab
3420 2309 3569 2364 omni

1981 2396 2203 2455 peccato
2224 2391 2515 2445 mundatus
2553 2406 2780 2460 peccare
2816 2408 2921 2448 non
2961 2397 3182 2465 poterit,
3226 2397 3298 2452 ibi
3330 2398 3569 2470 perfecte

1983 2491 2148 2531 sanus
2167 2487 2221 2532 et
2241 2493 2450 2534 summe
2468 2480 2740 2548 perfectus
2761 2483 2885 2537 erit.
2911 2482 3007 2539 l'lic
3028 2495 3208 2541 autem
3231 2488 3566 2557 quantalibet

1982 2567 2301 2622 excellentia
2365 2571 2668 2625 sanctitatis
2722 2573 2976 2640 emineat,
3049 2579 3383 2646 quantalibet
3432 2584 3567 2638 emi-

1984 2657 2164 2710 nentia
2202 2658 2551 2728 perfectionis
2577 2661 2826 2727 excellat,
2857 2672 3035 2733 potest
3058 2665 3275 2735 quidem
3303 2682 3402 2736 pro
3443 2685 3562 2725 mo-

1983 2748 2106 2804 dulo
2146 2750 2306 2820 hujus
2334 2750 2456 2805 vitae
2491 2749 2608 2806 ﬁeri
2643 2751 3059 2821 perfectus,'sed
3115 2769 3222 2809 non
3253 2764 3339 2811 est
3379 2756 3459 2812 sic
3495 2760 3564 2812 de

1983 2857 2077 2896 sua
2105 2841 2434 2912 perfectione
2478 2857 2723 2910 securus,
2755 2853 2814 2900 ut
2841 2859 2947 2900 non
2979 2846 3172 2901 debeat
3191 2861 3313 2904 esse
3337 2849 3403 2903 de
3435 2863 3564 2904 casu

1983 2934 2264 2990 sollicitus.
2289 2935 2357 2990 Et
2380 2936 2564 3006 utique
2594 2937 2683 2991 ubi
2707 2944 2792 2992 est
2825 2936 3152 3004 sollicitudo,
3190 2953 3297 2993 non
3321 2940 3567 2995 absoluta

1984 3024 2280 3090 beatitudo,
2326 3038 2446 3093 quae
2483 3039 2823 3095 nequaquam
2859 3024 3098 3096 perfecta
3144 3026 3412 3082 credenda
3462 3038 3567 3094 est,

1986 3116 2028 3169 si
2061 3129 2251 3169 secura
2306 3129 2411 3168 non
2449 3113 2642 3181 fuerit;
2674 3129 2774 3170 nec
2801 3129 2992 3171 secura
3041 3117 3165 3183 erit,
3215 3117 3320 3172 nisi
3351 3133 3568 3175 onmem

295 3223 594 3278 cavendum
646 3224 840 3292 quidve
869 3222 1183 3278 sectandum
1207 3222 1297 3287 sit,
1341 3235 1409 3275 ex
1437 3221 1517 3276 eis
1558 3217 1884 3274 sufﬁcienter

1991 3206 2402 3261 sollicitudinem
2433 3207 2698 3263 securitas
2742 3216 2944 3265 aztcrna
2971 3210 3388 3280 consumpserit.
3432 3211 3566 3279 Qua-

299 3312 600 3367 instructus
629 3321 901 3382 agnoscat.
928 3311 1200 3382 Mysteriis
1231 3311 1541 3365 earumdem
1571 3309 1880 3364 divinarum

298 3402 708 3472 Scripturarum
755 3400 1157 3471 perscrutandis
1198 3399 1427 3454 insistat.
1468 3398 1742 3454 Christum
1779 3398 1881 3452 sibi

295 3500 628 3570 promissum
673 3497 836 3569 legat,
887 3502 1333 3566 repraesentatum
1382 3494 1609 3558 videat;
1649 3492 1884 3562 prophe-

298 3598 465 3646 tatam
525 3588 883 3658 perditionem
944 3585 1127 3656 populi
1197 3583 1537 3640 contumacis
1591 3583 1878 3652 intelligat,

298 3682 512 3755 impleri
550 3681 758 3751 lugeat;
789 3680 854 3734 de
879 3678 1052 3733 salute
1097 3677 1336 3748 gentium
1373 3674 1638 3746 gaudeat;
1665 3680 1722 3728 et
1747 3686 1888 3741 prae-

300 3773 497 3837 teritis,
553 3786 675 3841 quae
709 3767 962 3839 praadicta
993 3777 1050 3823 et
1090 3767 1309 3836 impleta
1363 3771 1529 3829 tenet,
1584 3770 1639 3817 et
1684 3760 1888 3816 futuris

301 3861 753 3932 promissionibus
786 3859 989 3914 credat.
1021 3857 1064 3911 A
1088 3856 1318 3926 strepitu
1353 3855 1693 3924 negotiorum
1721 3867 1890 3907 saecu-

301 3953 496 4008 larium
549 3952 963 4017 remotissimus,
993 3965 1057 4004 ea
1086 3949 1358 4006 ferventer
1401 3947 1672 4018 excogitet
1697 3945 1890 4015 quibus

299 4046 544 4099 animum
572 4058 730 4098 suum
769 4042 825 4096 in
860 4041 1188 4099 desiderium
1215 4039 1412 4094 futura:
1437 4037 1890 4106 remunerationis

299 4136 618 4190 inﬂammet.
670 4133 873 4188 Studiis
927 4132 1319 4203 spiritualibus,
1398 4131 1596 4202 quibus
1655 4130 1710 4184 in
1777 4129 1891 4183 dies

300 4225 547 4296 singulos
599 4223 790 4278 melior
842 4239 907 4279 ac
957 4223 1220 4278 eruditior
1278 4221 1391 4288 ﬁat,
1427 4221 1689 4292 invigilet.
1735 4218 1892 4274 Amet

301 4317 474 4370 otium
514 4323 781 4379 sanctum,
809 4314 862 4367 in
902 4327 1008 4382 quo
1045 4320 1299 4368 exerceat
1332 4313 1526 4366 animae
1575 4324 1686 4366 suae
1723 4323 1889 4380 nego-

301 4405 458 4458 tium.
491 4402 759 4458 Mortuum
793 4402 898 4457 sibi
939 4403 1157 4472 deputet
1190 4402 1468 4468 mundum,
1514 4415 1579 4456 ac
1608 4416 1668 4456 se
1707 4398 1890 4454 mundi

303 4492 689 4547 blandimentis
718 4501 774 4547 et
800 4491 1064 4546 illecebris
1090 4491 1345 4546 exhibeat
1378 4490 1718 4546 cruciﬁxum.
1743 4489 1892 4543 Dele-

301 4581 528 4636 ctationi
551 4582 977 4651 spectaculorum
1002 4581 1350 4651 praasentium
1390 4579 1887 4650 incomparabiliter

304 4680 598 4742 anteponat
619 4673 701 4727 sui
728 4673 991 4728 creatoris
1016 4672 1270 4726 intuitum
1294 4688 1308 4738 ;
1334 4686 1547 4741 semper
1569 4669 1884 4739 proliciente

303 4779 556 4819 successu
582 4765 636 4818 in
663 4764 933 4836 fastigium
955 4765 1145 4820 divinae
1170 4755 1636 4833 contemplationis
1655 4762 1880 4816 attollat.

306 4853 619 4924 Nunquam,
679 4870 744 4909 ne
781 4855 846 4909 ad
897 4863 1227 4910 momentum
1280 4853 1522 4923 quidem,
1585 4867 1614 4906 a
1657 4853 1884 4923 promis-

308 4943 552 4996 sionibus
592 4941 786 4997 futuris
826 4943 1235 4998 considerandis
1289 4957 1509 4997 aversus
1564 4942 1629 4996 ad
1669 4951 1882 4997 terrena

310 5033 583 5102 respiciat.
646 5034 722 5089 Eo
767 5036 939 5090 aciem
1009 5035 1205 5090 mentis
1246 5035 1611 5089 indesinenter
1652 5035 1893 5090 attendet

308 5136 412 5188 quo
440 5124 726 5191 pervenire
769 5125 1057 5180 desiderat.
1090 5124 1485 5179 Beatitudinem
1530 5125 1650 5180 vitae
1698 5124 1890 5178 futurae

311 5219 432 5265 ante
484 5213 674 5268 oculos
725 5214 890 5268 animi
945 5215 1028 5268 sui
1085 5222 1351 5284 proponat
1410 5229 1473 5268 ac
1529 5215 1731 5284 diligat.
1780 5213 1891 5268 Nec

314 5311 514 5357 metuat
535 5305 736 5374 aliquid
773 5306 1084 5376 temporale,
1121 5321 1221 5360 nec
1249 5306 1428 5374 cupiat
1457 5325 1468 5358 :
1499 5321 1565 5360 ne
1589 5314 1682 5360 aut
1713 5315 1889 5360 metus

312 5394 622 5449 amittenda:
653 5397 731 5450 rei
767 5398 1098 5466 temporalis,
1125 5406 1216 5450 aut
1253 5397 1515 5465 cupiditas
1546 5397 1887 5465 acquirendae

312 5482 657 5539 intentionem
705 5488 901 5541 mentis
946 5488 1202 5542 emolliat.
1241 5485 1356 5540 Non
1384 5501 1506 5540 eum
1541 5488 1734 5541 blanda
1766 5504 1888 5543 cor-

313 5583 582 5644 rumpant,
617 5590 718 5629 nec
741 5577 966 5631 adversa
991 5579 1336 5642 concutiant;
1392 5593 1496 5632 non
1529 5575 1677 5630 inﬂet
1709 5578 1889 5646 opinio

315 5664 567 5730 secunda,
593 5680 698 5720 non
725 5665 944 5723 sinistra
967 5668 1212 5737 dejiciat;
1244 5687 1348 5726 non
1381 5669 1512 5725 falsa
1543 5671 1888 5739 vituperatio,

317 5751 426 5806 sive
454 5753 712 5822 laudatio,
748 5767 940 5828 augeat
963 5758 1081 5826 ejus
1107 5761 1296 5830 gaudia
1329 5761 1410 5814 vel
1440 5761 1738 5815 imminuat.
1775 5759 1888 5814 Non

1983 3306 2202 3366 propter
2254 3297 2328 3351 ibi
2377 3298 2620 3352 omnium
2665 3306 2978 3353 sanctorum
3016 3297 3290 3354 beatitudo
3329 3299 3567 3370 perfecta

1983 3385 2106 3449 erit,
2156 3386 2246 3440 ubi
2285 3396 2479 3439 natura
2549 3385 2786 3440 humana
2803 3386 2917 3446 ,sui
2963 3386 3193 3458 gloriam
3273 3390 3568 3445 conditoris

1985 3476 2163 3619 visrura
2200 3483 2303 3541 est,
2340 3485 2502 3545 atque
2545 3477 2596 3531 ei
2640 3477 2757 3531 sine
2807 3476 2916 3531 ullo
2953 3477 3167 3532 defectu
3217 3479 3566 3536 beatitudinis

1987 3567 2052 3619 ad
2076 3567 2300 3619 iaarebit.

1987 3567 2300 3620 adhaerebit.

2565 3654 2811 3744 canor
2850 3655 2986 3711 Xlll.

1989 3767 2141 3832 Quod
2176 3754 2350 3840 Deam
2380 3768 2602 3840 perfecte
2639 3769 2808 3840 sancti
2848 3768 3017 3822 videre
3061 3787 3162 3824 non
3197 3771 3416 3840 possint,
3459 3773 3562 3826 nisi

2093 3852 2211 3890 cum
2241 3837 2311 3890 ad
2335 3837 2706 3891 beatitudinem
2730 3839 2924 3907 futura:
2965 3840 3082 3892 vita:
3105 3837 3454 3909 pervenerint.

2059 3944 2325 4011 Quocirca
2373 3943 2453 3998 sic
2503 3942 2755 3999 hortandi
2806 3952 2933 3999 sunt
2979 3945 3046 4000 ad
3094 3949 3562 4020 contemplativam

1989 4036 2171 4097 vitam,
2204 4034 2511 4105 quicunque
2549 4035 2709 4104 plene
2736 4035 3026 4104 voluerint,
3057 4047 3110 4093 et
3131 4037 3240 4094 Deo
3272 4042 3566 4101 auxiliante

1991 4123 2281 4193 potuerint,
2311 4130 2371 4176 ut
2395 4121 2739 4176 meminerint
2761 4122 2930 4192 ipsius
2958 4124 3060 4179 sibi
3095 4129 3566 4199 contemplationis

1990 4213 2184 4267 divinae
2224 4211 2610 4284 perfectionem
2657 4212 2712 4266 in
2743 4211 2833 4267 illa
2871 4215 2984 4268 vita
3026 4214 3203 4282 beata,
3225 4234 3346 4288 quae
3381 4219 3562 4277 futura

1990 4310 2092 4368 est,
2127 4303 2392 4357 reservari
2429 4319 2440 4357 τ
2479 4309 2538 4356 ut
2590 4301 2664 4357 ibi
2707 4303 2877 4359 Deum
2918 4303 3078 4361 sicuti
3106 4315 3188 4363 est
3214 4309 3455 4378 perfecte
3482 4314 3563 4368 vi-

1991 4392 2171 4460 deant,
2210 4395 2301 4449 ubi
2349 4404 2405 4448 et
2440 4394 2540 4465 ipsi
2588 4395 2712 4450 vita:
2758 4404 2976 4452 acterna:
3015 4413 3081 4453 ac
3127 4401 3277 4472 regni
3323 4404 3562 4460 ccelestis

1991 4487 2372 4542 consecutione
2398 4487 2506 4542 sint
2547 4489 2796 4556 perfecti.
2823 4487 3087 4546 Caeterum
3125 4492 3170 4547 si
3213 4493 3302 4549 hic
3328 4495 3564 4564 perfecte

1993 4576 2256 4644 potuisset
2303 4575 2396 4630 Dei
2445 4577 2798 4632 substantiam
2851 4579 3085 4634 humana
3127 4579 3389 4653 fragilitas
3436 4599 3566 4639 con—

1995 4666 2242 4736 templari
2271 4707 2284 4731 ,
2334 4681 2606 4734 nunquam
2647 4677 2866 4724 sanctus
2903 4669 3230 4743 evangelista
3286 4672 3511 4728 dixisset
3544 4692 3557 4726 :

1998 4759 2162 4811 Deum
2204 4774 2352 4811 nemo
2395 4758 2521 4812 vidit
2547 4776 2778 4830 unquam
2823 4761 3004 4832 (Joan.
3045 4779 3084 4828 ι,
3119 4764 3226 4835 l8).
3256 4763 3370 4818 Non
3401 4765 3560 4832 dixit,

1993 4866 2140 4903 nemo
2167 4849 2374 4902 videbit.
2415 4849 2654 4920 Denique
2681 4861 2740 4906 ut
2759 4854 3035 4910 evidenter
3067 4856 3376 4912 ostenderet
3397 4859 3561 4914 visio-

1993 4957 2113 4995 nem
2153 4941 2246 4995 Dei
2279 4957 2383 4996 non
2427 4954 2675 5014 negatam
2707 4948 2906 5000 sanctis
2946 4948 3269 5014 hominibus,
3303 4950 3396 5006 sed
3428 4951 3564 5006 dila-

1995 5045 2123 5099 tam,
2167 5036 2309 5105 quod
2358 5037 2409 5088 in
2457 5037 2705 5105 prtesenti
2755 5049 2994 5106 tempore
3029 5043 3266 5111 negavit,
3295 5043 3348 5095 in
3381 5042 3560 5098 futuro

1992 5128 2257 5197 promisit,
2304 5127 2491 5182 dicens
2518 5147 2528 5180 :
2560 5127 2710 5182 Beati
2760 5129 2953 5182 mundo
2981 5131 3153 5196 corde,
3183 5133 3431 5202 quoniam
3465 5136 3560 5204 ipsi

1994 5218 2158 5270 Deum
2185 5217 2422 5271 videbunt
2447 5217 2659 5288 (Matth.
2685 5233 2736 5283 v,
2771 5218 2843 5287 8).
2876 5217 2984 5273 Nec
3011 5220 3100 5275 hic
3128 5219 3282 5288 dixit,
3307 5227 3561 5293 quoniam

1993 5308 2094 5376 ipsi
2134 5307 2302 5360 Deum
2351 5307 2554 5360 vident.
2605 5308 2770 5376 Igitur
2801 5309 2844 5362 si
2879 5310 3037 5374 Deus,
3077 5312 3168 5380 qui
3216 5313 3269 5366 in
3313 5315 3415 5369 hac
3450 5315 3558 5368 vita

1992 5397 2108 5451 sine
2137 5397 2364 5466 alicujus
2389 5395 2506 5450 ειυς.
2529 5397 2640 5450 enti
2667 5400 3030 5469 assumptione
3064 5417 3161 5456 nec
3186 5404 3360 5472 potuit
3389 5405 3560 5460 videri

1991 5503 2090 5542 nec
2115 5494 2313 5556 potest,
2349 5487 2401 5540 in
2425 5484 2605 5540 futura
2638 5489 2744 5541 vita
2771 5490 3033 5545 videndus
3067 5501 3149 5545 est
3173 5511 3186 5556 ;
3213 5494 3284 5548 ibi
3319 5494 3563 5564 profecto

1992 5575 2456 5646 contemplationis
2499 5576 2691 5630 divina:
2733 5588 2818 5632 est
2840 5581 3103 5648 speranda
3147 5581 3424 5651 perfectio,
3470 5583 3564 5640 ubi

1993 5667 2097 5720 erit
2139 5667 2405 5721 bonorum
2442 5668 2682 5720 omnium
2731 5669 3026 5737 plenitudo.
3081 5674 3419 5744 Quapropter
3453 5689 3562 5730 non
3615 5730 3624 5739 ,

1994 5760 2070 5813 sic
2100 5759 2529 5830 contemplativa:
2556 5759 2679 5814 vita:
2709 5761 3092 5817 sublimitatem
3139 5765 3189 5817 in
3228 5765 3428 5835 future,
3472 5766 3560 5820 ubi
