3974 6192
400 364 490 420 591
1376 365 1431 419 S.
1470 362 1827 419 BENEDICTI
1866 361 2155 419 ABBATIS
2193 362 2600 418 ANIANENSIS

3517 367 3613 424 591

399 479 662 551 perfectio
688 479 1011 550 perﬁcienda
1042 488 1145 545 est,
1195 479 1461 546 nuntiavi,
1506 489 1568 535 ut
1615 483 1668 535 in
1707 479 1959 549 praesenti
1988 482 2034 540 A
2063 487 2212 548 ptum
2253 487 2334 533 est
2361 497 2373 532 :
2404 477 2554 533 Beati
2581 477 2809 549 paciﬁci,
2854 485 2958 534 etc.
2987 476 3202 549 (Matth.
3229 493 3286 544 v,
3313 477 3390 552 9).
3423 477 3621 537 Secun.

398 588 517 627 eam
562 586 812 642 negarem
843 585 1001 640 posse
1037 573 1105 626 ab
1147 571 1457 627 hominibus
1488 573 1671 626 mundi
1714 581 1960 627 contem-

397 661 643 731 ptoribus
670 660 1017 729 apprehendi,
1041 660 1088 716 si
1116 661 1274 716 modo
1301 675 1359 716 se
1397 659 1464 714 ad
1495 675 1617 716 eam
1645 668 1756 716 tota
1802 661 1963 718 devo-

399 753 544 807 tione
571 759 922 816 convertant;
950 751 995 806 si
1018 751 1287 806 desiderio
1307 750 1421 820 ejus
1443 751 1656 806 accensi
1679 752 1962 821 praesentia

397 843 762 898 blandimenta
809 840 1108 907 fastidiant,
1159 850 1213 896 et
1262 841 1421 910 longe
1468 841 1718 896 fortiores
1763 839 1960 905 effecti,

397 947 558 1002 quam
595 940 654 986 ut
677 946 771 986 eos
800 939 1025 985 terrena:
1066 931 1448 1000 occupationes
1475 930 1788 999 illaqueant,
1829 931 1966 985 divi-

398 1021 483 1074 nis
510 1021 674 1076 rebus
718 1035 781 1075 ac
809 1018 1006 1073 futuris
1039 1018 1490 1088 promissionibus
1520 1018 1838 1071 inhaereant.
1872 1015 1965 1069 Isti

398 1111 533 1167 tales
551 1111 714 1164 etiam
749 1110 802 1162 in
838 1109 939 1162 hac
965 1108 1074 1161 vita
1114 1107 1544 1177 contemplativa
1589 1106 1714 1160 vitae
1742 1111 1967 1175 possunt

398 1199 514 1254 ﬁeri
560 1199 870 1268 participes.
911 1198 1096 1267 Itaque
1133 1198 1388 1266 quoniam
1437 1197 1502 1252 de
1549 1194 1967 1265 contemplativa

397 1289 507 1342 vita
537 1289 590 1342 in
622 1287 987 1356 superioribus
1015 1287 1279 1356 capitibus
1315 1286 1482 1340 multa
1503 1283 1616 1352 jam
1651 1285 1793 1339 dicta
1819 1292 1966 1348 sunt,

399 1379 668 1434 sufliciunt
686 1379 797 1431 ista
827 1392 947 1446 qum
971 1377 1230 1440 diximus,
1259 1384 1318 1430 ut
1340 1383 1393 1431 et
1426 1374 1628 1444 reliqua
1653 1373 1966 1428 considere-

400 1485 518 1524 mus
544 1483 663 1538 quae
683 1468 750 1521 de
778 1467 888 1520 vita
912 1466 1277 1521 solitariorum
1317 1463 1546 1520 dicenda
1575 1471 1720 1518 sunt.

980 1579 1208 1635 CAPUT
1255 1579 1395 1634 XIV.

401 1675 552 1741 Quod
578 1690 671 1748 pro
690 1671 1002 1748 perfectione
1019 1671 1139 1748 vita:
1161 1666 1572 1748 contemptaque
1599 1665 1846 1748 alsarictis
1869 1662 1973 1718 Pa-

562 1736 728 1798 t'ribu's
756 1736 995 1795 solitaria
1017 1740 1119 1794 vita
1151 1736 1392 1809 primitus
1417 1736 1514 1806 fuit
1538 1736 1804 1790 inchoata.

2064 565 2164 622 dus
2203 583 2331 622 vero
2355 568 2579 623 visitare
2628 568 2891 634 inﬁrmos,
2933 569 3226 624 secundum
3263 569 3436 625 illud:
3466 570 3625 643 Inﬁr-

2063 672 2178 710 mus
2209 656 2307 726 fui,
2335 665 2439 712 etc.
2470 657 2685 728 (Matth.
2716 673 2844 723 xxv,
2870 657 2984 728 56).
3017 658 3232 714 Tertius
3273 667 3454 714 autem
3495 662 3628 719 abiit

2063 747 2342 816 quiescere
2375 748 2430 802 in
2470 747 2776 802 solitudine.
2805 747 3020 803 Primus
3068 763 3200 819 ergo
3224 748 3477 806 laborans
3502 767 3630 822 pro-

2063 850 2184 911 pter
2200 843 2323 897 lites
2351 843 2653 908 hominum,
2682 858 2791 898 non
2820 844 2994 913 potuit
3022 843 3077 898 in
3103 843 3440 914 pacificando
3469 847 3632 916 profi-

2065 943 2188 983 cere
2213 947 2226 995 ;
2271 938 2326 985 et
2351 929 2473 985 ideo
2502 929 2680 985 victus
2701 931 2850 985 venit
2884 931 2952 985 ad
2978 945 3101 985 eum
3125 932 3220 1000 qui
3245 933 3512 988 serviebat
3546 934 3627 989 in-

2067 1017 2258 1083 ﬁrmis,
2290 1028 2346 1072 et
2386 1019 2591 1073 invenit
2624 1019 2791 1074 etiam
2839 1020 3017 1090 ipsum
3057 1020 3240 1074 animo
3266 1020 3631 1087 deficientem,

2064 1119 2120 1166 et
2167 1129 2277 1167 non
2311 1114 2692 1182 praevalentem
2729 1115 3040 1169 mandatum
3075 1115 3356 1184 perﬁcere.
3406 1116 3471 1170 Et
3509 1131 3634 1171 con-

2066 1201 2354 1257 cordantes
2379 1203 2434 1256 hi
2459 1204 2565 1258 duo
2589 1203 2843 1259 abierunt
2868 1205 3052 1260 videre
3073 1205 3220 1259 illum
3243 1206 3334 1275 qui
3367 1206 3421 1259 in
3450 1221 3636 1270 eremo

2067 1293 2414 1359 discesserat,
2443 1301 2498 1348 et
2538 1302 2896 1350 narraverunt
2929 1295 2981 1350 ei
3003 1294 3375 1351 tribulatioues
3403 1311 3554 1362 suas,
3585 1305 3641 1353 et

2065 1394 2393 1454 rogaverunt
2429 1392 2489 1439 ut
2509 1385 2713 1440 diceret
2733 1386 2815 1440 eis
2838 1385 2969 1455 quid
2999 1385 3112 1454 ipse
3129 1385 3434 1456 proﬁceret.
3460 1387 3529 1442 Et
3553 1403 3641 1443 re-

2069 1473 2241 1530 ticens
2265 1473 2540 1543 paululum
2583 1475 2734 1529 misit
2772 1489 2969 1543 aquam
3003 1476 3058 1530 in
3109 1477 3394 1547 scyphum,
3424 1486 3479 1532 et
3504 1478 3643 1533 dixit

2069 1563 2148 1618 eis
2173 1562 2482 1616 :Attendite
2510 1562 2564 1616 in
2590 1578 2806 1632 aquam.
2838 1564 2907 1618 Et
2934 1571 3056 1618 erat
3075 1565 3404 1620 turbulenta.
3430 1566 3498 1620 Et
3517 1577 3642 1638 post

2069 1653 2340 1707 modicum
2370 1668 2558 1708 rursus
2580 1653 2716 1708 dixit
2739 1654 2818 1709 eis
2847 1672 2860 1708 :
2887 1654 3163 1710 Attendite
3187 1659 3347 1712 modo
3371 1662 3644 1727 quomodo

2069 1740 2288 1809 limpida
2309 1739 2454 1796 facta
2473 1751 2556 1796 est
2574 1757 2734 1811 aqua.
2760 1743 2969 1798 Etcum
2993 1745 3399 1803 intenderentin
3420 1765 3644 1818 aquam,

469 1836 691 1907 Antiqui
737 1834 930 1889 Patres
965 1833 1138 1886 nostri
1165 1845 1452 1900 supernam
1493 1830 1726 1899 patriam
1755 1829 1968 1884 deside-
1996 1827 2043 1886 B
2070 1830 2320 1884 viderunt
2365 1840 2622 1902 tanquam
2666 1832 2722 1886 in
2771 1834 2990 1902 speculo
3025 1835 3202 1891 vultus
3223 1830 3370 1893 Suos.
3414 1839 3481 1896 Et
3517 1849 3648 1897 tunc

400 1938 602 1994 rantes,
626 1933 681 1983 et
701 1923 1118 1994 contemplativa
1141 1921 1249 1975 vita
1269 1918 1506 1990 perfecte
1530 1917 1638 1972 frui
1667 1919 1965 1987 cupientes,

399 2039 507 2078 non
536 2021 709 2076 solum
738 2032 918 2074 mores
940 2018 1218 2072 hominum
1247 2015 1606 2077 saecularium,
1628 2013 1721 2068 sed
1751 2019 1807 2067 et
1837 2028 1968 2067 con-

403 2113 571 2168 sortia
592 2111 888 2182 fugiebant,
923 2115 1086 2178 atque
1118 2107 1173 2161 in
1203 2105 1430 2161 saltibus
1453 2105 1826 2174 specubusque
1849 2103 1971 2157 lati-

400 2203 613 2266 tabant;
640 2199 874 2255 scientes
908 2197 1035 2268 quia
1081 2206 1285 2265 quanto
1312 2209 1369 2249 se
1408 2193 1738 2263 separabant
1764 2208 1796 2246 a
1825 2191 1973 2246 volu-

400 2290 640 2362 ptatibus
675 2289 881 2354 mundi,
923 2294 1073 2342 tanto
1103 2285 1588 2356 frequentabantur
1627 2283 1695 2338 ab
1733 2283 1968 2354 angelis;

401 2393 456 2439 et
484 2389 687 2452 quanto
719 2379 1037 2435 remotiores
1063 2393 1094 2432 a
1135 2376 1354 2441 saeculo,
1385 2382 1535 2429 tanto
1561 2373 1972 2444 propinquiores

403 2473 606 2529 ﬁebant
649 2471 778 2526 Deo;
818 2468 1184 2538 Corporaliter
1221 2474 1402 2521 autem
1432 2465 1670 2536 separari
1701 2463 1973 2518 desidera-

402 2564 532 2618 bant
555 2578 585 2616 a
615 2560 983 2633 saecularibus,
1012 2573 1080 2613 ne
1109 2557 1248 2612 forte
1270 2556 1324 2610 in
1345 2571 1532 2611 eorum
1555 2553 1842 2624 aliquando
1862 2552 1974 2608 vol-

401 2661 658 2708 verentur
711 2650 942 2704 actibus.
990 2646 1100 2702 Nos
1150 2659 1279 2702 vero
1325 2659 1516 2700 eorum
1557 2641 1802 2712 exempla
1828 2682 1842 2708 ,
1918 2641 1974 2695 in

402 2749 662 2813 quantum
683 2737 935 2810 possibile
953 2743 1059 2803 est,
1081 2735 1236 2804 sequi
1256 2734 1557 2803 cupientes,
1581 2731 1626 2784 si
1651 2731 1706 2784 in
1737 2736 1974 2784 contem-

403 2834 603 2904 plativa
631 2832 741 2886 vita
787 2829 1034 2899 cupimus
1079 2825 1284 2896 aliquid
1309 2824 1591 2894 proficere,
1625 2837 1656 2875 a
1703 2819 1974 2876 consortio

403 2923 584 2980 szcculi
635 2923 871 2976 nitamur
911 2918 1021 2973 cito
1049 2915 1310 2985 separari.
1352 2913 1488 2979 Quia
1537 2911 1664 2966 licet
1692 2909 1748 2963 in
1796 2907 1974 2963 medio

405 3011 703 3069 carnalium
747 3024 888 3078 saepe
918 3007 1060 3062 Deus
1087 3007 1251 3060 vitam
1277 3010 1525 3074 protegat
1550 3001 1869 3064 electorum,
1893 3005 1976 3052 ta-

407 3121 530 3160 men
571 3101 704 3158 satis
733 3114 914 3154 rarum
943 3107 1028 3154 est
1071 3106 1133 3152 ut
1161 3096 1389 3167 quisque
1431 3095 1571 3147 inter
1613 3091 1794 3147 smculi
1821 3090 1973 3144 volu-

406 3203 582 3266 ptates
609 3192 839 3264 positus,
893 3205 925 3243 a
953 3188 1100 3243 vitiis
1129 3164 1347 3240 maneat
1386 3183 1641 3238 illibatus.
1691 3182 1749 3236 In
1779 3181 1974 3250 quibus
1999 3164 2044 3226 C

407 3284 639 3354 denique
685 3282 784 3336 etsi
823 3294 929 3334 non
973 3278 1084 3334 cito
1121 3275 1448 3346 implicetur,
1479 3273 1768 3344 aliquando
1793 3282 1975 3326 tamen

406 3371 760 3429 abstrahitur.
808 3368 995 3439 Neque
1027 3366 1172 3422 enim
1213 3367 1307 3420 diu
1343 3379 1568 3420 securus
1595 3379 1714 3420 esse
1757 3364 1975 3433 poterit,

407 3460 766 3536 quipericulo
799 3460 1078 3533 proximus
1116 3456 1296 3512 fuerit.
1325 3455 1479 3512 Unde
1506 3454 1559 3510 in
1591 3453 1978 3511 Collationibus

407 3556 631 3611 Patrum
662 3552 736 3606 ita
778 3549 1018 3622 loquitur
1047 3547 1292 3604 :Bonum
1322 3553 1407 3602 est
1431 3546 1578 3601 enim
1605 3544 1790 3616 fugere
1813 3557 1980 3600 saecu-

409 3647 540 3701 lum.
568 3643 794 3711 Quando
817 3650 999 3697 autem
1025 3647 1110 3695 est
1139 3639 1302 3694 homo
1335 3635 1490 3705 juxta
1531 3635 1810 3700 saeculum,
1843 3634 1982 3688 assi-

411 3733 688 3793 milabitur
720 3733 839 3788 viro
878 3731 1043 3787 stanti
1085 3744 1247 3800 super
1274 3727 1450 3783 lacum
1475 3726 1977 3797 profundissimam,

413 3835 475 3882 ut
500 3841 606 3896 qua
639 3827 773 3882 hora
801 3824 977 3879 visum
1021 3820 1188 3877 fuerit
1234 3820 1454 3876 inimico
1491 3819 1628 3889 ejus,
1663 3819 1820 3874 facile
1855 3834 1981 3874 eum

412 3917 674 3989 impingat
701 3915 973 3972 deorsum.
1008 3911 1067 3968 Si
1105 3920 1285 3967 autem
1313 3927 1344 3966 a
1379 3911 1575 3967 saeculo
1601 3919 1840 3966 remotus
1863 3908 1982 3966 fue-

413 4007 504 4071 rit,
533 4003 915 4061 assimilabitur
934 4001 1052 4056 viro
1079 4000 1236 4072 longe
1263 4000 1440 4070 posito
1464 4016 1495 4054 a
1529 4008 1716 4070 puteo,
1742 4008 1801 4053 ut
1822 3999 1908 4054 vel
1936 4000 1980 4054 si

415 4101 623 4154 nitatur
666 4111 790 4151 eum
827 4093 1373 4162 inimicusvprojicere
1400 4093 1674 4159 deorsum,
1703 4095 1827 4148 dum
1856 4109 1980 4148 eum

415 4187 676 4243 violenter
701 4184 900 4248 trahit,
921 4181 1065 4236 Deus
1094 4182 1144 4236 ei
1170 4181 1430 4236 auxilium
1459 4182 1660 4252 dirigit.
1695 4183 1824 4237 Item
1864 4183 1937 4238 ibi
1963 4201 1975 4237 :

417 4279 588 4334 llomo
612 4274 1087 4347 fugiensbomines
1111 4272 1304 4328 similis
1329 4280 1414 4326 est
1449 4287 1567 4326 uvae
1604 4279 1860 4338 maturae;
1889 4273 1982 4342 qui

417 4376 598 4423 autem
618 4381 738 4422 cum
753 4364 1069 4420 hominibus
1091 4367 1464 4425 conversatur,
1493 4360 1633 4415 sicut
1660 4375 1765 4414 uva
1788 4361 1981 4416 acerba

415 4460 540 4514 erit.
592 4457 659 4512 Et
693 4471 945 4511 rursum:
974 4450 1390 4523 lmperforabilis
1421 4451 1565 4506 enim
1614 4458 1798 4506 manet
1839 4467 1871 4505 a
1897 4467 1984 4507 sa-

417 4550 564 4622 gittis
598 4547 820 4610 inimici,
854 4546 944 4615 qui
972 4551 1117 4598 amat
1157 4543 1422 4612 quietem;
1461 4542 1553 4613 qui
1575 4552 1756 4597 autem
1783 4543 1980 4599 misce-

421 4651 510 4696 tur
538 4638 885 4702 multitudini,
917 4635 1107 4692 crebra
1133 4635 1356 4706 suscipit
1381 4635 1621 4689 vulnera.
1651 4635 1763 4690 Iloc
1785 4636 1980 4706 quippe

421 4731 694 4787 metuebat
717 4729 906 4784 beatus
930 4727 1209 4790 Arsenius,
1253 4741 1375 4780 cum
1410 4726 1586 4781 adhuc
1614 4734 1759 4780 esset
1786 4728 1840 4780 in
1879 4743 1979 4796 pa-

419 4825 585 4880 latio:
617 4832 673 4879 et
701 4822 820 4878 ideo
847 4819 1022 4876 oravit
1049 4817 1331 4873 Dominum
1364 4817 1585 4872 dicens:
1612 4817 1854 4885 Domine,
1894 4818 1980 4872 di-

423 4917 536 4986 rige
562 4929 648 4970 me
678 4913 745 4968 ad
795 4911 1040 4967 salutem.
1080 4909 1146 4962 Et
1184 4905 1469 4963 confestim
1499 4908 1646 4962 venit
1684 4908 1732 4962 ei
1775 4923 1874 4962 vox
1907 4909 1982 4963 di-

421 5021 547 5062 cens
571 5045 586 5059 .
611 5003 841 5060 Arscni:
881 5000 1004 5072 fuge
1030 5000 1378 5063 homines,set
1402 4999 1582 5053 salvus
1622 4999 1752 5053 eris.
1790 4999 1982 5055 Postea

420 5108 549 5148 vero
575 5085 801 5146 accessit
837 5091 904 5144 ad
936 5088 1288 5144 monasticam
1321 5087 1506 5150 vitam,
1539 5094 1594 5140 et
1628 5102 1989 5142 rursum'ora-

422 5184 498 5236 vit
541 5183 608 5236 ad
662 5181 942 5234 Dominum
988 5179 1236 5233 eumdem
1276 5192 1580 5232 sermonem
1627 5177 1854 5232 dicens:
1888 5179 1990 5233 Do.

424 5275 588 5340 mine,
626 5272 793 5344 dirige
823 5285 909 5324 me
935 5270 1001 5323 ad
1045 5268 1289 5323 salutem.
1323 5265 1389 5321 Et
1421 5266 1614 5320 iterum
1657 5269 1862 5322 audivit
1896 5285 1990 5324 vo-

424 5380 541 5420 cem
565 5364 830 5419 dicentem
855 5361 956 5415 sibi
990 5378 1002 5412 :
1035 5357 1254 5424 Arseni,
1283 5355 1427 5428 fuge,
1453 5366 1592 5423 tace,
1625 5359 1874 5426 quiesce;
1905 5361 1988 5414 ha:

424 5455 568 5511 enim
609 5455 816 5511 radices
856 5462 981 5506 sunt
1026 5467 1132 5505 non
1167 5450 1443 5519 peccandi.
1476 5448 1741 5504 Praeterea
1778 5467 1987 5521 quoque

426 5546 667 5598 narravit
693 5541 1166 5614 quidamll‘atrum
1211 5540 1336 5608 quia
1382 5547 1492 5594 tres
1536 5537 1986 5595 fratresstudiosi

427 5633 555 5688 facti
581 5643 704 5688 sunt
731 5634 1009 5696 monachi;
1038 5640 1092 5685 et
1119 5646 1256 5684 unus
1278 5629 1494 5699 quidem
1531 5645 1596 5682 ex
1625 5631 1704 5684 eis
1733 5629 1893 5698 elegit
1921 5631 1984 5685 li-

427 5727 661 5795 tiggautcs
714 5726 764 5778 in
801 5740 932 5793 pace
982 5737 1254 5786 revocare,
1281 5719 1435 5789 juxta
1488 5719 1614 5774 illud
1656 5721 1796 5792 quod
1847 5723 1982 5777 scri-

2071 1918 2302 1973 dixiteis
2333 1937 2346 1973 :
2375 1918 2467 1975 Sic
2499 1928 2582 1974 est
2612 1921 2704 1990 qui
2735 1921 2790 1975 in
2838 1923 3016 1978 medio
3040 1924 3318 1980 hominum
3344 1929 3603 1984 consistit
3628 1945 3645 1996 ;

2071 2027 2184 2082 prae
2217 2013 2373 2067 turba
2397 2013 2543 2067 enim
2591 2028 2698 2068 non
2723 2013 2870 2069 videt
2896 2025 3122 2084 peccata
3149 2032 3279 2084 sua;
3308 2033 3431 2073 cum
3461 2028 3648 2075 autem

2078 2103 2372 2172 quieverit,
2403 2111 2458 2157 et
2483 2103 2721 2158 maxime
2758 2104 2813 2158 in
2839 2104 3148 2174 solitudine,
3171 2115 3299 2165 tunc
3327 2109 3523 2165 delicta
3547 2127 3650 2167 sua

2071 2193 2354 2262 conspicit.
2385 2191 2485 2247 llic
2511 2194 2791 2249 evidenter
2818 2197 3125 2252 ostenditur
3153 2209 3417 2268 quantum
3439 2203 3653 2257 emolu-

2071 2289 2311 2337 mentum
2356 2291 2580 2354 przestat
2615 2284 2727 2339 vita
2769 2284 3029 2342 solitaria.
3070 2289 3166 2344 Est
3213 2290 3360 2346 enim
3410 2294 3651 2348 stadium

2072 2375 2341 2444 quoddam
2367 2377 2435 2431 ad
2457 2377 2892 2433 emendationem
2921 2395 3132 2435 morum
3156 2381 3517 2438 formandam.
3543 2385 3653 2453 Qui

2073 2466 2218 2522 enim
2246 2466 2301 2520 in
2343 2465 2653 2536 solitudine,
2696 2471 2799 2527 hoc
2823 2481 2908 2528 est
2954 2474 3008 2528 in
3039 2477 3365 2544 retrusione,
3410 2480 3598 2545 sedet,
3625 2495 3654 2534 a

2074 2555 2249 2611 tribus
2280 2556 2438 2613 bellis
2467 2559 2720 2628 eripitur,
2743 2561 2798 2616 id
2821 2571 2923 2629 est,
2970 2565 3206 2631 auditus,
3251 2567 3568 2635 locutionis,
3603 2580 3656 2626 et

2074 2645 2260 2714 visus;
2322 2655 2377 2702 et
2413 2656 2606 2704 contra
2658 2666 2825 2706 unum
2879 2657 3251 2712 tantummodo
3297 2659 3520 2714 habebit
3547 2676 3655 2730 pu-

2074 2751 2257 2806 gnam,
2291 2736 2344 2792 id
2386 2746 2492 2805 est,
2524 2741 2908 2811 cogitationem
2946 2745 3146 2800 cordis.
3200 2746 3490 2802 Sciendum
3519 2765 3659 2805 vero

2073 2834 2158 2880 est
2203 2826 2330 2896 quia
2360 2827 2528 2884 multo
2555 2830 2751 2886 melius
2782 2840 2868 2887 est
2912 2832 3073 2889 alicui
3121 2843 3181 2890 ut
3209 2851 3333 2890 cum
3367 2837 3557 2894 multis
3590 2840 3661 2895 sit

2074 2923 2130 2970 et
2153 2915 2451 2971 solitariam
2477 2926 2602 2989 agat
2639 2923 2823 2988 vitam,
2847 2937 3012 2991 quam
3046 2924 3118 2978 sit
3159 2925 3213 2978 in
3242 2940 3425 2981 eremo
3443 2935 3500 2982 et
3527 2944 3660 2998 pro-

2074 3007 2251 3076 posito
2273 3009 2471 3063 mentis
2497 3009 2767 3067 desideret
2793 3027 2914 3067 esse
2936 3028 3058 3068 cum
3084 3015 3286 3070 multis.
3313 3017 3449 3072 Nam
3480 3027 3537 3074 et
3561 3020 3660 3075 lio-

2077 3096 2252 3151 mines
2283 3097 2596 3165 saeculares,
2630 3101 2676 3155 si
2701 3101 2758 3155 in
2784 3101 2889 3157 isto
2915 3103 3111 3159 saeculo
3149 3105 3328 3176 aliqua
3363 3110 3661 3166 commise-

2083 3193 2210 3240 sunt
2252 3186 2502 3254 crimina,
2551 3190 2715 3245 etiam
2760 3191 3004 3249 nolentes
3037 3195 3324 3250 mittuntur
3364 3198 3420 3252 in
3461 3213 3657 3254 carce-

2082 3289 2216 3330 rem.
2238 3274 2316 3330 Ita
2345 3291 2475 3348 ergo
2496 3287 2552 3332 et
2579 3294 2679 3335 nos
2716 3291 2938 3351 propter
2961 3293 3182 3353 peccata
3225 3297 3412 3341 nostra
3444 3289 3661 3361 redigi-

2082 3383 2202 3422 mus
2234 3371 2594 3440 nosmetipsos
2633 3371 2688 3425 in
2737 3387 3012 3429 carcerem
3068 3377 3407 3444 re.rusionis,
3453 3389 3513 3434 ut
3558 3395 3663 3452 per

2083 3457 2439 3514 voluntariam
2465 3463 2663 3518 mentis
2684 3473 2884 3520 nostra:
2899 3466 3190 3522 vindictam
3211 3468 3420 3527 futuras
3443 3487 3476 3526 a
3499 3475 3660 3532 nobis

2067 3565 2270 3632 poenas
2289 3552 2581 3609 excludere
2608 3571 2936 3612 mereamur.
2951 3559 3087 3626 Quia
3116 3561 3302 3630 igitur,
3328 3574 3388 3618 ut
3411 3565 3489 3619 ait
3511 3565 3662 3638 Apo-

2081 3643 2251 3698 stolus
2294 3664 2308 3698 :
2362 3642 2424 3699 Si
2482 3648 2819 3718 nosmetipsos
2873 3649 3220 3719 dijudicemus
3276 3655 3334 3708 in
3391 3655 3490 3709 hoc
3550 3675 3658 3712 sa:-

2081 3731 2219 3797 culo,
2268 3749 2373 3787 non
2416 3735 2594 3805 utique
2639 3753 2672 3790 a
2716 3736 2944 3793 Domino
2967 3740 3329 3810 judicabimur
3377 3745 3431 3798 in
3471 3745 3656 3815 futuro

2083 3819 2130 3892 (ι
2156 3819 2279 3876 Cor.
2303 3837 2364 3889 ιι,
2391 3821 2505 3896 si).

2677 3918 2907 3977 CAPUT
2946 3923 3060 3979 XV.

2081 4006 2159 4063 De
2219 4007 2499 4079 disciplina
2551 4013 3000 4094 suscipiendorum
3063 4018 3288 4088 fratrum
3349 4022 3419 4076 ad
3485 4035 3660 4079 retru-

2757 4100 2975 4139 sionem.

2149 4168 2411 4225 Dominus
2451 4178 2638 4226 noster
2672 4171 2829 4228 Jesus
2875 4175 3122 4233 Christus
3152 4194 3340 4236 omnes
3381 4183 3450 4237 ad
3498 4199 3659 4239 suum

2081 4273 2241 4315 vocat
2263 4263 2564 4329 servitium,
2606 4279 2902 4336 omnesque
2927 4269 2995 4324 ad
3042 4285 3101 4324 se
3131 4273 3409 4328 venientes
3430 4276 3517 4344 pie
3551 4276 3657 4330 mi—

2082 4351 2532 4424 sericorditerque
2581 4357 2791 4426 recipit.
2840 4358 3046 4415 Idcirco
3081 4363 3225 4416 enim
3271 4381 3460 4420 omnes
3496 4377 3658 4422 vocat

2087 4451 2142 4498 et
2175 4445 2385 4516 recipit,
2414 4448 2536 4516 quia
2568 4448 2682 4518 ipse
2725 4451 2876 4505 novit
2901 4453 2993 4522 qui
3041 4463 3167 4508 sunt
3192 4455 3327 4524 ejus,
3353 4468 3409 4510 et
3434 4474 3542 4513 non
3574 4469 3662 4516 est

2086 4553 2220 4608 opus
2245 4539 2294 4593 ei
2323 4549 2383 4593 ut
2417 4541 2536 4609 quis
2559 4542 2924 4598 testimonium
2969 4546 3250 4616 perhibent
3282 4548 3347 4602 de
3391 4550 3615 4606 homine
3643 4569 3658 4604 :

2087 4629 2205 4698 ipse
2231 4631 2373 4684 enim
2399 4631 2500 4685 scit
2529 4633 2658 4701 quid
2681 4641 2764 4687 est
2788 4634 2841 4686 in
2875 4635 3114 4690 homine.
3146 4636 3254 4692 Nos
3288 4653 3418 4694 vero
3451 4640 3545 4710 qui
3569 4655 3665 4695 no-

2089 4722 2266 4776 titiam
2291 4722 2557 4777 bonorum
2603 4724 2936 4781 malorumve
2968 4727 3250 4782 hominum
3288 4731 3511 4788 minime
3561 4733 3663 4788 ha-

2087 4816 2298 4882 bemus,
2325 4817 2429 4872 nisi
2453 4833 2546 4872 cos
2580 4820 3010 4888 probaverimus,
3039 4823 3296 4878 debemus
3322 4832 3508 4880 tenere
3527 4841 3664 4882 con-

2090 4908 2266 4964 silium
2297 4911 2523 4979 apostoli
2570 4912 2798 4967 dicentis
2825 4931 2839 4966 :
2871 4909 3100 4969 Probata
3133 4916 3346 4986 spiritus
3371 4919 3415 4972 si
3441 4935 3505 4972 ea:
3544 4917 3658 4972 Deo

2086 5009 2206 5054 sunt
2229 4998 2282 5072 (Ι
2318 4998 2478 5060 Joan.
2522 5016 2593 5066 iv,
2627 5002 2700 5073 1).
2745 4999 2836 5057 Sic
2862 5018 3077 5072 quoque
3114 5007 3326 5063 noviter
3347 5009 3657 5062 venientem

2087 5103 2353 5159 quemque
2377 5090 2444 5143 ad
2476 5090 2569 5145 Dei
2601 5091 2900 5157 servitium,
2929 5103 3137 5163 oportet
3171 5112 3270 5165 per
3311 5097 3476 5151 multa
3509 5099 3662 5168 prius

2087 5180 2458 5250 experimenta
2501 5183 2747 5249 probare,
2794 5193 2851 5239 et
2893 5195 3085 5256 postea
3133 5189 3394 5258 recipere,
3429 5206 3496 5244 ne
3524 5189 3664 5244 forte

2089 5270 2210 5339 quis
2235 5271 2486 5326 simulata
2517 5282 2694 5329 mente
2715 5289 2781 5328 ac
2804 5274 2982 5330 fallaci
3012 5278 3193 5334 animo
3217 5280 3284 5334 ad
3315 5281 3456 5334 hanc
3479 5281 3664 5335 solita-

2091 5359 2227 5413 riam
2265 5360 2432 5415 vitam
2483 5372 2774 5432 praesumat
2823 5367 3103 5423 accedere.
3160 5370 3302 5440 Ergo
3345 5379 3556 5440 oportet
3593 5371 3663 5425 de

2089 5450 2362 5518 prmtcrita
2392 5450 2507 5518 ejus
2530 5453 2635 5506 vita
2663 5463 2718 5509 et
2745 5459 3156 5514 conversatione
3178 5461 3475 5530 inquirere,
3508 5462 3553 5516 si
3575 5469 3664 5515 est

2091 5540 2331 5594 moribus
2361 5549 2710 5610 temperatus,
2758 5545 2804 5599 si
2845 5549 2957 5600 vita
3005 5558 3206 5610 castus,
3257 5551 3300 5604 si
3330 5552 3565 5616 sobrius,
3615 5550 3665 5604 si

2091 5632 2324 5701 sapiens,
2354 5632 2397 5686 si
2425 5633 2662 5699 humilis,
2678 5635 2719 5688 si
2749 5637 3027 5703 obediens,
3052 5639 3098 5694 si
3122 5640 3370 5705 affabilis,
3395 5642 3441 5696 si
3468 5642 3520 5695 in
3546 5641 3666 5710 lege

2093 5723 2300 5777 Domini
2355 5723 2672 5791 instructus,
2708 5727 2751 5779 si
2798 5727 2850 5780 in
2885 5729 2996 5799 ipsa
3048 5730 3402 5788 insti‘uctiouc
3452 5739 3642 5787 cautus
