3974 6192
359 265 469 324 593

999 267 1228 325 CODEX
1265 270 1721 328 REGULARUM.
1759 303 1829 312 —
1866 269 2046 330 PARS
2086 270 2146 326 ll.
2188 269 2491 328 REGULE
2531 270 2633 325 PP.
2675 271 2947 327 ORlEN'l‘.

3489 273 3588 330 594

359 385 493 442 cum
520 392 653 450 ergo
699 379 786 433 bis
820 378 1046 448 singulis
1077 381 1305 452 aliisque
1347 385 1730 454 experimentis
1766 384 1928 440 fuerit
1955 387 2005 446 Α
2031 385 2114 440 nis
2136 385 2340 441 cellula:
2366 386 2809 455 aposphragismo
2834 402 2931 441 suo
2961 385 3218 457 sigillam,
3253 402 3322 444 ne
3350 390 3599 449 fortassis

358 469 641 543 probatus,
683 467 728 522 si
771 472 1199 539 perseveraverit
1238 472 1496 543 pulsans;
1536 482 1588 528 ct
1615 474 1791 528 illatas
1826 473 1927 528 sibi

361 561 605 630 injurias,
633 569 688 614 et
714 559 1082 616 difﬁcultatem
1109 563 1404 633 ingressus,
1430 573 1550 634 post
1579 573 1810 634 quatuor
1838 575 1930 619 aut

361 652 597 721 quinque
625 649 741 704 dies
770 649 918 705 visus
956 649 1122 705 fuerit
1148 653 1414 720 patienter
1461 662 1680 723 portare
1715 662 1769 708 et
1805 669 1929 724 per-

355 744 555 798 sistere
602 731 797 798 all‘eetu
822 743 1107 812 petitionis
1143 759 1273 808 sum,
1305 754 1576 800 annuatur
1621 746 1670 800 ei
1717 747 1829 802 sive
1860 747 1930 802 ab

354 834 630 904 episcopo,
659 835 771 889 sive
800 835 870 889 ab
912 834 1106 889 abbate
1134 849 1253 900 suo,
1276 835 1569 906 ingressus.
1604 837 1731 892 Sine
1758 837 1928 892 licen-

352 926 430 980 tia
462 934 644 981 autem
669 934 725 980 et
753 941 1018 981 consensu
1046 928 1304 997 episcopi,
1333 938 1426 982 aut
1456 930 1668 984 abbatis
1697 929 1928 1000 proprii,

350 1024 517 1084 atque
543 1015 784 1070 omnium
817 1014 1044 1070 fratrum
1073 1017 1310 1086 ejusdem
1358 1021 1691 1085 monasterii,
1734 1021 1788 1075 in
1823 1036 1930 1089 quo

350 1105 498 1160 idem
523 1105 692 1160 frater
720 1106 978 1161 educatus
1003 1105 1188 1172 fuerit,
1215 1107 1348 1161 nihil
1372 1109 1594 1164 omnino
1638 1111 1704 1165 de
1730 1109 1833 1164 hac
1870 1125 1929 1165 re

351 1198 468 1252 ﬁat.
501 1198 902 1258 Prohibendum
940 1208 1024 1254 est
1064 1201 1227 1254 etiam
1279 1208 1337 1255 ut
1378 1201 1430 1255 in
1479 1201 1624 1257 nullo
1664 1201 1770 1257 alio
1810 1202 1929 1259 loco

353 1291 462 1346 hoc
509 1291 787 1362 religionis
832 1293 1166 1362 propositum
1210 1307 1241 1346 a
1281 1309 1553 1364 quoquam
1598 1303 1926 1362 assumatur,

349 1381 461 1436 nisi
484 1382 540 1436 in
562 1382 928 1437 coenobiorum
953 1384 1460 1454 congregationibus
1487 1391 1716 1439 tantum.
1741 1384 1801 1440 In
1830 1385 1929 1440 vil-

353 1472 428 1530 lis
456 1482 638 1527 autem
673 1480 766 1527 aut
794 1473 847 1527 in
872 1473 1265 1543 campestribus
1287 1474 1558 1541 ecclesiis,
1585 1476 1698 1531 sive
1729 1476 1782 1530 in
1809 1475 1930 1532 aliis

354 1563 688 1634 quibuslibet
723 1561 857 1618 locis
894 1562 1202 1618 nullatenus
1240 1573 1600 1634 prazsumatur
1627 1579 1928 1631 assumere,

350 1654 461 1708 nisi
505 1652 646 1708 forte
687 1654 810 1724 quis
853 1669 1006 1709 more
1053 1655 1402 1724 antiquorum
1432 1655 1655 1714 Patrum
1701 1658 1769 1713 ad
1813 1673 1931 1714 ere-

2030 476 2207 546 aliqua
2231 476 2284 530 in
2310 476 2489 545 aliquo
2520 487 2797 531 remaneat
2821 477 3020 546 opinio.

2613 590 2838 647 CAPUT
2876 592 3014 648 XVI.

2280 659 2468 726 Qualis
2493 661 2638 715 debet
2668 679 2777 715 esse
2798 661 2987 716 cellula
3013 664 3334 726 retrusionil.

2098 751 2299 806 Cellula
2329 753 2492 822 igitur
2522 753 2840 807 retrusionis
2867 754 3024 809 debet
3048 769 3168 810 esse
3188 755 3400 826 exigua,
3425 766 3480 812 et
3505 755 3592 812 ﬁr-

2029 842 2287 898 missimis
2321 843 2556 911 undique
2584 843 2971 897 munitionibus
3005 844 3382 916 circumsepta,
3413 854 3600 916 quate-

2030 949 2132 988 nus
2171 948 2271 987 nec
2309 933 2552 988 solitario
2599 933 2746 988 foras
2785 936 3046 1004 evagandi
3087 935 3314 991 facultas
3358 946 3595 1004 maneat,

2029 1037 2132 1076 nec
2159 1023 2413 1093 cuiquam
2459 1024 2527 1078 ad
2557 1037 2701 1088 eum,
2748 1025 2892 1094 quod
2921 1040 3027 1078 non
3072 1027 3245 1092 decet,
3292 1027 3596 1083 introeundi

2031 1113 2212 1168 aditus
2248 1121 2448 1183 pateat.
2483 1113 2552 1169 Ut
2589 1122 2768 1168 autem
2819 1114 2995 1169 omnis
3021 1116 3334 1171 obstruatur
3362 1117 3598 1172 necessi-

2028 1205 2157 1260 tatis
2185 1206 2422 1270 occasio,
2468 1206 2663 1260 habeat
2699 1206 2925 1262 interius
2947 1215 3272 1277 przeparatas
3311 1209 3599 1264 habitatio-

2028 1309 2126 1349 nes
2163 1295 2275 1350 suis
2319 1296 2508 1350 usibus
2539 1297 2892 1363 necessarias,
2931 1297 3034 1354 hoc
3062 1309 3165 1365 est,
3196 1300 3492 1354 oratorium
3531 1299 3600 1354 ab

2027 1387 2285 1456 episcopo
2327 1394 2725 1452 consecratum,
2767 1387 2811 1441 si
2850 1397 3027 1442 tamen
3061 1388 3175 1458 ipse
3211 1387 3480 1444 solitarius
3517 1397 3599 1446 est

2029 1475 2301 1530 sacerdos.
2337 1475 2571 1544 ldipsum
2613 1490 2825 1545 quoque
2854 1476 3153 1530 oratorium
3183 1476 3256 1530 ita
3304 1477 3376 1531 sit
3418 1477 3598 1531 domui

2028 1566 2272 1621 ecclesiae
2329 1567 2658 1637 contiguum,
2693 1574 2958 1636 quatenus
2993 1566 3136 1622 idem
3182 1566 3457 1622 solitarius
3501 1582 3601 1638 per

2030 1655 2321 1712 fenestram
2342 1655 2582 1725 ejusdem
2603 1657 2824 1712 oratorii
2859 1657 3030 1728 possit
3055 1657 3122 1712 ad
3146 1657 3340 1711 missas
3367 1672 3465 1727 per
3485 1673 3601 1712 ma-

351 1761 504 1800 nium
533 1745 667 1800 velit
694 1746 968 1800 secedere.
996 1745 1288 1817 Postquam
1322 1755 1501 1803 autem
1529 1750 1812 1820 episcopus
1834 1758 1927 1804 aut
1955 1733 2002 1792 Β
2031 1767 2134 1805 nus
2163 1752 2507 1806 sacerdotum
2547 1749 2850 1805 oblationes
2873 1749 3088 1815 offerre,
3139 1765 3204 1805 ac
3227 1758 3506 1806 cantantes
3544 1760 3600 1806 et

354 1835 617 1906 praelatus
660 1835 976 1890 monasterii
1016 1835 1291 1891 licentiam
1334 1838 1384 1892 ei
1432 1839 1747 1894 retrudendi
1798 1854 1928 1894 con-

347 1927 600 1993 cesserit,
648 1941 814 1981 unum
845 1941 1046 1981 annum
1092 1926 1302 1982 habitet
1329 1929 1469 1984 inter
1509 1928 1731 1997 fratres,
1755 1931 1829 1986 ita
1867 1937 1928 1985 ut

345 2028 506 2074 extra
535 2017 792 2084 claustra,
818 2018 920 2073 nisi
947 2025 1154 2074 tantum
1175 2018 1231 2073 in
1259 2019 1569 2087 ecclesiam,
1598 2036 1704 2076 non
1732 2030 1922 2090 exeat;

345 2117 619 2180 quatenus
645 2109 700 2162 in
737 2109 854 2179 ipso
880 2107 996 2177 ejus
1038 2108 1296 2179 probetur
1321 2110 1570 2166 voluntas
1600 2112 1682 2167 vel
1722 2112 1926 2167 stabili—

348 2209 454 2255 tas.
485 2199 542 2254 Si
569 2208 747 2256 autem
781 2202 832 2256 in
863 2204 1052 2258 eodem
1089 2203 1440 2270 monasterio,
1477 2211 1572 2259 aut
1610 2205 1666 2259 in
1704 2205 1928 2260 circum-

347 2290 544 2345 vicinis
571 2293 886 2346 monasterii
930 2293 1206 2348 solitarius
1227 2301 1332 2359 est,
1363 2295 1624 2364 probatus
1657 2295 1853 2364 aliquis
1877 2295 1926 2350 ei

347 2379 638 2450 deputetur
659 2382 726 2436 ad
759 2384 1114 2452 probandum.
1147 2383 1206 2438 Si
1245 2398 1375 2439 vero
1417 2384 1693 2441 solitarius
1727 2384 1925 2440 ibidem

350 2470 574 2524 minime
594 2472 881 2540 reperitur,
911 2474 1199 2543 deputetur
1221 2474 1271 2529 ei
1295 2474 1478 2529 senior
1509 2475 1632 2530 talis
1652 2476 1744 2545 qui
1769 2484 1927 2546 aptus

350 2559 424 2614 sit
469 2559 535 2612 ad
583 2559 872 2616 lucrandas
914 2563 1160 2629 animas,
1193 2563 1286 2634 qui
1329 2578 1494 2634 super
1531 2579 1656 2619 eum
1704 2565 1928 2620 omnino

348 2649 563 2704 curiose
605 2650 874 2718 intendat,
905 2660 960 2706 et
994 2653 1257 2709 sollicitus
1305 2655 1376 2709 sit
1423 2655 1468 2710 si
1524 2669 1713 2710 revera
1756 2654 1926 2709 Deum

351 2740 562 2809 quaerit,
585 2740 632 2795 si
659 2739 921 2797 sollicitus
940 2751 1024 2797 est
1047 2743 1114 2797 ad
1142 2758 1277 2814 Opus
1299 2745 1414 2810 Dei,
1447 2745 1514 2800 ad
1535 2745 1923 2811 obedientiam,

351 2832 419 2886 ad
455 2832 784 2898 orationem,
813 2833 882 2887 ad
912 2832 1220 2901 lectionem,
1264 2843 1319 2890 et
1358 2844 1552 2891 caetera
1592 2835 1921 2906 hujusmodi.

346 2923 719 2978 Praedicentur
744 2924 793 2978 ei
823 2925 1005 2979 omnia
1031 2926 1160 2980 dura
1203 2934 1260 2981 et
1301 2942 1513 2995 aspera,
1543 2941 1642 2996 per
1670 2941 1791 2996 quae
1820 2926 1926 2980 itur

342 3012 412 3066 ad
436 3011 628 3066 Deum.
662 3011 728 3066 Et
760 3011 806 3066 si
833 3013 1145 3083 promiserit
1188 3014 1496 3070 stabilitatis
1531 3031 1641 3071 suae
1667 3029 1920 3085 perseve-

341 3104 600 3168 rantiam,
633 3102 842 3174 legatur
865 3106 914 3160 ei
939 3106 1054 3162 haec
1089 3106 1311 3178 Regula,
1351 3117 1406 3162 et
1437 3107 1650 3164 dicatur
1670 3111 1719 3165 ei
1745 3127 1758 3163 :
1780 3108 1919 3165 Ecce

338 3191 430 3248 lex
467 3194 571 3248 sub
615 3208 720 3263 qua
771 3195 1005 3250 militare
1055 3196 1157 3263 vis,
1197 3197 1243 3251 si
1273 3205 1426 3267 potes
1461 3213 1694 3263 servare,
1737 3199 1920 3270 ingre-

339 3284 511 3351 dere;
571 3285 618 3340 si
662 3301 790 3341 vero
817 3302 924 3341 non
971 3296 1144 3356 potes,
1192 3287 1329 3343 liber
1355 3289 1588 3344 discede.
1639 3289 1695 3344 Si
1745 3291 1921 3346 adhuc

341 3374 585 3441 steterit,
618 3374 827 3445 legatur
852 3376 903 3430 ei
949 3377 1066 3432 ba3c
1098 3377 1302 3449 Regula
1332 3377 1536 3446 sedule,
1566 3387 1626 3433 ut
1674 3379 1814 3435 sciat
1851 3380 1920 3435 ad

341 3466 486 3536 quod
529 3466 848 3536 ingreditur,
883 3475 939 3521 et
983 3468 1242 3537 probetur
1281 3468 1335 3522 in
1364 3469 1510 3524 omni
1539 3471 1820 3538 patientia.
1854 3468 1922 3524 Et

340 3557 387 3610 si
433 3556 620 3610 habita
665 3571 851 3611 secum
887 3557 1272 3613 deliberatione
1302 3559 1610 3628 promiserit
1642 3574 1700 3614 se
1739 3559 1922 3614 omnia

343 3647 648 3713 custodire,
677 3654 804 3703 tunc
831 3648 1026 3704 blande
1054 3649 1354 3720 leniterque
1379 3650 1708 3719 suscipiatur
1733 3649 1800 3704 ad
1831 3651 1922 3704 de-

343 3731 611 3792 stinatum
640 3739 996 3808 propositum,
1029 3739 1205 3794 sciens
1231 3754 1289 3794 se
1324 3739 1442 3810 lege
1473 3739 1690 3810 Regulae
1714 3740 1920 3794 consti-

349 3837 546 3895 tutum,
571 3829 716 3898 quod
737 3829 787 3884 ei
815 3845 882 3885 ex
911 3829 1000 3884 illa
1033 3829 1120 3886 die
1157 3847 1265 3886 non
1290 3830 1456 3886 liceat
1481 3830 1662 3899 egredi
1703 3845 1768 3885 ex
1804 3832 1921 3901 ipsa

350 3921 690 3985 retrusione;
732 3935 832 3975 nec
855 3920 1052 3976 collum
1083 3931 1336 3977 excutere
1363 3921 1430 3977 de
1455 3921 1554 3977 sub
1573 3923 1705 3992 jugo
1745 3922 1923 3994 Regu-

348 4010 434 4075 lae,
467 4025 630 4080 quam
658 4011 757 4066 sub
796 4019 906 4066 tam
932 4027 1145 4068 morosa
1169 4012 1554 4068 deliberatione
1579 4012 1732 4068 licuit
1756 4014 1805 4069 ei
1828 4027 1923 4070 ex-

347 4115 539 4155 cusare
572 4110 668 4155 aut
711 4104 1004 4172 suscipere.
1037 4103 1426 4175 Suscipiendus
1457 4112 1636 4160 autem
1662 4106 1716 4160 in
1738 4115 1924 4162 orato-

347 4193 432 4247 rio
469 4208 654 4247 coram
702 4194 955 4263 episcopo
983 4203 1039 4250 et
1061 4196 1208 4251 omni
1254 4195 1401 4252 clero
1427 4198 1708 4268 promittat
1745 4191 1924 4255 verbis

348 4292 562 4337 tantum
609 4285 675 4339 de
721 4285 1016 4340 stabilitate
1065 4302 1179 4352 sua,
1212 4295 1268 4342 et
1311 4289 1662 4344 conversione
1712 4305 1921 4344 morum

345 4390 594 4440 suorum,
625 4391 808 4430 coram
833 4376 942 4432 Deo
971 4385 1025 4432 et
1054 4379 1256 4433 sanctis
1276 4379 1422 4449 ejus;
1455 4388 1513 4434 ut
1539 4381 1586 4435 si
1612 4381 1918 4450 aliquando,
1945 4407 2000 4467 Ι)

345 4467 492 4535 quod
540 4467 703 4534 absit,
762 4469 919 4524 aliter
968 4469 1176 4535 fecerit,
1225 4487 1256 4526 a
1305 4471 1414 4526 Deo
1460 4487 1519 4527 se
1555 4473 1917 4529 damnandum

345 4556 502 4619 sciat,
543 4570 703 4624 quem
741 4558 953 4613 irridet.
1009 4559 1160 4614 Tunc
1202 4559 1370 4614 frater
1401 4561 1514 4630 ipse
1543 4570 1921 4632 prosternatur

343 4645 412 4698 ad
476 4645 644 4715 pedes
708 4647 948 4716 episcopi
1021 4656 1076 4702 et
1130 4649 1373 4702 omnium
1432 4648 1662 4704 fratrum
1715 4651 1918 4706 ibidem

344 4735 668 4800 astantium,
708 4744 766 4790 ut
794 4745 954 4792 orent
980 4752 1078 4807 pro
1103 4752 1188 4792 eo.
1219 4736 1324 4808 Ipsi
1366 4754 1554 4794 omnes
1591 4739 1735 4796 illico
1765 4753 1922 4796 orent

343 4841 444 4896 pro
476 4842 566 4893 eo,
590 4834 850 4897 quantum
887 4828 967 4883 eis
995 4829 1170 4883 visum
1213 4828 1397 4885 fuerit.
1438 4830 1603 4901 Signa
1642 4841 1823 4886 autem
1852 4834 1920 4888 ad

343 4912 462 4981 ejus
491 4915 818 4986 ingressum,
846 4917 890 4971 si
921 4917 1204 4986 episcopus
1247 4924 1341 4971 aut
1368 4917 1532 4972 abbas
1555 4919 1796 4989 jusserit,
1827 4935 1918 4975 so-

343 5014 499 5070 nent,
523 5015 583 5059 ut
607 5019 794 5060 omnes
811 5006 942 5061 illud
969 5007 1180 5078 signum
1206 5007 1504 5072 audientes,
1524 5024 1622 5079 pro
1647 5025 1712 5064 eo
1739 5018 1915 5065 orent.

344 5093 455 5150 Res
482 5110 614 5151 vero
639 5097 683 5150 si
722 5112 856 5166 quas
891 5097 1076 5163 habet,
1124 5099 1264 5154 sicut
1294 5099 1348 5153 in
1376 5101 1744 5170 superioribus
1770 5102 1919 5171 capi-

345 5185 475 5242 tulis
519 5187 850 5253 continetur,
895 5196 989 5242 aut
1028 5196 1213 5260 eroget
1254 5189 1405 5260 prius
1444 5191 1791 5261 pauperibus,
1829 5199 1923 5245 aut

343 5276 488 5334 facta
527 5279 843 5334 solemniter
868 5280 1159 5335 donatione
1195 5281 1440 5336 conferat
1465 5281 1809 5345 monasterio,
1835 5281 1919 5335 ni-

343 5369 424 5424 bil
462 5369 568 5424 sibi
604 5385 889 5426 reservans
917 5385 984 5426 ex
1029 5371 1301 5426 omnibus.
1332 5370 1466 5426 Cum
1498 5372 1695 5426 talibus
1741 5379 1922 5426 autem

344 5460 685 5516 vestimentis
721 5461 888 5515 intret
915 5476 1037 5515 cum
1077 5461 1327 5531 qualibus
1354 5477 1574 5516 manere
1602 5462 1837 5528 debebit,
1868 5471 1924 5518 et

344 5551 423 5606 sic
443 5552 700 5623 deinceps
722 5552 774 5607 in
803 5553 1043 5628 solitaria
1064 5555 1173 5608 vita
1198 5565 1531 5625 permaneat.
1563 5553 1690 5610 Post
1717 5557 1922 5627 ingresa

348 5642 560 5700 donem
593 5652 771 5700 autem
801 5642 1079 5716 praecipiat
1108 5645 1390 5714 cpiscopus
1429 5646 1626 5700 ostium
1661 5647 1920 5702 retrusio-

2026 1839 2266 1907 legentes
2307 1839 2506 1894 fratres
2543 1853 2778 1910 congrue
2825 1838 3034 1902 audire,
3077 1847 3237 1910 atque
3280 1840 3438 1896 simul
3471 1855 3598 1895 cum

2027 1930 2106 1985 eis
2137 1929 2311 1999 possit
2347 1929 2614 1999 psallere;
2664 1936 2721 1984 et
2754 1928 2918 1983 etiam
2949 1928 3013 1982 ad
3053 1929 3330 1985 venientes
3357 1945 3600 1999 quosque

2027 2017 2226 2074 ibidem
2255 2017 2434 2074 valeat
2461 2032 2720 2088 responsa
2750 2017 2898 2072 dare.
2927 2015 3049 2072 Sint
3075 2019 3236 2073 etiam
3279 2029 3402 2075 ante
3429 2019 3598 2089 ipsam

2027 2108 2318 2165 fenestram
2364 2110 2580 2166 deintus
2600 2118 2656 2166 et
2682 2109 2884 2165 deforis
2909 2109 3028 2167 vela
3055 2124 3310 2181 appensa,
3341 2125 3408 2166 ne
3442 2111 3599 2166 facile

2027 2213 2057 2252 a
2089 2196 2221 2254 foris
2252 2197 2422 2254 videri
2458 2197 2544 2254 vel
2582 2197 2766 2253 videre
2789 2205 2969 2267 queat,
3007 2213 3077 2254 ne
3119 2198 3257 2254 forte
3289 2213 3388 2268 per
3419 2199 3600 2255 oculo-

2027 2303 2147 2343 rum
2192 2296 2404 2358 portam
2459 2295 2707 2344 mortuus
2738 2288 3086 2353 extrahatur;
3139 2288 3283 2344 unde
3334 2289 3597 2359 scriptum

2026 2385 2110 2432 est
2139 2396 2152 2432 :
2195 2375 2331 2433 Cave
2367 2395 2430 2432 ne
2454 2379 2610 2432 intret
2644 2395 2787 2434 mors
2826 2379 2881 2433 in
2907 2379 3137 2433 animam
3183 2388 3328 2434 tuam
3349 2397 3441 2451 per
3461 2381 3599 2451 fene-

2025 2478 2164 2524 stras
2193 2478 2311 2524 tuas
2339 2469 2470 2541 (Jer.
2504 2487 2582 2536 Ix,
2616 2471 2736 2543 21).
2775 2471 2842 2526 Et
2870 2470 3160 2540 Apostolus
3186 2473 3449 2543 pnecipit,
3479 2489 3600 2545 spe-

2026 2559 2253 2616 ctaculis
2285 2568 2340 2615 et
2382 2561 2594 2631 pompis
2640 2562 2956 2630 praecaveri.
2992 2561 3200 2617 Habeat
3236 2573 3419 2618 autem
3457 2563 3595 2619 infra

2026 2659 2180 2722 septa
2217 2652 2538 2707 retrusionis
2575 2651 2848 2706 hortulum
2876 2651 3148 2722 exiguum,
3180 2651 3224 2706 si
3258 2651 3373 2706 fieri
3399 2661 3598 2722 potest,

2027 2743 2080 2797 in
2111 2758 2218 2812 quo
2242 2757 2340 2814 per
2369 2750 2581 2813 tempus
2614 2741 2762 2797 exire
2787 2749 2842 2797 et
2864 2741 3044 2811 aliqua
3065 2740 3212 2796 Olera
3248 2741 3495 2813 plantare
3514 2744 3597 2799 vel

2024 2834 2300 2904 colligere,
2337 2842 2500 2904 atque
2541 2833 2610 2888 ab
2640 2847 2767 2888 aere
2809 2833 2954 2905 tangi
2990 2833 3178 2904 possit,
3205 2833 3331 2904 quia
3370 2835 3596 2890 multum

2023 2926 2074 2982 ei
2095 2925 2336 2997 proderit
2363 2933 2539 2980 tactus
2583 2925 2746 2979 aeris.
2793 2923 2880 2979 Sit
2925 2924 3090 2978 etiam
3132 2933 3286 2979 extra
3315 2931 3466 2994 septa
3513 2941 3598 2981 re-

2024 3012 2284 3068 trusionis
2311 3019 2367 3067 et
2394 3011 2498 3066 alia
2535 3011 2747 3078 cellula,
2777 3011 2832 3066 in
2863 3026 2968 3081 qua
2997 3011 3242 3081 discipuli
3280 3011 3421 3068 illius
3447 3013 3598 3068 habi-

2021 3110 2160 3169 tent,
2197 3117 2318 3173 quae
2346 3102 2422 3158 ita
2471 3102 2542 3158 sit
2570 3101 2775 3158 cellula:
2802 3103 2974 3173 ipsius
3009 3103 3283 3175 contigua,
3326 3111 3386 3158 ut
3427 3103 3596 3174 aptis-

2021 3194 2156 3250 sime
2179 3193 2390 3263 possint
2419 3193 2665 3263 discipuli
2694 3193 2838 3249 illius
2862 3209 3100 3266 congruo
3135 3203 3375 3266 tempore
3398 3211 3496 3266 per
3521 3195 3600 3250 fc-

2021 3291 2265 3338 nestram
2298 3284 2350 3338 ei
2392 3283 2704 3338 ministrare
2733 3299 2796 3339 ea
2828 3300 2947 3354 qua:
2971 3287 3020 3341 ei
3040 3285 3241 3342 fuerint
3268 3288 3595 3343 necessaria.

2022 3372 2080 3429 Si
2109 3382 2288 3429 autem
2314 3374 2422 3430 duo
2456 3374 2513 3429 in
2542 3390 2708 3430 unum
2739 3374 2972 3430 solitarii
2997 3375 3215 3442 fuerint,
3240 3377 3380 3432 sicut
3413 3377 3600 3433 multis

2021 3465 2078 3519 in
2104 3463 2238 3520 locis
2267 3463 2510 3519 noscitur
2523 3478 2663 3528 esse,
2696 3463 2767 3518 sit
2791 3464 2933 3519 inter
2957 3479 3053 3519 eos
3077 3464 3352 3520 silentium
3384 3467 3596 3538 ingens,

2018 3556 2174 3627 quies
2202 3570 2418 3625 magna,
2445 3556 2793 3624 cbaritasque
2813 3554 3075 3624 perfecta.
3120 3555 3242 3610 Sint
3267 3564 3450 3611 autem
3481 3559 3591 3613 sin-

2021 3645 2128 3718 guli
2159 3646 2214 3700 in
2249 3645 2476 3716 singulis
2506 3644 2717 3700 cellulis
2737 3646 2994 3714 separati,
3029 3646 3123 3701 sed
3147 3646 3349 3711 animo,
3381 3655 3436 3701 et
3467 3646 3592 3712 fide,

2019 3751 2086 3791 ac
2119 3735 2388 3790 charitate
2422 3735 2855 3806 inseparabiliter
2881 3736 3175 3806 conjuncti.
3214 3735 3433 3793 Cellulaa
3454 3753 3594 3808 quo-

2023 3841 2127 3896 que
2157 3826 2373 3880 illorum
2397 3825 2543 3879 nulla
2577 3824 2976 3894 intercapedine
3001 3827 3143 3881 inter
3177 3841 3236 3882 se
3260 3827 3589 3893 dividantur,

2023 3917 2116 3974 sed
2147 3917 2221 3970 ita
2251 3916 2359 3971 sint
2380 3916 2448 3970 ad
2485 3916 2714 3972 invicem
2747 3931 3005 3972 connexa
3038 3925 3304 3986 quatenus
3326 3918 3395 3973 ad
3431 3933 3595 3972 unam

2024 4007 2316 4064 fenestram
2356 4007 2650 4074 venientes,
2698 4006 3024 4062 alterutrum
3061 4021 3120 4063 se
3151 4007 3366 4063 valeant
3395 4009 3461 4064 ad
3501 4009 3596 4064 Dei

2023 4098 2311 4155 servitium.
2331 4099 2592 4166 excitare,
2621 4098 2789 4154 sacris
2827 4099 3164 4155 orationibus
3194 4099 3353 4155 simul
3379 4114 3596 4166 vacare,

2023 4190 2234 4246 divinas
2268 4189 2581 4261 Scripturas
2605 4189 2766 4245 simul
2798 4190 3049 4256 recitare,
3079 4198 3134 4246 et
3163 4190 3231 4246 ad
3265 4191 3596 4261 corporalem

2024 4281 2193 4337 etiam
2249 4280 2600 4337 refectionem
2639 4280 2799 4336 simul
2832 4289 3072 4350 tempore
3110 4295 3350 4348 congruo
3392 4281 3600 4350 possint

2026 4376 2338 4430 convenire.
2368 4375 2490 4429 Sint
2517 4373 2682 4429 etiam
2703 4373 3017 4428 eorumdem
3039 4371 3262 4439 cellulas,
3289 4374 3361 4428 ita
3389 4383 3446 4428 ut
3464 4389 3601 4444 pra:-

2027 4466 2194 4520 fatum
2227 4474 2326 4528 est,
2367 4465 2611 4520 ecclesia:
2643 4463 2796 4519 valde
2836 4463 3125 4536 contiguae.
3166 4462 3404 4521 Feminis
3446 4478 3600 4517 nam-

2027 4568 2132 4623 que
2165 4569 2272 4608 non
2322 4553 2495 4608 solum
2552 4553 2606 4606 in
2649 4551 2857 4608 cellulis
2899 4550 3265 4607 solitariorum
3305 4564 3601 4620 eorumque

2028 4642 2416 4714 discipulorum
2458 4642 2830 4713 prandendum
2875 4652 2969 4697 aut
3016 4641 3460 4711 requiescendum
3489 4655 3597 4696 non

2027 4743 2133 4800 est,
2169 4735 2298 4804 quin
2325 4735 2504 4804 potius
2526 4749 2624 4790 nec
2657 4737 2710 4789 in
2739 4750 2833 4791 eas
2877 4735 3110 4790 intrandi
3134 4734 3242 4789 ulla
3281 4734 3360 4788 eis
3394 4733 3601 4787 tribua-

2029 4833 2118 4878 tur
2145 4824 2394 4892 facultas,
2418 4825 2545 4895 quia
2569 4825 2671 4880 hoc
2697 4841 2727 4880 a
2763 4827 2966 4882 sanctis
2996 4825 3247 4880 Patribus
3280 4823 3436 4879 valde
3465 4824 3598 4894 legi-

2027 4922 2118 4968 tur
2150 4913 2460 4968 inhibitum.
2500 4911 2558 4967 Si
2589 4914 2804 4984 quando
2838 4921 3018 4969 autem
3045 4915 3126 4968 eis
3164 4913 3231 4968 de
3259 4911 3598 4969 confessione

2027 5013 2121 5060 aut
2159 5004 2226 5060 de
2255 5004 2483 5060 consilio
2519 5004 2821 5058 animarum
2854 5004 3249 5059 sermocinandi
3299 5003 3599 5059 necessitas

2028 5095 2351 5160 incubuerit,
2383 5097 2437 5148 in
2479 5095 2763 5149 ecclesiam
2797 5094 3037 5159 veniant;
3065 5102 3121 5149 et
3149 5102 3274 5149 ante
3300 5093 3594 5149 fenestram

2025 5187 2248 5243 oratorii
2296 5202 2478 5242 coram
2520 5187 2768 5240 omnibus
2803 5185 2962 5240 simul
3011 5185 3315 5255 loquantur,
3353 5193 3408 5238 et
3453 5184 3596 5252 quod

2026 5278 2427 5334 deliberandum
2462 5284 2562 5339 est,
2609 5275 2903 5346 prudenter
2938 5275 3250 5346 utiliterque
3301 5273 3600 5330 deliberent

2025 5377 2187 5439 atque
2215 5368 2522 5437 disponant.
2551 5367 2716 5422 Decet
2748 5367 2896 5422 enim
2947 5367 3239 5434 solitarios,
3269 5375 3330 5422 ut
3373 5368 3515 5423 sicut
3543 5368 3595 5421 iu

2023 5459 2234 5515 eteteris
2264 5457 2444 5521 rebus,
2469 5457 2540 5512 ita
2565 5458 2727 5513 etiam
2752 5457 2804 5512 in
2833 5458 3117 5514 mulierum
3145 5458 3595 5514 confabulationi-

2022 5552 2122 5606 bus
2164 5550 2365 5603 bonum
2391 5547 2696 5619 exemplum
2737 5549 2987 5604 omnibus
3011 5550 3316 5621 praebeant;
3355 5561 3413 5605 ut
3446 5551 3592 5606 scili-

2024 5651 2109 5700 cet
2134 5637 2439 5711 lmjusmodi
2467 5638 2828 5722 confabulatio
2843 5640 3043 5695 nullam
3073 5643 3306 5724 possita
3323 5657 3604 5722 quoquam
