3974 6192
345 260 445 315 595

1337 251 1394 307 S.
1434 251 1789 306 BENEI‘HCTI
1830 247 2119 304 ABBATlS
2160 246 2565 303 ANIANENSlS

3492 245 3592 301 596

345 377 578 430 sinistra:
609 369 879 442 Opinionis
922 367 1116 421 aiierre
1160 367 1540 436 suspicionem.
1582 364 1698 418 Non
1743 361 1916 417 solum
1947 362 1993 420 A
2021 359 2137 429 ejus
2164 359 2531 413 voluntatibus
2559 356 2820 412 obviare?
2865 355 2973 411 Aut
3014 354 3284 424 quomodo
3319 354 3596 409 humilita-

345 473 526 518 antem
578 478 609 515 a
652 459 1012 516 co'llocutione
1059 457 1367 521 mulierum,
1407 469 1596 510 verum
1641 454 1803 507 etiam
1853 453 1921 506 ab

346 556 463 626 ipso
508 554 627 608 visu
672 558 728 606 et
762 558 908 605 tactu
950 548 1056 604 illis
1089 557 1172 604 est
1219 547 1636 602 observandum.
1668 544 1744 598 De
1774 543 1921 599 locu-

349 647 495 700 tione
530 654 709 698 autem
741 655 928 696 earum
964 646 1186 694 sanctus
1225 637 1456 692 Basilius
1500 634 1676 689 dixit:
1711 633 1787 687 Ne
1828 648 1920 687 ac-

349 736 658 792 commodes
701 748 860 788 aures
889 741 1010 787 tuas
1044 731 1111 786 ad
1149 728 1496 801 percipienda
1538 728 1701 782 verba
1734 725 1924 780 mulie-

350 843 492 893 rum,
520 841 588 880 ne
631 823 908 894 concipias
935 837 1002 878 ex
1043 822 1124 876 eis
1162 819 1459 888 nequitiam
1497 817 1552 871 in
1585 816 1764 870 anima
1811 826 1920 868 tua.

352 915 490 970 Hinc
527 915 720 970 beatus
766 911 1126 981 Hieronymus
1150 908 1226 962 ait
1252 926 1263 961 :
1295 907 1477 961 Prima
1505 905 1722 975 quidem
1748 911 1923 957 tenta-

352 1016 535 1062 menta
573 1013 697 1061 sunt
740 1018 1019 1058 servorum
1069 1000 1187 1066 Dei,
1234 998 1559 1053 feminarum
1615 995 1926 1065 frequentes

353 1113 625 1154 accessus.
652 1094 786 1148 Nam
813 1092 1146 1163 ﬂammigero
1169 1091 1292 1159 igne
1313 1087 1547 1159 percutit
1573 1085 1772 1140 femina
1799 1099 1927 1138 con-

354 1190 637 1246 scientiam
662 1193 942 1250 eorum,et
963 1183 1140 1238 exurit
1161 1197 1254 1236 cor
1276 1195 1487 1235 eorum.
1516 1178 1591 1231 De
1622 1184 1767 1230 tactu
1797 1188 1927 1228 vero

355 1283 494 1338 idem
523 1278 756 1334 Basilius
779 1277 854 1330 ait
878 1294 890 1330 :
923 1274 1160 1330 Mulieris
1185 1287 1406 1328 carnem
1433 1285 1502 1325 ne
1523 1269 1658 1323 velis
1685 1274 1924 1336 tangere,

355 1389 423 1428 ne
474 1387 572 1442 per
615 1379 820 1425 tactum
862 1367 980 1438 ejus
1035 1364 1400 1420 inflammetur
1438 1377 1534 1416 cor
1568 1368 1759 1414 tuum:
1789 1356 1930 1411 sicut

353 1465 496 1520 enim
523 1463 718 1532 stipula
762 1463 1078 1531 proximans
1117 1457 1228 1528 igni
1262 1454 1617 1517 comburitur,
1653 1450 1728 1504 ita
1757 1455 1812 1503 et
1837 1447 1926 1516 qui

356 1554 528 1626 tangit
554 1552 796 1608 mulieris
827 1566 1070 1615 carnem,
1097 1564 1206 1604 non
1231 1547 1427 1604 evadet
1455 1545 1573 1600 sine
1593 1542 1789 1598 damno
1814 1538 1930 1593 aui-

354 1661 457 1701 mae
484 1660 632 1703 suae:
667 1650 724 1699 et
762 1643 891 1697 licet
915 1655 1143 1710 corpore
1181 1646 1364 1695 castus
1393 1636 1608 1700 evadat,
1640 1640 1821 1689 mente
1844 1638 1925 1684 ta-

2023 457 2154 514 tem,
2183 457 2277 502 aut
2303 449 2642 517 patientiam,
2667 447 2781 502 sive
2803 445 3125 502 eharitatem
3156 459 3308 499 suam
3328 447 3600 516 probabit,

2022 540 2292 594 neminem
2343 541 2547 594 habens
2594 539 2680 595 cui
2723 539 2838 593 haec
2882 538 3177 593 exhibeat?
3226 537 3412 607 Neque
3457 538 3603 594 enim

2023 631 2267 685 sullicere
2310 639 2488 701 potest
2539 646 2698 694 unus,
2750 630 2999 699 quamvis
3031 645 3295 694 summus,
3327 630 3396 684 ad
3437 629 3604 687 susci-

2022 721 2217 791 pienda
2269 722 2448 774 omnia
2497 721 2670 775 sancti
2723 719 2960 789 Spiritus
3009 722 3182 784 dona;
3231 719 3378 788 quia,
3428 729 3489 774 ut
3529 719 3606 775 ait

2023 810 2334 881 Apostolus,
2386 811 2492 865 Alii
2537 811 2695 864 datur
2737 827 2908 865 sermo
2949 811 3244 880 sapientitc,
3293 810 3386 864 alii
3435 827 3606 866 sermo

2025 902 2334 976 scientiar(I
2366 900 2488 956 Cor.
2532 918 2631 966 xu,
2659 901 2735 970 8),
2763 909 2818 954 et
2858 908 3052 954 caetera
3101 898 3428 968 huiusmodi.
3464 900 3606 967 Qua-

2025 1001 2245 1064 propter
2275 993 2318 1046 si
2348 991 2643 1046 secundum
2675 990 3133 1060 dispensationem
3164 988 3397 1058 Spiritus
3436 989 3607 1044 sancti

2026 1083 2119 1136 uni
2149 1083 2309 1138 datur
2332 1083 2476 1151 quod
2519 1081 2676 1136 alteri
2722 1088 2968 1152 negatur,
3017 1094 3240 1135 necesse
3264 1087 3348 1134 est
3397 1088 3455 1134 ut
3501 1081 3610 1136 sint

2028 1173 2153 1238 duo,
2200 1173 2283 1227 vel
2319 1182 2448 1239 tres,
2482 1181 2576 1227 aut
2624 1188 2688 1228 eo
2724 1171 2976 1241 amplius,
3007 1180 3062 1226 et
3094 1171 3160 1226 de
3190 1171 3608 1228 eharismatibus

2029 1280 2148 1334 quae
2178 1264 2372 1336 singuli
2399 1271 2748 1333 acceperunt,
2781 1263 2998 1333 utrique
3034 1263 3378 1317 consolentur
3407 1264 3608 1333 pariter

2029 1361 2086 1407 et
2112 1351 2464 1406 aedificentur.
2497 1351 2600 1407 Sed
2623 1359 2678 1406 et
2707 1352 2969 1408 adversus
2989 1351 3212 1404 insidias
3242 1350 3467 1416 inimici,
3492 1367 3610 1420 quae

2031 1443 2358 1497 intrinsecus
2386 1452 2441 1496 et
2487 1442 2827 1496 extrinsecus
2868 1440 3193 1506 inferuntur,
3231 1441 3457 1495 multum
3485 1457 3602 1512 pro-

2031 1533 2148 1588 dest
2177 1533 2409 1588 societas
2433 1531 2810 1602 plurimorum.
2847 1531 3084 1586 Facilius
3113 1532 3256 1586 enim
3301 1531 3612 1587 excitantur

2037 1639 2067 1678 a
2092 1638 2300 1688 somno,
2329 1632 2385 1677 et
2415 1622 2711 1678 incitantur
2738 1623 2806 1676 ab
2831 1622 2978 1675 omni
3008 1637 3171 1691 opere
3207 1623 3369 1677 bono.
3402 1621 3459 1676 In
3487 1638 3610 1678 ora-

353 1749 477 1788 me“
503 1741 558 1788 οι
593 1732 756 1788 corde
782 1731 942 1786 laesus
974 1706 1232 1785 αῄεροαίι,
1267 1726 1453 1796 Neque
1476 1722 1710 1780 osculari
1733 1719 1932 1776 debent
1958 1706 2005 1764 B
2034 1714 2180 1767 tione
2208 1721 2389 1768 autem
2427 1728 2533 1767 non
2572 1727 2796 1782 parvum
2828 1712 3250 1768 emolumentum
3295 1713 3539 1768 nascitur
3575 1730 3604 1768 a

354 1842 384 1880 a
416 1823 674 1880 solitariis
711 1822 954 1886 omnino,
997 1820 1124 1890 quia
1165 1817 1407 1873 osculum
1437 1831 1543 1868 una
1571 1821 1654 1868 est
1697 1827 1763 1867 ex
1795 1824 1928 1880 qua-

357 1925 482 1972 tuor
512 1914 797 1985 speciebus
824 1912 1027 1968 amoris
1063 1907 1318 1966 carnalis.
1352 1904 1646 1976 Diligendze
1683 1909 1810 1958 sunt
1837 1916 1931 1954 au-

359 2017 463 2063 tem
492 2007 747 2062 mulieres
791 2019 897 2059 non
941 2001 1254 2065 carnaliter,
1303 1999 1397 2054 sed
1442 1995 1814 2068 spiritualiter.
1852 1993 1928 2048 De

354 2098 474 2153 visu
500 2105 679 2152 autem
710 2095 924 2150 illarum
952 2093 1082 2163 quid
1130 2092 1340 2146 dicam?
1367 2105 1489 2144 cum
1516 2088 1775 2142 Dominus
1817 2101 1930 2140 ma-

356 2187 576 2243 nifestat
615 2187 800 2242 dicens
831 2201 845 2239 ε
873 2182 978 2250 Qui
1027 2183 1212 2238 viderit
1257 2180 1528 2235 mulierem
1565 2178 1633 2232 ad
1679 2178 1926 2246 concupi-

353 2280 601 2336 scendum
634 2294 772 2344 eam,
799 2277 918 2348 jam
962 2275 1246 2329 moechatus
1275 2283 1349 2328 est
1388 2287 1503 2326 eam
1541 2270 1595 2323 in
1639 2268 1794 2324 corde
1834 2284 1930 2321 suo

355 2370 570 2442 (Matth.
599 2386 655 2435 v,
695 2367 810 2440 24).
844 2369 998 2424 Unde
1043 2368 1207 2423 etiam
1255 2367 1400 2422 idem
1444 2363 1675 2419 Basilius
1703 2363 1814 2416 ait:
1854 2360 1932 2415 Ne

355 2459 599 2530 improbo
645 2458 802 2514 oculo
836 2458 1098 2513 intuearis
1141 2458 1375 2529 speciem
1411 2454 1676 2519 mulieris,
1720 2467 1788 2507 ne
1836 2467 1934 2521 per

353 2549 634 2606 oculorum
677 2557 887 2604 tuorum
939 2547 1204 2602 fenestras
1251 2547 1416 2600 intret
1462 2559 1607 2598 mors
1653 2544 1708 2597 in
1753 2542 1931 2596 anima

357 2651 468 2695 tua.
500 2640 779 2710 Frequens
807 2639 1040 2709 denique
1079 2639 1229 2693 visus
1263 2635 1585 2692 feminarum
1616 2634 1934 2689 devitandus

356 2740 457 2796 est,
483 2740 538 2786 et
557 2731 793 2786 maxime
814 2731 900 2785 his
923 2731 1015 2799 qui
1037 2731 1180 2784 inter
1199 2729 1489 2784 saeculares
1511 2727 1833 2781 exstiterunt
1852 2723 1935 2778 vel

357 2821 630 2893 conjugati
661 2819 898 2874 fuerunt.
925 2819 1243 2889 Compatres
1262 2832 1477 2888 quoque
1521 2824 1576 2870 et
1609 2825 1934 2870 commatres

355 2911 577 2966 minime
597 2911 831 2975 faciant;
863 2911 1108 2980 quamvis
1131 2909 1291 2964 liceat
1312 2949 1326 2974 ,
1358 2923 1467 2962 non
1490 2906 1706 2977 expedit
1731 2914 1929 2960 tamen.

917 3017 1143 3074 CAPUT
1183 3017 1344 3074 XVII.

358 3109 511 3176 Quod
558 3125 826 3181 nunquam
854 3110 1024 3164 minus
1050 3109 1352 3181 quatriduo
1375 3107 1452 3163 vel
1490 3117 1593 3163 tres
1635 3109 1736 3162 sint
1772 3108 1930 3162 simul

1005 3178 1248 3232 solitarii.

427 3269 703 3340 Prmeipue
738 3284 869 3325 vero
892 3271 995 3325 hoc
1024 3270 1280 3325 solitariis
1315 3272 1664 3341 satagendum
1703 3284 1803 3338 est,
1851 3283 1928 3338 ut,

359 3361 405 3414 si
447 3359 564 3415 fleri
608 3367 804 3429 potest,
850 3375 1127 3430 nunquam
1175 3361 1354 3415 minus
1382 3376 1542 3430 quam
1572 3361 1679 3417 duo
1708 3362 1792 3416 vel
1824 3371 1932 3418 tres

357 3451 514 3506 simul
562 3451 671 3506 sint
716 3451 964 3517 solitarii,
1020 3452 1075 3506 in
1125 3451 1347 3522 singulis
1384 3462 1561 3508 tamen
1600 3453 1810 3509 cellulis
1847 3469 1933 3508 re-

357 3542 489 3597 trusi
517 3558 531 3607 ;
564 3542 639 3596 ita
676 3541 928 3597 videlicet
957 3550 1016 3596 ut
1043 3557 1141 3613 per
1177 3542 1470 3597 fenestram
1501 3542 1568 3598 ad
1599 3544 1829 3598 invicem
1854 3545 1933 3598 lo-

359 3635 450 3705 qui
482 3636 712 3705 possint,
741 3643 797 3690 et
833 3635 901 3690 ad
945 3650 1081 3705 opus
1125 3634 1219 3688 Dei
1267 3635 1590 3690 alterutrum
1623 3651 1681 3691 se
1716 3635 1934 3690 valeant

357 3727 619 3781 excitare.
650 3724 708 3779 ln
753 3725 940 3779 multis
975 3725 1205 3794 denique
1230 3726 1412 3780 causis
1442 3726 1758 3781 societatem
1801 3727 1933 3781 duo-

360 3833 478 3870 rum
503 3815 872 3871 solitariorum
894 3815 980 3870 his
1015 3815 1106 3885 qui
1130 3814 1368 3885 ejusdem
1404 3815 1694 3870 voluntatis
1723 3832 1786 3872 ac
1807 3832 1933 3886 pro-

355 3904 516 3973 positi
544 3911 690 3969 sunt,
715 3904 904 3957 utilem
933 3904 1087 3958 video
1114 3919 1234 3958 esse
1259 3919 1276 3969 ;
1300 3904 1356 3958 in
1382 3905 1630 3974 plurimis
1652 3921 1780 3962 vero
1805 3906 1932 3962 soli-

359 3993 554 4046 tariam
584 3991 753 4047 vitam
779 3993 976 4046 ducere
1003 3993 1206 4061 absque
1242 3993 1403 4048 ullius
1431 3995 1708 4060 societate,
1743 3997 1934 4051 discri-

357 4097 480 4136 men
541 4096 662 4136 esse
713 4081 1004 4148 conspicio.
1072 4081 1310 4137 Primum
1362 4085 1577 4152 quidem
1631 4086 1929 4155 periculum

358 4171 604 4224 imminet
652 4167 916 4232 solitario,
951 4171 1094 4238 quod
1139 4180 1286 4226 certe
1314 4173 1696 4241 gravissimum
1729 4184 1832 4240 est,
1874 4177 1929 4230 in

355 4259 459 4314 hoc
483 4258 624 4328 quod
658 4258 774 4328 ipse
823 4260 924 4315 sibi
962 4259 1158 4330 placet,
1202 4267 1258 4314 et
1291 4261 1504 4315 videtur
1536 4264 1637 4318 sibi
1684 4266 1751 4318 ad
1781 4281 1927 4319 sum-

355 4363 498 4402 mam
520 4347 902 4417 perfectionem
919 4347 1032 4417 jam
1056 4349 1285 4415 venisse,
1314 4358 1369 4404 et
1393 4358 1548 4418 putat
1570 4366 1627 4406 se
1649 4367 1768 4407 esse
1786 4356 1927 4421 quod

354 4454 460 4494 non
491 4448 594 4494 est.
633 4439 746 4495 Hoc
772 4441 916 4495 enim
953 4441 1026 4495 illi
1058 4441 1304 4498 accidere
1333 4442 1487 4507 solet,
1512 4443 1603 4512 qui
1629 4459 1734 4499 non
1769 4445 1929 4501 habet

352 4543 604 4598 cumquo
655 4543 790 4598 opus
833 4545 991 4585 suum
1046 4531 1260 4600 probet.
1311 4531 1384 4586 De
1437 4531 1632 4588 talibus
1657 4533 1800 4587 enim
1853 4535 1960 4601 ait.

350 4619 682 4688 Apostolus:
713 4619 773 4674 Si
802 4621 917 4690 quis
953 4630 1101 4690 putat
1147 4637 1200 4676 se
1244 4621 1442 4692 aliquid
1483 4640 1616 4690 esse,
1642 4641 1759 4679 cum
1799 4626 1929 4679 nihil

349 4714 436 4773 sit,
468 4711 575 4781 ipse
600 4727 654 4765 se
682 4710 882 4764 seducit
907 4710 1050 4792 (ραι.
1081 4728 1158 4776 vi,
1189 4714 1267 4784 5).
1298 4713 1489 4768 Postea
1520 4730 1647 4770 vero
1678 4732 1854 4786 neque
1881 4718 1925 4772 si

352 4808 531 4876 aliqua
571 4807 743 4861 virtus
774 4807 827 4862 in
855 4821 922 4861 eo
952 4807 1212 4872 abundat,
1261 4823 1436 4878 neque
1465 4808 1510 4862 si
1538 4809 1719 4879 aliqua
1761 4810 1922 4876 desit,

349 4898 612 4967 agnoscit.
661 4897 846 4968 Neque
890 4897 1053 4952 etiam
1099 4899 1202 4953 hoc
1244 4900 1386 4968 quod
1431 4901 1560 4954 utile
1607 4910 1709 4968 est,
1751 4917 1926 4972 neque

350 4987 493 5058 quod
518 4987 694 5054 deest,
732 5003 854 5042 eum
886 4975 1030 5044 solus
1057 4989 1151 5053 sit,
1189 4989 1259 5043 ab
1283 4989 1390 5044 alio
1419 4990 1599 5060 aliquo
1623 4992 1793 5060 qumri
1824 5008 1921 5062 po»

350 5084 478 5132 test.
513 5077 776 5148 Denique,
819 5080 911 5135 sed
943 5094 1042 5134 nec
1073 5079 1260 5150 culpas
1287 5079 1504 5148 quidem
1532 5096 1657 5135 suas
1685 5083 1922 5138 autvitia

350 5165 509 5222 facile
555 5168 819 5238 agnoscit,
861 5183 986 5222 eum
1028 5169 1120 5238 qui
1175 5176 1368 5238 arguat
1412 5168 1494 5222 vel
1543 5170 1920 5238 reprehendat,

350 5269 508 5310 nemo
529 5256 620 5311 sit.
655 5255 972 5325 Hujusmodi
1000 5257 1246 5312 solitario
1291 5257 1450 5313 facile
1478 5259 1606 5313 illud
1631 5268 1808 5329 potest
1832 5277 1923 5318 ac~

350 5348 529 5404 cidere
556 5349 698 5418 quod
727 5350 986 5419 scriptum
1009 5358 1093 5406 est
1120 5368 1132 5404 :
1179 5349 1265 5405 Va:
1288 5350 1408 5417 soli,
1435 5351 1558 5422 quia
1580 5369 1696 5406 cum
1721 5355 1920 5408 cecide-

353 5439 442 5502 rit,
473 5455 576 5492 non
615 5439 768 5494 habet
799 5438 1154 5494 sublevantem
1183 5440 1351 5512 (Eccl.
1386 5459 1460 5509 1v,
1491 5441 1600 5514 10).

417 5528 694 5594 Quomodo
720 5546 850 5601 ergo
893 5529 1169 5586 solitarius
1201 5531 1437 5601 seipsum
1483 5535 1550 5589 ad
1579 5550 1743 5604 prava
1783 5535 1923 5590 desi-

350 5621 498 5674 deria
530 5636 636 5675 non
677 5622 971 5691 exercebit,
1021 5622 1290 5677 neminem
1321 5623 1525 5678 habens
1553 5626 1642 5694 qui
1682 5626 1922 5681 videatur

1955 4395 2006 4454 D

2029 1805 2238 1859 duobus
2278 1803 2557 1869 fratribus,
2601 1803 2837 1857 maxime
2867 1819 2992 1858 cum
3043 1802 3302 1859 Dominus
3339 1804 3519 1859 dicat:
3551 1805 3609 1861 Si

2028 1893 2133 1948 duo
2157 1910 2222 1948 ex
2258 1895 2398 1949 vobis
2433 1895 2787 1949 consenserint
2826 1912 2983 1966 super
3008 1905 3224 1962 terram,
3271 1897 3335 1950 de
3379 1899 3522 1950 omni
3560 1915 3612 1952 re

2028 2003 2391 2057 quamcunque
2409 1987 2672 2057 petierint,
2692 1987 2777 2055 ﬁet
2800 1986 2908 2044 illis
2951 2005 2983 2040 a
3008 1985 3168 2041 Patre
3189 2005 3322 2049 meo,
3343 1989 3434 2056 qui
3455 1997 3530 2042 est
3558 1989 3611 2043 in

2029 2075 2170 2128 cwlis
2211 2074 2428 2146 (Matth.
2459 2093 2613 2141 xvm,
2653 2075 2762 2148 i9).
2797 2077 2864 2131 Et
2903 2078 3099 2132 iterum
3141 2078 3282 2132 idem
3328 2079 3479 2148 ipse:
3514 2077 3608 2132 Ubi

2030 2166 2134 2219 duo
2173 2166 2249 2221 vel
2290 2176 2394 2220 tres
2436 2169 2734 2237 congregati
2781 2168 2978 2238 fuerint
3022 2169 3076 2221 in
3123 2169 3328 2222 nomine
3367 2183 3501 2230 meo,
3541 2169 3610 2222 ibi

2029 2275 2146 2312 sum
2183 2258 2236 2311 in
2261 2258 2429 2311 medio
2458 2274 2638 2311 eorum
2671 2257 2857 2330 (Ibid.,
2885 2276 2928 2312 v.
2953 2257 3065 2328 ΞΟ).
3097 2257 3365 2314 Pneterea
3401 2275 3609 2329 quoque

2031 2349 2214 2419 plures
2253 2349 2527 2404 orationes
2557 2349 2664 2404 duo
2708 2363 2968 2419 peragere
2996 2357 3222 2418 possunt
3251 2365 3414 2419 quam
3455 2366 3605 2404 unus.

2034 2439 2208 2493 liabet
2235 2447 2412 2493 autem
2451 2447 2505 2492 et
2532 2438 2636 2491 alia
2671 2438 2988 2508 quamplura
3025 2438 3163 2492 bona
3191 2438 3494 2492 communis
3523 2454 3603 2492 so-

2033 2527 2338 2583 litariorum
2369 2530 2500 2593 vita,
2539 2545 2658 2598 qua:
2695 2545 2802 2584 non
2853 2537 2937 2583 est
2976 2528 3229 2598 possibile
3268 2544 3411 2582 nunc
3451 2530 3605 2583 dinu-

2036 2637 2250 2676 merare
2275 2621 2477 2675 omnia.
2511 2621 2618 2675 Sed
2648 2622 2720 2675 ita
2753 2622 2887 2676 duos
2908 2621 3181 2676 solitarios
3213 2620 3267 2673 in
3290 2636 3456 2674 unum
3494 2634 3605 2674 esse

2035 2710 2283 2775 dicimus,
2317 2717 2376 2762 ut
2403 2727 2558 2774 unus,
2600 2711 2644 2764 si
2675 2711 2840 2765 fuerit
2865 2710 3145 2780 probatus,
3183 2709 3250 2764 ad
3281 2709 3423 2764 hanc
3448 2709 3604 2762 vitam

2035 2799 2416 2870 perfruendam
2449 2817 2557 2856 non
2582 2801 2958 2871 prohibeatur.

2585 2906 2810 2968 CAPUT
2850 2913 3034 2968 XVIII.

2040 3001 2099 3057 Si
2135 3012 2332 3072 oportet
2370 3004 2634 3073 suscipere
2669 3003 2738 3056 ad
2765 3003 3060 3073 solitariam
3095 3007 3254 3059 vitam
3289 3005 3608 3059 suburbanos

2392 3072 2715 3143 presbyteros
2739 3072 2817 3127 vel
2833 3075 3052 3142 juvenes
3083 3082 3254 3128 (crate.

2104 3162 2237 3218 Cum
2268 3163 2364 3217 Dei
2388 3161 2675 3216 clementia
2711 3177 2902 3216 omnes
2928 3173 3083 3217 vocet
3114 3179 3212 3232 per
3255 3163 3402 3218 illam
3429 3164 3605 3235 piissi-

2033 3269 2176 3308 mam
2215 3254 2551 3308 vocationcm
2597 3267 2701 3321 qua
2743 3252 2909 3308 dicit:
2945 3253 3125 3308 Venite
3162 3255 3230 3308 ad
3277 3273 3380 3321 me,
3431 3273 3609 3311 omnes

2031 3343 2121 3413 qui
2164 3342 2414 3396 laboratis
2464 3354 2512 3396 et
2561 3344 2763 3396 onerati
2820 3345 2963 3408 estis,
3022 3355 3069 3398 et
3111 3363 3203 3415 ego
3252 3346 3487 3414 reﬁciant
3528 3366 3610 3402 vos

2035 3434 2248 3505 (Matth.
2296 3449 2372 3498 ιι,
2399 3431 2491 3501 28)
2514 3475 2528 3498 ,
2579 3449 2685 3489 non
2735 3442 2819 3488 est
2849 3433 3051 3504 absque
3089 3436 3402 3490 discrimine
3429 3453 3614 3506 quem-

2032 3528 2177 3598 piam
2217 3526 2283 3580 ad
2313 3526 2591 3581 servitium
2628 3525 2725 3580 Dei
2755 3527 3058 3581 venientem
3094 3528 3346 3599 abjicere.
3379 3529 3608 3584 Verum-

2035 3628 2212 3676 tamen
2256 3633 2430 3689 neque
2463 3619 2666 3688 absque
2695 3618 3044 3674 subtilissima
3072 3620 3391 3688 probatione
3437 3621 3616 3675 indul-

2035 3713 2265 3782 gendum
2293 3718 2374 3766 est
2414 3710 2666 3779 cuiquam
2716 3711 2922 3764 intrare
2953 3710 3009 3763 in
3040 3719 3282 3764 sanctam
3322 3726 3613 3766 conversa-

2035 3802 2232 3856 tionem
2267 3818 2279 3853 :
2313 3799 2406 3855 sed
2432 3800 2571 3855 sicut
2597 3799 2854 3854 Dominus
2883 3797 3140 3868 juvenem
3166 3799 3313 3853 illum
3343 3802 3435 3871 qui
3467 3801 3614 3856 venit

2034 3892 2099 3946 ad
2132 3907 2256 3945 cum
2292 3893 2356 3946 de
2395 3892 2564 3961 priori
2594 3891 2702 3944 vita
2731 3906 2828 3944 sua
2862 3891 3247 3961 interrogavit,
3278 3901 3484 3946 etcum
3523 3908 3613 3946 au-

2033 3985 2199 4039 disset
2248 3984 2373 4054 quia
2420 3993 2567 4038 recte
2620 3992 2892 4037 transacta
2935 3990 3097 4048 esset,
3127 3984 3270 4051 quod
3321 3985 3369 4037 ei
3428 3983 3611 4038 deerat

2032 4077 2288 4147 praecepit
2335 4077 2650 4146 adimplere,
2693 4076 2915 4130 dicens:
2969 4074 3027 4130 Si
3069 4076 3154 4129 vis
3175 4075 3437 4146 perfectus
3479 4093 3608 4140 esse,

2032 4168 2180 4233 vade,
2231 4168 2392 4223 vende
2437 4171 2612 4221 omnia
2655 4185 2773 4238 quae
2825 4168 3022 4232 habes,
3068 4176 3116 4221 et
3173 4168 3242 4221 da
3296 4168 3608 4238 pauperibus

2034 4259 2247 4329 (Matth.
2287 4277 2403 4325 XIX,
2429 4259 2545 4330 21),
2573 4268 2626 4315 et
2649 4260 2723 4314 ita
2747 4255 2960 4314 demum
2985 4260 3147 4330 jussit
3172 4275 3294 4316 eum
3325 4274 3384 4314 se
3414 4258 3564 4328 sequi
3591 4273 3603 4311 :

2035 4350 2109 4404 ita
2133 4365 2260 4421 ergo
2295 4358 2349 4406 et
2374 4366 2471 4405 nos
2498 4358 2712 4419 oportet
2748 4351 2899 4421 prius
2927 4351 3160 4421 probare
3191 4351 3432 4421 spiritus,
3461 4350 3506 4404 si
3539 4367 3600 4403 ex

2032 4444 2143 4500 Deo
2166 4455 2311 4512 sunt,
2341 4455 2395 4500 et
2427 4447 2504 4501 sic
2543 4445 2892 4502 advenientes
2917 4462 3161 4519 quosque
3182 4463 3304 4504 cum
3338 4449 3605 4503 charitate

2032 4540 2100 4594 ad
2121 4539 2213 4593 Dei
2243 4537 2520 4592 servitium
2551 4538 2846 4608 suscipere.

2103 4630 2161 4684 Si
2191 4629 2313 4698 quis
2339 4637 2519 4684 autem
2546 4645 2609 4684 ex
2635 4629 2825 4683 ordine
2853 4628 3194 4683 sacerdotum
3222 4635 3603 4683 extraneorum

2029 4739 2086 4778 se
2109 4722 2308 4793 suscipi
2337 4722 2623 4792 rogaverit,
2655 4721 2728 4775 ita
2753 4729 2814 4774 ut
2835 4721 2903 4776 ad
2923 4720 3222 4775 solitariam
3249 4721 3416 4775 vitam
3436 4736 3604 4791 quan-

2029 4816 2202 4884 doque
2227 4816 2412 4870 venire
2451 4815 2740 4879 desideret,
2768 4829 2873 4868 non
2910 4814 2958 4868 ei
2986 4813 3204 4883 quidem
3229 4813 3388 4868 citius
3419 4829 3604 4868 assem

2028 4907 2211 4961 tiatur.
2246 4905 2448 4959 Tamen
2498 4906 2542 4960 si
2575 4904 2794 4960 omnino
2831 4904 2884 4957 in
2916 4903 3018 4957 hac
3059 4902 3450 4973 supplicatione
3484 4917 3604 4973 per-

2025 4997 2244 5062 stiterit,
2278 4996 2588 5066 recipiatur,
2615 4996 2858 5065 sciatque
2880 5008 2937 5048 se
2959 5008 3176 5049 omnem
3200 4992 3417 5064 Regulae
3444 4993 3605 5048 disci-

2024 5087 2225 5157 plinam
2278 5094 2635 5140 servaturum.
2691 5084 2798 5140 Sed
2861 5099 2930 5138 ne
2989 5082 3129 5138 forte
3182 5083 3304 5152 quis
3350 5081 3604 5138 simulata

2025 5186 2205 5230 mente
2231 5174 2297 5228 ad
2327 5175 2428 5230 hoc
2459 5175 2797 5245 propositum
2820 5173 3004 5228 venire
3024 5181 3316 5243 pertentet,
3353 5172 3606 5242 primitus

2025 5265 2231 5319 duriter
2273 5264 2580 5334 probandus
2620 5271 2722 5318 est.
2765 5263 2918 5330 Quod
2967 5264 3038 5316 ita
3067 5263 3285 5317 demum
3317 5260 3477 5315 facile
3523 5261 3603 5316 di-

2022 5354 2314 5424 gnoscitur,
2357 5354 2404 5408 si
2428 5368 2644 5408 omnem
2681 5354 2920 5408 laborem
2947 5353 3188 5422 corporis
3210 5353 3300 5422 qui
3340 5353 3390 5405 ei
3422 5350 3601 5419 injun-

2020 5444 2164 5514 gitur
2185 5443 2562 5513 aquanimiter
2589 5442 2749 5508 ferat,
2777 5451 2834 5498 et
2855 5443 2922 5497 ad
2948 5443 3303 5496 austeriorem
3333 5441 3500 5493 vitam
3531 5440 3596 5493 li-

2020 5534 2213 5588 benter
2236 5534 2552 5600 inclinetur;
2581 5535 2667 5590 vel
2693 5535 2736 5589 si
2759 5536 2923 5590 etiam
2950 5534 3203 5589 delictum
3227 5533 3421 5602 aliquis
3443 5549 3598 5587 suum

2021 5641 2142 5678 cum
2192 5624 2555 5696 interrogatus
2609 5624 2791 5691 fuerit,
2853 5640 3192 5696 nequaquam
3248 5623 3600 5694 pronuntiare
