3974 6192
245 321 351 376 597

882 319 1111 376 CODEX
1155 322 1606 379 REGULARUM.
1644 355 1712 363 ——
1754 323 1933 377 PARS
1973 322 2034 376 ll.
2082 323 2386 380 REGULIE
2427 325 2530 378 PP.
2573 326 2848 381 ORIENT.

3406 334 3509 388 598

243 430 620 494 confunditur,
644 441 696 486 et
712 432 984 491 medelam
1011 434 1212 501 delicti,
1241 452 1360 506 quae
1382 438 1432 492 ei
1458 437 1698 492 adhibita
1717 436 1831 491 fue-
1861 441 1910 497 A
1937 435 2059 491 dem
2087 437 2247 493 modo
2273 454 2381 509 quo
2410 455 2594 509 supra.
2620 439 2889 495 Praeterea
2914 457 3128 513 quoque
3156 445 3199 500 si
3232 445 3426 514 aliquis
3448 464 3514 505 ex

245 525 342 590 rit,
377 522 674 594 gaudenter
728 531 1007 590 assumat;
1045 527 1158 580 etsi
1193 526 1261 580 ad
1301 543 1518 583 omnem
1563 529 1834 583 humilita—

253 623 370 668 tem
412 615 614 683 alisque
651 615 977 670 verecundia
1025 618 1338 687 inclinatur,
1377 636 1441 676 ac
1476 621 1756 676 vilioribus
1778 630 1834 676 ct

242 706 634 776 abjectioribus
666 707 932 774 artiﬁciis,
963 710 1008 764 si
1047 709 1121 764 ita
1167 712 1305 766 ratio
1329 714 1659 783 poposcerit,
1691 715 1828 769 tradi

242 814 306 857 se
335 814 442 854 non
470 798 768 852 erubuerit.
799 797 932 853 Cum
964 808 1145 856 autem
1165 801 1250 857 his
1267 811 1429 872 atque
1467 804 1590 859 aliis
1615 806 1829 860 exerci-

243 891 337 944 tiis
384 888 647 958 probatus
681 885 864 952 fuerit,
921 888 967 944 si
999 889 1209 945 stabilis
1260 899 1316 946 et
1357 901 1607 963 prompto
1651 895 1832 949 animo

245 980 576 1052 perstiterit,
613 988 740 1034 tunc
767 995 891 1034 eum
918 982 1118 1052 suscipi
1143 983 1315 1039 decet.
1351 984 1435 1040 Sit
1459 995 1662 1052 autem,
1691 988 1832 1043 sicut

241 1087 413 1142 supra
441 1071 649 1126 dictum
681 1079 785 1137 est,
817 1072 952 1128 duos
993 1089 1165 1129 annos
1209 1075 1351 1131 inter
1377 1077 1574 1134 fratres
1620 1080 1671 1133 in
1705 1095 1832 1135 con-

239 1162 576 1232 gregatione,
615 1169 671 1215 et
692 1170 902 1231 postea,
933 1164 977 1218 si
1007 1164 1124 1234 ejus
1150 1165 1398 1222 voluntas
1425 1168 1579 1222 ﬁrma
1613 1185 1829 1225 manse-

241 1255 334 1320 rit,
364 1256 434 1308 ad
463 1255 760 1311 solitariam
790 1258 957 1313 vitam
993 1261 1338 1331 suscipiatur.

313 1343 582 1401 Similiter
603 1363 818 1418 quoque
843 1357 898 1403 et
938 1349 982 1404 si
1013 1353 1312 1407 monachus
1339 1353 1536 1424 aliquis
1587 1358 1828 1428 peregri-

243 1451 351 1490 nus
379 1435 470 1490 vel
499 1436 732 1494 clericus
759 1438 826 1493 de
857 1439 1165 1510 longinquis
1188 1444 1485 1512 provinciis
1515 1461 1834 1516 supervene-

245 1530 339 1596 rit,
366 1538 424 1584 et
445 1543 546 1600 pro
571 1529 759 1584 eadem
782 1546 949 1586 causa
972 1549 1031 1590 se
1054 1534 1255 1605 suscipi
1279 1537 1571 1605 rogaverit,
1596 1553 1695 1608 pro
1707 1539 1833 1593 hos-

242 1621 357 1690 pite
385 1619 741 1690 suscipiatur,
765 1628 817 1676 et
845 1625 1107 1692 probetur
1128 1625 1202 1680 ita
1233 1632 1292 1680 ut
1320 1625 1472 1695 prius
1496 1626 1699 1682 dictum
1725 1635 1828 1683 est.

239 1713 307 1769 Et
336 1714 384 1769 si
413 1720 706 1769 contentus
729 1712 895 1770 fuerit
919 1717 1306 1777 consuetudine
1330 1718 1431 1774 loci
1468 1733 1633 1788 quam
1669 1719 1822 1775 inve-

243 1804 413 1869 nerit,
451 1812 507 1858 et
532 1803 882 1861 stabilitatem
940 1820 1093 1860 suam
1149 1807 1368 1864 ﬁrmare
1402 1807 1656 1871 voluerit,
1717 1824 1823 1864 non

246 1903 511 1950 renuatur
536 1894 654 1964 ejus
677 1895 943 1952 voluntas.
989 1897 1142 1965 Quod
1171 1897 1218 1952 si
1265 1897 1570 1968 superﬂuus
1605 1907 1698 1954 aut
1747 1899 1825 1954 vi-

241 1987 416 2040 tiosus
442 1985 695 2040 inventus
716 1985 878 2040 fuerit
894 1995 1140 2057 tempore
1163 1987 1570 2058 hospitalitatis,
1590 1989 1716 2058 quia
1738 1989 1826 2044 his

241 2077 581 2146 temporibus
606 2077 843 2133 maxime
869 2077 1115 2149 dignosci
1139 2078 1359 2148 poterit,
1390 2095 1498 2134 non
1529 2079 1705 2134 solum
1719 2093 1827 2134 non

241 2169 405 2224 debet
454 2169 643 2238 recipi,
677 2183 863 2224 verum
920 2171 1085 2226 etiam
1137 2171 1350 2225 dicatur
1401 2172 1451 2226 ei
1497 2172 1726 2226 honeste
1771 2179 1831 2226 ut

241 2258 483 2323 recedat,
514 2273 584 2312 ne
612 2259 780 2314 etiam
804 2257 922 2327 ejus
949 2260 1170 2315 miseria
1192 2260 1284 2314 alii
1314 2260 1594 2316 vitientur.
1623 2259 1682 2316 Si
1702 2276 1829 2315 vero

241 2348 368 2403 talis
401 2363 508 2402 non
546 2346 712 2402 fuerit
764 2348 855 2418 qui
914 2356 1188 2403 mereatur
1240 2347 1473 2420 projici,
1517 2349 1830 2404 nullatenus

241 2438 583 2509 projiciatur,
623 2439 717 2495 sed
763 2439 1057 2494 suadentur
1098 2447 1161 2494 ut
1205 2447 1354 2506 stet,
1404 2448 1674 2509 quatenus
1711 2439 1829 2510 ejus

240 2529 491 2600 exemplo
521 2529 613 2584 alii
637 2530 970 2584 erudiantur.
993 2527 1302 2584 Cavendum
1327 2537 1411 2584 est
1432 2537 1612 2584 autem
1635 2544 1704 2584 ne
1732 2528 1833 2582 ali-

241 2621 462 2691 quando
486 2622 554 2676 de
575 2621 682 2675 alio
702 2628 830 2678 noto
854 2621 1184 2676 monasterio
1224 2621 1528 2676 monachus
1555 2621 1624 2676 ad
1677 2619 1831 2675 habi-

244 2711 470 2767 tandum
500 2711 829 2782 suscipiatur
859 2711 976 2766 sine
1011 2725 1280 2768 consensu
1320 2711 1532 2768 abbatis
1573 2711 1692 2783 ejus
1737 2719 1832 2766 aut

240 2803 446 2857 litteris
490 2800 969 2857 commendatitiis.
1023 2802 1100 2856 De
1122 2799 1382 2870 iuvenum
1440 2811 1624 2857 autem
1669 2811 1831 2858 aetate

245 2891 396 2947 nulla
411 2893 740 2964 ambiguitas
767 2899 851 2948 est
869 2908 936 2947 an
965 2893 1132 2963 recipi
1155 2893 1408 2960 debeant,
1431 2911 1554 2950 cum
1570 2894 1832 2950 Dominus

250 2987 322 3041 de
347 2986 431 3041 eis
461 2986 608 3040 dicat
641 3003 654 3039 :
679 2984 846 3040 Sinite
889 2984 1137 3056 parvulos
1163 2987 1336 3041 venire
1357 2987 1426 3041 ad
1470 3003 1552 3041 me
1571 3003 1593 3041 .·
1641 2985 1828 3040 talium

241 3086 320 3131 est
344 3076 483 3130 enim
514 3092 730 3146 regnum
757 3076 1006 3131 caelorum
1034 3075 1250 3148 (Matth.
1283 3093 1342 3142 ιι,
1376 3077 1486 3150 14).
1529 3077 1648 3133 Non
1681 3077 1826 3132 enim

244 3166 412 3223 alicui
461 3167 620 3222 obest
664 3174 796 3222 tetas
827 3168 1071 3236 puerilis,
1116 3168 1162 3223 si
1210 3166 1376 3224 fuerit
1417 3176 1601 3224 mente
1651 3169 1831 3239 perfe-

242 3267 387 3316 ctus.
423 3257 536 3314 Nec
563 3258 752 3315 senilis
781 3259 1030 3329 cuiquam
1074 3259 1322 3330 proderit
1354 3268 1509 3328 aetas,
1569 3261 1618 3317 si
1666 3261 1831 3317 fuerit

246 3364 415 3405 sensu
453 3347 736 3418 parvulus.
790 3348 1070 3405 Perfectus
1113 3351 1261 3406 enim
1310 3351 1532 3416 dicitur,
1580 3366 1689 3406 non
1736 3351 1830 3422 qui

243 3446 429 3503 aetate,
467 3438 564 3492 sed
593 3437 686 3508 qui
731 3453 893 3494 sensu
931 3437 1207 3508 perfectus
1243 3448 1346 3495 est.
1377 3440 1531 3496 Unde
1583 3441 1635 3495 in
1692 3441 1834 3496 libro

250 3527 554 3601 Sapientia:
577 3528 776 3584 dicitur
803 3547 816 3584 :
844 3527 978 3584 Cani
1021 3538 1141 3584 sunt
1171 3539 1346 3585 autem
1369 3547 1555 3586 sensus
1582 3531 1828 3596 hominis,

249 3631 297 3678 et
325 3631 459 3677 tetas
478 3619 758 3675 senectutis
781 3623 886 3673 vita
909 3619 1250 3674 immaculata
1283 3619 1439 3694 (Sap.
1463 3636 1539 3687 Iv,
1577 3621 1655 3692 8).
1693 3620 1834 3675 Nam

247 3723 303 3768 et
325 3713 500 3768 David
526 3727 648 3767 cum
670 3726 805 3782 puer
843 3718 1012 3776 esset,
1040 3721 1094 3767 et
1116 3709 1418 3781 perfectum
1435 3727 1649 3768 sensum
1670 3711 1833 3767 habe-

253 3810 354 3867 ret,
383 3817 418 3856 a
441 3801 672 3857 Domino
707 3802 762 3856 in
791 3815 972 3874 regem
1019 3801 1224 3858 electus
1258 3810 1362 3868 est,
1417 3810 1473 3858 et
1535 3802 1833 3872 prophetia:

253 3892 476 3960 spiritus
499 3891 550 3946 ei
582 3891 822 3947 creditus
843 3899 944 3947 est.
972 3891 1100 3947 Saul
1123 3907 1252 3948 vero
1277 3907 1401 3947 cum
1449 3891 1636 3947 senilis
1681 3899 1830 3946 esset

250 3989 436 4048 aetate,
469 3996 572 4052 pro
597 3997 695 4036 sua
744 3982 987 4053 nequitia
1016 3984 1082 4038 de
1112 3982 1348 4038 culmine
1385 3982 1554 4054 regali
1575 3982 1834 4052 expulsus

249 4082 353 4138 est,
387 4083 443 4127 et
465 4073 702 4143 maligno
734 4075 950 4147 spiritui
975 4075 1206 4131 traditus
1225 4083 1330 4130 est.
1356 4073 1640 4130 Senissimi
1669 4074 1832 4129 etiam

249 4171 408 4218 erant
451 4164 767 4220 sacerdotes
807 4164 885 4219 illi
915 4165 1007 4235 qui
1059 4163 1365 4221 Susannam
1395 4165 1601 4220 violare
1651 4164 1833 4221 conati

251 4266 414 4323 sunt;
444 4264 505 4313 et
535 4255 726 4315 Daniel
775 4257 955 4313 adhuc
1000 4259 1261 4328 puerulus
1297 4267 1419 4314 erat
1463 4259 1554 4328 qui
1599 4273 1694 4314 eos
1737 4273 1834 4314 ore

252 4367 350 4406 suo
379 4351 783 4406 condemnavit.
817 4351 888 4406 Et
911 4351 1175 4406 Dominus
1193 4361 1378 4406 noster
1402 4349 1561 4407 Jesus
1582 4350 1834 4407 Christus

1853 3120 1903 3187 Ο

1936 526 2216 583 catholicis
2241 528 2390 582 venit
2420 530 2486 583 ad
2509 544 2608 585 nos
2638 531 2855 586 dicens:
2899 532 3033 589 Volo
3062 536 3205 603 apud
3248 551 3346 591 vos
3403 555 3518 594 ma-

1935 632 2066 672 nere
2089 616 2306 686 aliquod
2337 619 2572 688 spatium
2597 620 2856 690 temporis
2871 629 2928 676 ut
2951 622 3234 692 proﬁciam
3260 641 3326 681 ex
3339 628 3514 696 vobis,

1933 711 2080 766 illum
2109 712 2272 767 etiam
2319 713 2518 782 suscipi
2562 721 2791 784 oportet,
2832 715 3063 772 Domino
3109 720 3520 787 pronuntiante,

1933 803 2025 872 qui
2051 803 2128 856 ait
2161 821 2173 856 :
2210 802 2428 858 Omnem
2451 805 2520 858 ad
2541 822 2622 859 me
2660 807 2943 862 venientem
2976 826 3079 864 non
3124 811 3333 881 ejiciam
3369 814 3518 882 [oras

1934 896 2117 966 (Joan.
2145 913 2221 960 vt,
2256 897 2369 966 57).
2426 898 2701 954 Interdum
2747 901 2893 955 enim
2938 910 3117 971 potest
3173 903 3290 960 ﬁeri
3331 915 3391 961 ut
3420 923 3518 976 per

1934 995 2142 1054 tempus
2175 987 2444 1055 proﬁciat,
2473 996 2528 1043 et
2553 989 2852 1044 delectetur
2875 991 2924 1046 ei
2954 1007 3280 1061 permanere
3307 996 3362 1050 in
3392 1012 3518 1052 san-

1930 1078 2117 1133 ctitate
2137 1079 2282 1133 vitaz.
2316 1077 2540 1148 Oportet
2567 1088 2746 1135 autem
2772 1096 2870 1136 nos
2901 1081 2955 1136 in
2979 1086 3392 1141 conversatione
3417 1102 3514 1142 no-

1931 1178 2044 1224 stra
2082 1178 2138 1225 et
2185 1170 2466 1243 religione,
2519 1173 2586 1227 de
2632 1188 2737 1242 qua
2790 1171 3040 1228 fortassis
3067 1174 3313 1230 homines
3357 1177 3518 1232 aliter

1930 1263 2244 1331 opinantur,
2287 1273 2443 1318 caute
2470 1272 2524 1318 et
2549 1264 2776 1321 sollicite
2833 1281 3017 1336 agere,
3077 1275 3133 1322 et
3184 1277 3516 1339 praeceptum

1933 1353 2076 1408 illius
2107 1354 2332 1424 implere
2349 1354 2442 1424 qui
2466 1355 2602 1409 dixit
2627 1373 2638 1409 :
2667 1353 2758 1411 Sic
2784 1355 2957 1410 luceat
2986 1357 3081 1412 tua:
3129 1367 3303 1412 vestra
3336 1375 3522 1413 coram

1931 1443 2250 1508 hominibus,
2283 1453 2338 1496 ut
2365 1444 2567 1498 videant
2586 1453 2751 1498 vestra
2779 1444 2911 1498 bona
2940 1457 3182 1516 opera,et
3208 1448 3514 1520 gloriﬁcent

1933 1530 2144 1586 Patrem
2167 1535 2526 1604 vestrum,qui
2557 1534 2612 1588 in
2638 1533 2780 1588 cwlis
2805 1544 2880 1590 est
2917 1534 3134 1605 (Matth.
3169 1538 3392 1610 vu,16).
3431 1540 3510 1594 Ita

1933 1622 2163 1692 denique
2191 1622 2285 1679 ﬁat
2308 1624 2433 1679 utsi
2457 1623 2546 1678 ille
2576 1624 2750 1680 bonus
2789 1633 2844 1680 et
2880 1641 3047 1680 verax
3100 1635 3202 1691 est,
3251 1628 3317 1683 de
3361 1630 3522 1685 nobis

1933 1713 2220 1782 proﬁciat;
2270 1723 2324 1770 et
2374 1715 2418 1770 si
2461 1715 2773 1786 explorator
2793 1725 2850 1771 et
2874 1715 3037 1772 fallax
3063 1728 3168 1784 est,
3194 1719 3517 1777 erubescat“

2520 1823 2750 1880 CAPUT
2777 1825 2918 1879 XIX.

1931 1891 2153 1958 Qualem
2193 1893 2268 1946 vel
2311 1909 2470 1963 quam
2513 1903 2753 1948 sanctum
2782 1905 2982 1965 Oportet
3035 1912 3145 1952 esse
3189 1899 3514 1956 solitarium.

2003 1981 2188 2036 Talem
2217 1996 2348 2052 ergo
2384 1990 2600 2052 oportet
2624 1996 2747 2038 esse
2776 1983 3076 2038 solitarium
3109 1987 3325 2056 qualem
3349 1989 3520 2059 Apos-

1932 2074 2072 2130 tolus
2099 2074 2249 2145 jubet
2272 2073 2389 2130 fore
2415 2075 2750 2144 episcopum,
2779 2077 2870 2131 ubi
2894 2076 2973 2131 ait
3001 2095 3013 2131 ε
3050 2076 3263 2148 Oportet
3311 2082 3518 2152 episco-

1930 2180 2055 2234 pum
2094 2165 2206 2218 sine
2252 2163 2473 2218 crimine
2509 2181 2621 2220 esse
2660 2163 2788 2237 (Tit.
2829 2182 2869 2230 ι,
2898 2166 2976 2238 7).
3023 2166 3288 2226 Similiter
3337 2179 3526 2226 autem

1931 2263 1986 2310 et
2013 2255 2314 2312 solitarium
2352 2265 2570 2326 oportet
2612 2272 2736 2312 esse
2763 2259 2879 2314 sine
2923 2261 3185 2326 crimine;
3222 2278 3332 2316 non
3385 2278 3515 2332 pro-

1934 2354 2165 2410 tervum,
2191 2361 2298 2400 non
2330 2347 2650 2402 iracundum
2671 2356 2727 2402 et
2755 2348 3112 2416 vinolentum,
3143 2367 3257 2406 non
3280 2352 3526 2406 multum

1931 2439 2176 2505 edacem,
2209 2455 2314 2494 non
2342 2454 2742 2509 percussorem,
2770 2458 2878 2497 non
2906 2442 3218 2512 bilinguem,
3244 2459 3352 2498 non
3383 2460 3514 2501 ueoo

1931 2529 2190 2599 phytum,
2247 2543 2354 2582 non
2406 2529 2581 2599 turpis
2627 2528 2766 2585 lucri
2823 2532 3201 2602 appetitorem.
3269 2533 3525 2590 Primum

1933 2621 2118 2690 itaque
2143 2621 2288 2690 quod
2321 2620 2555 2676 dicimus
2587 2622 2705 2678 sine
2744 2623 2972 2679 crimine
3012 2639 3133 2680 esse
3187 2625 3523 2691 solitarium,

1933 2724 2039 2764 non
2082 2709 2158 2763 ita
2197 2708 2605 2779 intelligendum
2655 2720 2828 2767 estut
2865 2714 2910 2767 si
2939 2720 3064 2768 ante
3103 2717 3514 2772 conversionem

1933 2799 2152 2869 aliquod
2179 2800 2384 2854 crimen
2426 2800 2712 2868 habuerat,
2758 2803 2827 2858 ad
2859 2802 3160 2858 solitariam
3206 2804 3371 2860 vitam
3408 2822 3526 2862 non

1935 2888 2254 2958 recipiatur,
2276 2904 2400 2944 cum
2425 2889 2542 2961 ipso
2563 2893 2844 2962 proposito
2870 2907 2968 2964 pro
2995 2900 3120 2948 ante
3151 2894 3390 2951 admisso
3403 2913 3520 2953 sce—

1935 2978 2048 3034 lere
2072 2979 2452 3049 paanitentiam
2477 2996 2641 3052 agere
2663 2982 2874 3052 possit;
2939 2983 3035 3038 sed
3061 2983 3142 3040 sic
3181 2983 3384 3040 dictum
3412 2997 3518 3052 est,

1939 3080 1998 3126 ut
2052 3085 2121 3125 ex
2154 3084 2220 3126 eo
2281 3078 2522 3142 tempore
2565 3087 2674 3142 quo
2721 3073 2776 3128 in
2837 3073 3083 3128 solitaria
3133 3074 3243 3129 vita
3295 3092 3527 3132 manere

1933 3159 2132 3229 cepit,
2181 3158 2327 3213 nulla
2381 3161 2592 3230 peccati
2642 3161 2976 3216 conscientia
3032 3159 3351 3217 mordeatur
3383 3178 3398 3217 :
3427 3165 3520 3234 qui

1933 3253 2077 3306 enim
2111 3251 2242 3306 vitia
2274 3267 2384 3307 non
2419 3253 2606 3320 habet,
2635 3254 2754 3310 sine
2781 3254 3014 3310 crimine
3033 3261 3138 3310 est.
3168 3254 3340 3311 Omne
3371 3258 3530 3312 enim

1933 3347 2142 3399 crimen
2170 3353 2455 3415 peccatum
2488 3353 2607 3409 est,
2635 3347 2729 3400 sed
2771 3360 2934 3402 omne
2978 3356 3260 3416 peccatum
3307 3349 3526 3404 crimen

1932 3449 2043 3489 non
2071 3441 2176 3489 est.
2213 3433 2280 3488 Et
2311 3434 2434 3490 ideo
2463 3434 2579 3490 sive
2619 3435 2918 3502 solitarius,
2941 3436 3057 3491 sive
3091 3437 3320 3506 quilibet
3359 3439 3532 3503 alius,

1933 3528 2052 3582 sine
2077 3527 2308 3583 crimine
2335 3543 2457 3583 esse
2482 3534 2678 3597 potest,
2707 3527 2825 3584 sine
2853 3536 3079 3598 peccato
3102 3544 3378 3598 nunquam
3396 3545 3526 3585 esse

1932 3627 2131 3688 potest.
2171 3618 2466 3688 Sequitur:
2496 3617 2621 3672 Non
2657 3627 2980 3688 protervum,
3029 3618 3084 3672 id
3139 3627 3242 3684 est,
3271 3635 3382 3675 non
3428 3635 3520 3674 su-

1933 3711 2161 3782 perbum
2190 3725 2314 3766 eum
2344 3724 2466 3765 esse
2499 3716 2735 3780 oportet,
2787 3724 2856 3764 ne
2902 3708 3076 3765 elatus
3123 3710 3326 3765 incidat
3361 3711 3416 3765 in
3440 3710 3521 3766 la-

1934 3815 2133 3870 queum
2187 3799 2406 3854 diaboli.
2467 3798 2588 3853 Non
2631 3798 2992 3853 iracundum:
3023 3799 3317 3855 iracundus
3371 3799 3520 3856 enim

1935 3899 2037 3958 est,
2070 3891 2165 3961 qui
2189 3903 2406 3959 semper
2431 3889 2704 3954 irascitur,
2735 3897 2788 3943 et
2815 3889 2882 3944 ad
2926 3887 3101 3944 levem
3151 3890 3520 3959 responsionis

1936 3981 2327 4052 auram,.quasi
2358 3995 2388 4034 a
2443 3989 2606 4035 vento
2656 3978 2846 4035 folium
2892 3988 3285 4037 commovetur.
3329 3980 3522 4051 Neque

1937 4087 2066 4128 vero
2098 4072 2191 4142 qui
2221 4069 2511 4142 aliquando
2538 4069 2816 4136 irascitur,
2841 4069 3134 4127 iracundus
3156 4079 3271 4138 est,
3290 4072 3384 4128 sed
3425 4071 3524 4127 ille-

1936 4163 2137 4220 dicitur
2162 4163 2473 4230 iracundus,
2502 4163 2596 4234 qui
2631 4161 2822 4218 crebro
2848 4163 2953 4218 hac
2995 4164 3251 4234 passione
3294 4180 3520 4236 supera-

1938 4263 2045 4310 tur.
2080 4255 2201 4310 Non
2226 4253 2566 4321 vinolentum,
2582 4262 2653 4310 et
2683 4269 2792 4309 non
2823 4254 3053 4324 multum
3108 4257 3335 4313 edacem
3392 4273 3518 4313 eum

1938 4363 2059 4405 esse
2088 4347 2354 4414 dicimus;
2389 4347 2518 4418 quia
2548 4346 2640 4402 ubi
2691 4346 2928 4401 ebrietas
2974 4355 3032 4402 et
3060 4347 3228 4402 nimia
3277 4347 3522 4405 edacitas

251 4456 532 4512 ingressus
560 4439 992 4511 Hierosolymam
1016 4456 1045 4494 a
1079 4440 1321 4510 parvulis
1359 4441 1699 4497 collaudatur
1720 4449 1775 4494 et
1803 4455 1833 4493 a
1860 4470 1914 4530 Β
1940 4438 2128 4504 fuerit,
2154 4437 2230 4492 ibi
2254 4436 2422 4492 libido
2445 4436 2756 4530 dominatur
2799 4443 2854 4490 et
2881 4434 3050 4492 furor.
3075 4435 3228 4492 Solet
3261 4437 3407 4492 enim
3431 4437 3519 4492 ille

251 4531 564 4586 senioribus
593 4537 780 4600 postea
810 4529 1172 4601 cruciﬁgitur.
1204 4529 1339 4586 Nam
1370 4538 1426 4586 et
1459 4531 1646 4596 arbor,
1698 4529 1837 4585 mul-

253 4631 432 4676 torum
467 4620 599 4676 licet
644 4636 913 4676 annorum
943 4621 1035 4686 sit,
1072 4622 1174 4676 nisi
1199 4619 1474 4676 fructuosa
1504 4620 1690 4686 fuerit,
1712 4622 1836 4676 abs-

252 4711 538 4777 cindetur;
565 4711 612 4766 si
632 4717 812 4766 tamen
827 4710 1037 4766 novella
1054 4709 1238 4775 fuerit,
1261 4709 1453 4766 fertilis
1467 4719 1524 4766 et
1540 4711 1836 4775 fructuosa,

253 4802 430 4872 magis
451 4801 671 4867 colitur,
696 4809 756 4855 ut
783 4801 1092 4856 uberiorem
1117 4800 1359 4870 proferat
1389 4799 1646 4855 fructum.
1668 4798 1840 4855 Omne

254 4903 438 4948 autem
470 4900 683 4963 tempus
713 4909 744 4947 a
773 4893 946 4964 prima
967 4902 1128 4948 attate
1168 4900 1530 4962 opportunum
1556 4907 1677 4948 esse
1707 4893 1842 4948 dici-

256 4998 378 5038 mus
430 4982 502 5036 ad
559 4982 963 5053 suscipiendum
1017 4983 1254 5052 aliquem
1305 4982 1362 5036 in
1420 4981 1724 5037 eruditione
1784 4992 1838 5038 et

257 5074 454 5129 timore
494 5073 612 5130 Dei.
654 5075 733 5130 Ex
761 5091 827 5131 eo
851 5085 1033 5131 tamen
1078 5076 1231 5130 ﬁrma
1274 5075 1380 5131 erit
1431 5073 1700 5146 professio
1729 5077 1838 5132 vir-

256 5166 505 5236 ginitatis
532 5207 548 5232 ,
589 5181 655 5221 ex
698 5182 807 5238 quo
843 5167 960 5238 jam
996 5168 1223 5237 quisque
1260 5167 1476 5223 adultus
1515 5165 1720 5233 fuerit,
1769 5183 1833 5222 ex

256 5269 366 5323 quo
405 5255 584 5311 solent
621 5257 908 5313 saeculares
934 5258 1138 5328 nuptiis
1175 5266 1297 5328 apte
1339 5258 1610 5329 deputari.
1659 5256 1833 5312 Adhi-

255 5347 376 5403 beri
399 5359 584 5406 autem
609 5352 690 5407 eis
737 5361 951 5422 oportet
1000 5368 1270 5408 summam
1319 5353 1677 5424 diligentiam,
1727 5367 1838 5421 quo

257 5442 476 5511 possint
517 5442 586 5498 ad
629 5459 790 5500 omne
849 5446 1067 5502 virtutis
1108 5446 1428 5501 exercitium
1485 5444 1843 5515 probabiliter

257 5529 498 5590 iusﬁtui.
532 5535 654 5590 Sint
681 5545 862 5592 autem
886 5538 940 5592 in
973 5539 1086 5608 ipsa
1127 5538 1454 5608 pulsatione,
1503 5553 1611 5606 quo
1653 5553 1838 5607 supra,

262 5641 438 5698 usque
461 5629 529 5683 ad
560 5629 884 5699 praaﬁnitum
932 5639 1142 5701 tempus
1172 5631 1400 5686 duorum
1451 5645 1738 5695 annorum,
1791 5639 1844 5684 et

268 5721 316 5774 si
341 5721 575 5776 viriliter
600 5737 662 5776 ac
685 5721 954 5778 ferventer
979 5723 1347 5793 perstiterint,
1379 5722 1710 5792 recipiantur
1747 5737 1841 5777 co-

1939 4529 2033 4598 qui
2063 4528 2150 4584 his
2178 4527 2387 4583 duobus
2428 4525 2576 4581 vitiis
2599 4523 2765 4581 fuerit
2790 4533 3107 4596 occupatus,
3157 4534 3349 4582 contra
3395 4542 3518 4597 gra-

1940 4621 2125 4677 vitatis
2154 4620 2407 4676 decorem
2431 4618 2484 4673 in
2508 4617 2622 4674 risu
2643 4632 2832 4673 vocem
2855 4619 3114 4683 exaltare,
3147 4625 3204 4672 et
3228 4617 3385 4672 labiis
3412 4618 3522 4672 dis-

1941 4714 2133 4771 solutis
2185 4712 2420 4782 turpiter
2475 4711 2824 4766 cachinnare.
2865 4709 2989 4764 Non
3035 4724 3410 4781 percussorem,
3466 4708 3524 4762 id.

1942 4815 2026 4862 est
2088 4820 2195 4860 non
2226 4802 2385 4858 facile
2411 4817 2632 4856 manum
2662 4803 2909 4874 porrigat
2932 4803 2999 4857 ad
3023 4802 3358 4857 caedendum.
3409 4799 3520 4855 Sed

1944 4912 2054 4953 non
2079 4896 2153 4950 ita
2176 4894 2382 4948 dictum
2414 4899 2517 4957 est,
2551 4901 2609 4946 ut
2631 4893 2677 4946 si
2704 4892 3025 4962 discipulum
3057 4891 3326 4954 habuerit,
3353 4899 3408 4946 ct
3440 4888 3520 4942 fa-

1942 4987 2116 5043 cultas
2140 4983 2472 5056 permiserit,
2497 4997 2602 5037 non
2626 4983 2713 5051 pie
2738 4984 3075 5046 verberetur,
3112 4996 3234 5036 cum
3264 4980 3517 5036 Salomon

1943 5077 2087 5133 dicat
2127 5094 2138 5128 :
2176 5074 2373 5129 Latera
2423 5086 2716 5142 puerorum
2758 5071 2926 5140 virgis
2985 5071 3200 5126 assidue
3248 5072 3521 5127 tundenda

1943 5178 2091 5234 sunt,
2136 5182 2204 5223 ne
2254 5167 2606 5222 indurescant
2649 5161 2834 5233 (Prov.
2878 5178 3038 5228 nm,
3087 5163 3196 5232 l5).
3244 5163 3350 5218 Sed
3399 5163 3520 5218 ideo

1943 5260 2144 5316 dictum
2159 5265 2243 5312 est
2267 5264 2328 5311 ut
2347 5256 2395 5311 is
2413 5255 2505 5326 qui
2527 5260 2844 5308 mansuetus
2871 5261 2927 5307 et
2947 5253 3157 5323 patiens
3182 5269 3307 5309 esse
3335 5254 3518 5319 debet,
3548 5281 3559 5292 -

1943 5367 2012 5407 ne
2049 5351 2103 5406 in
2125 5365 2188 5405 os
2233 5348 2456 5402 alterius
2513 5345 2600 5401 vel
2645 5353 2806 5414 caput
2855 5345 3249 5400 verberandum
3300 5345 3520 5402 insanus

1945 5450 2210 5513 erumpat.
2239 5441 2361 5495 Non
2389 5438 2671 5508 bilinguem
2699 5451 2822 5491 eum
2844 5451 2965 5492 esse
2998 5445 3231 5507 oportet.
3277 5453 3346 5493 ne
3392 5453 3522 5494 eon-

1948 5537 2130 5591 turbet
2150 5533 2414 5589 habentes
2445 5545 2656 5601 pacem.
2687 5527 2810 5582 Non
2846 5528 3179 5599 neophytum,
3212 5544 3280 5586 ne
3320 5531 3524 5586 incidat

1947 5627 2002 5682 in
2027 5627 2277 5694 laqueum
2304 5622 2523 5685 diaboli,
2571 5620 2698 5675 dum
2748 5620 2956 5674 nesciat
2999 5636 3303 5691 prmcavere
3350 5630 3524 5676 tenta-

1951 5727 2127 5774 mcnta
2156 5716 2379 5772 inimici.
2406 5714 2622 5784 Ignorat
2645 5727 2692 5769 ex
2714 5715 2787 5771 im
2815 5722 3224 5769 momentaneus
3247 5713 3524 5768 solitarius
