3974 6192
432 326 536 382 599

1413 327 1470 381 S.
1514 324 1876 382 BENEDICTI
1915 324 2204 382 ABBATIS
2242 328 2648 386 ANIANENSlS

3558 339 3659 395 000

427 441 784 498 humilitatem
809 450 864 496 et
901 442 1387 498 mansuetudinem.
1420 443 1635 513 lgnorat
1662 444 1826 497 etiam
1850 441 1986 497 divi-
2018 441 2063 499 Α
2094 441 2457 512 insipientium
2489 460 2629 515 szepe
2646 445 2976 517 demergere.
3011 447 3208 503 Deinde
3246 458 3306 504 ut
3365 452 3660 508 advenien-

421 533 526 587 tias
552 531 732 586 saeculi
759 539 1140 595 contemnere;
1169 532 1382 602 ignorat
1413 532 1761 602 semetipsum
1812 532 1989 602 despi-

421 637 564 678 cere.
591 622 706 676 Non
727 621 1013 692 jejunavit,
1047 638 1151 677 non
1178 622 1343 689 flevit,
1373 640 1478 679 non
1501 638 1678 678 mores
1705 639 1832 678 suos
1848 639 1989 694 smpe

422 713 785 781 reprehendit,
810 728 915 766 non
947 713 1162 767 assidua
1205 714 1557 768 meditatione
1613 715 1865 770 correxit.
1913 714 1989 769 De

421 803 676 857 cathedra
699 804 843 857 enim
873 802 1196 858 transfertur
1220 805 1285 858 ad
1298 804 1630 868 cathedram,
1655 803 1721 858 de
1736 805 1986 874 superbia

421 893 486 946 ad
517 894 845 962 superbiam.
878 893 1003 948 Non
1032 895 1197 964 turpis
1236 895 1370 948 lucri
1405 899 1764 965 appetitorem,
1814 911 1884 951 ne
1921 897 1988 950 de

421 983 641 1052 servitio
665 983 760 1038 Dei
789 983 939 1038 lucra
969 990 1181 1037 terrena
1203 992 1427 1052 quaerat.
1453 983 1647 1052 Turpis
1670 984 1806 1039 lucri
1829 999 1990 1054 appe-

422 1073 540 1126 titio
566 1082 648 1128 est
684 1074 804 1142 plus
831 1074 897 1128 de
920 1074 1277 1143 praesentibus
1311 1089 1473 1144 quam
1514 1075 1582 1129 de
1599 1073 1794 1129 futuris
1843 1077 1990 1146 cogi-

421 1175 578 1218 tare:
610 1165 882 1219 solitarius
917 1165 1063 1220 enim
1112 1164 1318 1220 habens
1371 1165 1572 1220 victum
1613 1175 1669 1219 et
1711 1166 1986 1232 vestitum,

419 1255 502 1308 his
525 1262 732 1308 tantum
764 1262 1048 1310 contentus
1069 1270 1189 1310 esse
1211 1256 1390 1310 debet.
1411 1255 1564 1311 Unde
1579 1256 1653 1310 ait
1667 1256 1985 1326 Apostolus:

419 1351 524 1414 Qui
551 1351 709 1404 altari
743 1351 995 1413 serviunt,
1026 1350 1089 1402 de
1119 1347 1278 1402 altari
1308 1349 1477 1402 vivant
1507 1348 1556 1418 (1
1587 1349 1712 1403 Cor.
1765 1365 1845 1416 Ix,
1876 1349 1985 1420 15).

423 1442 632 1507 Vivont,
666 1443 860 1511 inquit,
896 1450 1100 1506 etnon,
1134 1441 1326 1495 divites
1368 1439 1518 1494 flant.
1551 1439 1774 1509 Oportet
1800 1449 1859 1495 ut
1883 1456 1988 1496 non

413 1536 489 1590 ait
517 1535 855 1589 turbulentus
882 1545 936 1589 et
957 1537 1171 1600 anxius,
1201 1549 1308 1590 non
1337 1534 1408 1589 sit
1435 1534 1633 1589 nimius
1669 1541 1727 1588 et
1751 1533 1991 1590 obstina-

421 1635 507 1682 tus
537 1639 681 1680 :non
711 1625 782 1678 sit
826 1625 1103 1696 zelotypus
1145 1633 1201 1680 et
1248 1625 1408 1679 nimis
1464 1625 1818 1695 suspiciosus,
1865 1626 1990 1695 quia

2091 532 2222 586 tium
2245 535 2597 602 quorumdam
2633 537 2792 590 corda
2814 538 3022 591 arentia
3038 539 3426 607 proximorum,
3443 542 3662 600 fluentis

2089 623 2219 678 rivis
2241 624 2501 680 doctrinae
2522 626 2695 681 valeat
2735 627 2982 698 irrigare.
3019 627 3152 683 Nam
3179 632 3296 686 etsi
3326 647 3463 701 quos
3496 635 3663 692 habet

2088 715 2396 784 discipulos,
2448 715 2650 772 affatim
2675 719 2844 787 possit
2866 719 3131 775 instruere
3169 736 3280 776 eos.
3313 721 3372 777 In
3400 724 3488 780 bis
3508 727 3656 782 deni-

2087 819 2212 872 que,
2245 811 2301 859 et
2328 805 2381 858 in
2405 803 2525 860 aliis
2552 806 2879 874 quibuslibet
2920 808 3102 874 rebus,
3133 810 3357 866 scientia
3414 811 3663 885 Scriptu-

2088 908 2271 947 rarum
2300 893 2455 949 valde
2479 895 2722 951 solitario
2749 899 3052 953 necessaria
3090 908 3200 965 est;
3229 902 3355 970 quia
3393 904 3437 957 si
3467 906 3515 959 ei
3544 913 3656 961 tan-

2087 991 2202 1036 tum
2227 983 2298 1038 sit
2326 991 2512 1038 sancta
2542 985 2672 1050 vita,
2709 985 2811 1040 sibi
2838 987 2936 1041 soli
2983 989 3240 1056 prodesse
3285 999 3464 1061 potest
3517 994 3660 1064 quod

2088 1081 2274 1128 sancte
2295 1073 2448 1128 vivit.
2487 1073 2656 1128 Porro
2685 1082 2740 1129 et
2782 1075 2828 1129 si
2877 1075 3124 1130 doctrina
3180 1077 3342 1134 fuerit
3390 1083 3652 1152 eruditus,

2087 1168 2267 1229 potest
2285 1169 2511 1216 caeteros
2535 1176 2777 1233 quosque
2811 1164 3073 1232 imbuere,
3106 1179 3163 1222 et
3191 1169 3502 1238 hiereticos,
3546 1174 3659 1228 sive

2086 1249 2318 1317 Judmos,
2353 1267 2446 1306 seu
2470 1253 2606 1308 alios
2634 1255 2906 1323 quoslibet
2926 1257 3263 1314 adversarios
3307 1272 3655 1331 repercutere

2088 1345 2170 1399 vel
2200 1344 2465 1411 refutare;
2487 1346 2578 1415 qui
2604 1347 2708 1401 nisi
2737 1347 2953 1402 refutati
2981 1347 3181 1403 fuerint
3207 1358 3367 1419 atque
3393 1353 3648 1418 convicti,
3744 1350 3747 1351 ⁷

2088 1435 2244 1490 facile
2264 1447 2488 1507 possunt
2509 1437 2834 1508 simplicium
2885 1439 3049 1494 corda
3095 1448 3424 1508 pervertere.
3488 1441 3658 1511 Hujus

2089 1536 2268 1583 autem
2293 1543 2472 1583 sermo
2499 1529 2659 1584 debet
2679 1545 2799 1584 esse
2823 1545 3012 1600 purus,
3055 1531 3282 1602 simplex
3306 1541 3362 1588 et
3406 1546 3650 1603 apertus,

2088 1618 2278 1689 plenus
2310 1620 2570 1690 gravitate
2589 1629 2645 1675 et
2669 1621 2979 1687 honestate;
3003 1621 3193 1691 plenus
3220 1625 3502 1690 suavitate,
3531 1642 3653 1696 gra-

418 1715 723 1788 hujusmodi
767 1713 1043 1771 solitarius
1078 1731 1355 1784 nunquam
1403 1716 1710 1784 requiescit.
1751 1715 1868 1770 Non
1920 1717 1992 1771 sit
2028 1786 2053 1788 Α
2091 1711 2294 1780 tiaque,
2317 1719 2373 1766 et
2393 1711 2634 1767 lenitate.
2659 1712 2831 1783 ipsius
2865 1729 3098 1785 namque
3149 1715 3381 1785 speciale
3421 1715 3656 1772 officium

415 1786 578 1864 etiam
630 1823 1003 1862 murmurosus
1023 1849 1037 1875 ,
1097 1809 1354 1876 quoniam
1409 1807 1668 1877 scriptum
1720 1815 1805 1862 est
1848 1808 1991 1876 quod
2023 1786 2066 1844 Β
2095 1808 2179 1853 est
2205 1807 2442 1855 tractare
2465 1801 2531 1855 de
2567 1802 2826 1873 mysterio
2849 1802 3001 1873 legis,
3031 1803 3100 1859 de
3144 1806 3386 1860 doctrina
3410 1806 3560 1873 ﬁdei,
3589 1807 3659 1864 de

417 1905 819 1952 murmurantes
846 1913 877 1951 a
908 1898 1246 1968 serpentibus
1280 1898 1577 1966 perierunt.
1635 1895 1751 1950 Non
1783 1896 1858 1950 sit
1899 1896 1990 1950 de-

421 1999 647 2055 tractor,
677 1996 898 2060 pr0ptcr
922 1989 1027 2042 hoc
1047 1987 1189 2057 quod
1222 1988 1481 2056 scriptum
1503 1995 1612 2042 est:
1635 1985 1742 2051 Qui
1764 1986 1989 2041 detrahit

423 2083 641 2151 fratrem
664 2098 817 2136 suum
841 2081 1197 2136 eradicabitur
1218 2079 1266 2152 (1
1291 2079 1414 2135 Cor.
1441 2079 1518 2150 x).
1546 2079 1662 2135 Non
1684 2081 1866 2135 odium
1894 2081 1992 2135 ha-

420 2176 545 2229 beat
571 2175 626 2228 in
655 2175 840 2240 corde,
867 2173 994 2244 quia
1022 2173 1285 2242 scriptum
1327 2179 1410 2227 est
1437 2191 1450 2225 ε
1483 2170 1587 2238 Qui
1617 2171 1726 2226 odit
1773 2171 1990 2241 fratrem

419 2281 593 2331 suum,
620 2263 884 2318 homicida
907 2273 980 2318 est
1005 2263 1056 2332 (1
1081 2264 1242 2318 Joan.
1269 2279 1350 2328 ιιι,
1384 2263 1492 2333 l5).
1522 2261 1637 2318 Non
1667 2263 1741 2318 sit
1785 2263 1991 2316 vanilo-

421 2367 582 2422 quus,
603 2354 727 2423 quia
753 2355 1012 2422 scriptum
1038 2362 1123 2409 est
1148 2371 1161 2407 :
1194 2351 1360 2408 Omne
1375 2353 1581 2408 verbum
1607 2353 1830 2406 otiosum
1852 2353 1990 2423 quod

419 2444 580 2498 locuti
606 2443 799 2514 fuerint
839 2444 1090 2505 homines,
1131 2442 1345 2497 reddent
1373 2443 1438 2496 de
1459 2459 1518 2496 eo
1548 2442 1803 2496 rationem
1826 2442 1880 2496 in
1905 2442 1991 2496 die

411 2533 604 2603 judirii
626 2531 958 2605 (Mettium,
996 2534 1108 2605 56).
1137 2533 1252 2588 Non
1295 2532 1367 2587 sit
1397 2532 1568 2602 piger,
1615 2542 1837 2602 propter
1889 2531 1992 2587 hoc

317 2667 330 2675 .
418 2626 560 2696 quod
587 2627 846 2697 scriptum
872 2635 984 2683 est:
1004 2626 1161 2682 Serve
1197 2625 1334 2681 male
1367 2635 1416 2680 et
1450 2626 1614 2696 piger,
1642 2634 1747 2679 etc.
1772 2623 1986 2696 (Matth.

419 2732 544 2781 xxv,
566 2716 679 2788 26).
708 2717 824 2773 Non
847 2717 922 2772 sit
947 2717 1341 2782 somnolentus,
1363 2730 1465 2770 nec
1501 2715 1621 2770 aliis
1661 2715 1989 2784 quibuslibet

415 2809 564 2864 vitiis
591 2811 1198 2880 substratus,qnatenus
1227 2808 1548 2864 ﬁducialiter
1574 2807 1772 2862 audeat
1808 2808 1990 2865 dicere

416 2917 538 2956 cum
553 2900 822 2971 Propheta
839 2919 851 2954 :
871 2901 978 2955 Ero
1002 2899 1368 2955 immaculatus
1395 2916 1572 2955 coram
1596 2900 1726 2965 Deo,
1745 2909 1793 2954 et
1816 2900 1990 2954 obser-

418 2991 548 3046 vabo
587 3007 669 3044 me
705 2990 770 3044 ab
813 2992 1086 3062 iniquitate
1107 3007 1222 3045 mea
1253 2988 1424 3062 (Psal.
1457 3005 1590 3055 xvii,
1621 2991 1733 3061 24).
1780 2989 1988 3046 Hucus-

419 3097 525 3150 que
549 3081 723 3151 qualis
751 3098 857 3137 non
892 3081 1054 3136 debet
1100 3096 1221 3136 esse
1264 3082 1358 3135 Dei
1411 3097 1598 3137 servus
1632 3081 1983 3146 ostendimus,

417 3188 561 3228 nunc
581 3171 754 3242 qualis
782 3186 902 3226 esse
936 3171 1130 3226 debeat
1156 3170 1420 3226 dicamus.
1449 3171 1544 3225 Dei
1569 3178 1748 3225 autem
1771 3186 1984 3225 servum

415 3269 627 3332 oportet
649 3275 768 3315 esse
795 3259 1066 3330 pudicum,
1091 3259 1146 3315 id
1172 3267 1275 3327 est,
1300 3276 1329 3315 a
1356 3261 1577 3316 libidine
1600 3263 1986 3328 continentem,

415 3361 564 3418 ct,ut
585 3352 658 3406 ita
681 3351 930 3417 dixerim,
957 3350 1009 3406 in
1037 3358 1243 3405 tantum
1279 3367 1401 3406 eum
1424 3352 1568 3406 inter
1598 3361 1822 3408 cunctos
1836 3369 1988 3424 opor-

417 3454 495 3501 tet
522 3460 643 3501 esse
665 3445 1012 3509 eminentem,
1038 3440 1098 3498 ut
1123 3459 1230 3498 non
1253 3443 1425 3498 solum
1452 3444 1518 3500 ab
1546 3459 1709 3514 opere
1754 3445 1987 3500 immun-

415 3539 484 3593 do
512 3551 572 3592 se
598 3535 887 3603 abstineat,
918 3551 1106 3591 verum
1131 3535 1294 3590 etiam
1310 3542 1365 3589 et
1387 3549 1416 3588 a
1434 3535 1779 3606 cogitationis
1800 3550 1988 3591 errore

414 3643 567 3684 mens
595 3627 713 3698 ejus
736 3629 806 3683 sit
835 3629 1024 3684 libera.
1043 3627 1270 3696 Oportet
1283 3627 1447 3682 etiam
1476 3642 1598 3682 eum
1613 3641 1734 3682 esse
1757 3627 1985 3698 justum,

415 3729 684 3787 sanctum,
706 3721 1095 3784 continentem,
1127 3719 1505 3782 abstinentem,
1533 3719 1988 3789 hospitalem,bo-

415 3829 609 3869 norum
631 3827 854 3882 operum
877 3820 1194 3876 amatorem,
1225 3812 1558 3877 modestum,
1588 3811 1826 3866 sobrium
1846 3852 1860 3877 ,
1894 3827 1989 3883 pa-

414 3905 657 3970 tientem,
681 3904 992 3974 benignum,
1015 3902 1295 3969 humilem,
1313 3901 1715 3966 charitativum,
1739 3902 1988 3957 obedien-

417 4006 559 4062 tem;
597 4005 652 4050 et
677 4011 785 4050 non
809 3994 980 4050 solum
1001 4010 1030 4048 a
1053 3994 1235 4064 pravis
1263 3993 1474 4048 actibus
1505 4006 1563 4046 se
1586 3991 1874 4057 abstineat,
1897 4006 1988 4046 ve-

415 4101 535 4140 rum
555 4085 718 4139 etiam
745 4085 812 4137 ab
841 4083 1001 4146 oculi,
1029 4094 1086 4137 et
1111 4084 1288 4147 verbi,
1334 4091 1391 4137 et
1408 4083 1752 4152 cogitationis
1793 4083 1989 4137 instin-

413 4183 501 4227 ctu
529 4186 587 4227 se
622 4171 914 4236 contineat,
945 4178 1001 4225 et
1024 4171 1102 4225 sic
1139 4171 1229 4225 flat
1257 4179 1315 4226 ut
1343 4173 1468 4226 dum
1496 4173 1700 4227 nullum
1727 4173 1780 4227 in
1815 4188 1872 4228 se
1902 4173 1984 4228 vi-
2013 4185 2018 4192 '

418 4265 548 4317 tium
573 4277 799 4333 regnare
822 4261 1106 4333 permittit,
1125 4261 1417 4332 impetrare
1435 4262 1574 4332 apud
1594 4263 1759 4317 Deum
1775 4265 1984 4318 veniam

415 4371 514 4426 pro
539 4355 651 4410 suis
681 4354 1105 4424 pepulorumque
1139 4352 1470 4408 facinoribus
1499 4353 1690 4407 valeat.
1730 4354 1874 4408 Talis
1903 4355 1986 4409 in-

2092 1892 2290 1948 virtute
2315 1894 2680 1959 continentiae,
2709 1895 2773 1949 de
2786 1894 3066 1964 disciplina
3083 1896 3320 1966 justitite.
3348 1897 3657 1969 Scripturas

2093 1984 2301 2039 divinas
2347 1984 2546 2055 legere,
2575 2000 2896 2055 percurrere
2944 2001 3199 2052 canones,
3239 1988 3486 2058 exempla
3531 2005 3655 2044 san-

2091 2085 2300 2131 ctorum
2343 2076 2562 2142 imitari,
2619 2086 2676 2132 ut
2729 2077 2979 2133 videlicet
3004 2087 3304 2147 praenoscat
3343 2079 3490 2149 quid,
3547 2080 3654 2144 cui.

2091 2168 2324 2236 quando,
2357 2167 2442 2223 vel
2475 2170 2743 2237 quomodo
2772 2168 3037 2239 proferat;
3091 2170 3217 2238 quia
3249 2185 3355 2224 non
3403 2170 3656 2226 omnibus

2091 2271 2196 2310 una
2248 2257 2542 2326 eademque
2584 2273 2798 2327 semper
2844 2258 3148 2314 exhortatio
3201 2266 3286 2314 est
3330 2259 3654 2324 adhibenda,

2091 2346 2185 2402 sed
2205 2362 2640 2417 unumquemque
2676 2349 2890 2403 diversa
2927 2349 3302 2404 exhortatione
3348 2349 3655 2413 admoneat,

2083 2434 2238 2503 juxta
2263 2435 2614 2504 professionis
2635 2448 2952 2506 morumque
2988 2437 3323 2506 qualitatem.
3352 2436 3485 2492 Nam
3500 2453 3658 2506 quos-

2091 2527 2213 2581 dam
2250 2527 2548 2597 increpatio
2578 2526 2732 2591 dura,
2760 2528 3023 2597 quosdam
3053 2543 3182 2583 vero
3216 2528 3516 2599 increpatio
3531 2544 3653 2583 cor-

2092 2616 2216 2686 rigit
2244 2616 2462 2670 blanda.
2480 2615 2788 2670 Sicutenim
2815 2617 2974 2686 periti
3000 2617 3191 2672 medici
3205 2617 3360 2685 juxta
3374 2617 3655 2672 vulnerum

2091 2711 2380 2766 varietates
2408 2712 2618 2766 diversa
2641 2710 2899 2765 adhibent
2940 2711 3318 2776 medicamina,
3369 2713 3442 2766 ita
3465 2718 3521 2765 et
3571 2726 3658 2766 so.

2090 2800 2303 2856 litarius
2333 2801 2558 2872 singulis
2590 2802 2893 2871 quibusque
2925 2817 3220 2872 congruum
3263 2804 3657 2858 exhortationis

2091 2891 2350 2947 adhibere
2378 2892 2537 2948 debet
2568 2894 2864 2949 remedium
2889 2911 2903 2960 ;
2932 2903 2985 2949 et
3009 2895 3136 2964 quid
3179 2896 3375 2966 cuique
3411 2905 3660 2965 oporteat

2089 2999 2187 3054 pro
2215 2993 2392 3050 aetate,
2422 3001 2520 3056 pro
2541 3001 2696 3052 sexu,
2727 3001 2790 3041 ac
2815 2986 3148 3056 professione
3193 2989 3493 3043 annuntiet.
3538 2988 3655 3044 Non

2092 3075 2340 3130 omnibus
2389 3092 2508 3145 qua:
2556 3085 2681 3132 sunt
2729 3077 2911 3132 clausa
2957 3079 3245 3148 aperienda
3279 3087 3405 3134 sunt
3443 3097 3458 3132 :
3502 3079 3659 3134 multi

2093 3174 2218 3218 sunt
2239 3164 2382 3219 enim
2405 3166 2498 3235 qui
2520 3181 2715 3236 capere
2735 3182 2842 3221 non
2861 3176 3106 3238 possunt.
3127 3168 3366 3224 Budibus
3387 3169 3659 3239 praecipue

2089 3253 2397 3308 hominibus
2436 3263 2596 3323 atque
2637 3255 2944 3311 carnalibus
2984 3257 3142 3327 plana
3201 3273 3296 3313 seu
3351 3259 3657 3313 communia

2088 3340 2430 3410 praedicanda
2449 3349 2598 3408 sunt,
2620 3358 2727 3396 non
2751 3358 2961 3398 summa
2990 3353 3154 3412 atque
3183 3345 3370 3399 ardua.
3423 3344 3576 3400 Unde
3602 3355 3660 3401 et

2085 3431 2373 3502 Apostolus
2395 3433 2471 3487 ait
2501 3447 2517 3486 :
2565 3433 2687 3487 Non
2708 3435 2853 3504 potui
2888 3433 3026 3488 vobis
3051 3433 3192 3505 loqui
3223 3435 3371 3504 quasi
3401 3436 3657 3504 spiritua-

2086 3522 2242 3587 libus,
2268 3523 2359 3576 sed
2384 3523 2534 3594 quasi
2557 3523 3152 3594 carnalibus:tanquam
3170 3524 3398 3595 parvulis
3425 3526 3481 3578 in
3507 3522 3660 3578 Chri-

2087 3620 2167 3666 sto
2192 3611 2274 3665 lac
2298 3611 2437 3666 vobis
2460 3621 2639 3681 potum
2667 3612 2812 3679 dedi,
2843 3630 2945 3667 non
2971 3629 3141 3668 escam
3167 3614 3216 3686 (Ι
3245 3613 3365 3668 Cor.
3386 3613 3490 3685 tu).
3519 3615 3658 3669 Car-

2087 3702 2296 3758 nalibus
2318 3703 2748 3773 quippeanimis,
2795 3711 2855 3757 ut
2879 3704 3134 3770 diximus,
3188 3719 3288 3760 nec
3339 3703 3447 3758 alta
3492 3704 3659 3759 nimis

2087 3793 2154 3848 de
2200 3793 2532 3860 caelestibus,
2600 3809 2700 3848 nec
2741 3801 2954 3849 terrena
2997 3796 3250 3851 convenit
3308 3795 3518 3859 dicere,
3560 3797 3658 3850 sed

2086 3883 2433 3939 mediocriter
2453 3892 2508 3937 et
2533 3883 2786 3939 discrete.
2811 3883 3019 3940 Corvus
3038 3886 3183 3940 enim
3205 3886 3330 3940 dum
3347 3900 3475 3942 suos
3486 3885 3660 3956 pullos

2085 3971 2281 4026 viderit
2301 3972 2408 4027 albi
2435 3972 2654 4038 coloris,
2691 3973 2853 4030 nullis
2873 3990 2966 4030 eos
2989 3975 3125 4032 cibis
3151 3975 3265 4042 alit,
3290 3975 3385 4031 sed
3419 3984 3660 4031 tantum-

2087 4067 2206 4121 dem
2236 4065 2464 4120 attendit
2483 4065 2655 4121 donec
2681 4074 2906 4135 paterno
2928 4067 3110 4122 colore
3137 4068 3462 4138 nigrescant,
3485 4077 3540 4122 et
3579 4069 3660 4123 sic

2087 4157 2206 4212 illos
2234 4155 2502 4226 frequenti
2527 4157 2648 4211 cibo
2688 4156 2880 4212 reficit.
2910 4156 2987 4211 Ita
3009 4166 3064 4212 et
3083 4167 3334 4212 strenuus
3380 4157 3661 4213 solitarius

2086 4247 2189 4302 nisi
2215 4262 2308 4302 eos
2327 4261 2464 4316 quos
2492 4256 2675 4302 monet
2706 4248 2902 4302 viderit
2944 4247 3011 4302 ad
3038 4263 3191 4302 suam
3247 4247 3656 4302 similitudinem

2084 4338 2418 4409 paenitentiae
2440 4338 2778 4394 confessione
2819 4340 3146 4409 nigrescere,
3172 4349 3226 4394 et
3253 4339 3432 4394 nitore
3485 4355 3658 4394 sarcu-

413 4462 577 4517 super
596 4447 668 4502 sit
693 4445 831 4500 idem
861 4445 1158 4509 solitarius,
1182 4452 1242 4498 ut
1269 4445 1360 4514 qui
1399 4444 1642 4515 religioni
1672 4444 1982 4512 detrahunt,

2089 4428 2190 4482 lari
2222 4429 2492 4499 deposito,
2518 4429 2918 4485 lamentationis
2957 4430 3199 4484 habitum
3223 4430 3432 4498 peccati
3478 4445 3655 4484 recor-

413 4539 535 4592 vitm
555 4535 672 4608 ejus
693 4537 978 4591 detrahere
1003 4551 1110 4589 non
1140 4537 1390 4592 audeant.
1425 4535 1482 4591 Si
1503 4537 1648 4592 enim
1674 4537 1794 4593 talis
1820 4537 1983 4594 fuerit

411 4641 466 4686 et
496 4631 598 4685 ista
627 4628 935 4698 supradicta
971 4636 1207 4682 sectatus
1238 4627 1420 4694 fuerit,
1452 4635 1582 4682 tunc
1608 4628 1701 4682 Dei
1735 4629 1983 4686 minister

413 4722 558 4776 utilis
587 4721 712 4784 erit,
765 4729 818 4775 et
864 4720 1198 4790 propositum
1238 4735 1418 4786 suum,
1463 4720 1760 4790 opitulante
1799 4723 1980 4779 divina

412 4813 717 4879 clementia,
740 4810 978 4882 perfecte
1004 4812 1417 4867 consummabit.

1005 4945 1231 5002 CAPUT
1269 4947 1385 5001 XX.

417 5059 688 5144 Quomodo
717 5058 940 5144 solitarii
967 5059 1184 5144 dcoeaut
1211 5076 1318 5144 esse
1341 5061 1503 5144 docti,
1527 5072 1573 5115 et
1600 5065 1825 5144 qualiter
1850 5065 1983 5120 alios

589 5129 806 5183 doceant
827 5146 889 5182 ac
913 5129 1212 5199 semetipsos
1239 5129 1458 5184 discrete
1478 5129 1803 5202 provideant.

482 5236 768 5294 Solitarius
790 5239 967 5307 itaque
989 5237 1148 5292 debet
1170 5252 1290 5294 esse
1314 5239 1520 5305 doctor,
1548 5257 1654 5296 non
1679 5243 1771 5312 qui
1799 5245 1981 5301 doceri

417 5329 678 5400 indigeat;
705 5329 871 5384 etiam
893 5329 1048 5382 debet
1075 5344 1197 5383 esse
1223 5330 1436 5400 sapiens
1463 5340 1520 5385 ct
1545 5333 1737 5388 doctus
1766 5335 1820 5389 in
1863 5335 1981 5406 lege

411 5417 614 5486 divina,
643 5429 701 5473 ut
727 5419 864 5475 sciat
893 5420 1035 5474 unde
1059 5420 1298 5489 proferat
1333 5437 1468 5476 nova
1498 5431 1552 5478 et
1576 5433 1780 5480 vetera.
1804 5426 1984 5482 Multis

414 5511 594 5568 modis
620 5512 783 5566 etiam
814 5513 1178 5566 necessarium
1205 5521 1286 5567 est
1309 5513 1586 5580 solitariis,
1630 5525 1688 5570 ut
1732 5516 1982 5572 instructi

413 5599 525 5652 sint
552 5600 605 5654 in
629 5601 825 5655 divinis
851 5601 1096 5671 eloquiis.
1121 5601 1360 5656 Primum
1402 5614 1624 5674 propter
1645 5607 1875 5661 astutias
1927 5615 1983 5661 et

417 5686 634 5746 fraudes
673 5688 865 5745 diaboli
895 5707 988 5761 per
1022 5707 1155 5762 quas
1195 5693 1430 5765 seipsum
1456 5695 1590 5752 solet
1621 5696 1676 5752 in
1727 5697 1980 5755 cordibus

2091 4519 2308 4574 datione
2338 4519 2582 4584 induere,
2616 4535 2723 4575 non
2750 4519 2969 4589 expedit
2997 4518 3077 4574 eis
3104 4519 3318 4589 aperire
3357 4519 3658 4590 intelligen-

2089 4609 2177 4662 tiae
2203 4609 2498 4679 spiritualis
2521 4609 2870 4679 profundiora
2897 4609 3184 4680 mysteria;
3211 4624 3278 4664 ne
3306 4610 3434 4664 dum
3477 4608 3661 4665 audita

2089 4717 2194 4756 non
2225 4702 2464 4771 capiunt,
2488 4701 2640 4770 prius
2671 4701 2932 4771 incipiant
2972 4711 3318 4756 contemnere
3367 4716 3530 4769 quam
3567 4714 3664 4755 ve-

2087 4793 2269 4846 nerari
2291 4791 2530 4846 caelestia
2559 4801 2846 4862 praecepta.
2875 4791 3106 4862 Propter
3130 4793 3273 4862 quod
3296 4800 3351 4846 et
3395 4793 3662 4850 Dominus

2089 4883 2230 4938 inter
2253 4892 2448 4938 cetera
2475 4884 2553 4937 ait
2579 4901 2590 4936 :
2619 4882 2797 4936 Nolite
2819 4885 3019 4937 mittere
3053 4881 3366 4952 margaritas
3391 4891 3512 4936 ante
3534 4900 3661 4952 por-

2085 4989 2192 5038 eos,
2216 4989 2279 5026 ne
2302 4973 2436 5042 forte
2457 4972 2760 5027 conculcent
2784 4990 2872 5027 eas
2883 4973 3097 5043 pedibus
3110 4973 3219 5027 suis
3233 4969 3449 5042 (Matth.
3467 4988 3565 5037 vit,
3582 4973 3656 5043 6).

2155 5063 2424 5119 Hactenus
2453 5073 2634 5119 autem
2665 5064 2898 5118 diximus
2939 5079 3100 5134 quam
3141 5063 3330 5117 doctus
3367 5061 3451 5116 vel
3496 5077 3658 5132 quam

2087 5155 2349 5210 discretus
2391 5155 2444 5208 in
2486 5155 2732 5209 doctrina
2782 5155 2941 5209 debet
2987 5162 3129 5208 esset
3168 5151 3462 5207 solitarius.
3507 5151 3661 5205 Nunc

2083 5255 2262 5301 autem
2293 5247 2360 5300 ad
2384 5247 2705 5302 sententiam
2726 5246 2867 5301 beati
2889 5245 3130 5314 Gregorii
3152 5243 3450 5306 venientes,
3477 5242 3661 5296 videa-

2085 5352 2205 5391 mus
2257 5352 2420 5406 quam
2483 5335 2717 5390 discreta
2779 5334 3257 5404 circumspectione
3303 5331 3357 5386 in
3414 5331 3662 5386 docendo

2085 5430 2441 5498 nosmetipsos
2467 5436 2681 5498 oportet
2705 5428 3004 5498 providere.
3047 5425 3174 5490 Nos,
3202 5425 3394 5495 inquit,
3425 5425 3555 5493 quia
3579 5425 3661 5479 in~

2083 5519 2224 5574 firmi
2250 5521 2495 5575 homines
2524 5534 2726 5581 sumus,
2756 5533 2878 5572 cum
2914 5517 2980 5572 de
3011 5516 3121 5571 Dco
3147 5515 3453 5571 hominibus
3488 5511 3664 5584 loqui-

2084 5625 2224 5673 mur,
2249 5609 2506 5664 debemus
2535 5610 2766 5677 primum
2788 5607 3096 5662 meminisse
3117 5607 3241 5676 quid
3269 5621 3477 5669 sumus,
3513 5615 3572 5659 ttt
3593 5618 3661 5660 ex

2081 5699 2296 5771 propria
2323 5699 2636 5756 infirmitate
2664 5713 2953 5770 pensemus
2977 5713 3082 5770 quo
3102 5697 3322 5756 docendi
3343 5697 3535 5754 ordine
3552 5694 3662 5750 fra-
