3974 6192
305 235 400 290 601

951 239 1178 297 CODEX
1223 242 1680 302 REGULARUM.
1719 275 1789 286 -—
1827 245 2009 303 PARS
2047 247 2110 302 ll.
2152 247 2455 305 REGULXE
2495 249 2598 304 PP.
2637 249 2909 306 ORIENT.

3444 259 3550 316 603

303 360 480 412 tribus
528 355 890 412 consulamus.
949 355 1361 414 Consideremus
1405 360 1567 430 igitur
1611 361 1736 429 quia
1785 369 1880 414 aut
1906 364 1955 422 Λ
1982 361 2136 416 bonis
2157 362 2460 432 exemplum
2487 378 2608 418 esse
2629 364 2947 420 debuerunt.
2989 366 3052 422 lli
3077 378 3256 424 autem
3281 388 3551 442 quoscun-

300 447 446 503 tales
485 459 669 501 sumus
707 443 892 512 quales
927 445 1209 501 nonnullos
1252 448 1607 516 corrigimus,
1642 455 1735 502 aut
1775 448 1877 501 ali-

298 538 523 609 quando
545 535 678 590 tales
708 533 934 600 fuimus;
965 544 1017 588 et
1041 535 1208 605 sijam
1232 536 1409 590 divina
1431 538 1600 608 gratia
1624 544 1878 606 operante

299 628 442 683 tales
471 640 578 680 non
606 638 814 688 sumus,
853 631 1063 692 oportet
1095 632 1154 677 ut
1189 633 1334 679 tanto
1365 641 1458 680 eos
1492 625 1878 694 temperantius

295 717 464 774 corde
492 715 682 771 humili
713 714 1066 784 corrigamus,
1092 723 1292 784 quanto
1319 718 1673 785 nosmetipsos
1696 717 1878 772 verius

296 811 350 863 in
394 807 485 863 his
520 805 738 876 ﬂagitiis
773 805 1056 874 aliquando
1086 803 1251 859 fuisse
1289 806 1647 876 agnoscimus.
1685 805 1876 861 SLnos

293 912 515 967 quoque
546 896 681 950 tales
715 910 814 949 nec
847 909 1052 959 sumus,
1091 909 1192 948 nec
1225 892 1446 959 fuimus,
1484 895 1670 964 quales
1703 896 1878 948 adhuc

292 988 368 1043 illi
401 995 534 1043 sunt
567 1001 704 1056 quos
736 985 1026 1039 emendare
1064 998 1160 1054 per
1194 984 1567 1053 paenitentiam
1611 984 1872 1052 cupimus,

292 1080 580 1134 videamus
613 1093 682 1131 ne
719 1075 858 1131 forte
890 1091 984 1130 cor
1025 1083 1270 1129 nostrum
1313 1075 1379 1129 de
1417 1075 1529 1145 ipsa
1569 1074 1874 1128 innocentia

290 1167 608 1236 superbiat,
635 1173 690 1220 et
711 1165 765 1218 in
790 1163 942 1235 pejus
963 1179 1126 1233 quam
1154 1164 1208 1218 hi
1233 1179 1459 1233 quorum
1490 1163 1629 1216 mala
1651 1164 1876 1231 corrigi-

289 1273 413 1312 mus
441 1265 588 1310 ruat.
629 1254 762 1308 Nam
788 1263 841 1310 et
863 1254 968 1307 alia
994 1268 1179 1308 eorum
1215 1253 1352 1307 bona
1379 1266 1544 1321 opera
1567 1251 1722 1305 nobis
1747 1259 1873 1304 ante

285 1348 478 1403 oculos
506 1361 840 1410 revocemus,
871 1359 991 1413 quae
1015 1344 1060 1398 si
1087 1343 1307 1397 omnino
1332 1342 1475 1396 nulla
1506 1351 1648 1406 sunt,
1680 1341 1746 1394 ad
1775 1355 1870 1394 oc-

286 1439 438 1494 culta
469 1437 568 1492 Dei
604 1436 798 1506 judicia
841 1448 1216 1496 recurramus;
1255 1431 1381 1500 quia
1409 1431 1550 1486 sicut
1581 1444 1679 1484 nos
1710 1428 1872 1482 nullis

286 1529 504 1582 meritis
531 1529 634 1582 hoc
661 1527 833 1596 ipsum
859 1525 1058 1578 bonum
1083 1522 1228 1591 quod
1253 1522 1513 1576 habemus
1541 1520 1867 1589 accepimus,

283 1621 362 1675 ita
387 1620 513 1675 illos
545 1632 760 1688 quoque
782 1623 960 1686 potest
986 1614 1158 1684 gratia
1181 1627 1427 1681 superna:
1451 1611 1666 1666 virtutis
1692 1609 1870 1664 infun-

1981 466 2084 519 que
2109 451 2354 519 exemplo
2390 452 2544 506 mala:
2576 455 2998 510 conversationis
3039 473 3150 513 suze
3190 461 3440 529 perdunt,
3472 464 3549 518 si-

1979 544 2087 596 mul
2114 559 2236 598 cum
2257 544 2335 598 eis
2353 546 2538 614 procul
2562 545 2722 600 dubio
2743 547 2796 600 in
2813 556 3072 602 aeternum
3093 552 3375 619 peribunt,
3397 557 3442 608 si
3470 565 3551 608 ta-

1980 648 2100 686 men
2132 633 2185 686 in
2222 634 2362 688 malo
2389 638 2875 702 perseveraverint.
2923 637 3086 693 Multo
3127 642 3269 694 enim
3313 643 3548 698 deterio-

1980 737 2066 777 res
2101 732 2226 778 sunt
2253 724 2308 778 hi
2339 726 2428 793 qui
2471 726 2584 780 sive
2611 728 2892 797 exemplis,
2923 729 3036 784 sive
3064 731 3342 796 doctrinis,
3383 733 3545 787 vitam

1980 828 2265 883 moresque
2299 815 2562 869 bonorum
2602 828 2969 887 corrumpunt,
2998 837 3159 890 quam
3195 823 3268 877 illi
3303 825 3392 892 qui
3422 824 3551 880 sub-

1978 905 2200 958 stantias
2226 905 2452 958 aliorum
2484 906 2787 976 praediaque
2821 909 3095 977 diripiunt.
3144 913 3207 966 lli
3247 916 3388 968 enim
3427 930 3548 984 quae

1976 1000 2128 1045 extra
2166 1007 2286 1057 nos,
2333 993 2426 1045 sed
2473 999 2650 1046 tamen
2691 1011 2809 1064 qua:
2851 1006 3033 1051 nostra
3080 1010 3222 1066 sunt,
3263 1002 3542 1071 auferunt;

1977 1089 2319 1150 corruptores
2340 1096 2470 1136 vero
2491 1098 2699 1137 morum
2720 1087 2935 1153 proprie
2959 1104 3056 1143 nos
3083 1090 3225 1158 ipsos
3246 1092 3542 1162 decipiunt,

1976 1169 2226 1236 quoniam
2257 1171 2455 1225 divitiae
2484 1173 2760 1228 hominum
2787 1190 2964 1231 mores
2993 1193 3178 1233 eorum
3215 1191 3359 1236 sunt.

2045 1260 2382 1332 Quapropter
2424 1280 2522 1319 nos
2557 1267 2646 1334 qui
2689 1267 2986 1322 solitariam
3019 1271 3182 1324 vitam
3221 1275 3540 1342 expetimus,

1973 1366 2186 1420 semper
2225 1367 2288 1407 ea
2327 1368 2446 1422 qua:
2485 1355 2552 1408 ad
2588 1355 2998 1411 aedificationem
3038 1363 3333 1429 pertinent,
3387 1381 3544 1436 agere

1974 1442 2304 1498 Studeamus.
2361 1442 2651 1498 Videamus
2696 1456 2874 1500 autem
2913 1464 2980 1501 ne
3018 1449 3143 1502 vitia
3186 1463 3367 1506 nostra
3414 1456 3545 1508 alio-

1973 1547 2092 1587 rum
2120 1532 2406 1587 virtutihus
2435 1542 2693 1599 noceant,
2730 1550 2796 1589 ne
2833 1534 3056 1590 aliorum
3089 1537 3353 1594 fervorem
3391 1551 3546 1611 tepor

1973 1631 2158 1677 noster
2197 1622 2459 1687 debilitet,
2501 1638 2569 1676 ne
2614 1623 2838 1678 aliorum
2881 1625 3195 1694 patientiam
3232 1637 3415 1683 nostra
3461 1632 3542 1684 ira

287 1713 440 1777 dere,
466 1719 530 1764 ut
549 1709 789 1773 excitati,
816 1706 1086 1777 posterius
1111 1705 1276 1759 etiam
1314 1705 1428 1773 ipsa
1462 1702 1669 1771 possint
1700 1702 1853 1766 bona1

1969 1713 2342 1778 commaculet,
2372 1714 2651 1769 iracundia
2686 1715 2862 1781 violet,
2899 1732 2967 1771 ne
3003 1718 3231 1772 aliorum
3269 1720 3542 1776 humilita-

287 1815 411 1869 qure
439 1814 540 1856 nos
569 1806 696 1852 ante
731 1794 1059 1864 accepimus,
1101 1792 1414 1862 praevenire.
1456 1790 1552 1845 llis
1587 1805 1717 1860 ergo
1756 1790 1865 1859 pri-

287 1906 435 1944 mum
463 1888 878 1960 cogitationibus
895 1885 1166 1941 humiliari
1196 1899 1291 1939 cor
1315 1883 1502 1948 debet,
1531 1892 1586 1938 et
1613 1890 1738 1938 tunc
1768 1884 1862 1940 de-

287 1998 434 2036 mum
471 1978 894 2050 delinquentium
933 1976 1245 2046 iniquitates
1279 1973 1581 2042 increpare.

355 2071 650 2127 Sciendum
685 2083 812 2123 vero
838 2073 922 2122 est
955 2067 1080 2136 quia
1113 2065 1263 2120 aliter
1292 2064 1545 2118 convenit
1570 2061 1863 2132 przedicare

286 2160 557 2233 episcopis
585 2166 641 2214 et
667 2157 1018 2229 presbyteris,
1047 2163 1210 2225 atque
1239 2154 1398 2208 aliter
1435 2152 1711 2208 solitariis.
1752 2151 1862 2206 lllis

285 2257 473 2326 utique
504 2262 759 2324 tanquam
791 2253 893 2306 sibi
920 2250 1224 2306 commissis
1251 2249 1494 2320 plebibus
1530 2255 1743 2318 oportet
1775 2263 1861 2301 ar-

283 2349 516 2420 guendo,
547 2345 896 2415 increpando,
926 2351 980 2398 et
1008 2341 1343 2398 obsecrando
1371 2340 1700 2411 praedicare;
1741 2338 1860 2392 istis

282 2455 410 2494 vero
437 2452 547 2492 non
572 2446 824 2505 tanquam
851 2433 1178 2498 commissis,
1211 2432 1304 2486 sed
1330 2446 1427 2502 pro
1455 2430 1566 2485 sola
1595 2427 1860 2483 charitate

282 2529 532 2586 convenit
580 2529 930 2583 advenientes
973 2541 1216 2596 quosque
1263 2523 1625 2594 spiritualium
1669 2520 1860 2575 verbo-

279 2635 397 2674 rum
425 2617 654 2688 dapibus
683 2616 927 2683 reficere,
955 2624 1010 2671 et
1031 2617 1100 2671 ad
1124 2616 1219 2670 Dei
1244 2613 1524 2669 servitium
1553 2618 1614 2665 ut
1639 2624 1858 2664 conver-

279 2717 467 2764 tantur
505 2708 784 2764 humiliter
823 2714 878 2762 et
915 2714 1125 2761 secrete
1171 2718 1459 2774 suggerere
1485 2721 1498 2756 :
1524 2716 1631 2755 non
1677 2709 1855 2753 tamen

276 2818 370 2858 eos
400 2808 617 2871 oportet
653 2800 811 2870 quasi
856 2813 955 2868 pro
995 2797 1169 2868 gratia
1217 2795 1493 2848 hominum
1531 2789 1856 2860 acquirenda

273 2889 672 2948 exhortationis
716 2889 952 2959 rigorem
1009 2886 1256 2940 reticere.
1315 2883 1587 2937 Praeterea
1640 2895 1854 2950 quoque

272 2989 534 3043 debemus
555 2994 610 3040 et
636 2999 736 3038 nos
765 2982 1006 3053 quotidie
1041 2981 1204 3034 etiam
1245 2978 1472 3033 tacendo
1513 2975 1807 3046 praedicare
1832 2991 1846 3040 ;

1966 1812 2074 1857 tem
2099 1805 2348 1873 superbia
2377 1813 2560 1859 nostra
2593 1806 2869 1874 depravet,
2895 1824 2964 1862 ne
2992 1809 3216 1863 aliorum
3253 1811 3538 1866 sanitatem

1963 1893 2251 1948 infirmitas
2276 1904 2461 1950 nostra
2483 1905 2812 1966 corrumpat,
2841 1913 2907 1952 ne
2934 1898 3159 1958 aliorum
3185 1900 3541 1968 pulchritudi-

1963 1998 2083 2038 nem
2115 1984 2332 2039 foeditas
2355 1993 2535 2040 nostra
2557 1988 2917 2052 contaminet,
2941 2003 3008 2042 ne
3031 1988 3258 2042 aliorum
3287 1991 3540 2044 ardentes

1961 2074 2366 2146 exstinguamus
2393 2075 2698 2145 lampades;
2729 2092 2818 2141 ne,
2848 2079 2989 2146 quod
3019 2079 3182 2142 absit,
3219 2079 3377 2133 simul
3413 2095 3537 2134 cum

1960 2166 2122 2222 fatuis
2150 2168 2449 2237 virginibus
2477 2185 2506 2222 a
2538 2183 2702 2239 regno
2730 2168 2823 2222 Dei
2858 2169 3226 2224 excludamur.
3268 2169 3376 2226 Sed
3403 2171 3540 2226 tales

1959 2274 2057 2313 nos
2098 2266 2319 2314 econtra
2359 2260 2733 2325 exhibeamus,
2779 2268 2839 2314 ut
2874 2269 3055 2315 nostra
3092 2261 3367 2318 humilitas
3404 2263 3540 2318 alio-

1958 2366 2079 2405 rum
2127 2349 2421 2405 confundat
2466 2352 2796 2420 superbiam,
2838 2362 3022 2406 nostra
3063 2354 3319 2423 patientia
3355 2356 3542 2424 proxi-

1958 2455 2168 2494 morum
2219 2440 2530 2508 exstinguat
2576 2440 2909 2495 iracundiam
2938 2482 2952 2508 ,
3003 2453 3188 2498 nostra
3230 2445 3538 2503 obedientia

1955 2529 2226 2600 pigritiam
2254 2529 2482 2583 aliorum
2508 2530 2670 2584 tacite
2699 2531 2957 2600 increpet,
2985 2543 3169 2588 noster
3198 2535 3379 2591 fervor
3405 2537 3539 2592 alio.

1957 2637 2073 2673 rum
2097 2628 2333 2688 teporem
2356 2618 2573 2673 excitet.
2618 2619 2774 2674 Tales
2801 2621 3021 2691 insuper
3039 2638 3137 2677 nos
3160 2626 3534 2690 exhibeamus,

1952 2718 2012 2763 ut
2038 2709 2245 2762 cunctis
2275 2709 2326 2761 in
2348 2708 2593 2777 exemplo
2617 2708 2834 2762 luminis
2861 2709 3049 2763 simus.
3092 2711 3246 2766 Unde
3275 2712 3537 2768 Dominus

1951 2799 2193 2868 praecipit
2221 2798 2407 2853 dicens
2436 2816 2448 2851 :
2481 2798 2570 2851 Sic
2607 2797 2776 2851 luceat
2816 2795 2907 2852 lux
2946 2809 3112 2853 vestra
3148 2818 3327 2854 coram
3363 2802 3534 2854 homi-

1953 2887 2122 2952 nibus,
2147 2897 2202 2940 ut
2230 2888 2439 2942 videant
2467 2904 2623 2958 opera
2657 2897 2824 2942 vestra
2854 2888 3008 2953 bona,
3033 2901 3079 2943 et
3102 2889 3392 2960 glori/irent
3431 2889 3535 2945 Pa-

1951 2988 2080 3032 trem
2116 2989 2360 3043 vestrum,
2387 2977 2476 3048 qui
2509 2979 2563 3031 in
2602 2976 2740 3031 cwlis
2779 2987 2853 3032 est
2895 2978 3110 3049 (Matth.
3147 2995 3200 3044 v,
3251 2978 3356 3050 l6).
3398 2979 3534 3034 Hinc

272 3086 399 3132 tunc
436 3076 641 3131 etenim
677 3074 904 3131 tacendo
942 3069 1352 3141 praedicabimus
1375 3083 1498 3123 cum
1529 3066 1649 3120 aliis
1678 3065 1850 3119 homi-
1877 3054 1919 3116 C
1950 3070 2147 3124 Paulus
2173 3070 2446 3139 apostolus
2467 3070 2542 3123 ait
2571 3088 2582 3122 :
2610 3068 2677 3122 In
2707 3069 2945 3122 omnibus
2968 3086 3088 3139 ergo
3118 3071 3340 3140 teipsum
3361 3070 3533 3140 pra'be

269 3167 431 3222 nibus
481 3165 708 3221 formam
753 3165 890 3219 bene
929 3161 1143 3217 vivendi
1190 3159 1566 3232 praebebimus,
1615 3167 1670 3214 et
1713 3157 1849 3213 lucis

269 3256 517 3326 exempla
553 3255 994 3311 monstrabimus.

853 3364 1080 3420 CAPUT
1116 3363 1254 3418 XXI.

271 3460 334 3516 Ut
363 3459 594 3514 solitarii
609 3457 739 3511 lucis
764 3454 997 3525 exempla
1024 3455 1259 3509 omnibus
1296 3454 1450 3518 dent;
1482 3463 1529 3508 et
1563 3460 1619 3506 ut
1653 3451 1845 3506 lauda-

473 3529 645 3581 biliter
672 3528 870 3588 vivant,
898 3526 988 3579 sed
1009 3525 1219 3578 laudari
1243 3541 1345 3578 non
1369 3533 1633 3594 appetant.

339 3619 459 3675 Vita
498 3633 631 3687 ergo
659 3624 714 3672 et
740 3616 1081 3671 conversatio
1113 3614 1477 3669 solitariorum
1513 3628 1758 3667 normam
1793 3621 1846 3668 et

266 3709 572 3777 exemplum
618 3708 686 3761 ab
729 3705 986 3775 Apostolo
1036 3719 1250 3760 sumere
1302 3704 1480 3769 debet,
1534 3704 1627 3772 qui
1668 3704 1839 3758 dixit:

269 3798 523 3852 Omnibus
552 3797 729 3850 omnia
757 3795 928 3864 factus
960 3811 1096 3859 sum,
1127 3803 1181 3847 ut
1206 3810 1381 3848 omnes
1407 3791 1766 3862 lucrifacerem
1790 3793 1842 3864 (Ι

264 3886 384 3941 Cor.
411 3903 492 3952 ix,
517 3885 629 3955 2‘2).
670 3885 729 3939 ln
758 3892 964 3939 tantum
990 3884 1134 3939 enim
1162 3884 1303 3939 idem
1331 3882 1618 3952 Apostolus
1636 3899 1694 3937 se
1719 3883 1843 3937 imi-

264 3976 485 4030 tabilem
513 3977 721 4031 cunctis
748 3976 1040 4045 praebebat,
1081 3982 1142 4029 ut
1171 3989 1293 4030 cum
1327 3973 1520 4028 fiducia
1559 3973 1840 4038 clamaret,

259 4065 450 4120 dicens
481 4083 494 4117 :
526 4064 825 4118 Imitatores
855 4065 955 4118 mei
980 4073 1138 4119 estote
1158 4105 1172 4129 ,
1208 4065 1341 4118 sicut
1365 4073 1413 4118 et
1443 4080 1534 4134 ego
1568 4061 1764 4117 Christi
1787 4063 1842 4133 (Ι

259 4159 384 4214 Cor.
415 4176 497 4224 ιι,
529 4157 601 4230 1).
642 4159 687 4214 Ο
714 4175 875 4228 quam
905 4158 1052 4224 felix,
1084 4175 1117 4214 ο
1144 4175 1306 4228 quam
1333 4160 1523 4212 secura
1552 4172 1842 4212 conversa-

259 4251 333 4305 tio
363 4249 542 4314 Pauli,
579 4249 669 4318 qui
697 4249 1118 4317 praetermittens
1140 4249 1431 4317 prophetas
1460 4255 1516 4302 et
1545 4247 1834 4316 apostolos,

255 4349 594 4407 caeterosque
643 4345 888 4401 sanctos,
926 4336 1082 4406 jubet
1126 4351 1182 4390 se
1232 4337 1435 4390 imitari
1476 4335 1835 4391 Christianos.

255 4427 600 4496 Quapropter
624 4432 679 4480 et
701 4425 960 4490 solitarii,
985 4425 1107 4478 licet
1129 4423 1409 4478 inferiores
1433 4439 1597 4493 quam
1619 4423 1836 4488 Paulus,

255 4528 438 4573 tamen
469 4517 668 4572 debent
698 4533 756 4572 se
788 4516 1076 4570 imitabiles
1113 4517 1351 4586 praebere
1382 4515 1651 4569 omnibus.
1704 4515 1838 4570 Nam

253 4608 397 4662 sicut
423 4607 719 4677 pretiosum
754 4613 917 4674 atque
947 4605 1276 4673 praecipuum
1305 4610 1388 4658 est
1417 4604 1470 4658 in
1499 4604 1676 4658 medio
1703 4605 1841 4659 mul-

255 4709 433 4753 torum
459 4698 596 4750 bene
617 4710 802 4766 agere,
820 4702 875 4748 et
894 4694 1152 4765 plurimos
1171 4693 1238 4748 ad
1261 4691 1561 4763 profectum
1583 4701 1638 4748 et
1657 4707 1840 4748 exem-

252 4792 402 4861 plum
440 4789 569 4844 boni
606 4789 786 4859 operis
826 4788 1086 4852 incitare;
1120 4788 1194 4841 ita
1226 4786 1585 4855 periculosum
1617 4801 1680 4841 ac
1712 4800 1838 4856 per-

254 4881 521 4937 niciosum
567 4888 653 4935 est
699 4879 1058 4951 negligentius
1097 4878 1304 4950 agendo
1348 4878 1638 4932 multorum
1675 4877 1836 4932 ﬁdem

251 4976 508 5047 frangere
546 4975 945 5044 multorumque
981 4973 1192 5028 animas
1229 4973 1546 5041 depravare.
1592 4972 1707 5028 Hoc
1741 4988 1838 5027 au-

254 5075 360 5121 tem
382 5066 506 5122 ideo
528 5063 652 5120 dico
671 5066 816 5135 quia,
845 5065 986 5134 quod
1008 5062 1159 5133 pejus
1179 5071 1284 5128 est,
1316 5063 1528 5118 facilius
1553 5064 1836 5119 inveniun~

253 5169 340 5214 tur
362 5160 456 5230 qui
483 5174 550 5215 ea
577 5176 698 5230 qua:
725 5167 851 5213 sunt
883 5157 1149 5212 deteriora
1180 5172 1342 5226 quam
1372 5155 1464 5226 qui
1500 5156 1722 5210 meliora
1752 5170 1837 5210 se-

250 5233 485 5304 ctentur.
527 5250 889 5316 Quamobrem
918 5247 1060 5302 sicut
1091 5245 1178 5300 ille
1205 5247 1362 5300 valde
1382 5247 1729 5300 admirandus
1759 5253 1840 5298 at-

249 5355 355 5411 que
378 5340 682 5396 laudandus
711 5349 796 5394 est
823 5336 976 5406 cujus
1002 5352 1197 5392 cursus
1221 5336 1396 5390 bonus
1422 5335 1713 5389 multorum
1752 5340 1838 5388 est

249 5430 556 5500 profectus,
605 5432 681 5485 ita
728 5430 816 5484 ille
863 5429 1056 5483 merito
1100 5426 1363 5496 lugendus
1407 5432 1492 5480 est
1529 5423 1680 5491 cujus
1724 5423 1832 5478 vita

252 5521 544 5577 multorum
579 5523 737 5576 ruina
760 5529 863 5576 est.
902 5519 1154 5589 Plerique
1195 5518 1359 5588 igitur
1399 5515 1625 5570 solitarii
1671 5530 1834 5585 prave

254 5612 495 5674 Viventes
538 5615 711 5674 forma
757 5613 967 5672 caeteris
1016 5611 1072 5669 in
1119 5609 1320 5667 malum
1354 5607 1615 5676 existunt,
1650 5607 1742 5679 qui
1777 5606 1831 5664 in

1949 3161 2238 3230 emcntplum
2277 3161 2530 3214 bonorum
2574 3176 2802 3229 operum,
2853 3161 2906 3214 in
2951 3160 3118 3226 verbo,
3167 3161 3222 3214 in
3259 3179 3534 3215 conversa-

1947 3251 2110 3314 tione,
2140 3250 2192 3302 in
2223 3249 2495 3315 charitate,
2527 3249 2581 3303 in
2615 3249 2740 3316 ﬁde,
2777 3249 2830 3303 in
2871 3253 3130 3315 castitate,
3171 3259 3275 3305 etc.
3310 3251 3435 3323 (Tit.
3469 3268 3528 3317 It,

1949 3339 2010 3405 7;
2041 3339 2070 3392 Ι
2099 3339 2234 3392 Tim.
2267 3337 2364 3409 iv).
2394 3338 2529 3394 Hinc
2555 3341 2720 3394 etiam
2744 3337 3036 3408 Gregorius
3063 3341 3249 3394 doctor
3278 3343 3528 3412 egregius

1948 3431 2002 3485 in
2044 3431 2378 3500 expositione
2425 3430 2721 3484 Ezechielis
2769 3429 3217 3499 dicitzQuisquis
3262 3431 3424 3495 igitur
3475 3433 3528 3486 in

1945 3522 2155 3577 occulto
2185 3522 2321 3576 bene
2346 3521 2511 3583 vivit,
2541 3519 2635 3573 sed
2661 3519 2838 3572 alieno
2860 3520 3136 3587 provectui
3159 3521 3379 3573 minime
3401 3535 3529 3590 pro-

1947 3611 2078 3673 ficit,
2110 3610 2273 3666 carbo
2308 3620 2410 3664 est.
2456 3603 2559 3675 Qui
2596 3623 2725 3662 vero
2764 3609 2820 3661 in
2870 3609 3174 3662 imitatione
3220 3610 3526 3667 sanctitatis

1943 3699 2149 3768 positus
2175 3698 2356 3753 lumen
2386 3713 2450 3753 ex
2482 3714 2540 3753 se
2573 3697 2915 3753 rectitudinis
2954 3697 3137 3752 multis
3161 3698 3518 3767 demonstrat,

1944 3791 2150 3858 lampas
2199 3798 2299 3854 est,
2344 3789 2471 3859 quia
2508 3797 2565 3844 et
2598 3789 2701 3844 sibi
2736 3789 2891 3844 ardet
2923 3796 2979 3842 et
3022 3789 3141 3843 aliis
3189 3789 3348 3842 Incet.
3391 3791 3525 3845 Item

1943 3885 2056 3952 ipse
2087 3901 2099 3936 :
2133 3882 2234 3949 Qui
2260 3881 2424 3948 enim,
2456 3881 2647 3951 inquit,
2676 3882 2843 3935 vitam
2867 3896 3020 3936 suam
3049 3881 3116 3935 ab
3139 3881 3259 3936 aliis
3281 3882 3408 3936 sciri
3440 3898 3527 3936 re-

1943 3975 2174 4046 fugiunt,
2208 3974 2554 4044 sibimetipsis
2577 3974 2788 4029 accensi
2820 3979 2975 4038 sunt,
3002 3973 3095 4028 sed
3121 3973 3240 4028 aliis
3265 3975 3318 4028 in
3341 3991 3526 4030 exem-

1942 4068 2088 4138 plum
2119 4067 2338 4121 luminis
2370 4082 2476 4121 non
2505 4073 2650 4121 sunt.
2697 4065 2763 4119 Hi
2798 4073 2980 4119 autem
3009 4066 3100 4135 qui
3133 4067 3380 4134 exempla
3411 4067 3524 4120 vir-

1945 4165 2120 4212 tutum
2159 4165 2496 4227 praarogant,
2526 4165 2581 4210 et
2611 4155 2794 4209 lumen
2830 4171 2928 4224 per
2963 4157 3126 4209 vitam
3156 4155 3284 4210 boni
3317 4156 3519 4226 operis,

1943 4256 1997 4302 et
2023 4248 2244 4301 verbum
2270 4245 2670 4316 praedicationis
2700 4245 2819 4300 aliis
2840 4247 3232 4308 demonstrant,
3249 4243 3370 4312 jure
3391 4245 3524 4299 lam-

1944 4340 2110 4407 pades
2144 4338 2501 4407 appellantur.
2558 4336 2696 4390 Hinc
2722 4337 2919 4390 etenim
2949 4337 3138 4391 beatus
3163 4336 3522 4406 Hieronymus

1942 4431 2019 4484 ait
2043 4448 2054 4483 :
2077 4429 2344 4484 lnnocens
2367 4437 2423 4482 et
2449 4428 2650 4496 absque
2686 4442 2936 4481 sermone
2978 4427 3317 4480 conversatio
3355 4441 3523 4494 quan-

1943 4528 2057 4573 tum
2107 4518 2353 4588 exemplo
2386 4518 2624 4586 prodest,
2667 4524 2878 4570 tantum
2909 4515 3123 4570 silentio
3161 4521 3337 4568 nocet.
3385 4513 3519 4568 Hinc

1940 4609 2086 4664 enim
2127 4607 2260 4664 satis
2294 4606 2573 4661 evidenter
2614 4606 2917 4660 ostenditur
2957 4605 3100 4675 quod
3138 4613 3194 4658 et
3230 4619 3518 4658 conversa-

1942 4699 2086 4752 tione
2115 4706 2170 4752 et
2199 4697 2366 4752 verbo
2394 4696 2644 4750 omnibus
2669 4710 2790 4751 esse
2817 4697 3071 4750 debemus
3101 4695 3152 4748 in
3189 4693 3513 4762 exemplum.

2013 4785 2119 4842 Sed
2154 4785 2307 4840 valde
2343 4784 2643 4839 cavendum
2677 4791 2760 4838 est
2795 4785 3048 4838 solitariis
3078 4791 3138 4837 ut
3174 4782 3515 4836 laudabiliter

1938 4877 2142 4939 vivant,
2175 4877 2270 4932 sed
2292 4875 2495 4929 laudari
2526 4889 2630 4928 non
2659 4883 2933 4944 appetant,
2971 4891 3038 4928 ne
3076 4891 3172 4943 pro
3210 4875 3323 4944 ipsa
3357 4874 3516 4930 laudo

1939 4969 1992 5024 in
2018 4968 2300 5023 elationem
2330 4972 2423 5018 aut
2456 4980 2649 5018 vanam
2680 4965 2902 5035 gloriam
2932 4964 3190 5028 incidant,
3216 4979 3283 5018 ne
3311 4964 3364 5017 in
3396 4964 3516 5035 ipso

1939 5058 2153 5128 quidem
2178 5052 2434 5126 pestifero
2460 5053 2593 5107 vitio
2618 5067 2767 5106 vana:
2790 5053 2972 5123 gloriae
2996 5058 3153 5104 ruant
3178 5069 3190 5104 :
3215 5059 3428 5120 oportet
3451 5058 3518 5108 ut

1938 5163 2153 5218 semper
2187 5147 2313 5200 illud
2345 5143 2586 5214 Apostoli
2625 5142 2926 5212 exemplum
2958 5141 3012 5195 in
3048 5141 3208 5195 corde
3249 5149 3508 5196 teneant:

1941 5238 2042 5304 Qui
2071 5237 2346 5307 gloriatur,
2383 5236 2438 5288 in
2469 5233 2690 5287 Domino
2713 5232 2962 5302 glorietur
2987 5231 3036 5304 (1
3070 5230 3192 5285 Cor.
3226 5249 3262 5296 ι,
3293 5231 3404 5303 ⁸51).
3445 5231 3515 5286 Et.

1937 5328 2134 5383 iterum
2161 5344 2174 5378 :
2201 5325 2258 5380 Si
2295 5324 2512 5395 gloriari
2549 5331 2770 5394 oportet,
2807 5339 2909 5377 non
2937 5323 3141 5394 expedit
3177 5322 3382 5393 quidem
3419 5320 3506 5393 (II

1937 5417 2058 5472 Cor.
2082 5433 2158 5482 XI,
2183 5417 2294 5486 50).
2329 5415 2534 5469 Idcirco
2558 5415 2700 5468 enim
2733 5415 2837 5469 hoc
2863 5415 2982 5470 dico
3010 5415 3136 5485 quia
3163 5415 3294 5470 satis
3323 5428 3509 5468 rarum

1933 5520 2017 5567 est
2036 5518 2097 5563 ut
2121 5506 2461 5562 laudabiliter
2484 5506 2755 5560 viventem
2786 5506 2901 5560 laus
2927 5506 3156 5560 humana
3183 5521 3288 5559 non
3311 5503 3512 5576 capiat,

1933 5612 1986 5660 et
2016 5615 2152 5657 vana
2181 5597 2352 5672 gloria
2381 5611 2486 5655 non
2517 5597 2796 5668 subripiat.
2830 5597 2920 5653 llle
2946 5597 3106 5670 igitur
3133 5595 3305 5653 modis
3330 5594 3510 5652 omni~
