3974 6192
486 306 588 363 60⁸5

1475 295 1535 350 S.
1576 292 1941 350 BENEDICTI
1980 290 2272 346 ABBATIS
2306 288 2719 346 ANIANENSIS

3624 297 3735 356 60$

485 423 585 475 bus
610 432 668 471 se
696 414 846 472 dedit
876 414 945 469 ad
976 410 1279 482 exemplum
1308 408 1573 480 pertrahi,
1599 407 1690 477 qui
1711 405 1921 461 cunctis
1945 417 2062 458 car-
2089 408 2140 465 Α
2167 401 2352 467 trahit,
2380 416 2719 472 nequaquam
2739 401 3024 472 proﬁciant.
3044 403 3136 473 qui
3159 418 3346 462 eorum
3373 407 3558 464 verbis
3577 419 3734 483 atque

485 508 573 564 nis
609 506 950 578 passionibus
995 502 1251 565 moriens,
1291 500 1406 570 jam
1449 497 1804 570 spiritualiter
1842 495 1978 551 vivit
2003 501 2059 548 et

487 614 680 655 vanam
718 598 941 667 gloriam
974 591 1291 650 contemnit.

1057 749 1283 808 CAPUT
1319 747 1481 803 XXII.

484 887 565 944 De
601 888 684 943 his
713 887 803 959 qui
847 887 903 962 in
940 884 1186 962 regimine
1229 881 1470 954 prodesse
1506 887 1743 962 ppssunt,
1777 887 1826 933 et
1852 888 2063 951 propter

791 949 1017 1028 quietam
1040 955 1197 1010 vitam
1224 949 1444 1024 praesse
1470 949 1752 1021 refugiunt.

559 1071 697 1127 Sunt
738 1068 980 1124 nonnulli
1005 1066 1098 1136 qui
1125 1065 1335 1136 magnis
1364 1063 1678 1118 muneribus
1704 1061 1982 1133 sapientiae
2005 1070 2062 1117 et

486 1161 728 1217 scientiae
762 1159 939 1223 ditati,
986 1157 1113 1212 dum
1157 1156 1322 1211 solius
1372 1154 1840 1223 contemplationis
1883 1155 2063 1211 studio

487 1252 854 1314 inardescunt,
882 1264 1074 1320 parere
1094 1246 1313 1302 utilitati
1338 1245 1707 1316 proximorum
1728 1244 1784 1299 in
1810 1245 2065 1315 praedica-

486 1343 633 1397 tione
663 1340 953 1411 refugiunt,
982 1346 1251 1393 secretum
1277 1335 1479 1406 quietis
1508 1334 1754 1405 diligunt,
1788 1349 2064 1395 secessum

486 1433 866 1506 speculationis
906 1437 1182 1501 appetunt.
1225 1428 1327 1496 Qui
1366 1427 1623 1482 nimirum
1656 1427 1703 1482 si
1737 1427 1918 1482 vocati
1952 1426 2067 1482 cul-

486 1544 610 1583 men
641 1526 962 1598 regiminum
989 1524 1265 1593 suscipere
1288 1528 1541 1585 renuunt,
1563 1520 1678 1591 ipsa
1703 1520 1806 1574 sibi
1831 1518 2066 1589 plerum-

484 1632 589 1688 que
632 1618 771 1671 dona
820 1615 1088 1679 adimunt,
1125 1628 1244 1683 quae
1288 1627 1396 1666 non
1432 1626 1531 1681 pro
1574 1624 1631 1666 se
1672 1612 2064 1675 tantummodo,

485 1709 580 1763 sed
612 1707 774 1762 etiam
803 1721 902 1777 pro
942 1705 1063 1759 aliis
1094 1710 1439 1773 acceperunt.
1481 1699 1723 1770 Cumque
1751 1715 1848 1755 sua
1875 1707 1931 1755 et
1956 1716 2064 1754 non

488 1799 715 1863 aliorum
755 1798 903 1853 lucra
948 1796 1208 1866 cogitant,
1251 1809 1317 1849 ex
1360 1792 1527 1847 tantis
1557 1790 1745 1862 procul
1785 1791 1948 1846 dubio
1989 1791 2069 1846 rei

484 1894 633 1951 sunt,
668 1887 886 1955 quantis
913 1885 1191 1939 venientes
1211 1883 1278 1937 ad
1300 1882 1571 1952 publicum
1592 1881 1850 1952 prodesse
1870 1890 2066 1952 potue—

483 1985 628 2029 runt.
671 1976 787 2043 Qua
826 1975 970 2029 enim
1010 1980 1189 2027 mente
1226 1972 1273 2026 is
1320 1972 1412 2042 qui
1453 1972 1713 2042 proximis
1749 1970 2068 2042 profuturus

482 2066 827 2130 enitesceret,
868 2071 1138 2119 secretum
1176 2063 1440 2133 praeponit
1484 2070 1660 2137 suum,
1698 2063 1916 2133 quando
1954 2064 2068 2135 ipse

482 2156 678 2210 summi
719 2154 900 2209 Patris
950 2154 1292 2225 Unigenitus,
1328 2162 1390 2207 ut
1427 2154 1611 2209 multis
1656 2155 1960 2225 prodesset,
2002 2157 2068 2211 de

482 2247 604 2301 sinu
631 2246 803 2300 Patris
825 2261 1074 2318 egressus
1094 2255 1176 2300 est
1196 2246 1262 2300 ad
1285 2246 1554 2314 publicum
1584 2248 1871 2301 nostrum?
1908 2248 2069 2304 Deni-

481 2351 588 2406 que
620 2337 734 2407 ipsa
756 2335 969 2391 Veritas
998 2334 1276 2405 discipulis
1316 2336 1369 2390 in
1408 2336 1697 2405 Evangelio
1731 2336 1862 2392 dicit
1891 2354 1904 2392 :
1939 2336 2066 2393 Non

480 2435 646 2497 potest
680 2426 863 2495 civitas
905 2425 1152 2480 abscondi
1185 2442 1344 2496 supra
1375 2434 1601 2479 montem
1635 2427 1805 2495 posita
1845 2425 2062 2497 (Matth.

481 2531 539 2580 v,
565 2514 675 2586 Η).
723 2514 789 2569 Ει
820 2515 1016 2569 iterum
1045 2528 1060 2567 :
1095 2513 1263 2568 Nemo
1290 2514 1524 2568 accendit
1550 2516 1819 2570 lucernam
1843 2526 1893 2573 et
1921 2518 2067 2587 ponit

480 2622 596 2660 eam
621 2606 714 2659 sub
739 2604 936 2670 modio,
961 2604 1049 2658 sed
1080 2620 1235 2673 super
1260 2603 1656 2671 candelabrum,
1681 2615 1737 2659 ut
1766 2605 1937 2661 luceat
1962 2624 2068 2662 οηιρ

482 2699 634 2752 nibus
655 2698 744 2768 qui
772 2697 825 2750 in
847 2696 1001 2750 domo
1029 2704 1151 2749 sunt
1180 2694 1333 2766 (Luc.
1361 2712 1438 2763 Il,
1466 2694 1579 2768 35).
1618 2695 1754 2752 Hinc
1774 2696 1935 2754 Petro
1954 2699 2064 2752 ait:

484 2786 667 2843 Simon
704 2788 952 2852 Joannis,
983 2802 1131 2839 amas
1164 2802 1245 2840 me
1286 2785 1466 2857 (Joan.
1502 2802 1622 2853 ιιι,
1654 2787 1785 2857 15)?
1813 2787 1915 2856 Qui
1942 2804 2067 2845 cum

482 2892 540 2932 se
587 2891 773 2931 amare
810 2875 1056 2946 protinus
1095 2875 1482 2943 respondisset,
1521 2875 1765 2931 audivit:
1790 2874 1847 2931 Si
1886 2877 2065 2949 diligis

481 2983 582 3031 me,
613 2982 766 3035 pasce
793 2981 906 3019 oves
935 2980 1077 3017 meas
1108 2962 1294 3033 (lbid.,
1327 2979 1378 3029 v,
1412 2963 1521 3036 l6).
1578 2963 1636 3019 Si
1665 2980 1794 3034 ergo
1821 2967 2066 3022 testimo—

480 3056 629 3110 nium
658 3054 960 3109 dilectionis
989 3061 1074 3108 est
1100 3069 1229 3108 cura
1262 3055 1546 3123 pastionis,
1580 3056 1827 3127 quisquis
1848 3058 2065 3113 virtuti-

482 3145 581 3199 bus
622 3143 827 3213 pollens
865 3158 1082 3213 gregem
1127 3143 1224 3199 Dei
1265 3144 1447 3199 renuit
1482 3160 1704 3214 pascere
1728 3187 1743 3211 ,
1791 3156 2065 3218 pastorem

482 3248 755 3288 summum
779 3232 1122 3288 convincitur
1150 3248 1257 3288 non
1291 3249 1494 3289 amare.
1537 3233 1597 3290 Si
1619 3250 1806 3291 curam
1832 3238 2066 3307 proximi

482 3324 623 3377 sicut
649 3321 825 3377 nostri
852 3322 1109 3392 gerimus,
1134 3324 1287 3393 quasi
1316 3330 1604 3395 utrumque
1623 3326 1816 3397 pedem
1838 3344 1938 3399 per
1957 3330 2069 3386 cal-

482 3422 761 3471 ceamenta
799 3414 1091 3469 munimus.
1133 3413 1235 3482 Qui
1265 3430 1393 3470 vero
1420 3431 1571 3471 suam
1610 3418 1854 3488 cogitans
1874 3462 1889 3486 ,
1923 3422 2069 3476 utili-

485 3512 653 3558 tatem
688 3501 1061 3573 proximorum
1101 3503 1348 3575 negligit,
1387 3505 1543 3574 quasi
1579 3507 1739 3563 unius
1777 3509 1928 3578 pedis
1960 3511 2070 3566 cal-

483 3603 824 3651 ceamentum
860 3610 983 3650 cum
1018 3594 1280 3651 dedecore
1311 3596 1533 3651 amittit.
1573 3596 1714 3653 Sunt
1740 3601 1904 3655 etiam
1933 3616 2070 3657 non-

484 3685 614 3741 nulli
640 3685 732 3755 qui
762 3700 828 3740 ex
857 3685 969 3741 sola
997 3686 1303 3741 humilitate
1338 3685 1460 3742 aliis
1490 3702 1726 3758 praeesse
1769 3689 2065 3764 refugiunt,

486 3790 557 3830 ne
584 3775 672 3831 his
706 3790 844 3846 quos
878 3777 1187 3846 superiores
1221 3777 1323 3833 sibi
1364 3778 1638 3835 aestimant
1665 3781 2067 3850 praeferantur:

485 3881 713 3936 quorum
743 3866 984 3937 profecto
1011 3868 1309 3936 humilitas,
1342 3871 1388 3926 si
1416 3874 1627 3929 caeteris
1653 3888 1868 3946 quoque
1898 3877 2069 3931 virtu-

487 3958 632 4014 tibus
656 3957 913 4030 cingitur,
943 3966 1071 4015 tunc
1098 3968 1222 4016 ante
1242 3962 1427 4017 oculos
1453 3962 1548 4017 Dei
1576 3979 1705 4019 vera
1727 3975 1829 4032 est,
1854 3982 1977 4022 cum
2002 3967 2072 4022 ad

490 4048 850 4117 respuendum
885 4049 989 4103 hoc
1017 4052 1162 4118 quod
1184 4052 1392 4106 utiliter
1415 4053 1599 4109 subire
1620 4056 1932 4126 pmcipitur
1948 4073 2073 4128 per-

488 4138 638 4190 tinax
669 4151 775 4190 non
803 4144 905 4190 est.
951 4135 1138 4207 Neque
1161 4140 1305 4195 enim
1332 4156 1459 4197 vere
1486 4151 1570 4198 est
1592 4144 1835 4210 humilis,
1863 4146 1955 4215 qui
1983 4161 2072 4202 su-

489 4226 642 4297 perni
684 4235 872 4280 nutum
905 4227 1115 4283 arbitrii
1151 4237 1212 4284 ut
1241 4231 1435 4286 debeat
1463 4248 1695 4302 praeesse
1729 4235 1983 4308 intelligit
2017 4244 2075 4292 et

492 4327 670 4372 tamen
698 4318 1014 4373 contemnit.
1053 4318 1189 4375 Cum
1219 4320 1365 4375 enim
1405 4322 1507 4378 sibi
1546 4325 1827 4395 regiminis
1859 4327 2072 4383 culmen

2158 492 2421 564 exemplis
2444 493 2638 548 instrui
2663 501 2931 563 poterant.

2717 598 2944 656 CAPUT
2971 600 3155 657 XXIII.

2164 705 2238 762 De
2277 709 2381 763 vita
2421 718 2474 763 et
2512 711 2742 788 moribus
2779 710 3160 788 solitariomm,
3204 725 3257 788 et
3293 719 3524 788 qualiter
3565 722 3644 778 eis
3685 723 3741 782 in

2458 779 2701 834 solitaria
2742 782 2848 835 vita
2893 779 3317 840 conversantium
3343 791 3434 844 sit.

2228 865 2429 923 Beatus
2466 869 2630 939 igitur
2667 870 2863 926 Paulus
2893 874 3167 943 apostolus
3199 877 3268 934 de
3305 887 3495 936 nostra
3530 882 3642 938 vita
3679 898 3744 942 ac

2157 958 2591 1025 conversatione,
2616 968 2677 1015 ut
2705 960 2780 1015 ita
2808 963 3006 1031 dicam,
3035 966 3319 1036 sollicitus,
3343 986 3496 1028 more
3516 982 3747 1046 paterno

2162 1061 2261 1102 nos
2283 1049 2535 1104 admonet
2561 1049 2784 1108 dicens:
2815 1053 2994 1110 Videte
3022 1060 3340 1116 vocationem
3359 1075 3608 1132 vestram,
3631 1076 3742 1125 etc.

2162 1136 2216 1209 (I
2251 1138 2373 1193 Cor.
2400 1155 2437 1206 ι,
2464 1139 2578 1214 26).
2617 1141 2955 1215 Quapropter
2984 1156 3040 1202 et
3066 1163 3167 1204 nos
3193 1151 3473 1210 videamus
3500 1157 3747 1213 vocatio-

2161 1245 2286 1284 nem
2327 1241 2604 1300 nostram,
2654 1236 2779 1304 quia
2824 1245 2919 1291 aut
2962 1239 3165 1310 aliquid
3208 1252 3303 1297 aut
3339 1245 3475 1300 nihil
3526 1249 3749 1317 prodest

2162 1320 2305 1389 quod
2335 1321 2635 1377 solitariam
2671 1326 2838 1380 vitam
2868 1329 3193 1398 expetimus,
3218 1333 3265 1387 si
3289 1334 3426 1390 tales
3456 1336 3515 1391 in
3556 1353 3624 1393 ea
3660 1354 3750 1394 su-

2163 1423 2286 1464 mus
2328 1411 2515 1480 quales
2552 1413 2608 1467 in
2656 1416 2855 1471 saeculo
2890 1433 3011 1475 esse
3044 1423 3340 1490 potuimus.
3378 1424 3585 1485 Venire
3625 1432 3749 1500 qui-

2166 1497 2287 1552 dem
2329 1499 2396 1553 ad
2434 1501 2731 1558 solitariam
2771 1506 2934 1561 vitam
2974 1524 3187 1566 summa
3222 1513 3485 1582 perfectio
3519 1497 3749 1585 θείη-δα]

2166 1603 2273 1642 non
2308 1590 2545 1659 perfecte
2580 1593 2636 1647 in
2673 1594 2963 1656 solitudine
2992 1600 3194 1668 vivere,
3228 1620 3439 1662 summa
3470 1607 3751 1666 damnatio

2167 1687 2267 1733 est.
2309 1678 2448 1746 Quid
2475 1682 2621 1737 enim
2652 1685 2871 1754 prodest
2900 1688 2946 1744 si
2975 1689 3126 1747 locus
3152 1694 3369 1763 quietus
3389 1705 3605 1753 tantum
3629 1714 3751 1755 cor-

2095 1748 2143 1809 Β
2173 1771 2428 1839 poraliter
2454 1748 2718 1841 teneatur,
2742 1786 2797 1833 et
2824 1779 3140 1849 inquietudo
3168 1748 3231 1840 in
3259 1788 3424 1845 corde
3457 1792 3752 1846 versetur?

2169 1859 2329 1928 Quid,
2380 1863 2621 1934 inquam,
2659 1869 2879 1938 prodest
2915 1872 2963 1926 si
3004 1873 3061 1927 in
3104 1875 3441 1934 habitatione
3474 1880 3749 1939 silentium

2168 1951 2260 2017 sit,
2289 1961 2344 2006 et
2368 1952 2422 2007 in
2447 1952 2845 2015 habitatoribus
2863 1961 3118 2018 vitiorum
3141 1966 3212 2021 sit
3232 1969 3517 2037 tumultus,
3544 1980 3604 2027 et
3625 1988 3751 2029 con-

2166 2038 2388 2096 luctatio
2414 2043 2748 2112 passionum,
2779 2048 2827 2102 si
2856 2050 3126 2107 exteriora
3154 2062 3334 2109 nostra
3363 2059 3637 2116 serenitas
3672 2068 3751 2117 te-

2167 2136 2317 2195 neat,
2361 2139 2416 2185 et
2458 2132 2715 2190 interiora
2753 2141 3095 2208 tempestas?
3131 2141 3250 2198 Non
3289 2144 3412 2201 ideo
3451 2148 3522 2204 ad
3561 2150 3746 2207 solita-

2169 2216 2307 2272 riam
2335 2219 2501 2275 vitam
2527 2224 2795 2291 venimus,
2836 2233 2897 2280 ut
2935 2231 3097 2284 rebus
3124 2233 3376 2291 omnibus
3414 2236 3749 2298 abundantes

2166 2307 2315 2363 omni
2345 2311 2525 2379 quiete
2554 2311 2877 2371 frueremur.
2918 2317 3036 2374 Non
3067 2322 3254 2392 utique
3277 2325 3346 2379 ad
3380 2329 3629 2398 requiem
3652 2347 3748 2389 nec

2166 2393 2246 2455 ad'
2282 2403 2647 2472 securitatem,
2693 2410 2789 2464 sed
2837 2411 2906 2466 ad
2952 2427 3188 2485 pugnam
3231 2418 3339 2474 huc
3376 2393 3650 2491 venimus,
3683 2427 3748 2482 ad

2167 2503 2391 2560 agonem
2418 2495 2781 2562 processimus
2799 2539 2813 2565 ,
2844 2501 2913 2555 ad
2937 2506 3245 2563 exercenda
3276 2524 3402 2565 cum
3426 2513 3578 2570 vitiis
3612 2516 3747 2574 bella

2167 2586 2598 2653 properavimus.
2641 2588 2782 2644 Vitia
2809 2592 2954 2647 enim
2980 2603 3166 2651 nostra
3190 2597 3374 2656 hostes
3400 2606 3577 2661 nostri
3603 2615 3743 2662 sunt.

2166 2668 2466 2729 Caveamus
2494 2683 2675 2730 autem
2698 2693 2766 2733 ne
2794 2695 3031 2751 unquam
3058 2699 3183 2741 cum
3208 2689 3289 2744 eis
3323 2690 3622 2751 habeamus
3646 2695 3746 2753 lte-

2167 2760 2287 2817 dus.
2329 2762 2645 2822 Necessaria
2680 2769 2825 2824 enim
2865 2772 3023 2830 nobis
3052 2785 3138 2832 est
3165 2780 3391 2851 pervigil
3424 2798 3557 2839 cura
3594 2786 3746 2844 inde-

2166 2850 2415 2925 fessaque
2453 2857 2722 2926 custodia,
2766 2861 2896 2931 quia
2939 2864 3111 2922 hostis
3145 2868 3248 2924 iste
3282 2850 3401 2928 sine
3442 2889 3584 2945 pace
3619 2886 3742 2934 est:

2165 2947 2310 3003 vinci
2344 2958 2544 3020 potest,
2590 2961 2646 3007 et
2683 2954 2851 3024 recipi
2900 2956 2955 3011 in
3001 2960 3243 3017 amicitia
3287 2979 3395 3020 non
3448 2976 3648 3036 potest.
3685 2970 3750 3027 Et

2168 3036 2292 3095 ideo
2330 3042 2573 3110 praelium
2613 3043 2759 3101 istud
2797 3048 2938 3115 quod
2975 3052 3296 3122 suscipimus
3331 3058 3468 3112 satis
3499 3060 3750 3127 arduum,

2167 3133 2302 3189 satis
2333 3135 2546 3202 durum,
2580 3139 2716 3195 satis
2743 3141 3100 3210 periculosum
3136 3156 3240 3213 est,
3267 3149 3393 3218 quia
3418 3151 3559 3207 intra
3581 3154 3755 3210 homi-

2166 3239 2293 3278 nem
2328 3226 2538 3295 geritur
2570 3235 2625 3282 et
2663 3230 2768 3285 nisi
2809 3247 2934 3287 cum
2968 3234 3087 3305 ipso
3131 3236 3350 3295 homine
3385 3256 3494 3296 non
3545 3243 3751 3301 finitur.

2167 3312 2293 3369 Ideo
2318 3331 2448 3386 ergo
2469 3319 2538 3373 ad
2567 3320 2711 3377 hanc
2736 3324 3101 3393 tranquillam,
3125 3338 3389 3385 secretam
3416 3341 3472 3387 et
3497 3336 3755 3404 spiritua-

2165 3404 2273 3460 lem
2293 3407 2458 3463 vitam
2488 3410 2759 3479 venimus,
2781 3422 2842 3468 ut
2866 3417 3109 3484 quotidie
3128 3431 3317 3477 contra
3342 3427 3628 3494 passiones
3656 3444 3757 3485 no-

2167 3503 2312 3551 stras
2347 3495 2671 3570 infatigabili
2711 3506 3094 3575 congressione
3131 3509 3491 3580 decertemus,
3535 3526 3597 3572 ut
3633 3532 3759 3575 cor-

2167 3584 2253 3641 dis
2286 3588 2557 3658 nequitias
2588 3592 3042 3652 circumcidamus
3069 3598 3154 3653 vel
3176 3599 3373 3672 lingua:
3397 3604 3634 3675 gladium
3664 3625 3757 3665 re-

2168 3678 2478 3735 tundamus.
2504 3680 2721 3737 Turrim
2744 3699 2978 3757 namque
2996 3690 3268 3747 excelsam
3290 3703 3577 3754 exstruere
3595 3700 3754 3758 volu-

2168 3783 2308 3835 mus,
2346 3785 2713 3842 prteparemus
2741 3777 2899 3837 nobis
2927 3790 3176 3852 sumptus
3201 3785 3268 3840 ad
3303 3797 3657 3857 structuram,
3692 3804 3755 3850 ut

2168 3868 2406 3931 emptum
2435 3863 2722 3921 aedilicium
2754 3868 2822 3923 ad
2858 3871 3248 3941 perfectionem
3278 3879 3645 3953 deducamus;
3683 3903 3757 3943 ne

2169 3953 2386 4023 quando
2411 3959 2861 4026 praetereuntibus
2883 3964 3165 4028 veniamus
3188 3969 3243 4023 in
3269 3969 3527 4036 derisum,
3550 3984 3606 4030 et
3626 3993 3759 4048 gra-

2169 4041 2409 4098 tulentur
2435 4044 2503 4099 de
2539 4046 2696 4103 nobis
2723 4048 2928 4106 inimici
2959 4055 3149 4121 nostri,
3184 4065 3241 4112 et
3266 4058 3451 4116 dicant
3477 4080 3491 4115 :
3516 4062 3612 4118 Isti
3630 4041 3761 4121 vete-

2169 4140 2365 4200 perunt
2403 4134 2705 4203 adiacere,
2761 4147 2817 4193 et
2864 4155 2973 4196 non
3017 4151 3307 4213 potuerunt
3349 4164 3756 4210 consummare.

2167 4218 2395 4277 Avertat
2440 4232 2622 4280 autem
2666 4226 2927 4286 Dominus
2961 4232 3065 4289 hoc
3099 4235 3486 4308 imprOperium
3522 4256 3554 4295 a
3599 4247 3761 4303 nobis

2171 4308 2323 4381 (Luc.
2356 4328 2468 4381 xiv,
2495 4313 2608 4386 '50).
2817 4334 2964 4377 enim
3012 4327 3182 4382 turris
3223 4343 3332 4384 non
3373 4345 3445 4385 ex
3484 4331 3760 4402 lapidibus

492 4411 809 4481 imperatur,
840 4410 885 4466 si
910 4410 1024 4482 jam
1054 4411 1211 4466 donis
1243 4421 1549 4481 praeventus
1577 4423 1681 4482 est,
1719 4416 1914 4485 quibus
1951 4418 2072 4475 aliis
2098 4451 2150 4512 Ι)
2173 4403 2527 4512 (ξῗξξξῑιξιξίῑυΐν
2684 4398 2764 4512 wex.
2798 4410 3098 4512 ‘llrtmibuS
3130 4418 3353 4483 θηὶωως
3400 4435 3502 4512 nec
3544 4425 3667 4479 ³11ΐί
3708 4434 3763 4480 ει

491 4515 723 4570 prmesse
749 4508 804 4555 et
829 4501 1085 4570 prodesse
1105 4502 1301 4571 possit,
1325 4509 1380 4557 et
1400 4519 1465 4558 ex
1489 4505 1649 4560 corde
1674 4505 1836 4562 debet
1864 4506 2069 4580 fugere,

491 4601 548 4644 et
593 4589 793 4644 invitus
839 4591 1080 4646 obedire.
1139 4590 1257 4648 Huc
1301 4608 1472 4664 usque
1515 4595 1707 4652 beatus
1757 4598 2068 4669 Gregorius.

493 4686 630 4741 Nam
659 4686 725 4741 de
758 4686 950 4742 eadem
983 4703 1041 4742 re
1069 4687 1146 4742 ait
1171 4696 1389 4744 sanctus
1422 4688 1661 4747 Isidorus
1689 4706 1703 4746 :
1728 4693 1842 4760 Vir,
1877 4694 2071 4765 inquit,

490 4777 892 4834 ecclesiasticus
937 4786 994 4833 et
1040 4777 1285 4848 cruciﬁgi
1329 4780 1530 4835 mundo
1571 4796 1670 4851 per
1705 4783 2075 4841 mortiﬁcatio-

488 4885 617 4927 nem
648 4870 880 4942 proprizc
914 4870 1094 4926 carnis
1121 4870 1302 4937 debet,
1330 4879 1386 4926 et
1412 4872 1868 4943 dispensationem
1902 4877 2078 4933 eccle-

491 4963 703 5020 siastici
738 4962 964 5031 ordinis,
993 4963 1037 5019 si
1070 4978 1136 5019 ex
1174 4963 1267 5019 Dei
1307 4964 1586 5020 voluntate
1616 4968 1946 5037 provenerit,
1979 4983 2077 5023 no-

493 5055 615 5111 lens
654 5054 869 5125 quidem
895 5095 910 5119 ,
958 5055 1052 5110 sed
1091 5055 1312 5111 humilis
1356 5056 1758 5126 gubernandam
1796 5059 2072 5130 suscipiat.

495 5143 675 5200 Multis
695 5143 972 5213 intercipit
996 5144 1228 5200 Satanas
1257 5144 1536 5201 fraudibus
1567 5162 1663 5202 eos
1687 5147 1778 5217 qui
1804 5149 1928 5203 vita!
1961 5165 2077 5203 sen-

493 5251 588 5291 sus
608 5242 665 5290 et
683 5235 916 5291 utilitate
950 5243 1268 5307 praestantes
1304 5252 1541 5307 prwesse
1574 5245 1629 5293 et
1662 5240 1920 5308 prodesse
1956 5239 2077 5296 aliis

494 5324 714 5389 nolunt;
755 5334 809 5379 et
853 5325 977 5381 dum
1019 5326 1100 5382 eis
1134 5327 1375 5398 regimen
1417 5327 1721 5382 animarum
1759 5327 2073 5398 imponitur,

498 5424 753 5483 renuunt,
798 5416 1096 5472 consultius
1140 5419 1469 5473 arbitrantes
1508 5419 1739 5474 otiosam
1773 5419 1941 5474 vitam
1983 5420 2075 5475 de-

498 5517 625 5574 gere
662 5520 823 5575 quam
864 5505 1029 5562 lucris
1062 5506 1363 5562 animarum
1398 5508 1670 5564 insistere.
1703 5506 1858 5575 Quod
1894 5517 2075 5564 tamen

498 5594 710 5664 decepti
736 5606 901 5667 agunt
936 5612 1033 5666 per
1061 5608 1437 5669 argumentum
1471 5599 1670 5655 diaboli
1710 5598 1946 5655 fallentis
1981 5615 2076 5656 eos

498 5700 594 5753 per
620 5686 854 5754 speciem
884 5687 1030 5755 boni,
1063 5700 1122 5745 ut
1143 5690 1269 5746 dum
1295 5691 1413 5747 illos
1443 5707 1472 5745 ει
1503 5692 1759 5760 pastorali
1785 5692 1959 5749 cilicio
1989 5709 2075 5748 rc-

2179 4494 2387 4566 argenti
2418 4498 2722 4567 sumptibus
2750 4500 2974 4574 indiget,
3006 4506 3099 4560 sed
3125 4511 3538 4578 conversatione
3569 4514 3717 4572 fideli
3743 4537 3758 4573 :

2179 4599 2305 4639 nam
2334 4593 2565 4677 terrente
2593 4603 2727 4660 opes
2757 4592 3053 4661 plurimum
3078 4598 3146 4653 ad
3174 4599 3550 4658 aediﬁcandum
3588 4605 3765 4677 impe-

2179 4675 2353 4730 diunt.
2390 4676 2615 4736 Difﬁcile
2640 4696 2876 4755 namque
2910 4695 2995 4741 est
3028 4687 3235 4746 duobus
3265 4692 3497 4749 dominis
3527 4675 3761 4766 servire,

2179 4780 2282 4821 nec
2304 4777 2482 4836 potest
2513 4770 2799 4842 quisquam
2830 4777 3075 4834 serviens
3103 4795 3424 4837 mammona:
3449 4787 3762 4855 spiritualia

2182 4871 2333 4912 arma
2367 4867 2620 4929 portare,
2659 4864 2753 4919 sed
2784 4863 2974 4937 iugum
3011 4884 3176 4925 suave
3209 4871 3411 4929 Christi
3449 4878 3669 4948 repellit
3705 4889 3763 4936 et

2178 4951 2394 5022 projicit
2419 4970 2449 5009 a
2475 4970 2564 5023 se;
2594 4965 2649 5012 et
2668 4958 2926 5030 quidquid
2949 4978 3115 5033 grave
3134 4975 3192 5020 et
3209 4981 3499 5025 onerosum
3524 4979 3612 5025 est
3640 4973 3761 5027 ani-

2180 5065 2283 5105 mae
2311 5065 2441 5119 suae,
2470 5067 2638 5109 suave
2659 5055 2711 5109 ei
2733 5055 2948 5111 videtur
2972 5072 3036 5113 ac
3065 5057 3200 5113 leve.
3241 5057 3544 5114 Istiusmodi
3572 5060 3763 5116 solita.

2176 5142 2294 5198 rius
2322 5158 2354 5197 a
2375 5145 2607 5214 propriis
2625 5145 2793 5202 armis
2817 5147 3159 5213 vulneratur,
3184 5157 3386 5204 etcum
3415 5149 3589 5220 diligit
3612 5150 3763 5220 peri-

2176 5235 2376 5296 culum.
2403 5236 2591 5291 incidit
2611 5237 2663 5291 in
2694 5246 2942 5294 mortem.
2983 5237 3092 5294 Nos
3119 5247 3300 5295 autem
3320 5239 3367 5295 si
3388 5240 3636 5310 cupimus
3659 5241 3761 5295 mi-

2174 5326 2332 5384 litare
2360 5327 2493 5395 Deo,
2520 5327 2596 5382 illi
2622 5329 2722 5385 soli
2751 5332 3071 5399 serviamus,
3101 5341 3158 5389 et
3188 5342 3433 5390 terrenas
3455 5348 3586 5404 opes
3608 5344 3763 5404 post-

2174 5432 2456 5489 ponamus.
2508 5417 2861 5477 Peculiariter
2894 5430 3075 5478 autem
3116 5424 3185 5479 ad
3228 5424 3617 5495 professionem
3660 5441 3763 5480 no-

2174 5515 2343 5564 stram
2372 5510 2628 5579 pertinet,
2659 5511 2795 5566 nihil
2825 5513 3045 5569 honoris
3081 5513 3139 5568 in
3171 5514 3274 5570 hac
3310 5514 3420 5569 vita
3454 5513 3760 5584 requirere,

2176 5598 2271 5654 sed
2319 5600 2552 5655 honores
2593 5598 2803 5671 fugere,
2851 5611 2909 5658 et
2948 5603 3016 5659 ad
3057 5614 3273 5660 aeternae
3305 5604 3763 5661 remunerationis

2174 5690 2444 5761 promissa
2472 5691 2712 5747 animum
2745 5708 3068 5763 praeparare,
3102 5694 3428 5767 subiectione
3462 5704 3626 5766 atque
3661 5695 3764 5749 ab-
