3974 6192
189 278 282 334 605

866 278 1091 334 CODEX
1132 282 1582 342 REGULARUM.
1621 317 1690 327 —
1726 287 1904 344 PARS
1938 289 2002 344 ιι.
2045 291 2347 349 REGUUE
2389 295 2493 349 PP.
2535 297 2804 356 ORIENT.

3331 311 3433 366 606

181 390 408 488 jectione
440 387 706 488 gaudere,
730 387 1094 488 voluntariam
1147 403 1516 463 paupertatem
1558 396 1760 465 ample-
1785 397 1838 458 Α
1862 409 1916 454 et
1951 401 2243 472 solitarius,
2279 404 2506 462 devictis
2541 417 2593 462 et
2630 413 2897 479 superatis
2926 417 3110 472 mundi
3139 419 3298 488 hujus
3327 426 3434 479 cri-

184 482 247 536 cti
265 521 282 546 ,
311 487 368 534 et
394 495 498 534 non
527 479 698 533 solum
723 479 1026 547 facultates,
1071 484 1165 537 sed
1191 484 1352 538 etiam
1383 486 1528 556 ipsas
1553 487 1759 555 cupidi-

183 581 324 627 tates
349 570 416 624 de
440 569 690 625 cordibus
719 571 918 626 nostris
953 571 1259 639 eradicare;
1306 574 1431 643 quia
1472 575 1604 628 nihil
1640 590 1761 645 pro-

181 667 300 722 dest
331 680 437 718 non
466 663 666 716 habere
693 661 941 727 divitias,
979 663 1067 718 cui
1103 663 1348 718 voluntas
1390 665 1626 734 suppetit
1664 665 1760 718 ha-

181 755 336 810 bendi
359 769 471 808 eas.
521 751 637 806 Non
668 752 812 806 enim
839 759 1048 806 tantum
1070 752 1270 809 habere
1291 754 1564 820 debemus,
1593 770 1760 823 quan-

181 854 287 900 tum
327 841 597 910 cupiditas
633 841 986 910 concupiscit,
1027 841 1123 896 sed
1161 851 1420 911 quantum
1461 846 1756 900 necessitas

179 933 365 1008 poscit.
405 932 650 987 Habendi
683 931 825 986 enim
855 947 1025 998 amor,
1057 931 1162 986 nisi
1202 933 1269 987 ad
1306 933 1574 1004 integrum
1604 950 1752 990 rese-

180 1035 342 1090 cetur,
384 1024 664 1079 ardentior
703 1033 787 1078 est
825 1025 878 1077 in
913 1024 1094 1092 parvis
1127 1033 1182 1080 et
1226 1025 1345 1095 plus
1388 1034 1667 1095 torquetur
1700 1027 1753 1080 in

181 1115 428 1172 minimis.
471 1115 568 1170 Est
596 1122 776 1169 autem
799 1122 852 1168 et
877 1114 979 1167 alia
1001 1129 1161 1168 causa
1188 1115 1343 1170 valde
1368 1116 1501 1170 dura
1521 1126 1574 1171 et
1595 1118 1754 1174 nimis

181 1207 420 1272 dolenda,
469 1207 573 1260 hoc
615 1213 698 1260 est
732 1205 877 1261 omni
921 1205 1217 1260 intentione
1265 1205 1499 1262 studium
1553 1207 1754 1262 laboris

181 1297 513 1366 impendere,
543 1301 598 1350 et
626 1293 858 1349 fructum
900 1309 1008 1348 non
1049 1295 1289 1363 recipere
1335 1305 1456 1366 post
1488 1296 1747 1352 laborem.

180 1387 304 1456 Quid
328 1387 478 1440 enim
507 1384 724 1454 prodest
744 1383 817 1456 jej
827 1399 994 1439 unare
1019 1393 1074 1440 et
1099 1386 1322 1456 vigilare
1337 1427 1353 1452 ,
1373 1395 1427 1440 et
1447 1403 1624 1442 mores
1645 1403 1750 1442 non

180 1475 482 1547 corrigere?
521 1475 613 1530 Sic
648 1483 732 1530 est
760 1475 1028 1544 quomodo
1057 1474 1102 1530 si
1131 1474 1327 1544 aliquis
1350 1483 1503 1530 extra
1539 1478 1750 1532 vineam

180 1576 256 1622 aut
308 1567 459 1621 circa
509 1566 721 1620 vineam
771 1565 1034 1635 exstirpet
1075 1574 1130 1620 et
1165 1565 1396 1632 excolat,
1438 1575 1494 1622 et
1535 1569 1749 1623 vineam

179 1659 333 1728 ipsam
361 1657 633 1712 desertam
660 1669 726 1709 ac
753 1654 1008 1710 incultam
1039 1656 1342 1725 relinquat,
1373 1658 1447 1711 ita
1482 1666 1541 1712 ut
1567 1659 1750 1727 spinas

175 1758 220 1803 et
245 1746 477 1802 tribulos
501 1745 789 1826 germinet.
806 1749 913 1799 Aut
930 1746 1059 1814 quid
1083 1747 1304 1815 prodest
1323 1747 1537 1801 aﬂlictio
1559 1763 1748 1818 corpo-
1773 1739 1820 1797 B

175 1841 306 1906 ralis,
341 1840 388 1894 si
422 1839 619 1910 lingua:
648 1837 903 1907 nequitiis
935 1845 988 1893 et
1021 1838 1505 1895 obtrectationibus
1541 1839 1747 1910 pollua-

174 1951 300 1997 mur,
338 1947 464 1988 cum
494 1931 766 2002 apostolus
805 1931 983 1985 dicat:
1011 1928 1068 1984 Si
1104 1931 1222 2001 quis
1257 1941 1404 2002 putat
1447 1949 1501 1986 se
1543 1931 1751 2002 religio-

173 2045 270 2082 sum
295 2043 438 2091 esse,
466 2041 570 2078 non
612 2023 882 2093 refrenans
907 2022 1143 2094 linguam
1170 2041 1344 2091 suam,
1373 2024 1464 2078 sed
1501 2024 1749 2079 seducens

171 2136 248 2172 cor
268 2132 455 2182 suum,
482 2113 642 2184 hujus
681 2130 815 2167 vana
845 2121 920 2167 est
948 2113 1128 2184 religio
1163 2113 1303 2186 (Jac.
1332 2131 1370 2180 ι,
1399 2113 1510 2186 26).
1563 2113 1751 2167 Nonne

171 2224 311 2264 omne
333 2222 475 2277 Opus
493 2212 736 2261 nostrum
761 2204 906 2258 velut
934 2203 1114 2259 fumus
1135 2213 1295 2274 atque
1328 2206 1519 2258 umbra
1548 2219 1744 2260 evane-

174 2301 275 2365 scit,
301 2310 362 2354 et
388 2297 539 2352 velut
558 2295 737 2351 favilla
762 2303 930 2366 stupze
951 2295 1004 2350 in
1027 2297 1255 2350 nihilum
1280 2297 1582 2367 redigitur?
1609 2295 1749 2363 Qua-

172 2398 376 2460 propter
407 2387 612 2442 frustra
648 2386 804 2440 nobis
841 2386 907 2440 de
940 2386 1183 2454 corporis
1217 2399 1379 2440 cruce
1419 2393 1475 2439 et
1511 2385 1750 2454 pectoris

173 2481 449 2534 afﬂictione
491 2477 832 2542 blandimur,
863 2475 906 2530 si
933 2476 1173 2530 exterior
1212 2475 1373 2530 homo
1410 2483 1614 2541 noster,
1647 2475 1750 2529 hoc

173 2582 238 2628 est
262 2585 465 2642 corpus
505 2576 769 2633 nostrum,
805 2567 1008 2621 sanctis
1045 2564 1322 2621 laboribus
1356 2575 1662 2630 exercetur,
1696 2575 1752 2620 et

173 2667 380 2722 interior
405 2682 441 2719 a
471 2663 832 2734 passionibus,
856 2662 958 2716 hoc
981 2666 1086 2725 est,
1113 2675 1144 2713 a
1166 2658 1500 2714 detractione
1519 2699 1532 2720 ,
1559 2659 1628 2712 ab
1646 2659 1743 2720 ira,

170 2759 227 2812 ab
259 2756 664 2828 indignatione,
696 2753 764 2808 ab
798 2751 1072 2823 hypocrisi
1117 2759 1171 2805 et
1199 2750 1410 2806 caeteris
1439 2749 1747 2819 hujusmodi

171 2847 296 2901 vitiis
333 2861 446 2900 non
475 2853 716 2898 curatur.
770 2839 1086 2910 IIujusmodi
1113 2841 1311 2909 quippe
1349 2839 1626 2894 solitarius
1662 2848 1746 2894 ta-

170 2939 224 2993 lis
245 2939 464 2992 videtur
493 2935 624 2990 mihi
654 2949 794 2998 esse,
823 2932 1091 3002 quomodo
1114 2932 1214 2986 sia
1235 2931 1368 2986 foris
1393 2941 1628 2986 statuam
1657 2947 1748 2986 au-

169 3045 296 3084 ream
325 3028 497 3085 faciat
520 3027 714 3095 aliquis
736 3040 856 3095 quae
885 3025 1027 3079 intro
1051 3023 1200 3078 lutea
1223 3024 1326 3084 sit;
1357 3025 1442 3079 vel
1474 3025 1743 3092 quomodo

168 3124 204 3176 si
224 3122 416 3178 domus
451 3118 733 3190 magniﬁca
760 3124 874 3172 arte
904 3124 1200 3182 exstructa,
1229 3132 1258 3168 a
1285 3114 1420 3171 foris
1447 3116 1750 3186 pulcherri—‘

172 3216 256 3269 mis
281 3214 500 3283 depicta
532 3211 774 3265 videatur
803 3208 1093 3274 coloribus,
1130 3210 1198 3263 ab
1231 3209 1376 3263 intus
1407 3209 1745 3277 serpentibus

168 3315 212 3359 et
229 3303 607 3375 scorpionibus
627 3301 786 3372 plena
807 3302 897 3356 sit.
933 3301 1010 3355 De
1031 3300 1229 3355 talibus
1251 3302 1394 3354 enim
1418 3299 1666 3355 Christus
1690 3300 1742 3353 in

170 3397 453 3468 Evangelio
495 3394 674 3449 dicit:
713 3392 804 3447 Va:
846 3392 1017 3457 vobis,
1056 3392 1369 3462 hypocritaz,
1412 3391 1501 3462 qui
1547 3391 1743 3446 similes

169 3491 275 3542 estis
311 3486 574 3558 sepulcris
613 3484 890 3550 dealbatis,
925 3500 1041 3555 quw
1077 3501 1109 3536 a
1153 3483 1283 3552 foris
1321 3482 1618 3537 hominibus
1649 3500 1744 3553 pa-

171 3593 265 3636 rent
292 3583 568 3652 speciosa;
591 3579 730 3631 intus
753 3592 873 3630 vero
892 3575 1031 3646 pleni
1051 3575 1171 3629 estis
1193 3573 1456 3644 hypocrisi
1475 3582 1522 3626 et
1545 3573 1740 3643 iniqui-

169 3680 258 3726 tate
296 3671 523 3743 (Hatth.
561 3685 718 3733 nni,
752 3665 864 3738 27).
913 3665 1031 3735 Ipse
1059 3678 1272 3733 quoque
1310 3663 1564 3718 Dominus
1599 3662 1744 3715 velut

167 3765 273 3832 pius
299 3764 548 3820 medicus
567 3761 670 3818 hac
692 3761 758 3816 de
785 3774 946 3815 causa
968 3759 1124 3812 nobis
1150 3756 1378 3812 infirmis
1399 3756 1561 3825 paulo
1583 3771 1743 3824 supe-

168 3855 268 3910 rius
293 3856 387 3910 dat
425 3852 730 3916 consilium,
766 3851 987 3906 dicens:
1016 3849 1219 3903 Munda
1252 3848 1398 3914 prius
1428 3847 1568 3918 quod
1601 3849 1740 3907 intus

164 3956 228 3998 est
255 3945 439 3999 calicis
465 3952 513 3998 et
544 3941 858 4013 paropsidis,
884 3949 939 3994 ut
961 3939 1054 4008 ﬁat
1081 3949 1128 3994 et
1162 3939 1217 3992 id
1248 3938 1386 4009 quod
1415 3938 1610 4007 deforis
1641 3946 1735 4002 est,

166 4038 408 4090 mundum
438 4034 628 4107 (lbid.,
667 4052 714 4088 v.
758 4032 870 4103 26).
916 4031 1030 4086 Hoc
1070 4038 1174 4096 est,
1214 4030 1408 4084 munda
1455 4029 1602 4099 prius
1645 4044 1742 4084 cor

163 4135 302 4180 tuum
327 4127 401 4181 ab
436 4125 583 4180 omni
604 4122 874 4195 hypocrisi
894 4129 950 4176 et
973 4120 1277 4190 iniquitate,
1312 4129 1368 4174 et
1392 4119 1459 4173 ab
1487 4119 1632 4174 omni
1660 4117 1739 4172 ira

160 4225 208 4266 et
237 4215 604 4279 detractione,
634 4221 690 4269 et
717 4222 844 4268 tunc
880 4213 985 4267 erit
1024 4225 1160 4280 opus
1199 4219 1347 4264 tuum
1390 4209 1623 4264 lucidum
1664 4217 1743 4265 to-

160 4314 286 4371 tum,
326 4316 383 4364 et
426 4323 537 4363 non
572 4306 779 4362 habens
815 4304 1050 4372 aliquam
1085 4309 1296 4372 partem
1331 4300 1700 4357 tenebrarum.

725 4415 952 4472 CAPUT
978 4415 1168 4470 XXIV.

512 4485 646 4540 Item
669 4487 735 4541 de
760 4486 940 4541 eadem
974 4502 1028 4538 re
1062 4501 1178 4556 quia
1210 4500 1390 4554 supra.

215 4578 359 4633 Certi
400 4579 549 4633 enim
582 4578 752 4632 simus
776 4617 790 4642 ,
831 4576 1126 4631 secundum
1163 4576 1376 4631 Domini
1409 4577 1580 4632 nostri
1623 4592 1744 4632 sen-

156 4667 371 4722 tentiam
409 4666 664 4736 superius
684 4666 904 4731 dictam,
929 4665 1073 4736 quod
1113 4667 1216 4721 nisi
1255 4674 1470 4722 nostras
1502 4667 1740 4736 quotidie

152 4771 440 4812 caveamus
457 4767 514 4813 et
535 4757 982 4812 circumcidamns
1008 4758 1304 4826 passiones,
1332 4758 1628 4813 deteriores
1641 4774 1739 4813 nos

154 4850 371 4906 multum
395 4850 539 4906 eﬂici
561 4867 723 4920 quam
746 4849 944 4904 fuimus
964 4850 1090 4904 dum
1118 4850 1171 4904 in
1195 4850 1390 4905 sarculo
1409 4852 1731 4916 viveremus,

151 4942 215 4997 ita
251 4954 312 4999 ut
346 4945 490 4998 fiant
535 4949 778 4997 extrema
818 4947 1001 4995 nostra
1039 4939 1222 5010 pejora
1257 4941 1545 5009 prioribus.
1586 4940 1731 5007 Qua-

148 5043 359 5102 propter
386 5047 499 5088 non
530 5030 703 5086 solum
730 5031 884 5084 nobis
909 5046 938 5084 a
964 5029 1280 5098 capitalibus
1304 5031 1620 5084 criminibus
1639 5046 1733 5084 ea-

147 5137 385 5186 vcamus,
418 5121 514 5177 sed
545 5121 710 5176 etiam
743 5121 884 5188 ipsas
907 5135 1104 5189 parvas
1124 5121 1477 5191 negligentias
1496 5122 1734 5191 quotidie

145 5215 287 5279 quasi
329 5228 608 5268 venenum
653 5211 849 5267 diaboli
886 5225 1221 5280 respuamus.
1269 5209 1422 5264 Sicut
1460 5211 1605 5266 enim
1637 5225 1736 5280 per

143 5303 544 5360 minutissimas
570 5302 796 5357 rimulas
829 5302 882 5356 in
911 5301 1178 5355 sentinam
1217 5301 1370 5354 navis
1403 5310 1566 5370 gutta:
1599 5317 1731 5357 con-

142 5401 390 5458 currunt,
437 5391 517 5446 sic
553 5399 612 5445 et
646 5391 850 5445 minuta
885 5399 1106 5459 peccata
1145 5389 1386 5457 quotidie
1423 5389 1477 5442 in
1524 5389 1732 5444 animas

138 5492 351 5537 nostras
383 5479 688 5537 confluunt.
736 5480 802 5534 Et
829 5479 968 5534 sicut
990 5479 1145 5533 navis
1174 5486 1522 5548 posteaquam
1546 5479 1612 5532 de
1634 5477 1732 5532 ﬂu-

139 5573 307 5629 ctibus
335 5573 522 5644 pelagi
550 5573 741 5637 evasit,
771 5573 814 5626 si
850 5572 900 5625 in
926 5579 1083 5641 portu
1113 5570 1452 5625 exsentinata
1481 5585 1586 5623 non
1615 5569 1731 5624 fue-

138 5667 218 5730 rit,
247 5668 316 5721 de
350 5664 740 5721 minutissimis
770 5663 932 5733 guttis
968 5661 1218 5730 impletur
1247 5669 1299 5715 et
1327 5659 1620 5730 mergitur;
1654 5660 1726 5715 ita

1859 491 2114 557 minibus,
2147 497 2300 563 quasi
2333 499 2650 566 periculosis
2673 500 2939 567 (luctibus,
2971 521 3092 560 cum
3123 508 3190 562 ad
3214 519 3432 579 portum

1858 583 2155 640 solitudinis
2179 589 2406 653 venerit,
2438 592 2484 646 si
2511 592 2787 659 repentina
2813 601 2867 647 et
2889 595 3094 650 minuta
3119 609 3338 666 peccata
3366 605 3435 658 de

1856 673 2050 727 animae
2096 689 2205 728 suae
2243 677 2454 729 sentina
2495 679 2782 735 exhaurire
2831 684 3164 754 neglexerit,
3216 690 3269 743 in
3316 693 3434 761 ipso

1855 764 2050 832 quietis
2075 775 2232 834 portu
2265 767 2529 838 naufragii
2557 770 2843 829 discrimen
2876 774 3124 830 incurrit.

1927 854 2031 910 Sed
2059 856 2188 910 dicit
2215 857 2408 926 aliquis
2436 877 2448 911 :
2473 860 2750 926 Quomodo
2781 874 2956 931 potest
2985 868 3163 922 anima
3201 873 3437 924 exsenti-

1854 947 2012 1000 nari?
2066 947 2260 1018 Utique
2305 951 2528 1016 orando,
2575 954 2865 1023 vigilando,
2905 957 3218 1026 jejunando,
3272 963 3442 1018 absti-

1853 1036 2050 1100 nendo,
2090 1037 2205 1106 ipsa
2245 1048 2465 1106 peccata
2507 1043 2832 1110 confitendo,
2869 1063 3052 1101 veram
3091 1050 3434 1120 charitatem,

1853 1141 2036 1180 veram
2088 1127 2443 1182 humilitatem
2470 1171 2484 1195 ,
2529 1147 2710 1186 veram
2750 1135 3067 1203 patientiam
3111 1139 3430 1196 exhibendo.

1852 1213 2168 1284 Quanquam
2195 1219 2341 1271 enim
2367 1219 2640 1275 solitarius
2664 1222 2733 1277 sit
2748 1221 2928 1290 justus
2958 1233 3011 1277 et
3035 1238 3272 1288 sanctus,
3301 1245 3436 1282 nun-

1851 1315 2011 1367 quam
2039 1316 2259 1356 necesse
2283 1310 2366 1356 est
2388 1313 2447 1357 ut
2469 1305 2521 1357 in
2547 1306 2647 1360 hac
2676 1307 2784 1361 vita
2817 1308 2887 1361 sit
2919 1325 3142 1364 securus
3161 1351 3174 1375 ,
3202 1313 3350 1380 quia,
3378 1321 3437 1368 ut

1851 1391 1927 1445 ait
1979 1389 2260 1462 Scriptura
2306 1413 2318 1447 :
2365 1393 2545 1448 Nescit
2593 1396 2743 1449 homo
2783 1409 2958 1451 utrum
2992 1417 3172 1457 amore
3209 1419 3277 1456 an
3315 1403 3434 1456 odio

1850 1481 2039 1550 dignus
2075 1482 2160 1545 sit,
2203 1483 2293 1536 sed
2334 1485 2509 1538 omnia
2546 1486 2598 1537 in
2639 1486 2817 1554 futuro
2857 1499 3182 1543 reservantur
3214 1491 3430 1544 incerta.

1852 1570 2002 1626 Multi
2022 1574 2163 1628 enim
2197 1575 2371 1629 adhuc
2393 1575 2569 1645 laquei
2593 1577 2730 1631 tensi
2755 1586 2880 1632 sunt
2907 1587 3030 1634 ante
3049 1581 3215 1649 pedes
3240 1583 3434 1636 animae

1854 1671 2072 1718 nostrae.
2132 1663 2283 1718 Sicut
2329 1667 2472 1719 enim
2519 1667 2640 1736 quis
2692 1670 2963 1724 transiens
3003 1686 3164 1740 super
3215 1671 3430 1738 ﬂumen,

1848 1767 1944 1822 per
1986 1753 2262 1823 angustias
2301 1756 2590 1810 arctissimi
2630 1759 2842 1826 pontis,
2904 1760 3116 1815 etiamsi
3174 1760 3435 1830 majorem

1849 1851 2059 1913 partem
2101 1842 2361 1899 inoffenso
2393 1845 2528 1915 pede
2551 1844 2663 1914 jam
2691 1849 2915 1916 periculi
2949 1850 3184 1905 evasisse
3224 1865 3282 1905 se
3318 1865 3436 1905 cre-

1851 1936 1962 1999 dat,
1992 1950 2116 1990 cum
2147 1936 2200 1990 in
2227 1935 2414 1991 ultimo
2437 1937 2616 2006 pontis
2645 1939 2819 2006 spatio
2846 1941 3075 2005 venerit,
3103 1950 3157 1996 et
3181 1942 3223 1996 si
3251 1942 3438 2011 paulu-

1851 2025 1961 2080 lum
1993 2025 2324 2088 titubaverit,
2356 2041 2540 2080 casum
2578 2042 2736 2096 quem
2764 2029 2819 2082 in
2845 2029 3023 2084 medio
3056 2033 3234 2100 pontis
3273 2033 3432 2086 time-

1849 2117 1963 2178 bat,
2009 2115 2286 2169 incurrere
2323 2117 2539 2184 poterit.
2583 2116 2672 2172 Sic
2710 2135 2810 2173 nos
2841 2120 3054 2174 etiamsi
3082 2138 3274 2193 magna
3306 2139 3435 2192 pars

1849 2207 1974 2260 vitae
2019 2205 2174 2260 istius
2210 2220 2469 2276 proSpere
2503 2208 2751 2263 videatur
2784 2210 2896 2280 jam
2935 2209 3099 2266 fuisse
3140 2219 3433 2279 transacta,

1848 2313 1956 2351 non
1983 2297 2102 2352 ideo
2137 2297 2386 2352 ﬁduciam
2417 2315 2828 2368 praesumamus,
2855 2317 2977 2356 cum
3001 2303 3175 2358 adhuc
3209 2305 3434 2373 periculi

1825 2403 1976 2460 (pars
2005 2396 2247 2441 extrema
2275 2389 2527 2442 minetur.
2577 2389 2745 2446 Nemo
2775 2407 2904 2461 ergo
2945 2408 3192 2448 securum
3225 2411 3282 2450 se
3312 2412 3433 2452 esse

1841 2476 2079 2546 judicet,
2135 2485 2425 2546 antequam
2473 2480 2538 2533 ad
2589 2479 2749 2533 linem
2793 2479 2933 2535 felici
2973 2487 3434 2540 consummatione

1847 2567 2125 2637 perveniat
2203 2567 2340 2633 Quid
2379 2583 2507 2638 ergo
2554 2572 2775 2638 prodest
2816 2573 2861 2625 si
2910 2573 3042 2626 mihi
3081 2575 3237 2628 vinea
3283 2592 3432 2645 spem

1846 2674 2060 2713 omnem
2100 2659 2152 2712 in
2191 2655 2321 2712 flore
2352 2660 2623 2725 ostendat,
2668 2670 2721 2716 et
2763 2661 2846 2716 vel
2893 2662 3129 2717 ferarum
3172 2666 3429 2732 incursio,

1846 2749 1930 2802 vel
1961 2750 2186 2805 vastitas
2221 2750 2518 2820 grandinis,
2563 2766 2713 2821 spem
2750 2767 2964 2806 omnem
3003 2753 3057 2807 in
3093 2769 3432 2809 consumma-

1848 2840 1994 2895 tione
2033 2840 2339 2895 subducat?
2381 2840 2612 2911 ldeoquc
2648 2844 2826 2897 omnis
2865 2845 3213 2913 prosperitas,
3254 2848 3431 2901 omnis

1846 2931 1998 2987 labor
2033 2931 2303 2987 felicitatis
2331 2932 2383 2985 in
2414 2933 2520 2986 line
2543 2935 2808 2988 consistit.
2859 2934 2938 2988 Ne
2976 2951 3102 3002 ergo
3137 2937 3301 2990 nimia
3347 2953 3431 2992 sc—

1847 3024 2077 3079 curitate
2119 3023 2409 3087 solvamur,
2453 3025 2746 3079 adducatur
2787 3025 2871 3079 illa
2914 3026 3124 3081 Domini
3163 3030 3428 3083 sententia

1847 3119 1903 3172 in
1948 3119 2206 3184 medium,
2254 3117 2320 3171 de
2368 3133 2472 3187 qua
2513 3118 2711 3173 dicitur
2736 3137 2748 3171 :
2776 3117 2988 3172 Utinam
3027 3119 3232 3174 calidus
3268 3139 3427 3185 esses,

1841 3221 1934 3266 aut
1962 3210 2188 3281 frigidus
2212 3210 2232 3263 !
2259 3226 2395 3263 nunc
2417 3219 2591 3263 autem
2624 3212 2747 3280 quia
2775 3212 2980 3282 tepidus
3006 3229 3080 3278 es,
3113 3213 3357 3284 incipiam
3380 3225 3430 3270 te

1841 3317 2071 3355 euomere
2100 3317 2163 3354 ea:
2197 3316 2284 3353 ore
2323 3316 2436 3353 meo
2473 3298 2655 3369 (Apoc.
2701 3317 2783 3366 ιιι,
2821 3301 2932 3374 15).
2983 3302 3058 3357 Ac
3101 3303 3145 3357 si
3176 3304 3426 3361 dicatur:

1843 3391 2032 3447 Melius
2079 3391 2173 3445 tibi
2216 3389 2392 3446 fuerat
2436 3389 2491 3444 in
2533 3391 2729 3446 smculo
2777 3394 3102 3448 remansisse
3143 3393 3428 3464 frigidum,

1841 3498 2002 3552 quam
2051 3483 2104 3536 in
2145 3482 2388 3537 solitaria
2434 3481 2544 3536 vita
2587 3497 2706 3537 esse
2745 3482 3004 3552 tepidum.
3054 3484 3208 3539 Nunc
3247 3494 3427 3542 autem

1840 3576 1965 3645 quia
2004 3576 2070 3630 de
2103 3573 2301 3629 sarculo
2349 3574 2642 3638 recessisti,
2689 3581 2745 3628 et
2787 3574 3052 3629 fervorem
3093 3576 3428 3644 spiritualem

1839 3682 1949 3737 prae
1975 3666 2294 3737 negligentia
2335 3666 2736 3735 apprehendere
2770 3665 3011 3730 noluisti,
3057 3667 3266 3734 tepidus
3295 3667 3426 3723 effc-

1839 3769 1959 3815 ctus
1994 3774 2078 3824 es,
2103 3760 2193 3814 vix
2221 3759 2414 3813 iterum
2445 3774 2511 3814 ex
2537 3773 2632 3814 ore
2660 3759 2872 3814 Domini
2902 3760 3274 3829 respiciendus
3301 3776 3429 3816 evo-

1841 3851 2024 3905 meris.
2064 3850 2130 3904 Et
2153 3850 2274 3906 ideo
2298 3865 2518 3905 necesse
2543 3858 2626 3904 est
2653 3849 2808 3905 nobis
2833 3851 3117 3921 diligenter
3145 3852 3428 3907 attendere

1841 3939 1984 3994 illam
2021 3941 2214 3994 divinae
2249 3939 2542 4009 Scripturte
2586 3942 2912 3995 sententiam
2952 3941 3181 3997 dicentis
3213 3959 3226 3994 :
3269 3941 3426 3997 Omni

1839 4028 2076 4083 custodia
2113 4045 2260 4082 serva
2293 4045 2382 4082 cor
2417 4038 2564 4082 tuum
2599 4028 2779 4100 (Prov.
2811 4046 2885 4094 ιν,
2913 4028 3027 4101 25).
3065 4029 3293 4101 Oportet
3325 4033 3426 4084 ita-

1839 4136 1945 4191 que
1985 4128 2044 4174 ut
2081 4120 2308 4174 invicem
2336 4134 2498 4188 opera
2533 4129 2717 4174 nostra
2745 4121 2985 4190 quotidie
3025 4121 3429 4177 consideremus

1838 4219 1892 4267 et
1928 4211 2312 4280 perspicaciter
2338 4212 2680 4267 attendamus
2708 4231 2721 4266 :
2746 4213 2868 4282 quis
2903 4223 3147 4268 nostrum
3177 4214 3232 4268 in
3265 4230 3430 4285 opere

1838 4300 1933 4355 Dei
1962 4301 2035 4355 sit
2059 4301 2376 4371 promptior,
2407 4302 2530 4372 quis
2556 4304 2608 4356 in
2639 4304 2887 4358 oratione
2906 4303 3223 4369 ferventior,
3260 4305 3314 4359 in
3346 4305 3426 4359 le-

1761 4434 1816 4495 Β
1841 4393 2018 4447 ctione
2043 4392 2341 4456 sollicitior,
2380 4393 2435 4448 in
2464 4395 2717 4449 castitate
2744 4394 2951 4462 purior,
2983 4394 3035 4446 in
3061 4393 3425 4463 lacrymarum

1845 4484 2090 4538 ubertate
2123 4483 2411 4552 profusior,
2460 4485 2514 4538 in
2549 4499 2776 4553 corpore
2819 4483 3122 4548 honestior,
3159 4483 3212 4536 in
3262 4483 3428 4537 corde

1841 4574 2135 4640 sincerior;
2173 4575 2296 4644 quis
2331 4575 2386 4628 in
2426 4575 2504 4628 ira
2553 4575 2624 4629 sit
2663 4575 2864 4636 mitior,
2910 4575 2965 4628 in
3014 4574 3427 4628 mansuetudine

1840 4665 2152 4730 modestior,
2184 4666 2236 4719 in
2277 4666 2386 4720 risu
2429 4665 2622 4728 rarior,
2665 4666 2720 4720 in
2764 4666 3177 4735 compnnctione
3211 4663 3426 4718 ferven-

1841 4757 1968 4822 tior,
1993 4758 2044 4810 in
2066 4757 2332 4828 gravitate
2352 4756 2643 4821 fundatior,
2670 4757 2721 4809 in
2742 4757 3007 4811 charitate
3021 4755 3342 4824 jucundior,
3367 4761 3430 4808 et

1839 4850 1919 4904 sic
1963 4848 2322 4918 nosmetipsos
2347 4848 2583 4916 quotidie
2611 4848 2710 4916 ipsi
2741 4848 3020 4902 nobiscum
3050 4847 3116 4901 de
3143 4861 3424 4900 conversa-

1835 4940 1980 4994 tione
2029 4949 2215 4993 nostra
2248 4939 2509 4992 rationem
2543 4938 2838 4992 habeamus
2877 4938 2942 4991 ad
2980 4937 3208 4991 invicem
3239 4935 3424 4990 dicen-

1837 5040 1919 5086 tes
1948 5046 1962 5085 :
1991 5029 2283 5086 Videamus
2313 5029 2359 5084 si
2383 5031 2526 5083 hunc
2552 5029 2695 5082 diem
2722 5028 2842 5083 sine
2865 5035 3114 5097 peccato,
3144 5027 3261 5081 sine
3292 5025 3423 5080 inv'b

1836 5121 1924 5176 dia
1949 5161 1965 5186 ,
2019 5120 2135 5175 sine
2182 5118 2609 5173 murmuratione
2635 5158 2650 5183 ,
2697 5117 2814 5173 sine
2854 5117 2936 5171 ira
2978 5132 3042 5171 ac
3087 5117 3425 5172 detractione

1835 5211 2212 5281 transegimus.
2255 5210 2543 5265 Videamus
2568 5210 2612 5263 si
2636 5209 2794 5264 hodie
2824 5209 3025 5278 aliquid
3051 5209 3192 5279 quod
3213 5209 3279 5264 ad
3302 5224 3426 5278 pro-

1839 5297 2034 5353 fectum
2069 5307 2313 5353 nostrum
2341 5306 2395 5354 et
2427 5301 2493 5354 ad
2527 5298 2938 5353 mdilicationem
2981 5298 3209 5354 aliorum
3246 5299 3420 5368 perti—

1837 5399 1962 5456 net,
2003 5390 2210 5459 operati
2254 5404 2459 5444 sumus.
2513 5389 2806 5446 Videamus
2844 5391 2887 5445 si
2919 5389 3038 5460 plus
3072 5389 3232 5444 hodie
3263 5389 3424 5454 risui,

1836 5481 1882 5535 si
1910 5480 2030 5550 plus
2056 5480 2176 5535 cibo
2205 5494 2270 5534 ac
2298 5479 2468 5550 potui,
2499 5479 2544 5534 si
2575 5479 2696 5549 plus
2715 5480 2826 5535 otio
2848 5495 2910 5534 ac
2931 5495 3120 5534 somno
3140 5495 3301 5547 quam
3324 5479 3422 5534 de-

1836 5572 2011 5637 cebat,
2039 5571 2374 5626 indulsimus.
2431 5569 2489 5624 Si
2529 5573 2708 5626 minus
2743 5571 2993 5640 legimus,
3026 5570 3071 5625 si
3099 5571 3276 5626 minus
3300 5587 3419 5625 ora-

1837 5661 2010 5716 vimus
2039 5675 2201 5730 quam
2230 5661 2511 5716 debuimus
2539 5680 2550 5714 :
2584 5676 2646 5717 ac
2675 5663 2752 5718 sic
2778 5662 2843 5717 de
2867 5663 3117 5722 omnibus
3146 5662 3431 5736 negligen-
