3974 6192
558 290 656 345 607

554 498 806 554 cordibus
833 496 1066 559 nostris;
1095 503 1150 549 et
1177 495 1220 548 si
1249 493 1462 562 aliquod
1498 494 1694 547 bonum
1732 493 1787 546 in
1815 491 1990 556 nobis,
2021 491 2124 544 Do-

553 591 699 646 mino
719 587 1001 655 largiente,
1027 585 1407 654 conspicimus,
1437 585 1532 648 illi,
1561 601 1591 638 a
1621 599 1727 654 quo
1753 593 1836 638 est
1858 598 2015 636 omne
2035 584 2126 636 bo-

553 696 701 743 num,
728 680 930 748 gratias
959 677 1275 733 referamus.
1309 677 1368 732 Si
1396 692 1539 739 vero,
1566 677 1706 746 quod
1729 677 1887 739 absit,
1908 676 2121 744 aliquod

548 771 739 824 vitium
760 771 812 822 in
836 770 990 824 nobis
1013 769 1542 838 deprehenderimus,
1568 768 1696 821 illud
1726 767 2120 837 nobismetipsis

549 869 857 927 reputemus
881 901 896 926 ,
945 869 999 913 et
1035 861 1100 914 ad
1143 860 1513 928 paenitentiam
1549 843 1721 912 denuo
1759 874 2115 913 recurramus.

547 949 673 1003 Haec
707 960 885 1004 autem
915 965 1033 1018 quae
1058 965 1218 1018 supra
1249 949 1488 1002 breviter
1512 947 1922 1018 przelibavimus,
1960 964 2120 1019 gene-

547 1041 734 1094 raliter
767 1042 834 1094 ad
862 1057 1049 1095 omnes
1088 1041 1361 1110 pertinent
1405 1040 1704 1105 solitarios;
1727 1049 1782 1094 et
1809 1055 1913 1094 non
1946 1041 2117 1094 solum

545 1132 611 1184 ad
633 1145 744 1194 eos,
772 1147 957 1185 verum
981 1132 1146 1185 etiam
1168 1132 1234 1185 ad
1260 1146 1447 1186 omnes
1485 1131 1579 1184 Dei
1603 1146 1786 1186 servos
1811 1141 1864 1185 et
1891 1131 2118 1186 catholi-

545 1234 636 1273 cos
661 1219 1014 1275 Christianos.
1054 1220 1322 1275 Praeterea
1356 1236 1568 1290 quoque
1603 1222 1646 1276 si
1678 1223 1782 1276 duo
1807 1222 2007 1275 fuerint
2039 1223 2114 1276 si-

545 1311 674 1373 mul,
715 1312 789 1364 ita
827 1321 885 1364 ut
919 1309 1196 1379 prmfatum
1238 1320 1342 1376 est,
1384 1311 1634 1378 solitarii,
1671 1321 1881 1382 oportet
1917 1323 1975 1368 ut
2009 1329 2115 1368 non

543 1403 651 1456 otio
683 1410 948 1471 torpeant,
982 1419 1087 1457 non
1113 1403 1534 1457 detractionibus
1572 1413 1626 1457 et
1657 1404 1903 1458 obscenis
1934 1403 2117 1458 confa-

543 1489 901 1546 bulationibus
931 1491 1263 1554 incumbant,
1288 1493 1381 1546 sed
1406 1501 1498 1546 aut
1519 1492 1847 1562 psalmorum
1873 1492 2116 1546 modula-

542 1579 795 1643 tionibus,
828 1587 919 1633 aut
955 1580 1151 1634 divinis
1182 1580 1523 1647 lectionibus,
1553 1590 1646 1634 aut
1674 1589 1822 1635 certe
1859 1595 2112 1633 manuum

538 1670 944 1738 operationibus
978 1671 1252 1733 insistant,
1288 1671 1450 1725 horas
1483 1671 1770 1724 canonicas
1805 1685 1928 1723 cum
1965 1669 2108 1724 omni

1547 285 1604 340 S.
1647 283 2006 338 BENEDICTI
2045 282 2335 339 ABBATIS
2369 284 2772 338 ANIANENSIS

555 408 646 463 tiis
683 405 882 460 nostris
920 416 1340 472 compungamur
1379 400 1432 455 in
1469 400 1751 465 cubilibus,
1789 401 1892 454 hoc
1928 409 2028 463 est,
2069 398 2120 450 in
2149 401 2195 456 A

3687 294 3842 348 608Δ

2785 399 3010 453 CAPUT
3065 399 3228 454 XXV.

2506 489 2583 542 De
2609 489 2966 542 instrumentis
2989 489 3240 543 bonorum
3275 507 3507 560 operum,

2292 577 2424 631 Cum
2462 593 2590 648 ergo
2629 577 2867 631 omnium
2903 587 3210 632 sanctarum
3253 578 3660 650 Scripturaruin
3703 602 3800 655 pa-

2222 665 2359 735 gina:
2387 666 2761 720 instrumentis
2784 667 3045 720 bonorum
3072 683 3295 737 operum
3328 671 3436 724 sint
3457 671 3696 739 refcrtm,
3748 686 3801 731 et

2222 772 2316 824 per
2344 757 2653 810 earumdem
2687 765 2997 811 sanctarum
3026 756 3432 827 Scripturarum
3461 777 3686 831 campos
3716 765 3801 818 in-

2219 845 2389 898 veniri
2418 846 2628 914 possint
2670 860 2819 898 arma
2861 846 3058 914 quibus
3095 847 3225 900 vitia
3267 851 3700 918 comprimantur
3751 865 3804 909 et

2218 933 2446 987 virtutes
2490 935 2820 1000 nutriantur,
2854 951 3077 991 necesse
3111 946 3196 992 est
3225 946 3404 992 tamen
3453 940 3580 995 huic
3607 944 3804 1013 regulae

2218 1026 2540 1079 sententiam
2585 1025 2862 1094 cujusdam
2892 1028 3072 1084 Patris
3101 1031 3341 1085 inserere
3370 1033 3436 1087 de
3464 1035 3801 1092 instrumen-

2219 1114 2286 1167 tis
2312 1113 2579 1170 bonorum
2605 1133 2869 1186 operum;
2918 1121 2972 1173 in
3012 1137 3117 1189 qua
3161 1122 3259 1176 sub
3294 1138 3488 1193 magna
3532 1127 3804 1184 brevitate

2216 1204 2344 1270 quid
2374 1205 2630 1261 solitariis
2654 1209 2920 1277 agendum
2960 1213 3155 1278 quidve
3192 1213 3470 1267 vitandum
3501 1217 3594 1282 sit,
3625 1219 3801 1273 conti-

2217 1303 2395 1349 netur.
2431 1296 2655 1366 Oportet
2682 1299 2825 1352 enim
2872 1316 2966 1354 eos
2994 1302 3041 1354 1.
3071 1301 3340 1371 Imprimis
3375 1305 3543 1360 Deum
3576 1307 3804 1379 diligere

2216 1399 2281 1438 ex
2321 1393 2432 1440 toto
2461 1388 2640 1453 corde,
2673 1394 2784 1442 tota
2813 1389 2993 1444 anima
3018 1431 3032 1455 ,
3090 1399 3199 1445 tota
3241 1393 3461 1449 virtute.
3509 1395 3564 1449 2.
3597 1396 3803 1456 Deinde

2214 1478 2516 1546 proximum
2569 1487 2827 1549 tanquam
2873 1482 3128 1550 seipsum.
3180 1483 3233 1537 5.
3286 1484 3489 1542 Deinde
3520 1505 3630 1542 non
3659 1496 3811 1548 occi-

2216 1569 2344 1624 dere
2371 1587 2383 1623 :
2417 1570 2520 1625 hoc
2549 1579 2652 1635 est,
2685 1587 2791 1626 non
2821 1573 3147 1638 detrahere;
3188 1576 3333 1644 quia,
3379 1585 3439 1630 ut
3462 1580 3540 1632 ait
3587 1591 3803 1650 aposto-

2216 1658 2297 1712 lus
2324 1677 2336 1712 ι
2374 1659 2477 1724 Qui
2507 1661 2734 1715 detrahit
2761 1663 2917 1732 fratri
2939 1681 3060 1729 suo,
3087 1666 3350 1719 homicida
3378 1676 3454 1720 est
3479 1667 3664 1739 (Joan.
3693 1672 3796 1742 ιιι).

538 1759 821 1814 devotione
851 1761 1171 1824 custodiant,
1205 1769 1258 1814 et
1291 1761 1345 1814 in
1376 1760 1462 1814 his
1489 1759 1727 1814 divinum
1761 1758 1991 1814 ofﬁcium
2018 1759 2113 1812 im-
2140 1755 2187 1813 B
2214 1750 2266 1804 4.
2294 1751 2494 1807 Deinde
2520 1769 2626 1808 non
2655 1754 2982 1810 adulterare.
3027 1755 3081 1810 5.
3113 1756 3230 1811 Non
3258 1756 3459 1812 furtum
3506 1759 3713 1816 facere.
3746 1763 3797 1816 ϐ.

538 1849 738 1918 plcant,
768 1865 998 1919 moxque
1027 1859 1086 1903 ut
1114 1850 1293 1904 datum
1324 1849 1484 1904 fuerit
1515 1852 1750 1920 signum,
1777 1851 1843 1903 ad
1872 1851 2111 1902 oratorTa

536 1942 752 2009 propria
777 1941 1116 1994 conveniant.
1168 1938 1414 2005 Quotidie
1443 1955 1656 2010 quoque
1679 1941 1744 1994 ad
1775 1938 2112 1993 collationem

537 2031 694 2084 simul
739 2031 976 2094 veniant,
1008 2030 1096 2084 ubi
1138 2031 1203 2084 de
1250 2032 1342 2085 Dei
1381 2033 1599 2086 servitio
1646 2041 1702 2085 et
1738 2032 1804 2085 de
1841 2029 2110 2086 communi

535 2118 775 2187 profectu
816 2125 1082 2184 tractent,
1115 2127 1168 2172 et
1196 2136 1292 2189 pro
1331 2121 1580 2175 admissis
1617 2122 1716 2176 sibi
1755 2122 1984 2178 invicem
2021 2138 2114 2179 ve-

536 2207 681 2260 niam
733 2209 1019 2276 postulent.
1081 2209 1137 2264 Si
1176 2220 1355 2265 autem
1407 2227 1543 2266 unus
1580 2212 1912 2270 solummodo
1950 2216 2112 2272 fuerit

533 2301 825 2367 solitarius,
881 2303 994 2372 ipse
1037 2305 1197 2358 etiam
1246 2306 1483 2374 quotidie
1537 2307 1875 2362 collationem
1928 2325 2109 2365 secum

535 2391 752 2446 habeat.
813 2393 1010 2448 Sedeat
1039 2395 1253 2465 quidem
1282 2396 1518 2464 quotidie
1552 2397 1604 2451 in
1639 2399 1889 2452 tribunali
1919 2400 2112 2455 mentis

533 2498 666 2550 suae,
700 2493 756 2540 et
788 2495 989 2540 statuat
1023 2503 1080 2544 se
1119 2498 1242 2542 ante
1275 2487 1468 2543 faciem
1505 2506 1678 2556 suam,
1726 2500 1884 2560 atque
1931 2495 2005 2548 ita
2057 2494 2112 2548 in

532 2573 695 2627 corde
723 2591 820 2628 suo
849 2579 1140 2632 constituto
1162 2577 1364 2646 judicio
1393 2579 1534 2634 adsit
1554 2583 1856 2636 accusatrix
1875 2581 1989 2650 ejus
2014 2599 2109 2638 co-

531 2662 753 2730 gitatio,
799 2666 950 2719 testis
990 2667 1350 2732 conscientia,
1397 2667 1638 2723 carnifex
1684 2671 1886 2724 timor:
1920 2672 2110 2727 deinde

532 2753 752 2821 sanguis
773 2753 965 2808 animae
992 2756 1298 2811 confitentis
1325 2775 1419 2828 per
1444 2759 1709 2828 Iacrymas
1729 2759 1989 2830 proﬂuat;
2017 2778 2111 2831 po-

529 2849 731 2896 stremo
771 2843 824 2896 in
861 2847 1185 2900 conscientia
1220 2863 1316 2901 sua
1357 2864 1414 2902 se
1455 2849 1729 2920 indignum
1767 2858 1822 2904 ct
1857 2860 2108 2920 peccato-

535 2945 649 2984 rcm
679 2931 791 2986 fore
812 2933 1035 3001 judicet.
1075 2936 1199 2990 [Icec
1227 2939 1437 3005 quidem
1465 2938 1530 2991 de
1557 2956 1686 2994 uno.

604 3017 661 3071 Si
689 3028 890 3084 autem,
939 3030 996 3075 ut
1021 3025 1334 3091 praedictum
1371 3036 1476 3091 est,
1529 3029 1632 3084 duo
1673 3031 1894 3096 fuerint,
1933 3034 2108 3089 hono—

2213 1841 2328 1896 Non
2365 1845 2768 1912 concupiscere.
2821 1846 2873 1898 7.
2925 1845 3040 1900 Non
3090 1846 3281 1902 falsum
3315 1849 3689 1905 testimonium
3723 1852 3800 1906 di-

2209 1947 2353 1988 cere.
2385 1935 2439 1989 8.
2468 1934 2746 1990 Honorare
2772 1952 2960 1991 omnes
2996 1938 3266 1993 homines.
3319 1939 3372 1993 9.
3415 1939 3484 1994 Et
3513 1942 3660 2010 quod
3700 1943 3798 1997 sibi

2210 2025 2332 2092 quis
2360 2025 2477 2079 ﬁeri
2505 2042 2611 2080 non
2639 2028 2774 2092 vult,
2825 2027 2915 2081 alii
2946 2043 3012 2082 ne
3040 2027 3223 2083 faciat.
3275 2029 3361 2083 10.
3392 2029 3684 2103 Abnegare
3720 2049 3800 2088 se-

2211 2115 2495 2182 metipsum
2543 2116 2666 2182 sibi,
2720 2126 2779 2170 ut
2807 2126 3070 2186 sequatur
3118 2117 3410 2174 Christum.
3456 2123 3543 2175 ll.
3589 2123 3799 2193 Corpus

2211 2205 2496 2274 castigare.
2541 2206 2626 2258 I2.
2668 2207 2899 2262 Delicias
2932 2223 3036 2262 non
3070 2209 3342 2277 amplecti.
3394 2210 3480 2263 15.
3523 2210 3795 2280 Jejunium

2210 2307 2414 2348 amare.
2462 2294 2548 2348 14.
2579 2295 2852 2364 Pauperes
2884 2313 3151 2352 recreare.
3195 2299 3280 2351 15.
3328 2299 3541 2354 Nudum
3573 2304 3796 2358 vestire.

2213 2381 2297 2435 l6.
2329 2381 2608 2437 quirmum
2632 2385 2876 2439 visitare.
2909 2386 2996 2440 I7.
3031 2386 3297 2442 Mortuum
3327 2388 3581 2458 sepelire.

2282 2474 2640 2540 Quaerendum
2677 2485 2761 2531 est
2805 2477 2984 2546 itaque
3024 2479 3292 2548 quomodo
3321 2482 3491 2550 possit
3520 2483 3800 2539 solitarius

2211 2569 2486 2622 infirmum
2516 2569 2601 2623 vel
2643 2569 2697 2622 in
2725 2585 2946 2624 carcere
2974 2571 3204 2638 positum
3234 2573 3474 2638 visitare,
3524 2583 3620 2628 aut
3656 2592 3799 2630 mor-

2212 2667 2362 2711 tuum
2389 2657 2640 2727 sepelire,
2675 2659 2766 2727 qui
2811 2675 2917 2713 non
2947 2661 3112 2715 habet
3139 2663 3356 2730 quidem
3389 2663 3703 2720 facultatem
3737 2669 3799 2723 de

2210 2750 2401 2804 cellula
2432 2750 2578 2805 foras
2608 2752 2778 2806 exire.
2813 2752 3090 2831 Infirmum
3131 2755 3294 2819 enim,
3345 2755 3430 2810 vel
3475 2755 3528 2810 in
3571 2749 3798 2814 carcere

2208 2843 2463 2911 positum,
2493 2843 2580 2896 ille
2610 2843 2796 2911 procul
2825 2844 2985 2898 dubio
3013 2846 3219 2910 visitat,
3247 2847 3337 2914 qui
3371 2847 3423 2900 in
3447 2847 3594 2902 lecto
3625 2849 3712 2904 vel
3744 2851 3796 2903 in

2209 2934 2449 2988 tenebris
2497 2933 2751 2986 vitiorum
2780 2934 2926 2988 videt
2969 2934 3199 3004 aliquem
3247 2935 3448 3004 jacere,
3491 2947 3546 2992 et
3597 2941 3795 2995 morbo

2210 3040 2320 3078 suae
2351 3024 2650 3092 iniquitatis
2678 3023 2944 3090 laborare,
2994 3040 3223 3094 eumque
3253 3042 3350 3081 suo
3382 3028 3634 3096 exemplo
3663 3045 3795 3099 ope-

531 3120 647 3160 rem
691 3108 792 3162 sibi
837 3109 1065 3164 invicem
1111 3113 1386 3168 humiliter
1415 3117 1678 3173 deferant.
1729 3120 1922 3177 Junior
1967 3133 2096 3180 natu
2125 3108 2168 3168 (λ
2202 3116 2499 3170 rationibus
2525 3124 2687 3184 διίιιιε
2716 3117 2958 3172 θυείάοῑο
3002 3117 3232 3172 ⁵³Ῑιὼτί⁸
3267 3120 3666 3175 ειδοτιίηῖοηῖδ
3700 3139 3790 3178 T0-

531 3211 654 3250 eum
699 3197 790 3266 qui
820 3207 980 3254 aatate
1005 3203 1185 3256 senior
1208 3211 1292 3257 est
1314 3205 1571 3275 obsequio
1600 3211 1899 3267 sanctitatis
1934 3230 2098 3270 vene-

533 3293 721 3339 retur:
771 3289 952 3342 senior
992 3305 1119 3344 vero
1146 3301 1306 3347 aetate
1325 3294 1597 3363 juniorem
1643 3298 1802 3354 dictis
1825 3311 1881 3356 et
1912 3317 2098 3358 exem-

534 3375 638 3444 plis
676 3377 744 3431 ad
768 3377 907 3433 bene
941 3381 1228 3436 vivendum
1254 3381 1525 3439 informet.
1557 3386 1761 3443 Nobilis
1785 3405 1979 3459 genere
2003 3409 2100 3448 ne-

529 3478 802 3533 quaquam
831 3467 1049 3537 ignobili
1081 3485 1138 3526 se
1162 3471 1434 3541 praeferat.
1467 3473 1613 3530 Sciat
1640 3488 1817 3534 autem
1839 3482 1963 3550 quia
1995 3499 2100 3537 non

528 3563 616 3609 est
643 3571 999 3626 personarum
1049 3565 1291 3633 acceptio
1327 3568 1467 3636 apud
1498 3567 1686 3622 Deum.
1739 3570 1926 3640 Neque
1955 3574 2099 3628 enim

531 3645 597 3711 is,
643 3647 733 3716 qui
781 3650 1022 3705 scientiae
1068 3653 1348 3721 doctrinis,
1397 3665 1451 3711 et
1479 3669 1800 3715 cmterorum
1833 3663 2099 3717 bonorum

527 3750 752 3806 operum
800 3743 1169 3812 praerogativis
1196 3745 1378 3814 pollet,
1427 3763 1485 3802 se
1528 3749 1680 3804 alteri
1709 3751 1978 3820 praeferat,
2008 3755 2103 3808 sed

529 3827 709 3895 potius
737 3829 803 3883 de
837 3833 1149 3888 muneribus
1174 3837 1275 3890 sibi
1306 3838 1566 3894 divinitus
1591 3841 1802 3897 collatis
1847 3843 1957 3898 Deo
1980 3860 2102 3915 gra-

531 3918 635 3971 tias
680 3927 821 3988 agat,
870 3937 1086 3992 semper
1117 3925 1244 3980 illud
1289 3928 1531 3998 Apostoli
1573 3925 1947 4001 perpendens,
1993 3951 2102 4005 quo

529 4005 728 4060 dicitur
752 4027 763 4060 :
798 4008 899 4073 Qui
919 4029 973 4064 se
994 4021 1132 4066 stare
1151 4024 1319 4083 putat,
1356 4018 1524 4072 videat
1553 4037 1614 4074 ne
1642 4022 1796 4075 cadat
1823 4022 1873 4094 (I
1895 4023 2016 4076 Cor.
2044 4038 2097 4089 ι,

530 4095 642 4164 12).
693 4097 761 4150 Ει
789 4098 916 4153 illud
941 4100 1253 4172 Hieronymi
1279 4123 1293 4157 :
1341 4105 1658 4163 Timendum
1684 4119 1788 4176 est,
1819 4111 2012 4180 inquit,
2046 4121 2100 4167 et

527 4188 849 4254 cavendum,
890 4207 959 4246 ne
997 4201 1233 4249 veterem
1266 4197 1490 4268 gloriam
1519 4209 1574 4255 et
1610 4203 1835 4257 solidam
1866 4205 2098 4260 firmita-

528 4285 636 4331 tem
666 4279 825 4333 unius
846 4281 993 4336 hora:
1021 4285 1254 4352 procella
1284 4286 1578 4344 subvertat.
1607 4291 1899 4348 Charitatis
1920 4305 2098 4351 autem

525 4368 702 4423 oIIicio
729 4386 786 4425 se
812 4373 1135 4429 alterutrum
1164 4377 1442 4434 humiliter
1465 4383 1813 4448 praeveniant.
1865 4384 1945 4440 Ad
1973 4387 2094 4442 illo-

528 4477 646 4515 rum
678 4472 859 4518 autem
887 4465 1230 4522 infirmitates
1255 4473 1624 4538 procurandas
1652 4473 1876 4530 invicem
1906 4480 2099 4534 conde-

526 4552 810 4618 scendant,
835 4563 888 4608 et
910 4569 1096 4610 eorum
1119 4559 1472 4614 necessitates
1493 4563 1722 4617 invicem
1749 4567 2090 4634 provideant:

525 4649 582 4698 et
607 4644 868 4711 quotidie,
908 4646 954 4700 si
984 4645 1133 4701 locus
1162 4649 1235 4702 ita
1262 4649 1424 4704 fuerit
1457 4667 1742 4722 congruus,
1792 4655 1866 4710 ita
1893 4660 2098 4726 pariter

527 4733 840 4788 reficiantur
888 4737 1132 4806 utrisque
1177 4747 1232 4793 et
1280 4742 1647 4811 spiritualibus
1696 4753 1751 4800 et
1784 4751 2093 4807 carnalibus

525 4825 769 4895 dapibus.
822 4826 938 4882 Una
973 4832 1303 4900 prosperitas
1345 4835 1414 4888 sit
1442 4837 1722 4906 utriusque
1749 4839 1996 4896 similiter
2038 4851 2094 4897 et

526 4919 846 4984 adversitas,
896 4919 942 4972 si
970 4920 1109 4975 forte
1135 4924 1438 4994 contigerit.
1472 4924 1641 4982 Unius
1680 4928 1930 4985 voluntas
1959 4931 2092 4988 alte-

526 5009 640 5062 rius
673 5009 931 5064 voluntati
964 5016 1300 5069 succumbat.
1357 5015 1715 5087 Utrorumque
1754 5020 1964 5076 illorum
1991 5040 2084 5080 vo-

525 5097 760 5154 luntates
786 5099 995 5156 Domini
1040 5103 1322 5170 voluntati,
1362 5106 1470 5160 imo
1515 5109 1760 5163 servituti
1797 5112 2090 5181 subjician-

526 5194 651 5252 tur;
692 5195 747 5240 et
778 5204 884 5243 non
910 5191 1052 5259 quod
1101 5193 1297 5262 singuli
1344 5195 1654 5265 singillatim
1702 5200 1946 5268 cupiunt,
1996 5203 2090 5256 sed

525 5279 670 5346 quod
697 5281 912 5349 utrique
959 5281 1280 5350 disponunt,
1320 5295 1519 5357 agant;
1572 5287 1721 5343 illam
1751 5289 2087 5346 Dominicam

524 5381 739 5436 semper
766 5368 1172 5425 reminiscentes
1194 5373 1516 5428 sententiam
1543 5393 1555 5428 :
1587 5373 1712 5430 Non
1737 5379 1868 5444 veni,
1895 5379 2086 5448 inquit,

523 5457 838 5513 uoluntatem
875 5477 1044 5516 meam
1087 5465 1278 5534 facere,
1301 5467 1392 5522 sed
1429 5468 1542 5538 ejus
1565 5471 1654 5540 qui
1682 5472 1822 5526 misit
1853 5470 2088 5539 me,'Pa-

523 5542 620 5596 tris
647 5545 828 5617 (locu,
857 5565 930 5619 vr,
962 5551 1073 5623 58).

2199 3207 2377 3270 borat,
2401 3221 2560 3274 quem
2586 3207 2637 3259 in
2677 3207 2818 3261 bona
2865 3208 3074 3262 actione
3117 3209 3349 3263 titubare
3388 3224 3452 3264 ac
3497 3210 3783 3268 debilitari

2205 3298 2477 3352 cernebat.
2530 3297 2799 3351 Mortuum
2842 3313 3056 3366 quoque
3102 3297 3190 3352 ille
3220 3299 3410 3368 sepelit
3438 3301 3528 3369 qui
3578 3317 3683 3370 pro
3727 3318 3792 3358 eo

2202 3386 2396 3440 devote
2437 3385 2727 3456 seduleque
2773 3401 2964 3456 preces
2997 3387 3062 3441 ad
3092 3387 3375 3442 Dominum
3427 3388 3648 3444 fundit:
3683 3409 3791 3447 non

2200 3477 2373 3533 solum
2421 3486 2600 3532 autem
2639 3487 2912 3531 mortuum
2941 3478 3159 3547 sepelit,
3206 3480 3299 3533 sed
3337 3480 3500 3534 etiam
3547 3497 3702 3546 eum,
3732 3492 3791 3538 ut

2200 3567 2275 3621 ita
2297 3568 2499 3632 dicam,
2540 3583 2569 3621 a
2603 3574 2776 3622 morte
2822 3568 3064 3632 suscitat,
3118 3569 3330 3636 quando
3361 3569 3505 3624 videt
3543 3571 3786 3640 aliquem

2201 3654 2415 3710 funibus
2439 3664 2783 3724 peccatorum
2813 3670 3032 3710 suorum
3061 3657 3400 3722 obstrictum,
3441 3668 3496 3712 et
3539 3660 3596 3712 in
3627 3670 3784 3715 tene-

2198 3745 2311 3800 bris
2332 3761 2442 3800 sua:
2469 3745 2771 3814 iniquitatis
2805 3746 3202 3814 quodammodo
3226 3748 3512 3817 sepultum,
3541 3765 3781 3821 eumque

2199 3835 2268 3889 ad
2304 3833 2698 3889 confessionem
2727 3850 2793 3890 ac
2827 3837 3161 3905 poenitentia:
3194 3837 3429 3892 lamenta
3470 3854 3572 3908 per
3611 3856 3784 3897 sacra:

2200 3928 2580 3983 admonitionis
2611 3929 2847 3983 studium
2897 3938 3191 3998 provocat,
3241 3939 3403 4000 atque
3445 3941 3504 3986 ut
3535 3933 3605 3987 ad
3634 3935 3781 3990 viam

2199 4017 2391 4071 salutis
2426 4019 2611 4072 redeat
2658 4017 2946 4071 salubriter
2988 4017 3226 4086 instigat.
3290 4018 3555 4084 Quocirca
3598 4023 3781 4076 scien-

2199 4105 2323 4158 dum
2355 4113 2439 4159 est
2471 4105 2626 4160 nobis
2655 4105 2783 4173 quia
2831 4105 3006 4175 major
3046 4121 3253 4160 merces
3292 4116 3392 4170 est,
3429 4119 3780 4176 peccatorem

2199 4194 2460 4248 suscitare
2490 4195 2554 4249 de
2596 4195 2742 4249 vitiis
2770 4210 2932 4263 quam
2966 4204 3237 4251 mortuum
3266 4199 3331 4252 de
3360 4200 3634 4268 sepulcro.
3684 4203 3781 4257 Se-

2196 4285 2398 4353 quitur.
2434 4285 2520 4338 18.
2549 4283 2606 4338 In
2646 4284 2994 4339 tribulatione
3022 4285 3328 4340 subvenire.
3374 4288 3462 4343 19.
3491 4288 3778 4346 Dolentem

2199 4373 2489 4428 consolari.
2530 4373 2619 4427 20.
2651 4374 2697 4427 A
2725 4374 2907 4429 saeculi
2953 4375 3163 4430 actibus
3205 4390 3264 4430 se
3308 4375 3488 4432 facere
3517 4379 3775 4436 alienum.

2197 4465 2285 4520 21.
2337 4466 2483 4522 Nihil
2511 4467 2684 4521 amori
2731 4466 2932 4521 Christi
2973 4482 3306 4536 praeponere.
3354 4467 3442 4521 22.
3491 4469 3637 4524 Iram
3669 4487 3775 4526 non

2195 4554 2475 4623 perficere.
2526 4556 2614 4611 25.
2647 4555 2941 4611 Iracundize
2971 4564 3182 4626 tempus
3208 4573 3314 4612 non
3342 4573 3645 4614 reservare.
3685 4563 3774 4616 24.

2195 4642 2384 4698 Dolum
2413 4646 2467 4698 in
2493 4647 2654 4700 corde
2694 4663 2800 4700 non
2830 4655 3034 4701 tenere.
3074 4647 3162 4701 25.
3213 4648 3408 4702 Pacem
3432 4648 3624 4705 falsam
3669 4670 3775 4708 non

2194 4733 2345 4788 dare.
2377 4734 2464 4788 26.
2502 4734 2835 4790 Charitatem
2866 4753 2971 4791 non
3003 4738 3398 4808 derelinquere.
3425 4739 3514 4793 27.
3548 4739 3668 4796 Non
3688 4743 3775 4812 ju-

2198 4843 2339 4893 rare,
2372 4844 2438 4884 ne
2472 4829 2609 4886 forte
2641 4832 2896 4902 perjuret.
2941 4834 3031 4890 28.
3081 4836 3378 4890 Veritatem
3407 4839 3574 4895 corde
3601 4847 3660 4894 et
3683 4854 3773 4893 ore

2194 4919 2456 4989 proferre.
2489 4923 2786 4979 29.Malum
2810 4942 2908 4995 pro
2949 4927 3090 4981 malo
3139 4943 3246 4982 non
3283 4930 3526 4985 reddere.
3557 4931 3647 4985 50.
3692 4932 3773 4986 In-

2187 5007 2386 5076 juriam
2420 5028 2528 5067 non
2556 5015 2756 5080 facere,
2801 5017 2894 5071 sed
2917 5026 2971 5071 et
3008 5019 3206 5073 factam
3230 5022 3500 5089 patienter
3521 5024 3765 5079 sufferre.

2195 5099 2282 5153 5l.
2319 5099 2570 5158 Inimicos
2617 5105 2857 5175 diligere.
2894 5107 2981 5160 52.
3031 5107 3409 5165 Maledicentes
3449 5127 3508 5166 se
3539 5130 3647 5168 non
3690 5129 3768 5167 reo

2196 5189 2536 5257 maledicere,
2586 5195 2679 5248 sed
2710 5197 2881 5266 magis
2920 5197 3262 5253 benedicere.
3310 5202 3398 5255 55.
3433 5201 3768 5258 Persecutio-

2196 5296 2317 5335 nem
2345 5299 2440 5352 pro
2453 5283 2662 5351 justitia
2697 5289 2982 5343 sustinere.
3015 5290 3103 5344 54.
3158 5291 3274 5346 Non
3301 5308 3422 5347 esse
3453 5297 3761 5364 superbum.

2195 5371 2282 5426 55.
2314 5371 2430 5427 Non
2459 5374 2810 5431 vinolentum.
2843 5379 2928 5434 56.
2963 5379 3076 5436 Non
3113 5383 3352 5437 edacem.
3377 5384 3466 5439 57.
3487 5385 3602 5440 Non
3631 5402 3765 5441 som-

2194 5462 2488 5518 nolentum.
2519 5465 2606 5520 58.
2630 5466 2744 5522 Non
2772 5469 3002 5538 pigrum.
3050 5471 3137 5525 59.
3184 5471 3300 5525 Non
3342 5489 3760 5530 murmurosmn.

2192 5556 2280 5612 40.
2319 5559 2434 5614 Νοιι
2465 5561 2845 5616 detractorem.
2875 5563 2962 5617 41.
3010 5564 3170 5634 Spem
3205 5581 3358 5620 suam
3386 5566 3496 5621 Deo
3522 5570 3766 5624 commit-

2193 5659 2321 5705 tere.
2359 5648 2447 5702 42.
2483 5649 2686 5705 Bonum
2713 5651 2927 5722 aliquod
2965 5653 3016 5707 in
3047 5670 3104 5709 sc
3126 5671 3248 5710 cum
3275 5655 3487 5723 viderit,
3533 5656 3648 5714 Deo
3677 5674 3762 5729 ap-
