3974 6192
203 363 308 418 609

886 356 1114 414 CODEX
1152 357 1609 414 REGULARUM.
1650 366 1720 399 ‘-—
1755 355 1934 412 PARS
1970 355 2034 412 ll.
2077 355 2382 413 REGULA'J
2423 357 2528 413 PP.
2573 355 2849 414 ORIENT.

3363 364 3466 420 610

193 476 395 547 plicet,
448 486 555 527 non
591 471 718 527 Slbi.
767 470 856 526 45.
905 471 1103 527 Malum
1132 488 1264 528 vero
1301 488 1516 544 semper
1544 489 1577 528 a
1618 488 1678 528 se
1707 472 1787 527 fa-
1815 481 1862 535 Α
1892 473 2101 530 bulante
2144 477 2230 549 (II
2257 477 2434 532 Thess.
2485 493 2566 542 ιιι,
2597 476 2673 548 6).
2725 477 2863 532 Hinc
2912 476 3074 531 etiam
3109 476 3473 550 Hieronymus

192 575 356 621 ctum
384 563 522 620 sciat
560 571 616 617 et
639 561 743 616 sibi
775 571 1007 631 reputet.
1054 563 1144 616 44.
1193 562 1344 616 Diem
1359 561 1550 631 judicii
1576 563 1789 618 timere.

187 659 295 713 45.
348 656 663 711 Gebennam
726 668 1105 722 expavescere.
1161 653 1252 708 46.
1307 652 1484 707 Vitam
1531 662 1792 709 aeternam

191 749 351 804 omni
384 745 826 816 concupiscentia
872 745 1134 814 spirituali
1170 745 1498 799 desiderare.
1531 745 1619 798 47.
1651 744 1794 800 Mor-

195 852 315 897 tem
367 838 616 910 quotidie
671 846 798 892 ante
841 837 1026 892 oculos
1078 845 1385 905 suspectam
1424 837 1644 891 habere.
1699 837 1789 892 48.

193 936 371 989 Actus
409 933 536 986 vitae
581 945 692 986 suae
737 930 884 984 omni
930 931 1063 984 hora
1093 930 1383 985 custodire.
1423 930 1512 985 49.
1561 928 1618 983 ln
1645 930 1790 984 omni

196 1025 320 1079 loco
342 1023 517 1077 Deum
565 1037 622 1076 se
653 1021 924 1089 respicere
947 1034 1048 1088 pro
1077 1029 1229 1075 certo
1254 1019 1416 1074 scire.
1459 1019 1548 1072 50.
1580 1018 1794 1089 Cogita-

196 1116 382 1170 tiones
407 1112 583 1167 malas
631 1112 780 1166 cordi
810 1127 909 1166 suo
959 1111 1308 1165 advenientes
1358 1126 1486 1164 mox
1518 1111 1585 1164 ad
1634 1111 1792 1166 Chri-

197 1212 345 1264 stum
374 1202 622 1256 allidere.
655 1200 745 1255 5i.
789 1200 856 1254 Et
901 1199 1106 1255 seniori
1147 1199 1413 1269 spirituali
1460 1199 1786 1268 patefacere.

198 1295 287 1350 52.
344 1291 423 1348 Os
456 1308 615 1346 suum
659 1308 691 1346 a
733 1291 877 1347 malo
902 1291 988 1347 vel
1016 1306 1186 1360 pravo
1223 1292 1440 1361 eloquio
1491 1293 1786 1348 custodire.

196 1385 285 1439 53.
334 1383 566 1437 Multum
592 1382 737 1451 loqui
763 1397 872 1436 non
899 1396 1104 1436 amare.
1155 1381 1242 1435 54.
1286 1382 1463 1436 Verba
1492 1398 1651 1448 vana,
1698 1393 1792 1438 aut

198 1476 334 1531 risui
366 1483 517 1545 apta,
541 1491 648 1530 non
679 1473 847 1542 loqui.
893 1472 982 1527 55.
1015 1473 1205 1527 Risum
1246 1469 1474 1527 multum
1513 1483 1567 1528 et
1591 1489 1789 1529 excus-

197 1580 318 1618 sum
350 1579 461 1618 non
495 1578 702 1617 amare.
738 1562 828 1616 56.
871 1560 1154 1618 Lectiones
1183 1573 1400 1618 sanctas
1428 1563 1657 1618 libenter
1695 1581 1792 1618 au—

197 1655 334 1708 dire.
371 1654 461 1708 57.
505 1652 750 1708 Orationi
778 1652 1094 1722 frequenter
1138 1653 1471 1710 incumbere.
1517 1655 1606 1709 58.
1651 1654 1788 1709 Mala

197 1759 294 1798 sua
325 1743 606 1813 prmterita
655 1758 777 1797 cum
818 1742 1073 1813 lacrymis
1097 1743 1182 1797 vel
1225 1745 1426 1814 gemitu
1457 1745 1699 1814 quotidie
1727 1745 1780 1798 in

1895 565 2006 620 ait:
2040 567 2440 638 Negotiatorem
2472 569 2747 632 clericum,
2777 576 2832 622 et
2861 584 2924 622 ex
2956 569 3115 637 inope
3141 569 3382 633 divitem,
3413 577 3470 626 et

1894 669 1960 710 ex
1998 656 2216 726 ignobili
2242 659 2558 728 gloriosum,
2596 659 2751 727 quasi
2778 660 3064 727 quamdam
3088 668 3290 728 pestem
3315 660 3469 728 fuge:

1893 756 2247 815 corrumpunt
2272 749 2414 802 enim
2453 749 2623 803 bonos
2655 764 2832 803 mores
2867 749 3330 805 confabulationes
3357 768 3477 820 pes-

1895 834 2066 889 simae.
2101 836 2180 888 Tu
2207 852 2399 891 aurum
2429 832 2750 901 contemnis,
2788 839 2926 892 alius
2956 839 3162 908 diligit;
3208 850 3264 893 tu
3293 841 3473 897 calcas

1893 939 2043 995 opes,
2073 924 2162 979 ille
2185 936 2456 991 sectatur;
2487 928 2596 996 (tibi
2625 929 2772 981 cordi
2802 937 2885 982 est
2909 931 3278 990 mansuetudo,
3311 932 3476 985 silen-

1894 1015 2048 1079 tium,
2094 1024 2397 1080 secretum;
2431 1016 2507 1070 illi
2544 1018 2861 1086 loquacitas.
2913 1018 3012 1072 Hic
3041 1020 3173 1074 satis
3199 1022 3474 1077 evidenter

1893 1108 2196 1161 ostenditur
2222 1109 2365 1177 quod
2408 1108 2699 1177 plurimum
2746 1109 2968 1178 impedit
2996 1111 3228 1164 societas
3260 1120 3314 1165 et
3342 1129 3471 1180 per-

1892 1199 2082 1252 mixtio
2106 1215 2292 1253 eorum
2319 1199 2410 1269 qui
2441 1199 2604 1253 vitam
2646 1191 2957 1253 dissimilem
2991 1199 3207 1253 ducunt.

1961 1291 2130 1361 Igitur
2157 1301 2218 1347 ut
2242 1309 2413 1363 neque
2439 1308 2537 1362 per
2559 1293 2765 1355 oculos,
2813 1307 2989 1360 neque
3020 1307 3116 1359 per
3144 1306 3305 1346 aures
3336 1295 3477 1348 reci-

1891 1386 2106 1456 piamus
2157 1387 2326 1441 malas
2372 1385 2759 1440 delectationes
2811 1384 2876 1437 ad
2912 1383 3277 1456 peccandum,
3327 1392 3472 1440 etut

1894 1477 2126 1530 orationi
2175 1478 2443 1545 possimus
2488 1490 2686 1529 vacare
2714 1474 2936 1529 liberius
2962 1514 2976 1538 ,
3015 1484 3226 1543 oportet
3253 1478 3474 1532 omnino

1893 1569 2140 1623 habitare
2173 1570 2434 1623 secretius
2463 1577 2626 1636 atque
2655 1568 2915 1622 remotius
2945 1586 2957 1620 :
3004 1569 3106 1622 hoc
3145 1569 3287 1622 enim
3313 1571 3474 1624 modo

1893 1663 1948 1709 et
1973 1657 2340 1724 praecedentes
2369 1655 2783 1710 consuetudines
2831 1669 2861 1708 a
2910 1655 3065 1710 nobis
3091 1657 3341 1711 excidere
3366 1673 3468 1726 po-

1894 1748 2140 1811 terimus,
2195 1748 2247 1801 in
2277 1748 2471 1818 quibus
2497 1755 2686 1802 contra
2715 1757 2983 1817 praecepta
3027 1748 3123 1803 Dei
3155 1749 3468 1818 agebamus.

196 1834 448 1887 oratione
483 1833 594 1887 Deo
621 1831 864 1887 confiteri
890 1848 904 1896 ;
944 1839 998 1886 et
1030 1833 1095 1886 de
1125 1832 1258 1901 ipsis
1287 1832 1444 1888 malis
1485 1834 1539 1887 in
1579 1834 1788 1903 reliquo
1819 1817 1864 1876 Β
1894 1833 2010 1888 Νοιι
2037 1837 2180 1890 enim
2206 1853 2405 1906 parvus
2436 1837 2584 1892 labor
2607 1847 2690 1892 est
2718 1845 2777 1890 ut
2807 1853 2864 1892 se
2891 1840 3084 1908 aliquis
3109 1856 3138 1894 a
3176 1817 3341 1909 priori
3363 1855 3468 1895 non

200 1923 515 1978 emendare.
566 1921 653 1975 59.
688 1921 967 1976 Desideria
1014 1922 1193 1976 carnis
1218 1937 1322 1977 non
1354 1923 1652 1992 perficere:
1688 1940 1787 1979 vo-

197 2015 466 2070 luntatem
491 2013 765 2084 propriam
809 2014 1009 2069 odisse.
1044 2013 1130 2068 60.
1177 2014 1471 2083 Praeceptis
1513 2015 1787 2070 seniorum

200 2107 255 2162 in
283 2107 544 2163 omnibus
582 2106 825 2172 obedire,
868 2107 1079 2160 etiamsi
1111 2107 1212 2176 ipsi
1238 2107 1416 2172 aliter,
1447 2109 1589 2178 quod
1628 2109 1786 2172 absit,

198 2207 404 2269 agant;
445 2209 715 2250 memores
745 2195 889 2249 illius
910 2195 1176 2250 Dominici
1208 2198 1463 2266 przecepti
1493 2211 1507 2250 :
1544 2197 1675 2263 Quae
1705 2199 1788 2251 di-

197 2299 320 2342 cunt
357 2288 522 2351 facite
545 2302 563 2351 ;
591 2302 712 2356 qua:
735 2295 909 2341 autem
957 2286 1156 2353 faciunt
1192 2287 1363 2356 facere
1385 2288 1544 2342 nolite
1571 2288 1786 2362 (Matth.

199 2381 382 2449 xxm).
434 2377 522 2431 61.
573 2376 688 2432 Non
730 2377 868 2432 velle
905 2377 1009 2431 dici
1061 2385 1307 2432 sanctum
1345 2387 1633 2447 antequam
1678 2381 1787 2444 sit;

121 2487 132 2493 ‘
199 2470 291 2525 sed
319 2469 478 2539 prius
510 2483 633 2523 esse
654 2508 669 2531 ,
707 2467 851 2537 quod
882 2467 1064 2522 verius
1092 2467 1324 2522 dicatur.
1371 2468 1458 2522 62.
1512 2469 1788 2540 Praecepta

200 2563 293 2616 Dei
324 2561 488 2615 factis
513 2560 754 2628 quotidie
781 2559 1094 2629 adimplere.
1124 2559 1212 2613 65.
1238 2559 1555 2615 Castitatem
1585 2577 1788 2619 amare.

199 2653 285 2706 64.
323 2650 545 2705 Nullum
574 2643 772 2704 odisse.
815 2648 902 2703 65.
945 2649 1129 2703 Zelum
1172 2659 1226 2703 et
1264 2650 1524 2704 invidiam
1555 2667 1660 2705 non
1694 2653 1789 2706 ha-

198 2743 348 2798 bere.
379 2741 471 2796 66.
515 2740 927 2796 Contentionem
958 2755 1064 2794 non
1095 2755 1297 2795 amare.
1346 2740 1433 2793 67.
1485 2741 1790 2796 Elationem

197 2833 403 2905 fugere.
437 2833 524 2888 68.
558 2832 812 2888 Seniores
833 2833 1101 2887 venerari.
1135 2833 1222 2887 69.
1265 2831 1518 2888 Iuniores
1541 2833 1786 2906 diligere.

201 2927 286 2981 70.
333 2926 394 2980 In
449 2926 651 2980 Christi
683 2940 866 2992 amore
891 2939 992 2994 pro
1045 2925 1280 2978 inimicis
1309 2939 1487 2979 orare.
1523 2925 1612 2978 7-l.
1655 2926 1788 2979 Cum

199 3017 641 3072 discordantibus
682 3023 805 3069 ante
832 3015 961 3069 solis
999 3029 1250 3069 occasum
1282 3015 1338 3068 in
1374 3029 1562 3084 pacem
1590 3017 1789 3072 redire.

202 3107 289 3160 7‘2.
319 3106 389 3159 Et
413 3104 480 3159 de
507 3105 602 3159 Dei
631 3104 1002 3159 misericordia
1029 3119 1304 3173 nunquam
1333 3105 1644 3174 desperare.

269 3199 416 3254 Ecce
443 3199 560 3252 hzec
587 3205 713 3251 sunt
744 3197 1100 3251 instrumenta
1123 3197 1257 3252 artis
1294 3198 1597 3266 spiritualis
1623 3215 1636 3264 ;
1671 3213 1789 3266 qua:

204 3305 322 3344 cum
359 3289 567 3343 fuerint
587 3305 618 3342 a
642 3288 799 3342 nobis
826 3287 912 3342 die
938 3295 1207 3356 noctuque
1238 3286 1586 3342 ineffabiliter
1613 3285 1786 3342 adim-

205 3381 366 3451 pleta,
401 3387 460 3434 et
497 3380 551 3433 in
584 3380 673 3434 die
692 3379 879 3449 judicii
912 3379 1310 3448 reconsignata,
1344 3378 1432 3432 illa
1468 3379 1624 3433 nobis
1652 3393 1792 3432 mer-

207 3487 290 3525 ces
314 3487 346 3524 a
375 3469 608 3524 Domino
637 3468 1150 3538 recompensabitur,
1180 3483 1341 3538 quam
1367 3469 1481 3538 ipse
1503 3468 1790 3538 promisit:

209 3561 358 3628 Quod
398 3560 586 3614 oculus
627 3577 730 3614 non
768 3560 912 3624 vidit,
953 3576 1046 3613 nec
1078 3560 1223 3612 auris
1253 3559 1471 3624 audivit,
1503 3576 1594 3613 nec
1618 3561 1671 3614 in
1704 3577 1796 3613 cor

208 3652 433 3705 hominis
482 3650 716 3704 ascendit
752 3665 869 3720 qua:
912 3649 1226 3718 pm’paravit
1263 3647 1406 3702 Deus
1445 3649 1526 3701 his
1555 3649 1646 3713 qui
1676 3648 1796 3702 dili-

210 3751 328 3809 gunt
355 3758 478 3795 eum
513 3739 564 3811 (Ι
595 3738 717 3794 Cor.
750 3755 809 3804 ιι,
840 3738 915 3810 9).
966 3739 1192 3794 Ollicina
1241 3753 1372 3793 vero
1401 3739 1493 3793 ubi
1531 3739 1646 3793 haec
1672 3738 1794 3794 dili-

212 3842 400 3901 genter
422 3845 714 3900 operemur
735 3872 750 3895 ,
781 3830 1019 3885 claustra
1070 3830 1152 3885 vel
1185 3830 1392 3885 cellulze
1420 3837 1549 3886 sunt
1598 3830 1790 3885 solita-

213 3924 436 3988 riorum,
468 3930 526 3976 et
549 3921 817 3977 stabilitas
844 3921 898 3974 in
923 3921 1244 3975 retrusione.

774 4032 1003 4089 CAPUT
1041 4031 1230 4088 XXVI.

496 4102 578 4158 De
603 4103 958 4157 observatione
992 4103 1360 4156 mandatorum
1391 4101 1510 4157 Dei.

278 4194 549 4250 Omnibus
577 4191 794 4260 quidem
823 4190 1147 4244 Christianis
1169 4189 1386 4259 expedit
1420 4190 1710 4245 observare
1739 4198 1794 4246 et

212 4291 432 4345 obedire
483 4286 754 4340 mandatis
802 4284 1015 4339 Domini
1063 4285 1239 4340 nostri
1290 4283 1421 4341 Jesu
1464 4285 1689 4352 Christi,
1741 4294 1796 4342 et

212 4381 454 4434 maxime
491 4377 765 4431 solitariis.
807 4373 914 4429 Sed
938 4374 1217 4430 sciendum
1251 4376 1408 4431 nobis
1448 4385 1533 4431 est
1557 4377 1701 4445 quod
1726 4376 1795 4430 ad

213 4467 646 4524 conservandam
693 4465 1009 4520 memoriam
1049 4465 1180 4529 Dei,
1228 4472 1282 4518 et
1324 4465 1392 4518 ad
1437 4465 1791 4519 obediendum

213 4556 503 4628 praeceptis
531 4555 646 4623 ejus
678 4555 972 4625 plurimum
1010 4555 1234 4624 prodest
1257 4554 1421 4608 etiam
1451 4555 1713 4609 secretius
1740 4563 1794 4608 et

218 4647 481 4702 remotius
517 4645 780 4699 habitare.
825 4641 959 4697 Nam
1003 4643 1312 4712 permixtim
1351 4642 1533 4696 vivere
1561 4657 1682 4696 cum
1711 4642 1797 4697 his

217 4741 304 4807 qui
339 4736 704 4807 negligentius
751 4742 917 4805 agunt
948 4735 1094 4789 circa
1141 4735 1390 4788 timorem
1421 4732 1535 4795 Dei,
1569 4740 1624 4786 et
1668 4747 1800 4786 con-

218 4838 482 4898 temptura
511 4829 710 4883 habent
732 4828 1104 4882 mandatorum
1128 4826 1263 4896 ejus,
1292 4825 1581 4895 plurimum
1606 4834 1793 4892 nocet;

220 4918 363 4973 sicut
383 4926 444 4971 et
473 4917 778 4972 Salomonis
805 4931 983 4972 sermo
1019 4923 1252 4970 testatur
1285 4916 1502 4970 dicens:
1538 4913 1670 4968 Cum
1697 4916 1796 4968 ho-

221 5013 362 5065 mine
387 5010 683 5080 irreligioso
708 5027 772 5065 ne
798 5010 1134 5074 habitaveris,
1175 5024 1238 5061 ne
1261 5009 1395 5076 forte
1435 5008 1608 5062 discas
1646 5009 1799 5062 semi-

223 5112 302 5157 tas
333 5104 475 5172 ejus,
517 5111 565 5155 et
588 5103 754 5171 facias
781 5101 990 5172 laqueos
1021 5103 1335 5155 animatum
1364 5099 1554 5170 (Eccli.
1590 5116 1796 5166 xxxv",

224 5194 336 5265 η).
367 5194 436 5248 Et
463 5195 662 5248 iterum
687 5212 700 5247 :
743 5193 827 5247 Ne
851 5193 1112 5247 mularis
1135 5193 1393 5247 hominem
1425 5193 1702 5262 injustum,
1738 5209 1801 5247 ne

221 5286 446 5340 imiteris
472 5287 579 5339 vias
605 5286 718 5356 ejus
745 5283 927 5356 (Prov.
950 5301 1035 5350 ιιι,
1061 5283 1172 5355 51).
1204 5283 1357 5340 Unde
1377 5293 1431 5338 et
1450 5285 1644 5340 Petrus
1668 5300 1799 5355 apo-

222 5375 399 5430 stolus
433 5377 508 5429 ait
533 5394 546 5428 :
576 5374 791 5429 Iustum
813 5375 974 5445 igitur
997 5383 1046 5428 et
1078 5373 1226 5428 valde
1248 5375 1452 5444 justum
1473 5383 1548 5427 est
1568 5374 1804 5441 separari

222 5481 344 5519 eum
365 5466 455 5535 qui
484 5464 682 5519 salvari
703 5464 832 5529 vult,
853 5464 916 5517 ab
942 5480 1000 5517 eo
1023 5465 1112 5534 qui
1137 5479 1241 5516 non
1271 5463 1396 5517 vult.
1450 5462 1584 5516 Hinc
1606 5462 1804 5518 Paulus

225 5556 327 5608 sub
357 5569 553 5625 magna
584 5555 987 5610 denuntiatione
1012 5553 1139 5607 dicit
1164 5571 1176 5606 :
1228 5551 1607 5606 Denuntiamus
1633 5563 1805 5606 autent

226 5661 338 5708 vos,
370 5646 584 5714 fratres,
618 5662 711 5715 per
733 5645 1009 5698 adventum
1055 5643 1264 5696 Domini
1293 5642 1457 5696 nostri
1491 5641 1618 5695 Iesu
1655 5642 1808 5696 Chri-

228 5738 318 5804 sti,
354 5747 408 5789 ut
435 5737 754 5790 subtrahatis
784 5753 871 5790 vos
895 5737 957 5790 ab
986 5735 1125 5789 omni
1149 5736 1313 5804 [ηυγ-ε
1354 5734 1650 5787 inordinate
1688 5751 1804 5786 am-

1894 1925 2032 1979 bona
2062 1927 2451 1980 consuetudine
2495 1927 2734 1981 reﬂectat
2778 1943 2842 1981 ac
2875 1937 3109 1983 revocet.
3162 1928 3314 1984 Unde
3342 1931 3471 1985 illud

1891 2013 2113 2083 vulgare
2144 2016 2492 2084 proverbium
2540 2015 2778 2070 dicitur:
2829 2016 2962 2070 Mala
3007 2021 3342 2074 consuetudo
3379 2031 3473 2076 ant

1891 2103 1980 2155 vix
2029 2112 2121 2157 aut
2149 2120 2424 2175 nunquam
2475 2106 2698 2160 tollitur.
2752 2105 3090 2176 QuaprOpter
3131 2111 3175 2163 si
3225 2111 3472 2167 volumus

1891 2193 2144 2246 mandata
2192 2193 2286 2248 Dei
2345 2195 2636 2250 observare
2688 2203 2741 2250 et
2790 2199 3097 2265 custodire,
3153 2202 3470 2257 Studeamus

1890 2279 2067 2348 primo
2095 2282 2336 2336 omnium
2365 2299 2463 2338 nos
2487 2285 2632 2353 ipsos
2653 2285 2940 2355 abnegare,
2983 2295 3037 2340 et
3066 2303 3283 2342 crucem
3312 2289 3470 2344 Chri-

1891 2371 1958 2425 sti
1991 2371 2180 2426 tollere
2201 2381 2256 2426 et
2295 2374 2373 2429 sic
2401 2390 2522 2428 eum
2561 2377 2732 2445 sequi.
2778 2377 2896 2446 Ipse
2925 2377 3183 2433 Dominus
3227 2381 3293 2435 ad
3318 2397 3472 2436 amo-

1891 2477 2006 2515 rem
2035 2463 2118 2516 sui
2164 2470 2216 2516 et
2248 2463 2676 2520 observationem
2713 2467 3088 2522 mandatorum
3121 2483 3342 2523 suorum
3377 2486 3477 2526 nos

1889 2559 2166 2618 provocat,
2206 2553 2430 2607 dicens:
2463 2555 2524 2607 Si
2551 2555 2769 2624 diligitis
2791 2574 2892 2621 me,
2931 2559 3184 2612 mandata
3212 2577 3327 2614 mea
3360 2577 3472 2613 ser-

1891 2647 2006 2692 vate
2031 2637 2212 2711 (Joan.
2248 2657 2363 2707 xlv,
2392 2643 2501 2713 15).
2540 2643 2606 2697 Ει
2635 2644 2828 2699 iterum
2852 2647 2981 2701 dicit
3005 2662 3019 2699 :
3051 2646 3154 2710 Qui
3180 2650 3330 2702 habet
3358 2666 3480 2702 mea

1890 2733 2160 2794 mandata,
2194 2741 2241 2784 et
2286 2744 2458 2786 servat
2481 2751 2564 2798 ea,
2613 2734 2701 2788 ille
2727 2746 2802 2789 est
2841 2737 2930 2807 qui
2956 2737 3126 2806 diligit
3174 2755 3254 2790 me
3281 2737 3472 2809 (lbid.,

1891 2836 1940 2873 v.
1970 2819 2082 2891 21).
2117 2821 2268 2876 Tunc
2301 2838 2534 2892 namque
2559 2824 2830 2894 diligimus
2859 2825 3048 2892 Deum,
3083 2827 3128 2879 si
3172 2825 3289 2894 ejus
3316 2842 3472 2882 man-

1893 2912 2016 2966 data
2065 2928 2366 2977 servamus,
2397 2923 2453 2968 et
2499 2915 2678 2968 omnia
2725 2915 2958 2968 visibilia
3003 2931 3100 2984 pro
3145 2931 3329 2970 amore
3353 2917 3471 2986 ejus

1891 3004 2308 3059 contemnimus.
2329 3004 2368 3058 E
2384 3007 2656 3060 contrario
2679 3014 2802 3060 tunc
2826 3022 3167 3077 nequaquam
3195 3023 3318 3063 eum
3341 3007 3467 3062 dili-

1893 3092 2098 3161 gimus,
2150 3107 2272 3145 cum
2319 3091 2433 3160 ejus
2472 3103 2737 3163 praecepta
2770 3111 2876 3148 non
2927 3097 3283 3150 custodimus.
3319 3097 3473 3152 Unde

1893 3183 2125 3239 Joannes
2179 3187 2453 3254 apostolus
2501 3187 2616 3240 ait:
2672 3187 2776 3252 Qui
2831 3189 2958 3241 dicit
3003 3190 3252 3257 quoniam
3311 3191 3473 3261 diligo

1891 3273 2082 3340 Deum,
2133 3284 2182 3328 et
2208 3277 2457 3329 mandata
2484 3276 2598 3346 ejus
2640 3294 2742 3330 non
2767 3279 3016 3342 custodit,
3059 3281 3286 3334 mendax
3315 3291 3390 3335 est
3421 3280 3476 3353 (1

1890 3366 2050 3420 Joan.
2090 3381 2164 3430 Iv,
2199 3365 2311 3436 20).
2363 3367 2502 3421 Vere
2548 3368 2690 3421 enim
2723 3368 2998 3438 diligimus
3026 3371 3220 3435 Deum,
3275 3371 3319 3425 si
3358 3371 3476 3440 ejus

1892 3459 2144 3510 mandata
2174 3456 2540 3512 observamus.
2585 3457 2644 3511 In
2679 3461 2994 3528 operatione
3041 3471 3222 3515 autem
3254 3464 3477 3516 manda-

1892 3555 2073 3601 torum
2101 3546 2220 3616 ejus
2265 3561 2591 3614 cognoscere
2631 3563 2916 3616 possumus
2949 3557 3126 3603 utrum
3156 3551 3324 3604 Deum
3353 3552 3476 3605 dili-

1893 3651 2084 3707 gamus
2132 3652 2202 3690 an
2255 3652 2382 3690 non.
2445 3637 2564 3691 Non
2611 3637 2754 3691 enim
2796 3639 3041 3693 ordinem
3093 3641 3472 3696 mandatorum

1893 3724 2094 3780 Christi
2125 3726 2213 3780 hic
2251 3726 2492 3780 inserere
2516 3740 2615 3795 per
2638 3727 2818 3780 omnia
2847 3728 3214 3798 disposuimus
3235 3771 3248 3796 ,
3283 3731 3376 3786 sed
3403 3747 3471 3786 ex

1893 3823 2067 3885 parte,
2120 3824 2176 3869 et
2203 3821 2464 3884 quantum
2502 3817 2567 3869 ad
2599 3817 2934 3885 pr0positum
2962 3827 3210 3872 nostrum
3254 3819 3471 3888 sufﬁcit,

1895 3915 1951 3960 et
1973 3921 2210 3977 praesens
2234 3907 2372 3960 ratio
2395 3907 2651 3975 postulat.
2691 3907 2737 3961 A
2763 3916 2916 3978 parte
2941 3910 3084 3964 enim
3114 3918 3284 3965 totum
3317 3913 3477 3968 intel-

1893 3997 2099 4068 ligitur.
2151 3995 2392 4050 Primum
2440 3997 2624 4066 itaque
2671 4011 2735 4052 ea
2780 4013 3211 4057 commemorare
3259 4012 3476 4072 oportet

1892 4103 2015 4159 qua;
2048 4102 2148 4143 nos
2174 4087 2239 4141 ad
2271 4102 2513 4142 amorem
2559 4087 2652 4142 Dei
2684 4098 2740 4143 et
2780 4090 3011 4159 proximi
3052 4101 3383 4161 provocent,
3421 4095 3475 4150 id

1895 4188 1978 4236 est
2001 4198 2014 4234 :
2043 4179 2242 4250 Diliges
2275 4179 2559 4233 Dominum
2585 4179 2752 4233 Deum
2777 4190 2924 4233 tuum
2950 4198 3016 4235 ea:
3045 4191 3152 4237 toto
3177 4185 3334 4240 corde
3359 4194 3472 4253 tuo,

1895 4278 1944 4322 et
1962 4284 2028 4322 ea:
2053 4277 2161 4322 tota
2184 4277 2352 4322 mente
2383 4279 2496 4336 tua,
2523 4278 2572 4322 et
2612 4286 2677 4323 ea:
2699 4271 2936 4325 omnibus
2961 4273 3154 4327 viribus
3185 4277 3290 4330 tuis
3312 4294 3332 4341 ;
3375 4278 3475 4333 hoc

1895 4369 1970 4414 est
2003 4360 2290 4413 maximum
2327 4369 2377 4414 et
2418 4360 2644 4430 primum
2671 4361 2998 4414 mandatum.
3043 4360 3342 4418 Secundum
3380 4384 3478 4422 au-

1896 4461 1996 4505 tem
2025 4451 2192 4504 simile
2209 4461 2284 4504 est
2329 4451 2450 4504 huic
2472 4467 2492 4506 :
2520 4451 2715 4521 Diliges
2740 4453 3032 4521 proximum
3061 4463 3209 4507 tuum
3246 4457 3381 4510 sicut
3406 4466 3483 4512 te-

1897 4544 2086 4615 ipsum.
2122 4543 2192 4597 In
2217 4544 2296 4596 his
2319 4543 2522 4598 duobus
2551 4544 2813 4598 mandatis
2835 4553 2942 4597 tota
2964 4543 3049 4598 lea:
3075 4547 3260 4617 pendet
3281 4557 3328 4601 et
3349 4564 3477 4618 pro-

1898 4637 2065 4705 pheta:
2091 4634 2306 4705 (Matth.
2334 4650 2473 4701 χιιι,
2501 4635 2612 4706 57).
2657 4635 2810 4690 Unde
2835 4637 3025 4690 beatus
3044 4635 3338 4708 Gregorius
3367 4639 3472 4695 ait:

1901 4727 2172 4794 Praecepta
2200 4725 2479 4780 Dominica
2507 4725 2671 4780 multa
2718 4735 2845 4781 sunt
2890 4735 2944 4782 et
2969 4743 3155 4782 unum.
3191 4728 3352 4784 Multa
3377 4745 3477 4799 per

1901 4817 2267 4872 diversitatem
2297 4817 2496 4885 operis,
2543 4833 2708 4872 unum
2743 4819 2796 4872 in
2833 4819 3014 4874 radice
3044 4820 3365 4874 dilectionis.
3413 4820 3473 4876 Si

1904 4909 1959 4963 in
2004 4910 2088 4963 his
2120 4909 2328 4964 duobus
2380 4910 2662 4978 prteceptis
2698 4918 2808 4964 tota
2865 4911 2948 4965 lex
2999 4913 3196 4980 pendet
3246 4920 3302 4966 et
3351 4928 3478 4981 pro-

1902 4999 2096 5068 phetze,
2137 5005 2192 5051 et
2213 4997 2259 5051 si
2296 4997 2501 5052 utilitas
2539 4999 2780 5053 omnium
2822 4999 3197 5053 mandatorum
3224 5016 3330 5054 una
3371 5011 3474 5068 est,

1904 5099 1960 5146 et
1982 5092 2027 5146 si
2061 5091 2241 5146 omnia
2278 5089 2532 5145 mandata
2566 5107 2728 5145 unum
2760 5106 2879 5145 esse
2902 5091 3174 5158 videntur,
3221 5102 3345 5150 tunc
3369 5110 3477 5148 non

1906 5190 1990 5237 est
2026 5182 2181 5237 nobis
2212 5197 2433 5237 necesse
2474 5189 2669 5235 cuncta
2706 5180 2955 5233 mandata
2991 5181 3084 5235 Dei
3117 5182 3168 5235 in
3206 5184 3307 5237 hoc
3333 5183 3479 5251 capi-

1909 5272 2019 5327 tulo
2046 5271 2320 5342 sigillatim
2345 5271 2606 5325 inserere.
2639 5268 2746 5322 Sed
2769 5269 3050 5324 videamus
3073 5272 3203 5340 quid
3238 5273 3309 5327 sit
3332 5273 3475 5342 quod

1910 5365 2065 5419 nobis
2093 5363 2437 5435 przecipitur:
2482 5361 2678 5431 Diliges
2720 5359 3002 5414 Dominum
3031 5362 3198 5416 Deum
3241 5373 3384 5416 tuum
3413 5381 3479 5419 ea:

1909 5465 2016 5509 toto
2057 5457 2212 5508 corde
2237 5464 2346 5507 tuo.
2400 5452 2538 5520 Quid
2587 5451 2730 5506 enim
2758 5458 2843 5504 est
2885 5450 3052 5505 Deum
3081 5467 3145 5506 ex
3175 5461 3288 5506 toto
3316 5455 3478 5508 corde

1909 5546 2151 5616 diligere,
2191 5545 2293 5598 nisi
2322 5554 2380 5598 ut
2415 5559 2508 5598 cor
2528 5551 2772 5598 nostrum
2801 5557 2910 5596 non
2945 5543 3016 5598 sit
3045 5542 3365 5598 inclinatum
3408 5544 3477 5600 ad

1909 5641 2069 5695 ullius
2094 5639 2434 5694 dilectionem
2472 5637 2700 5708 amplius
2723 5652 2886 5707 quam
2913 5636 3046 5691 Dei?
3095 5637 3254 5691 Verbi
3283 5638 3479 5706 gratia,

1909 5733 1954 5785 si
1980 5747 2189 5795 aurum,
2219 5730 2264 5785 si
2300 5740 2602 5800 argentum,
2633 5729 2677 5784 si
2702 5729 2880 5784 varias
2909 5729 3275 5800 possessiones
3300 5737 3354 5783 et
3385 5730 3482 5783 ho-
