3974 6192
509 327 603 383 6H

1520 321 1580 377 S.
1623 317 1985 375 BENEDICTI
2021 316 2315 373 ABBATIS
2352 315 2762 372 ANIANENSIS

3645 323 3762 377 6|2

500 452 661 492 nores
696 434 1040 505 temporales,
1094 433 1140 488 si
1170 432 1461 501 mancipia,
1503 440 1560 486 et
1584 430 1870 494 animalia,
1912 438 2074 486 caete-
2104 429 2156 489 A
2180 428 2378 483 fratres
2403 428 2534 495 mei,
2561 435 2619 484 et
2652 429 2930 499 proximos
2952 436 3168 484 nostros
3210 436 3270 483 ut
3295 425 3517 499 propria
3549 446 3766 490 Viscera

503 543 668 597 raque
694 524 1003 594 hujusmodi
1053 531 1166 579 toto
1206 522 1399 584 affectu
1439 523 1711 591 diligimus
1735 563 1750 588 ,
1803 523 1970 577 Deum
2007 535 2074 576 ex

503 626 616 671 toto
637 614 799 670 corde
830 629 936 668 non
961 628 1223 668 amamus.
1276 612 1382 667 Pro
1424 620 1625 681 quanta
1652 611 1796 667 enim
1823 619 1976 680 parte
2020 609 2075 664 in

502 709 683 777 aliquo
710 708 906 761 horum
955 720 1109 760 amor
1142 704 1322 760 cordis
1366 705 1539 758 nostri
1572 702 1736 759 fuerit
1758 709 2071 772 occupatus,

501 817 600 872 pro
645 808 794 855 tanta
823 807 977 869 parte
1007 800 1186 853 minus
1230 805 1312 853 est
1341 797 1408 851 ad
1449 797 1640 861 Deum,
1688 805 1745 851 et
1792 811 1892 865 pro
1926 804 2075 850 tanta

502 900 653 962 parte
680 890 858 945 minus
879 888 1148 959 diligimus
1181 888 1370 942 Deum.
1402 886 1556 941 Sicut
1593 886 1739 940 enim
1782 894 1931 941 casta
1959 900 2079 940 mu-

502 982 620 1046 lier,
668 995 787 1051 quae
812 982 986 1034 virum
1033 993 1190 1032 suum
1221 985 1400 1041 amat,
1446 976 1649 1031 nullum
1684 975 1848 1030 alium
1890 982 2073 1040 amat,

500 1071 578 1126 ita
603 1079 659 1125 et
684 1070 865 1132 homo,
890 1068 935 1123 si
966 1067 1133 1121 Deum
1159 1074 1341 1131 amat,
1368 1066 1630 1121 mundum
1658 1081 1764 1121 non
1806 1075 1957 1120 amat
1982 1084 1995 1119 :
2026 1064 2074 1120 si

500 1170 681 1215 autem
706 1158 964 1212 mundum
999 1156 1281 1221 amaverit,
1309 1156 1425 1225 jam
1469 1154 1639 1210 Deum
1666 1171 1733 1210 ex
1762 1162 1877 1210 toto
1909 1155 2075 1211 corde

498 1265 607 1305 non
658 1249 854 1319 diligit.
896 1248 964 1301 Et
1006 1247 1126 1302 ideo
1170 1246 1516 1301 reﬂectamus
1564 1262 1659 1302 cor
1706 1254 1972 1312 nostrum,
2020 1255 2077 1302 et

497 1351 735 1399 mentem
760 1349 1022 1406 nostram,
1053 1349 1108 1395 ει
1140 1356 1330 1396 omnes
1370 1347 1527 1395 actus
1552 1346 1769 1395 ιιοειτοε
1794 1340 1863 1395 ab
1889 1354 2075 1395 amore

496 1433 793 1489 visibilium
819 1447 1023 1497 rerum,
1052 1438 1106 1485 et
1131 1429 1299 1485 Deum
1330 1446 1395 1485 es
1418 1438 1534 1486 toto
1562 1432 1749 1496 corde,
1776 1438 1832 1487 et
1857 1445 1925 1485 ex
1961 1437 2074 1485 tota

499 1525 703 1589 anima,
753 1532 810 1578 et
860 1538 927 1578 ex
975 1530 1088 1577 tota
1135 1522 1335 1577 virtute
1382 1522 1686 1593 diligamus.
1744 1519 1896 1577 Tunc
1929 1522 2074 1576 enim

498 1613 667 1668 Deum
699 1612 989 1683 diligimus,
1030 1610 1076 1667 si
1101 1627 1291 1667 omnes
1331 1625 1524 1666 sensus
1560 1613 1753 1677 nostri,
1788 1612 1879 1681 qui
1908 1611 2076 1681 perti-

499 1716 628 1761 nent
648 1705 716 1760 ad
737 1713 993 1769 mentem,
1047 1704 1156 1759 Deo
1194 1711 1427 1759 vacant:
1478 1705 1525 1758 si
1558 1703 1864 1759 intellectus
1892 1710 2076 1759 noster

499 1796 610 1851 Deo
633 1795 925 1859 ministrat,
974 1794 1019 1848 si
1047 1793 1308 1863 sapientia
1354 1801 1539 1849 nostra
1577 1794 1724 1848 circa
1766 1792 1940 1847 Deum
1967 1800 2072 1857 est,
2103 1761 2151 1820 Β

498 1887 543 1942 si
569 1886 748 1942 omnis
791 1884 1049 1955 cogitatio
1082 1892 1270 1938 nostra
1320 1899 1383 1938 ea
1413 1900 1533 1953 quae
1559 1883 1653 1938 Dei
1697 1889 1827 1938 sunt
1857 1890 2071 1938 tractat.

499 1976 651 2030 Tunc
681 1975 845 2030 etiam
876 1988 1003 2027 vere
1026 1972 1193 2026 Deum
1221 1971 1513 2039 diligimus,
1542 1972 1588 2027 si
1617 1986 1835 2041 semper
1870 1971 1935 2026 de
1958 1969 2076 2038 ejus

500 2064 725 2119 servitio
753 2062 1051 2132 cogitamus
1103 2067 1159 2116 et
1201 2060 1475 2130 loquimur
1499 2100 1514 2125 ,
1566 2068 1624 2114 et
1668 2060 1786 2130 ejus
1821 2060 2075 2116 mandata

495 2153 646 2223 juxta
676 2152 822 2206 vires
842 2150 1135 2220 adimplere
1171 2151 1490 2221 satagimus.
1520 2150 1664 2206 Deus
1685 2151 1828 2206 enim
1882 2165 1989 2206 non
2015 2167 2075 2207 se

498 2242 680 2297 verbis
714 2249 923 2295 tantum
952 2240 1069 2294 vult
1096 2240 1266 2312 diligi,
1304 2241 1400 2295 sed
1446 2242 1606 2297 corde
1634 2257 1770 2312 paro
1817 2248 1871 2295 et
1899 2241 2077 2311 operi-

498 2333 599 2387 bus
620 2330 799 2400 justis.
826 2331 941 2386 Non
964 2332 1199 2402 postulat
1225 2348 1255 2386 a
1283 2332 1439 2388 nobis
1466 2347 1658 2387 aurum
1689 2348 1865 2403 neque
1890 2348 2079 2405 argen-

500 2432 637 2485 tum,
667 2436 842 2491 neque
869 2422 1069 2491 aliquid
1094 2421 1437 2491 hujusmodi;
1477 2424 1572 2479 sed
1606 2424 1651 2478 si
1683 2423 1883 2479 fuerint
1922 2425 2078 2479 nobis

500 2513 624 2577 ista,
656 2513 927 2583 dispertiri
958 2513 1240 2584 egentibus
1263 2515 1525 2585 praecipit.
1553 2515 1661 2570 Nos
1691 2516 1838 2586 ipsos
1863 2515 2075 2586 quaerit,

500 2605 555 2659 in
587 2604 743 2659 nobis
769 2605 1105 2675 requiescere
1140 2606 1307 2676 cupit.
1357 2605 1471 2662 Hoc
1500 2605 1838 2663 solummodo
1865 2624 1896 2662 a
1924 2606 2079 2661 nobis

500 2694 670 2764 exigit
691 2701 752 2748 ut
781 2708 903 2748 eum
932 2709 999 2750 ex
1030 2702 1143 2750 toto
1163 2696 1327 2751 corde
1363 2695 1648 2766 diligamus
1669 2737 1685 2761 ,
1731 2704 1786 2752 et
1820 2698 2078 2752 mandata

498 2785 615 2855 ejus
646 2788 1013 2842 custodiamus
1038 2828 1053 2853 ,
1111 2796 1167 2843 et
1207 2787 1405 2858 templa
1454 2797 1641 2843 nostra
1694 2789 1975 2860 impolluta
2026 2790 2076 2844 ei

500 2893 801 2944 servemus,
833 2887 1096 2948 quatenus
1121 2880 1235 2949 ipse
1264 2896 1480 2950 semper
1506 2880 1560 2934 in
1591 2880 1747 2935 nobis
1770 2880 1999 2945 habitet,
2024 2890 2081 2936 et

503 2980 605 3020 nos
629 2966 681 3019 in
712 2966 803 3021 illo
828 2981 1261 3035 permaneamus.
1295 2969 1633 3039 Quapropter
1670 2970 1989 3026 accedamus
2012 2971 2080 3027 ad

504 3070 628 3109 eum
650 3065 703 3109 et
725 3057 1038 3124 copulemur
1062 3059 1116 3112 in
1144 3059 1334 3114 ail‘ectu
1364 3061 1501 3131 ejus.

572 3142 864 3212 Sequitur:
897 3145 1096 3216 Diliges
1119 3187 1135 3212 ,
1180 3148 1369 3216 inquit,
1415 3150 1715 3217 proximum
1761 3159 1910 3205 tuum
1940 3152 2077 3207 sicut

501 3235 740 3301 teipsum.
784 3232 888 3299 Qui
915 3235 1088 3305 diligit
1111 3238 1428 3307 proximum,
1471 3239 1645 3309 inquit
1661 3241 1971 3311 Apostolus,
2005 3243 2081 3297 le-

502 3341 617 3395 gem
645 3324 873 3396 implevit
909 3324 1085 3398 (Rom.
1116 3343 1233 3393 xm,
1280 3328 1335 3401 8)
1360 3346 1376 3391 ;
1424 3330 1515 3400 qui
1545 3339 1725 3386 autem
1750 3347 1781 3387 e
1805 3334 2079 3389 contrario

502 3415 640 3480 odit,
666 3415 935 3471 homicida
964 3426 1067 3472 est.
1093 3418 1195 3485 Qui
1224 3420 1529 3489 proximum
1557 3437 1715 3477 suum
1742 3422 1914 3495 diligit
1941 3423 2083 3480 sicut

502 3509 759 3577 seipsum,
776 3523 883 3563 non
906 3510 1105 3566 occidit
1134 3510 1305 3577 illum,
1322 3529 1427 3569 non
1454 3516 1710 3570 mentitur
1734 3516 1809 3570 illi
1826 3533 1984 3591 quem
2000 3518 2083 3573 di-

505 3598 640 3669 ligit,
671 3614 777 3653 non
806 3598 1001 3655 falsum
1031 3602 1398 3657 testimonium
1441 3605 1508 3660 de
1532 3620 1599 3660 eo
1624 3605 1774 3671 dicit,
1811 3622 1913 3662 nec
1939 3607 2081 3662 illius

508 3704 622 3742 rem
676 3690 1041 3759 concupiscit;
1089 3706 1197 3746 non
1251 3692 1472 3763 insuper
1506 3695 1609 3749 hoc
1657 3696 1801 3764 quod
1836 3711 1944 3751 non
1966 3696 2083 3753 vult

504 3787 563 3833 ut
590 3779 749 3835 faciat
773 3781 823 3836 ei
848 3781 1044 3852 aliquis
1064 3823 1079 3847 ,
1113 3783 1245 3838 facit
1272 3783 1350 3838 illi
1374 3799 1534 3854 quem
1567 3786 1708 3841 sicut
1733 3787 1970 3856 seipsum
2001 3788 2083 3843 di-

504 3869 637 3942 ligit.
669 3871 927 3941 Sequitur
951 3887 966 3927 :
998 3872 1066 3927 In
1091 3873 1172 3927 his
1199 3874 1402 3929 duobus
1429 3876 1697 3932 mandatis
1724 3885 1834 3931 tota
1854 3876 1939 3932 lea:
1962 3894 2085 3948 pen-

504 3959 587 4013 det
613 3969 660 4013 et
701 3961 963 4030 propheta:
1011 3959 1225 4032 (Matth.
1269 3979 1404 4028 xxu,
1433 3961 1524 4035 40)
1553 3979 1567 4028 ;
1610 3962 1724 4032 jam
1749 3964 1896 4019 enim
1918 3978 2082 4035 supra

505 4051 761 4117 diximus,
787 4060 849 4105 ut
866 4053 1107 4106 omnium
1133 4054 1508 4109 mandatorum
1533 4070 1640 4109 una
1665 4063 1751 4110 est
1774 4055 1996 4119 utilitas,
2027 4062 2086 4111 et

506 4140 688 4194 omnia
723 4138 974 4192 mandata
1004 4153 1169 4196 unum
1194 4140 1450 4194 videntur
1492 4155 1613 4196 esse
1642 4144 1978 4209 mandatum,
2006 4141 2083 4196 ita

508 4228 609 4283 sibi
638 4227 868 4283 invicem
892 4228 1187 4294 cohaerent,
1218 4238 1278 4282 ut
1328 4228 1558 4283 alterum
1595 4230 1715 4285 sine
1761 4230 1935 4284 altero
1962 4245 2084 4287 esse

509 4331 613 4371 non
645 4316 834 4386 possit.
878 4315 986 4372 Nec
1009 4315 1154 4371 enim
1198 4315 1342 4371 Deus
1370 4330 1497 4371 vere
1522 4316 1640 4371 sine
1666 4318 1936 4386 proximo,
1982 4334 2084 4375 nec

2174 518 2417 591 diligere,
2446 530 2507 574 ut
2537 520 2697 575 simul
2721 535 2844 575 cum
2875 519 2956 575 eis
2987 520 3056 575 ad
3093 521 3287 591 gaudia
3315 523 3649 593 sempiterna
3679 525 3764 583 fe-

2174 610 2350 666 liciter
2379 611 2663 682 pervenire
2685 619 2742 667 et
2769 612 3005 681 gaudere
3032 627 3361 669 mereamur.

2724 720 2952 779 CAPUT
2990 722 3203 779 XXVII.

2175 809 2553 865 Lamentabilis
2594 810 2873 881 descriptio
2915 813 2981 888 de
3025 813 3106 868 his
3147 816 3238 885 qui
3279 828 3539 888 praecepta
3566 819 3767 877 Christi

2600 893 2605 899 ’
2753 898 2856 936 non
2883 883 3174 938 observant.

2244 969 2319 1025 De
2366 970 2652 1040 praeceptis
2701 986 2831 1043 ergo
2875 971 3090 1027 Domini
3154 975 3328 1030 nostri
3376 975 3508 1033 Jesu
3557 977 3765 1040 Christi

2173 1076 2342 1116 unum
2371 1062 2548 1117 adhuc
2569 1063 2861 1133 capitulum
2889 1064 3141 1134 excipere
3168 1066 3313 1122 volui
3337 1085 3352 1133 ;
3398 1071 3494 1126 sed
3519 1087 3647 1128 cum
3676 1090 3763 1130 re-

2178 1149 2496 1205 miniscerer
2530 1152 2675 1220 quod
2702 1152 2819 1207 istis
2846 1154 3181 1224 temporibus
3202 1172 3341 1226 pene
3361 1157 3475 1228 jam
3505 1177 3672 1219 nemo
3693 1165 3763 1220 sit

2180 1239 2273 1308 qui
2301 1255 2363 1293 ea
2392 1240 2683 1296 observare
2713 1242 2893 1297 valeat
2920 1243 3006 1298 vel
3033 1252 3277 1315 satagat,
3310 1249 3486 1318 majus
3514 1251 3649 1307 mihi
3674 1255 3765 1309 de-

2176 1330 2439 1385 siderium
2464 1330 2673 1386 exstitit
2701 1329 2860 1386 flendi
2890 1348 3051 1403 quam
3080 1336 3372 1392 scribendi.
3404 1337 3597 1395 Merito
3617 1343 3766 1398 enim

2174 1421 2461 1492 lugendum
2510 1430 2595 1477 est
2633 1423 2918 1492 praesentis
2961 1424 3087 1480 vitae
3128 1423 3340 1495 tempus
3365 1468 3382 1493 ,
3434 1428 3491 1484 in
3526 1446 3639 1500 quo
3687 1441 3768 1489 tot

2173 1512 2314 1566 mala
2345 1519 2604 1582 tantaque
2638 1512 2839 1582 ﬂagitia
2886 1513 3134 1570 videmus
3160 1518 3404 1586 quotidie
3442 1521 3762 1589 cumulari;

2174 1617 2295 1672 quae
2338 1602 2384 1656 si
2416 1602 2643 1659 velimus
2669 1620 2767 1674 per
2808 1605 3018 1677 singula
3066 1608 3435 1677 considerare,
3477 1628 3765 1685 nunquam

2173 1691 2467 1761 poterimus
2507 1708 2538 1747 a
2574 1692 2830 1764 lacrymis
2877 1704 3200 1765 temperare.
3242 1697 3333 1756 Sic
3359 1709 3542 1758 autem
3580 1706 3767 1761 omnia

2178 1778 2421 1846 confusa,
2450 1781 2531 1837 sic
2560 1791 2755 1837 cuncta
2782 1793 2912 1839 sunt
2944 1786 3206 1852 resoluta,
3248 1796 3308 1843 ut
3328 1789 3441 1858 jam
3465 1808 3570 1849 nec
3595 1795 3766 1850 virtu-

2176 1868 2246 1923 tis
2269 1869 2486 1937 quidem
2511 1871 2799 1943 vestigium
2829 1888 3058 1943 usquam
3079 1886 3357 1946 appareat.
3387 1880 3463 1934 De
3487 1883 3770 1951 spurcitiis
3818 1922 3819 1925 η

2173 1960 2319 2013 enim
2351 1968 2406 2015 et
2432 1960 2689 2029 luxuriis,
2718 1971 2883 2034 atque
2908 1966 2975 2020 de
2999 1968 3212 2024 caeteris
3248 1972 3529 2040 nequitiis,
3559 1978 3770 2032 nostris

2174 2047 2363 2103 diebus
2382 2050 2644 2105 mundum
2669 2052 2934 2123 repletum
2956 2069 3077 2110 esse
3096 2057 3455 2126 perspicimus
3477 2078 3493 2115 :
3522 2070 3605 2127 et,
3622 2064 3768 2133 quod

2173 2148 2260 2194 est
2279 2142 2519 2195 omnium
2545 2143 2812 2199 malorum
2841 2144 3127 2212 infelicius,
3168 2146 3284 2216 jam
3306 2165 3409 2205 nec
3444 2151 3548 2221 ipsi
3576 2169 3770 2211 emen-

2174 2230 2390 2296 dantur,
2420 2245 2521 2287 nec
2544 2231 2666 2287 aliis
2708 2235 3030 2290 emendandi
3075 2237 3381 2308 exemplum
3416 2241 3765 2309 praebemus;

2175 2321 2270 2376 sed
2298 2335 2487 2375 sumus
2512 2322 2656 2377 velut
2680 2323 2927 2393 sepulcra
2967 2325 3235 2391 dealbata,
3285 2342 3406 2397 qua:
3430 2345 3461 2383 a
3505 2330 3649 2385 foris
3676 2346 3768 2402 ap-

2173 2420 2367 2482 parent
2402 2412 2714 2469 hominibus
2763 2415 3027 2484 speciosa,
3082 2416 3230 2471 intus
3257 2432 3385 2475 vero
3428 2419 3590 2489 plena
3642 2430 3769 2476 sunt

2174 2502 2388 2558 ossibus
2408 2511 2747 2559 mortuorum
2771 2512 2827 2561 et
2844 2506 2992 2559 omni
3023 2507 3305 2576 spurcitia.
3333 2508 3403 2563 Et
3422 2511 3659 2582 contigit
3681 2527 3768 2568 no-

2175 2593 2261 2648 bis
2296 2593 2400 2648 hoc
2435 2592 2576 2663 quod
2621 2593 2727 2649 illis
2774 2595 2910 2651 solet
2956 2598 3174 2653 evenire
3219 2597 3433 2668 quivel
3462 2600 3765 2669 phrenesin

2176 2683 2484 2753 patiuntur,
2525 2683 2610 2738 vel
2654 2692 2836 2740 mente
2885 2686 3027 2757 capti
3082 2698 3252 2754 sunt;
3298 2703 3331 2742 a
3379 2690 3578 2758 quibus
3636 2706 3765 2747 cum

2178 2774 2347 2829 multa
2380 2774 2558 2845 turpia
2592 2782 2647 2829 et
2691 2774 2991 2845 periculosa
3030 2778 3116 2833 vel
3142 2778 3426 2845 dicantur,
3473 2780 3562 2835 vel
3596 2782 3767 2836 etiam

2178 2869 2453 2933 gerantur,
2485 2878 2586 2919 nec
2614 2863 2834 2933 pudoris
2871 2864 3104 2935 aliquid,
3146 2882 3248 2923 nec
3273 2867 3438 2923 etiam
3465 2869 3769 2938 paenitudi-

2179 2954 2263 3009 nis
2292 2954 2529 3024 capiunt,
2567 2955 2837 3024 quinimo,
2883 2964 2939 3010 et
2966 2956 3235 3025 magniﬁci
3282 2958 3386 3014 sibi
3426 2973 3491 3015 ac
3540 2961 3765 3030 sapien-

2180 3044 2347 3100 tiores
2375 3045 2628 3102 videntur
2667 3061 2788 3102 esse
2815 3048 2963 3102 sanis
2985 3063 3048 3102 ac
3070 3048 3420 3118 sapientibus.
3449 3048 3530 3104 ita
3550 3065 3693 3121 ergo
3719 3060 3769 3107 et

2182 3150 2313 3201 nos,
2345 3152 2468 3191 cum
2512 3139 2694 3193 omnia
2722 3154 2841 3208 quae
2887 3142 3103 3197 sanitati
3149 3143 3423 3199 contraria
3453 3152 3582 3199 sunt
3625 3145 3768 3215 geri-

2180 3240 2303 3281 mus
2324 3266 2339 3291 ,
2368 3241 2470 3281 nec
2491 3227 2596 3281 hoc
2631 3227 2806 3297 ipsum
2833 3230 3048 3298 quidem
3082 3233 3226 3301 quod
3257 3242 3343 3288 est
3374 3234 3586 3289 sanitas
3614 3234 3772 3289 novi-

2180 3331 2322 3370 mus.
2366 3315 2425 3370 Si
2450 3316 2593 3372 forte
2629 3319 2776 3373 enim
2806 3319 2862 3374 in
2888 3335 3115 3391 corpore
3136 3338 3329 3393 parum
3354 3323 3557 3395 aliquid
3585 3324 3768 3381 morbi

2180 3423 2282 3463 nos
2313 3408 2629 3478 pulsaverit,
2676 3412 2860 3466 statim
2888 3414 3124 3469 medicos
3155 3415 3490 3483 adhibemus,
3516 3423 3573 3473 et
3601 3432 3770 3489 pecu-

2180 3498 2301 3554 nias
2328 3500 2409 3554 eis
2438 3499 2664 3567 damus,
2718 3508 2775 3555 et
2819 3503 2967 3558 omni
3011 3504 3386 3571 observantia,
3418 3506 3563 3576 quod
3608 3508 3770 3564 nobis

2182 3591 2457 3662 competit,
2503 3592 2770 3662 gerimus,
2820 3608 2922 3649 nec
2964 3596 3115 3666 prius
3159 3613 3438 3654 cessamus
3481 3615 3654 3669 quam
3699 3616 3761 3656 ea

2182 3694 2302 3749 quae
2320 3679 2480 3735 nobis
2504 3680 2729 3737 molesta
2754 3691 2881 3737 sunt
2904 3684 3238 3756 mitigentur.
3266 3686 3459 3743 Anima
3481 3702 3617 3743 vero
3638 3703 3763 3745 cum

2180 3769 2420 3838 quotidie
2447 3770 2778 3839 vulneretur,
2813 3772 3068 3841 lanietur,
3123 3786 3334 3844 uratur,
3364 3778 3762 3848 praecipitetur,

2181 3874 2238 3920 et
2282 3867 2458 3923 modis
2501 3868 2754 3924 omnibus
2789 3880 3013 3940 pereat,
3052 3888 3155 3930 nec
3193 3890 3362 3945 parva
3412 3875 3633 3947 quidem
3668 3891 3767 3948 pro

2182 3954 2300 4025 ipsa
2331 3972 2431 4013 nos
2470 3972 2600 4011 cura
2636 3958 2909 4015 sollicitat.
2946 3961 3166 4017 Certum
3209 3972 3292 4018 est
3319 3965 3464 4020 enim
3486 3966 3636 4036 quod
3668 3980 3766 4022 nos

2182 4066 2371 4107 omnes
2401 4052 2606 4123 pariter
2636 4055 2938 4124 corrumpit
2982 4064 3038 4111 et
3078 4057 3314 4113 absumit
3356 4057 3587 4125 incuria,
3636 4059 3763 4115 dum

2181 4162 2342 4204 nemo
2388 4155 2474 4203 est
2522 4148 2616 4217 qui
2667 4157 2971 4220 opportuna
3014 4152 3255 4220 pmbeat
3302 4159 3379 4207 et.
3401 4152 3760 4222 inopportuna

2180 4237 2485 4308 prohibeat,
2511 4246 2567 4293 et
2595 4253 2719 4295 cum
2741 4254 2929 4297 omnes
2956 4256 3087 4296 cura
3112 4242 3469 4314 indigeamus,
3496 4258 3662 4298 nemo
3682 4252 3764 4299 est

2182 4326 2275 4397 qui
2304 4325 2627 4382 medicinam
2659 4328 3059 4398 praedicationis
3108 4330 3360 4386 adhibeat
3411 4338 3466 4386 et
3490 4332 3763 4400 paeniten-

509 4406 784 4475 proximus
811 4420 938 4461 vere
966 4406 1209 4474 diligitur
1247 4407 1363 4461 sine
1394 4406 1526 4462 Deo.
1559 4406 1716 4475 Nam,
1750 4409 1889 4464 sicut
1916 4425 2080 4481 supra
2106 4439 2162 4500 Β
2185 4415 2319 4470 tiam
2346 4416 2642 4471 curationis
2665 4416 2928 4487 imponat.
2977 4417 3188 4474 Etenim
3217 4417 3263 4474 si
3285 4418 3570 4489 religiosus
3597 4421 3761 4475 homo

510 4495 760 4561 diximus,
793 4496 1121 4566 impossibile
1145 4505 1229 4552 est
1253 4496 1434 4552 omnia
1468 4497 1719 4553 mandata
1747 4499 1842 4555 Dei
1874 4501 1930 4556 in
1978 4503 2083 4559 hoc
2106 4495 2147 4500 —
2185 4506 2380 4576 aliquis
2404 4506 2740 4563 extrinsecus
2784 4509 3139 4578 undecunque
3183 4510 3239 4564 in
3264 4509 3353 4564 his
3384 4510 3634 4579 partibus
3671 4510 3763 4565 ad-

508 4588 741 4657 capitulo
766 4587 1027 4652 inserere,
1057 4587 1152 4642 sed
1176 4588 1416 4643 breviter
1443 4590 1822 4661 succincteque
1845 4606 1910 4647 ea
1938 4608 2083 4649 com-

511 4678 926 4737 memoravimus
945 4692 1064 4747 quae
1087 4694 1187 4734 nos
1217 4679 1283 4734 ad
1310 4694 1549 4735 amorem
1581 4681 1672 4736 Dei
1696 4683 1905 4753 possint
1929 4686 2080 4741 exci-

512 4777 649 4824 tare.
702 4768 992 4825 Sciendum
1033 4779 1211 4826 tamen
1258 4773 1415 4828 nobis
1445 4780 1529 4828 est
1576 4775 1701 4844 quia
1750 4793 1858 4832 non
1905 4778 2078 4834 solum

511 4866 779 4930 praecepta
826 4860 1155 4930 evangelica,
1203 4876 1389 4917 verum
1437 4864 1603 4919 etiam
1657 4869 1979 4937 prophetica
2025 4876 2082 4925 et

509 4950 802 5021 apostolica
828 4952 1079 5007 mandata
1101 4952 1509 5023 diligentissime
1534 4958 1787 5022 scrutari,
1811 4966 1863 5012 et
1888 4958 2086 5016 ﬁdelis-

511 5044 647 5097 sime
674 5045 985 5110 observare,
1036 5052 1091 5098 et
1139 5045 1362 5100 obedire
1405 5046 1487 5100 eis
1533 5047 1808 5103 debemus.
1857 5049 2090 5120 Ideoque

511 5134 824 5189 Studeamus
846 5134 1013 5189 Deum
1044 5150 1111 5189 ex
1138 5141 1250 5189 toto
1272 5134 1438 5190 corde
1478 5135 1720 5207 diligere,
1747 5148 1803 5193 et
1835 5140 2089 5195 mandata

508 5222 627 5291 ejus
658 5224 910 5289 scrutari,
939 5233 995 5278 et
1027 5238 1241 5293 semper
1278 5232 1402 5279 ante
1423 5225 1609 5280 oculos
1638 5228 1836 5282 mentis
1864 5227 2083 5298 habere,

508 5322 648 5370 etea
672 5328 777 5369 non
799 5328 868 5370 ex
893 5322 1067 5386 parte,
1101 5314 1196 5369 sed
1236 5329 1334 5384 per
1363 5315 1543 5370 omnia
1572 5315 1793 5388 diligere
1817 5334 1832 5383 ;
1886 5328 2078 5388 quate-

512 5418 614 5457 nus
640 5402 786 5456 illam
830 5401 1216 5457 beatitudinem
1261 5403 1520 5473 consequi
1566 5418 1872 5460 ruereamur
1915 5421 2078 5475 quam

514 5491 600 5545 ille
624 5492 960 5563 hymnidicus
981 5506 1073 5547 rex
1095 5501 1151 5547 et
1169 5494 1427 5562 propheta
1452 5505 1838 5551 commemorat
1859 5496 2070 5553 dicens:

516 5580 662 5634 Beati
693 5584 781 5652 qui
813 5592 1116 5637 scrutantur
1153 5585 1447 5639 testimonia
1483 5587 1629 5656 ejus,
1680 5588 1735 5642 in
1774 5598 1883 5643 toto
1920 5592 2074 5644 corde

513 5674 789 5740 exquirunt
819 5690 933 5727 eum
962 5672 1131 5744 (Psal.
1175 5690 1362 5740 cxvnt,
1390 5677 1467 5748 2).
1513 5676 1835 5736 Studeamus
1883 5683 2069 5749 etiam,

2184 4595 2413 4660 veniret,
2444 4603 2500 4651 et
2539 4604 2930 4667 praeceptorum
2961 4598 3161 4655 Christi
3200 4613 3266 4655 ac
3289 4606 3491 4655 nostra:
3534 4614 3761 4655 conver-

2144 4760 2152 4768 .
2185 4686 2413 4742 sationis
2445 4685 2815 4744 confusionem
2843 4687 3072 4754 videret,
3102 4688 3285 4745 nescio
3307 4689 3355 4744 si
3380 4688 3518 4744 alios
3550 4689 3762 4759 aliquos

2182 4774 2357 4844 magis
2385 4790 2548 4845 quam
2583 4791 2682 4832 nos
2720 4776 2969 4833 inimicos
3008 4792 3129 4834 esse
3152 4786 3207 4834 et
3231 4779 3536 4834 contrarios
3560 4794 3737 4849 przece

2182 4871 2399 4934 ptorum
2415 4865 2617 4921 Christi
2632 4867 2919 4937 judicaret,
2948 4879 3004 4924 et
3032 4870 3185 4938 quasi
3207 4869 3300 4939 qui
3330 4869 3567 4925 studium
3591 4868 3759 4939 quod—

2186 4956 2311 5011 dam
2352 4957 2702 5015 habuerimus
2741 4959 2797 5014 in
2836 4961 3087 5016 omnibus
3113 4962 3384 5017 contraria
3412 4975 3575 5031 agere
3596 4973 3756 5031 quam

2187 5046 2434 5103 Christus
2482 5049 2635 5104 nobis
2681 5052 2952 5121 praecepit.
2998 5050 3106 5107 Sed
3153 5067 3221 5108 ne
3265 5053 3386 5123 quis
3428 5059 3583 5121 putet
3622 5051 3757 5104 forte

2189 5141 2621 5210 exaggerationis
2647 5157 2808 5197 causa
2837 5161 2868 5197 a
2905 5158 2990 5199 me
3018 5143 3133 5199 haec
3158 5145 3320 5199 verba
3356 5140 3613 5212 proferri,
3638 5154 3755 5210 pro-

2190 5230 2440 5285 bamenta
2459 5229 2572 5299 jam
2613 5246 2756 5285 nunc
2778 5232 3077 5297 adhibebo,
3113 5247 3219 5288 non
3242 5231 3459 5287 aliunde
3483 5245 3647 5300 quam
3691 5228 3756 5282 de

2186 5320 2318 5390 ipsis
2366 5318 2565 5375 Christi
2610 5321 2918 5388 mandatis;
2973 5320 3220 5377 Christus
3267 5321 3414 5376 enim
3464 5327 3651 5375 noster
3700 5315 3753 5368 in

2183 5412 2474 5484 Evangelio
2524 5412 2645 5466 ait:
2695 5412 2929 5468 Audistis
2956 5414 3082 5484 quia
3123 5414 3321 5469 dictum
3358 5424 3436 5469 est
3479 5412 3707 5484 antiquis
3732 5420 3751 5459 :

2185 5502 2309 5556 Non
2345 5503 2587 5566 occides;
2632 5503 2722 5572 qui
2769 5512 2944 5557 autem
2970 5504 3236 5570 occiderit,
3262 5521 3382 5559 reus
3413 5505 3512 5557 erit
3528 5499 3750 5572 judicio.

2183 5591 2296 5661 Ego
2324 5601 2495 5646 autem
2534 5591 2653 5645 dico
2678 5592 2837 5656 nobis,
2881 5594 3008 5664 quia
3033 5596 3201 5648 omnis
3223 5595 3316 5665 qui
3337 5594 3587 5648 irascitur
3606 5585 3757 5661 fratri

2181 5701 2298 5749 suo,
2342 5700 2460 5739 reus
2482 5683 2577 5737 erit
2608 5683 2804 5749 iudicio
2834 5698 2851 5734 :
2898 5685 2988 5755 qui
3025 5695 3196 5740 autem
3230 5685 3421 5740 dixerit
3455 5681 3613 5752 fratri
3641 5694 3753 5739 suo,
