3974 6192
262 302 365 355 ηιξ

940 302 1169 360 CODEX
1209 303 1665 361 REGULARUM.
1707 334 1777 344 —
1816 303 1997 360 PARS
2037 306 2098 360 ΙΙ.
2143 306 2444 363 REGUUE
2484 308 2589 364 PP.
2634 307 2907 365 ORIENT.

3433 317 3537 372 6H

261 415 452 481 racha,
493 431 614 470 reus
647 416 745 470 erit
780 418 1000 473 concilio
1026 437 1044 483 ;
1083 422 1173 490 qui
1208 430 1380 475 autem
1406 420 1599 474 dixerit
1621 461 1637 486 ,
1684 420 1852 490 fatue,
1881 420 1933 484 Α
1958 418 2099 474 Deus
2125 428 2180 475 et
2204 420 2466 477 Dominus
2492 432 2699 478 tantam
2730 440 2918 479 curam
2951 427 3409 487 reconciliationis
3433 448 3534 490 uo-

260 528 387 566 reus
413 511 509 566 erit
536 510 782 581 gehennae
810 513 946 583 ignis
981 512 1195 584 (Matth.
1227 531 1281 580 v,
1311 514 1401 581 21,
1430 515 1544 585 22).
1588 514 1715 570 Harc
1741 516 1858 585 qui-

254 602 389 663 dem
433 601 691 656 Dominus
712 600 889 658 Iesus.
941 602 1051 659 Nos
1075 612 1256 660 autem
1293 615 1550 677 tanquam
1588 606 1853 662 increduli

256 699 317 745 et
353 691 598 747 infideles
635 693 909 748 calcamus
938 694 1078 749 hanc
1102 694 1294 764 legem,
1343 704 1399 750 et
1426 696 1667 767 quotidie
1690 697 1853 751 innu-

256 782 429 837 meris
458 781 675 851 injuriis
714 782 912 839 fratres
942 793 1158 841 nostros
1206 785 1514 854 allicimus;
1541 787 1695 858 quasi
1726 788 1853 844 inde

256 872 463 943 aliquid
515 876 727 944 praamii
777 884 1169 946 exspectemus.
1232 877 1339 933 Sed
1386 880 1666 936 videamus
1708 896 1854 937 nunc

257 972 526 1036 quantum
574 967 647 1020 sit
682 966 822 1022 inter
852 967 1119 1036 justitiam
1162 969 1559 1026 Pharisaeorum
1596 982 1651 1027 et
1691 972 1851 1029 Chri-

258 1057 566 1113 stianorum
593 1059 904 1116 discrimen.
940 1061 1066 1117 Illos
1089 1062 1292 1118 occisio
1320 1079 1443 1118 reos
1474 1063 1601 1120 facit
1623 1063 1849 1134 judicio,

258 1162 356 1202 nos
380 1153 572 1203 autem
600 1148 679 1203 ira
712 1150 962 1205 similiter
988 1167 1110 1206 reos
1146 1151 1279 1207 facit
1300 1152 1524 1223 judicio.
1558 1154 1626 1208 Et
1664 1154 1708 1209 si
1754 1170 1852 1209 nos

258 1234 335 1289 ira
384 1251 517 1290 reos
547 1234 676 1291 facit
719 1235 945 1306 judicio,
983 1242 1255 1309 quomodo
1301 1242 1564 1298 audemus
1610 1243 1851 1313 quotidie

258 1334 366 1379 tam
395 1325 597 1381 leviter
622 1342 730 1381 non
753 1328 925 1382 solum
953 1339 1141 1384 contra
1164 1329 1431 1399 juniores,
1464 1347 1653 1387 verum
1682 1333 1849 1387 etiam

256 1424 449 1471 contra
477 1418 715 1487 mquales
755 1434 819 1473 ac
846 1419 1077 1488 majores
1106 1431 1325 1477 nostros
1356 1423 1560 1479 irasci?
1610 1422 1727 1478 Non
1768 1439 1853 1478 so-

257 1505 368 1560 lum
413 1514 599 1561 autem
653 1508 720 1562 de
765 1509 863 1574 ira,
915 1525 1105 1565 verum
1157 1512 1322 1568 etiam
1369 1514 1435 1569 de
1483 1515 1630 1570 omni
1683 1517 1850 1571 verbo

256 1597 435 1652 otioso
461 1638 479 1663 ,
530 1599 825 1653 secundum
872 1599 1114 1669 ejusdem
1160 1603 1375 1658 Domini
1422 1607 1592 1661 nostri
1634 1615 1851 1661 senten-

256 1688 414 1752 tiam,
467 1687 730 1744 reddituri
775 1705 961 1745 sumus
998 1692 1108 1747 Deo
1155 1694 1440 1749 rationem.
1492 1695 1675 1752 Racha
1704 1696 1848 1751 enim

1957 517 2084 565 stras
2122 510 2355 578 habeat,
2407 523 2468 568 ut
2500 515 2741 583 patiatur
2791 532 3015 572 munera
3048 534 3143 574 sua
3188 521 3442 593 relinqui,
3488 537 3546 583 et

1955 608 2084 655 ante
2120 600 2292 656 altare
2341 603 2656 673 imperfecta
2706 622 2957 672 manere,
3009 618 3174 679 atque
3222 612 3543 687 interrumpi

1954 690 2212 759 mysteria
2235 705 2352 754 sua,
2384 693 2555 749 donec
2588 709 2794 763 eamus,
2836 704 2892 752 et
2918 699 3253 756 iracundiam
3281 718 3404 758 cum
3429 704 3542 763 ira.

1955 784 2128 840 tribus
2158 787 2358 842 nostris
2383 788 2672 854 solvamus,
2705 801 2757 846 et
2788 794 2957 849 nodos
2985 804 3039 849 et
3070 797 3381 879 inimicitias
3404 820 3417 855 :
3440 818 3541 858 nos

1952 891 2083 930 vero
2112 893 2215 932 nec
2252 879 2355 934 hoc
2381 881 2600 950 quidem
2640 885 3029 951 erubescimus,
3070 890 3164 944 sed
3197 892 3314 947 dies
3340 893 3539 950 multos

1952 979 2233 1022 manemus
2258 968 2312 1021 in
2339 969 2657 1036 inimicitiis,
2686 980 2741 1025 et
2757 974 3021 1031 trahimus
3046 978 3185 1033 sicut
3210 979 3392 1037 funem
3421 983 3540 1040 lon-

1951 1069 2076 1123 gum
2122 1055 2257 1110 iram
2291 1067 2346 1113 et
2396 1059 2727 1116 voluntatem
2760 1064 2990 1131 malam,
3043 1068 3352 1138 ignorantes
3392 1078 3538 1146 quod

1953 1152 2163 1198 tantum
2187 1145 2344 1217 longa
2377 1148 2482 1201 erit
2506 1148 2663 1204 nobis
2683 1164 2845 1219 paena
2864 1163 3126 1222 quantum
3161 1166 3217 1212 et
3245 1145 3535 1218 discordia.

1952 1232 2066 1289 Hoc
2093 1236 2256 1291 etiam
2283 1238 2351 1292 ad
2373 1240 2646 1295 cumulum
2681 1251 2883 1300 nostrae
2908 1246 3241 1306 confusionis
3263 1260 3370 1317 est,
3403 1263 3461 1307 ut
3491 1256 3535 1310 si

1952 1323 2081 1392 quid
2103 1326 2229 1379 boni
2259 1329 2415 1383 nobis
2438 1329 2654 1386 dicatur
2681 1333 2747 1387 de
2779 1333 2999 1390 inimico
3018 1376 3033 1401 ,
3067 1353 3173 1392 non
3221 1343 3533 1408 credimus;

1952 1412 1997 1465 si
2032 1413 2162 1481 quid
2204 1423 2385 1470 autem
2415 1418 2565 1484 mali,
2615 1420 2719 1476 hoc
2748 1422 2924 1477 solum
2950 1426 3221 1483 credimus
3257 1438 3316 1485 et
3342 1433 3540 1489 conﬁr-

1952 1517 2183 1558 mamus.
2216 1504 2284 1558 Et
2333 1506 2378 1561 si
2430 1507 2571 1563 forte
2620 1510 2781 1567 irasci
2816 1514 2973 1569 nobis
3007 1517 3236 1584 accidat,
3288 1526 3537 1595 przecipit

1951 1590 2210 1648 Dominus
2238 1602 2291 1671 ut
2323 1603 2448 1651 ante
2473 1598 2601 1654 solis
2635 1615 2891 1657 occasum
2923 1604 3258 1663 iracundiam
3287 1590 3528 1670 nostram

1953 1680 2223 1737 finiamus.
2273 1684 2426 1740 Unde
2450 1687 2581 1742 dicit
2616 1703 2631 1741 :
2662 1689 2759 1745 Sol
2788 1708 2892 1746 non
2921 1695 3122 1750 occidat
3144 1714 3301 1769 super
3320 1702 3536 1760 iracun-

256 1775 462 1830 dicitur
513 1775 692 1832 inanis
736 1786 792 1832 et
837 1778 1034 1835 fatuus.
1074 1781 1289 1838 Etcum
1333 1783 1503 1839 frater
1541 1796 1728 1849 noster
1774 1791 1844 1846 ita

1953 1772 2097 1827 diam
2137 1784 2361 1830 uestram
2409 1776 2623 1847 (Ephes.
2657 1796 2733 1847 IV,
2763 1781 2876 1854 26).
2922 1782 3031 1839 Nos
3056 1756 3237 1843 autem
3264 1805 3296 1845 e
3344 1756 3536 1850 contra

256 1866 453 1922 credat
489 1867 545 1921 in
571 1867 846 1923 Christum
872 1871 1012 1926 sicut
1039 1880 1091 1927 et
1121 1888 1240 1939 nos,
1290 1878 1560 1946 quomodo
1585 1877 1746 1934 illum’
1764 1896 1855 1936 au-

258 1956 455 2011 demus
486 1957 725 2023 inanem,
778 1960 861 2014 vel
909 1960 1139 2029 fatuum,
1190 1965 1275 2019 vel
1306 1966 1511 2038 absque
1556 1980 1736 2027 mente
1760 1989 1853 2030 vo-

257 2049 427 2103 care?
475 2048 616 2104 Nam
651 2053 793 2121 quod
825 2053 1082 2109 Dominus
1104 2058 1273 2113 racha
1306 2066 1360 2112 et
1388 2058 1535 2116 fatue
1564 2063 1715 2130 dicit,
1746 2064 1850 2120 hoc

256 2139 498 2193 ostendit
524 2140 652 2209 quia
679 2155 777 2196 nec
806 2143 922 2199 leve
949 2146 1186 2215 quidem,
1219 2163 1320 2204 nec
1345 2150 1628 2206 minimum
1663 2153 1718 2208 in
1743 2153 1851 2209 fra-

259 2239 340 2285 tre
389 2230 648 2285 collatum
692 2234 996 2291 convicium
1040 2239 1198 2294 nobis
1239 2240 1591 2312 relaxabitur,
1637 2254 1698 2300 ut
1741 2264 1848 2304 non

255 2334 354 2387 pro
397 2321 654 2375 omnibus
674 2320 1013 2390 judicemur,
1060 2328 1167 2384 nisi
1211 2328 1340 2386 laeso
1392 2333 1848 2404 satisfecerimus,

254 2416 311 2463 et
333 2409 661 2481 condignam
701 2413 1075 2481 pmnitentiam
1127 2417 1182 2471 in
1224 2418 1326 2474 hac
1350 2422 1458 2475 vita
1498 2437 1740 2490 agamus.
1782 2427 1850 2482 Et

254 2496 378 2553 ideo
405 2499 477 2553 de
520 2501 641 2556 istis
677 2501 970 2560 levioribus
1012 2509 1282 2565 mandatis
1327 2514 1652 2569 sententiam
1701 2516 1851 2573 dedit

252 2587 413 2644 nobis
448 2588 722 2659 Christus,
754 2601 815 2649 ut
853 2603 910 2650 et
941 2596 1007 2652 de
1040 2601 1252 2655 czcteris
1287 2603 1539 2660 omnibus
1566 2620 1686 2675 quas
1714 2624 1851 2678 pra:-

254 2680 570 2735 varicamur
593 2682 846 2740 similiter
879 2688 1198 2745 sentiamus.
1231 2691 1502 2751 Praeterea
1549 2712 1762 2768 quoque
1790 2698 1845 2755 in

255 2779 472 2826 tantum
495 2771 766 2830 humanus
792 2784 965 2833 metus
994 2779 1176 2836 timori
1201 2782 1297 2838 Dei
1326 2787 1678 2856 praeponitur,
1713 2799 1771 2843 ut
1800 2793 1845 2847 si

253 2859 510 2918 fortiores
556 2879 620 2919 ac
648 2869 975 2935 potentiores
1005 2869 1175 2928 nostri
1206 2874 1441 2945 aliquam
1482 2877 1733 2947 injuriam
1754 2891 1847 2937 aut

252 2953 645 3008 contumeliam
676 2958 831 3013 nobis
861 2957 1083 3027 faciant‘,
1137 2963 1281 3034 ipsas
1326 2967 1487 3021 etiam
1517 2980 1765 3040 prompte
1790 2982 1845 3027 et

253 3053 542 3099 mansuete
567 3048 898 3105 sustinemus
924 3068 938 3117 ;
984 3068 1111 3122 erga
1157 3057 1462 3125 coaequales
1490 3073 1620 3115 vero
1649 3061 1731 3116 vel
1760 3062 1843 3117 in-

253 3133 489 3191 feriores
518 3137 787 3194 interdum
818 3157 920 3197 nec
971 3143 1083 3199 laasi
1122 3160 1529 3203 commovemur
1572 3160 1627 3205 et
1654 3152 1844 3208 irasci-

253 3239 394 3278 mur.
446 3225 584 3293 Quis
628 3243 756 3300 ergo
789 3232 896 3286 erit
944 3232 1201 3291 immunis
1239 3246 1333 3292 aut
1372 3239 1582 3296 alienus
1625 3243 1695 3298 ah
1739 3244 1842 3302 hac

254 3316 452 3386 culpa?
485 3315 547 3371 Si
572 3326 754 3375 autem
785 3322 939 3378 miles
979 3331 1226 3382 terrenus
1256 3328 1312 3384 in
1357 3343 1648 3402 conspectu
1701 3338 1844 3407 regis

256 3405 462 3459 terreni
491 3420 601 3461 non
631 3423 793 3465 ausus
842 3420 925 3467 est
949 3413 1144 3480 irasci,
1177 3431 1350 3488 neque
1379 3419 1580 3491 aliquid
1607 3440 1719 3480 suae
1762 3405 1845 3482 in—

255 3492 589 3562 dignationis
615 3507 736 3553 ante
759 3500 945 3556 oculos
974 3503 1091 3573 ejus
1114 3507 1420 3574 ostendere,
1451 3516 1719 3581 quomodo
1750 3532 1845 3571 au-

254 3582 447 3637 demus
468 3599 654 3640 coram
678 3587 823 3659 Rege
848 3599 1051 3647 aeterno
1096 3595 1275 3657 irasci,
1315 3605 1370 3653 et
1412 3600 1841 3672 indignationem

257 3683 502 3729 nostram
531 3685 655 3733 ante
700 3679 894 3736 faciem
929 3681 1047 3752 ejus
1071 3688 1401 3743 ostendere?
1437 3690 1550 3746 Rex
1581 3709 1711 3766 ergo
1738 3705 1844 3751 ter-

257 3778 421 3820 renus
463 3765 668 3823 deforis
714 3776 926 3826 tantum
973 3773 1123 3831 videt
1168 3777 1447 3833 hominum
1491 3765 1738 3852 corpora,
1790 3795 1844 3842 et

258 3853 369 3922 ipsa
393 3856 736 3915 solummodo
764 3861 928 3917 habet
954 3864 1007 3918 in
1033 3875 1298 3935 potestate
1324 3888 1336 3923 :
1369 3871 1480 3927 Rex
1523 3889 1652 3929 vero
1683 3877 1845 3932 caele-

256 3944 353 3998 stis
386 3946 572 4002 cordis
619 3950 792 4005 nostri
836 3955 1102 4025 conSpicit
1131 3971 1328 4013 arcana
1357 4000 1372 4026 ,
1419 3970 1474 4017 et
1514 3972 1841 4032 potestatem

255 4032 423 4090 habet
466 4044 778 4109 utrumque,
813 4050 869 4096 et
900 4058 1097 4115 corpus
1141 4057 1195 4102 et
1227 4049 1483 4118 animam,
1532 4056 1757 4122 perdere
1786 4058 1842 4114 in

255 4126 581 4195 gehennam.
631 4129 860 4202 Prolnter
894 4138 1036 4205 quod
1082 4154 1181 4195 nec
1208 4156 1334 4213 erga
1368 4140 1601 4201 famulos
1623 4149 1840 4217 quidem

254 4216 634 4285 negligendum
669 4230 755 4276 est
793 4223 933 4279 istud
960 4238 1320 4298 praeceptum:
1352 4247 1527 4303 neque
1548 4237 1690 4290 enim
1724 4237 1841 4291 sine

254 4320 422 4361 causa
458 4309 717 4366 debemus
749 4324 938 4370 contra
980 4317 1128 4388 ipsos
1177 4321 1381 4390 irasci,
1425 4325 1554 4395 quia
1598 4335 1653 4382 et
1691 4328 1765 4383 illi
1808 4347 1840 4384 a

1956 1878 2025 1918 ne
2051 1864 2154 1920 hoc
2183 1867 2398 1935 quidem
2449 1872 2688 1924 contenti
2724 1887 2910 1928 sumus
2954 1883 3015 1928 ut
3052 1876 3384 1938 iracundiam
3432 1901 3533 1940 no-

1953 1964 2125 2010 stram
2154 1956 2296 2011 ultra
2347 1957 2477 2013 solis
2505 1961 2794 2016 terminum
2827 1964 3220 2036 producamus,
3272 1973 3365 2028 sed
3404 1956 3536 2030 insi-

1952 2044 2071 2101 dias
2096 2047 2328 2103 invicem
2356 2050 2623 2117 pouimus,
2661 2062 2718 2106 et
2741 2052 2855 2109 sive
2876 2054 3056 2112 verbis
3085 2058 3201 2114 sive
3226 2061 3386 2118 rebus
3411 2078 3534 2134 sup-

1950 2134 2198 2202 plantare
2235 2139 2511 2207 proximos
2551 2149 2769 2197 nostros
2804 2144 3071 2214 cupimus.
3117 2146 3253 2203 Nam
3282 2153 3530 2211 osculum

1949 2230 2102 2299 pacis
2128 2246 2236 2300 quo
2263 2239 2505 2302 tempore
2552 2250 2777 2291 munera
2806 2252 2963 2293 sacra
3003 2239 3332 2308 offeruntur,
3362 2248 3536 2315 porri-

1949 2334 2077 2390 gere
2104 2321 2337 2378 invicém
2367 2324 2422 2379 in
2468 2341 2568 2380 usu
2610 2327 2909 2395 habemus;
2955 2331 3050 2386 sed
3085 2348 3279 2389 vereor
3313 2351 3383 2391 ne
3419 2337 3536 2406 plu-

1948 2426 2038 2467 res
2083 2428 2148 2468 ex
2197 2415 2354 2470 nobis
2388 2416 2492 2471 hoc
2530 2417 2688 2473 labiis
2728 2423 3103 2478 tantummodo
3129 2425 3358 2493 faciant,
3406 2443 3532 2483 cum

1946 2501 2194 2558 Christus
2223 2521 2408 2574 pacem
2435 2523 2542 2562 non
2573 2525 2638 2563 ex
2664 2525 2782 2576 ore,
2820 2512 2915 2568 sed
2952 2528 3021 2568 ex
3046 2517 3210 2572 corde
3236 2518 3527 2575 desideret.

1948 2591 2100 2648 Unde
2123 2609 2218 2663 per
2243 2595 2358 2649 hzec
2385 2595 2528 2652 Deus
2564 2600 2745 2667 potius
2773 2603 3087 2657 exacerbari
3126 2620 3289 2674 quam
3317 2608 3526 2675 placari

1946 2682 2244 2739 credendus
2266 2694 2369 2740 est.
2400 2685 2614 2742 Puritas
2647 2690 2792 2744 enim
2823 2700 2878 2745 ct
2905 2694 3108 2749 veritas
3147 2695 3201 2749 in
3233 2708 3525 2767 conspectu

1948 2770 2039 2825 Dei
2059 2772 2303 2841 placent;
2334 2777 2539 2845 respuit
2578 2786 2757 2833 autem
2784 2788 2839 2835 et
2862 2781 2976 2836 odit
3003 2798 3165 2839 omne
3192 2787 3334 2854 quod
3362 2788 3528 2844 simu-

1944 2863 2088 2917 latur
2107 2872 2162 2918 et
2191 2864 2430 2935 fingitur.
2488 2866 2621 2922 Nam
2658 2885 2761 2939 pro
2786 2872 2872 2927 his
2896 2874 3123 2945 singulis
3148 2876 3398 2948 lacryma:
3428 2896 3527 2935 uo-

1942 2952 2028 3007 his
2059 2953 2345 3011 fundendze
2389 2965 2555 3024 sunt,
2598 2968 2656 3014 et
2693 2961 2941 3019 confusio
2982 2965 3225 3023 habenda
3255 2978 3356 3024 est.
3407 2971 3527 3027 Ca:-

1945 3051 2057 3097 tera
2087 3058 2218 3098 vero
2244 3056 2511 3116 praecepta
2559 3065 2679 3118 qum
2721 3060 2949 3119 restant,
2994 3055 3048 3109 in
3092 3060 3337 3128 sequenti
3375 3062 3526 3131 capi-

1946 3131 2078 3198 tulo,
2112 3132 2182 3187 ob
2224 3149 2450 3205 compen
2492 3138 2527 3192 ii
2571 3153 2814 3207 causam,
2857 3142 3096 3198 breviter
3142 3153 3199 3200 et
3242 3146 3527 3217 diligenter

1943 3227 2279 3283 discutienda
2306 3229 2682 3300 relinquimus.

2478 3318 2706 3375 CAPUT
2753 3321 2987 3380 XXVIII.

2152 3405 2288 3461 Item
2310 3408 2375 3463 de
2401 3409 2580 3464 eadem
2610 3409 2982 3468 lamentatione
3000 3396 3120 3485 quae
3140 3435 3319 3489 supra.

2009 3496 2128 3551 Jam
2160 3513 2289 3552 vero
2318 3515 2438 3567 quae
2467 3500 2533 3553 de
2570 3502 2960 3558 consentiendo
2991 3506 3323 3573 adversario,
3350 3511 3432 3565 vel
3459 3513 3526 3568 de

1942 3589 2377 3659 concupiscentia
2418 3590 2627 3656 illicita,
2673 3600 2729 3647 et
2767 3593 2835 3648 de
2884 3597 3040 3651 oculo
3086 3599 3294 3665 dextro,
3348 3610 3405 3657 et
3453 3605 3521 3661 de

1942 3693 2105 3732 manu
2143 3679 2331 3732 dextra
2353 3718 2368 3743 ,
2407 3687 2464 3733 et
2509 3681 2577 3734 de
2624 3680 2994 3753 relinquendis
3031 3690 3293 3746 uxoribus
3330 3696 3523 3763 praeci-

1940 3767 2165 3839 piuntur
2192 3766 2406 3839 (Matth.
2430 3769 2507 3840 v),
2539 3772 2694 3838 quasi
2720 3777 2822 3827 nec
2840 3776 3039 3845 scripta
3067 3778 3172 3833 sint
3194 3796 3294 3838 nec
3312 3785 3517 3851 audita,
3592 3796 3603 3803 ‘

1942 3859 2016 3913 ita
2070 3867 2506 3915 contemnuntur.
2553 3860 2611 3915 In
2654 3863 2812 3919 oculo
2834 3867 2977 3920 enim
3026 3870 3217 3927 dextro
3257 3881 3312 3928 et
3352 3892 3519 3931 manu

1942 3952 2131 4007 dextra
2174 3959 2429 4022 parentes
2457 3962 2673 4010 nostros
2702 3964 2864 4026 atque
2899 3961 3231 4032 propinquos
3267 3965 3520 4038 intelligi-

1942 4060 2063 4099 mus
2090 4062 2102 4097 :
2131 4045 2276 4114 quod
2305 4045 2350 4099 si
2375 4045 2440 4099 ad
2475 4047 2941 4119 contemplandam
2962 4068 3145 4107 veram
3167 4054 3341 4112 lucem
3365 4059 3519 4115 nobis

1943 4135 2326 4205 impedimento
2379 4145 2505 4190 sunt
2529 4176 2543 4201 ,
2600 4138 2858 4194 debemus
2910 4148 3168 4200 truncare
3216 4146 3517 4208 istiusmodi

1939 4227 2247 4296 portiones;
2280 4244 2349 4283 ne
2370 4229 2496 4283 dum
2519 4229 2766 4287 volumus
2799 4242 3023 4290 eteteros
3054 4237 3388 4309 lucrifacere,
3414 4245 3515 4315 ipsi

1942 4315 1997 4370 in
2036 4324 2295 4372 wternum
2337 4334 2641 4389 pereamus.
2687 4321 2822 4376 Nam
2868 4324 2935 4378 de
2973 4341 3077 4379 non
3111 4327 3345 4397 jurando
3392 4349 3518 4390 eru-

253 4394 477 4451 Christo
514 4399 673 4453 simili
721 4410 781 4455 ut
819 4418 917 4459 nos
958 4404 1209 4462 libertate
1250 4419 1373 4465 sunt
1410 4394 1613 4469 donati.
1657 4416 1841 4488 Neque
1867 4439 1918 4499 D
1944 4408 2108 4463 besco
2137 4409 2382 4477 proferre
2419 4412 2471 4464 in
2505 4412 2771 4479 medium.
2822 4430 2928 4470 non
2976 4416 3148 4471 solum
3190 4423 3515 4492 propteriu-

253 4488 421 4542 etiam
452 4488 499 4543 si
529 4490 765 4560 aliquem
794 4494 1038 4551 videmus
1090 4502 1402 4556 mandatum
1448 4504 1657 4560 Domini
1702 4521 1841 4575 prte-
1867 4488 1911 4499 ”
1943 4507 2205 4564 ramenta,
2258 4502 2352 4554 sed
2378 4501 2541 4556 θῑίδῐη
2580 4514 2801 4573 Propter
2827 4504 3082 4575 Ρθτὶυνίδο
3127 4507 3184 4563 Si
3212 4511 3356 4566 enim
3384 4529 3514 4570 vere

256 4581 446 4647 terire,
473 4582 636 4637 irasci
663 4592 851 4639 contra
879 4601 1002 4641 eum
1036 4589 1311 4657 debemus,
1363 4595 1455 4647 sed
1479 4596 1658 4664 potius
1680 4598 1842 4653 mise-

258 4672 523 4726 rationem
552 4682 608 4727 et
649 4676 1077 4746 compassionem
1122 4696 1249 4753 erga
1300 4683 1450 4738 illum
1494 4701 1595 4741 nos
1640 4687 1840 4746 habere

254 4768 491 4830 oportet,
516 4765 810 4819 secundum
836 4781 959 4822 cum
1003 4770 1093 4839 qui
1137 4772 1309 4827 dixit:
1362 4773 1492 4840 Quis
1517 4777 1837 4845 inﬁrmatur,

254 4861 301 4902 et
335 4866 430 4921 ego
478 4868 586 4905 non
632 4854 874 4923 infirmor
915 4855 1002 4928 (11
1039 4856 1161 4912 Cor.
1200 4876 1277 4927 χι,
1315 4862 1448 4935 29)?
1495 4863 1628 4920 Illud
1657 4877 1836 4923 autem

255 4941 399 5009 quod
436 4942 494 4995 in
542 4945 892 5012 sequentibus
920 4948 1175 5016 habetur,
1223 4952 1344 5021 quis
1388 4954 1830 5028 noninfidelium

254 5032 421 5085 etiam
468 5031 769 5090 fabulosum
788 5035 1015 5104 judicet,
1049 5034 1402 5096 cumaterna
1433 5043 1527 5097 Dei
1552 5061 1682 5102 voce
1708 5064 1832 5103 san-

253 5121 426 5174 citum
458 5121 564 5178 sit?
591 5123 669 5177 ait
696 5125 839 5179 enim
867 5144 879 5179 :
910 5125 968 5181 Si
991 5139 1164 5182 autem
1191 5130 1349 5199 o/fers
1376 5149 1564 5188 munus
1591 5146 1738 5192 tuum
1760 5139 1831 5192 ad

253 5209 447 5277 altare,
482 5221 530 5266 et
555 5212 628 5267 ibi
658 5215 961 5270 recordatus
1002 5217 1166 5287 fueris
1192 5221 1315 5291 quia
1351 5221 1518 5289 frater
1537 5233 1657 5279 tuus
1679 5226 1832 5281 habet

253 5302 462 5374 aliquid
487 5305 759 5360 adversum
788 5318 836 5362 te
858 5349 874 5372 ,
920 5309 1152 5382 relinque
1191 5312 1264 5366 ibi
1300 5331 1489 5369 munus
1525 5325 1673 5370 tuum
1711 5328 1831 5373 ante

253 5394 457 5460 altare,
483 5405 530 5449 et
572 5397 701 5451 vade
727 5399 871 5469 prius
904 5400 1231 5456 reconciliari
1254 5403 1411 5473 fratri
1444 5414 1578 5469 tuo;
1622 5414 1667 5459 et
1709 5415 1832 5462 tunc

252 5484 462 5541 veniens
488 5488 675 5557 offeres
698 5506 888 5545 munus
916 5501 1063 5546 tuum
1111 5492 1325 5565 (Matth.
1367 5512 1418 5559 v,
1444 5496 1556 5568 23).
1604 5495 1711 5553 Nos
1739 5514 1832 5553 au-

255 5579 364 5629 tem
388 5589 420 5630 e
459 5586 650 5631 contra
676 5594 884 5648 pugnas
910 5581 1173 5638 habentes
1216 5583 1283 5639 ad
1313 5585 1562 5652 invicem,
1600 5595 1655 5642 et
1681 5588 1832 5643 dolos

256 5664 305 5718 in
334 5667 502 5722 corde
532 5680 833 5738 versantes,
859 5674 1163 5730 accedimus
1184 5677 1251 5730 ad
1280 5676 1451 5733 altare
1480 5678 1590 5732 Dei.
1617 5678 1681 5733 Et
1707 5695 1829 5735 cum

1933 4587 2121 4657 jurare
2149 4592 2354 4646 crimen
2380 4603 2463 4647 est
2499 4603 2555 4648 et
2590 4596 2963 4664 praevaricatio
2997 4602 3255 4669 mandati,
3286 4605 3352 4659 de
3390 4621 3514 4676 per-

1931 4678 2077 4749 jurio
2100 4682 2227 4751 quid
2256 4682 2535 4738 dicamus?
2581 4685 2901 4758 Evangelica
2928 4699 3107 4747 autem
3138 4695 3337 4751 veritas
3354 4695 3509 4765 jura-

1936 4781 2178 4826 mentum
2224 4787 2330 4827 non
2370 4774 2581 4843 recipit,
2625 4791 2748 4831 cum
2777 4780 2953 4836 omnis
2994 4798 3171 4839 sermo
3214 4784 3385 4843 fidelis
3412 4805 3510 4858 pro

1930 4861 2282 4931 jurejurando
2310 4865 2398 4920 sit.
2440 4864 2569 4920 Post
2614 4867 2728 4924 haec
2772 4878 2949 4926 autem
2995 4874 3252 4930 Dominus
3298 4879 3415 4932 ait:
3448 4878 3509 4934 Si

1932 4955 2049 5024 quis
2076 4963 2124 5007 te
2146 4956 2456 5024 percusserit
2484 4958 2540 5010 in
2568 4957 2809 5012 dextram
2838 4963 3129 5029 maxillam,
3158 4966 3329 5035 praebe
3352 4967 3430 5022 illi
3456 4979 3507 5024 et

1934 5043 2189 5108 alterum;
2230 5055 2279 5100 et
2319 5045 2513 5101 volenti
2557 5058 2726 5104 tecum
2744 5050 2953 5120 judicio
2980 5056 3309 5125 contendere,
3342 5069 3392 5113 et
3416 5070 3503 5114 tu-

1931 5137 2101 5189 n’cam
2131 5146 2278 5190 tuam
2325 5139 2552 5207 auferre,
2602 5140 2832 5212 relinque
2873 5142 2953 5197 illi
2992 5153 3042 5198 et
3072 5145 3312 5216 pallium.
3358 5150 3506 5209 Etsi

1929 5228 2046 5296 quis
2090 5229 2440 5297 angariaverit
2467 5239 2516 5285 te
2542 5231 2684 5286 mille
2708 5250 2923 5303 passus,
2974 5237 3102 5292 uade
3128 5256 3245 5295 cum
3274 5241 3366 5297 illo
3394 5243 3505 5302 alia

1931 5316 2058 5370 duo.
2095 5314 2301 5372 Petenti
2339 5327 2408 5384 te,
2451 5320 2520 5373 da
2556 5322 2623 5374 ei.
2663 5320 2729 5375 Et
2764 5321 2953 5379 volenti
2990 5330 3225 5384 mutuari
3257 5347 3291 5384 α
3332 5342 3403 5397 te,
3440 5349 3506 5388 ne

1931 5407 2184 5462 avertaris
2207 5408 2420 5481 (Matth.
2443 5426 2496 5476 v,
2517 5411 2628 5483 39).
2662 5412 2742 5469 Ad
2772 5414 2887 5471 haec
2909 5417 3053 5473 enim
3082 5421 3211 5490 quid
3238 5422 3505 5481 dicimus?

1931 5495 2037 5552 Pro
2065 5498 2290 5568 singulis
2335 5508 2514 5556 autem
2557 5503 2642 5557 his
2662 5503 2915 5576 lacrymaa
2944 5509 3098 5565 nobis
3131 5514 3504 5571 tantummodo

1931 5586 2265 5656 proferenda:
2309 5599 2453 5655 sunt,
2493 5599 2549 5645 et
2586 5592 2833 5651 confusio
2877 5597 3119 5654 habenda
3168 5611 3251 5656 est
3280 5621 3292 5657 :
3318 5614 3504 5676 aperte

1931 5680 2073 5735 enim
2105 5690 2296 5738 contra
2324 5683 2439 5739 haec
2467 5686 2649 5741 omnia
2696 5689 3005 5747 militamus.
3054 5692 3169 5749 Pati
3195 5706 3372 5752 autem
3403 5699 3502 5752 ali-
