3974 6192
453 330 556 385 615

1481 317 1538 372 S.
1579 308 1933 370 BENEDICTI
1969 303 2261 361 ABBATIS
2297 297 2711 356 ANIANENSIS

3600 300 3700 356 6l6

454 444 583 512 quid
607 458 672 498 ex
697 440 785 496 his
813 455 932 511 qua;
958 439 1156 508 scripta
1187 442 1313 490 sunt
1341 445 1407 485 ac
1430 428 1596 492 ferre,
1624 438 1800 493 neque
1824 422 1879 476 in
1902 435 2028 475 ver-
2054 422 2108 481 Î‘
2128 415 2320 512 quierit
2358 411 2610 512 medelam
2635 408 2824 512 (Eat-ti.
2854 422 3052 511 .xxvin,
3210 407 3278 463 Et
3302 409 3345 464 si
3368 408 3541 511 homo
3579 426 3702 512 erga

453 533 558 596 bis,
602 545 776 600 neque
813 530 866 582 in
906 530 1065 582 rebus
1109 537 1348 594 unquam
1378 519 1644 573 volumus.
1693 514 1801 568 Sed
1842 512 1942 566 etsi
1970 512 2024 565 in

455 623 635 691 aliquo
677 619 864 674 saltem
905 617 990 672 vel
1031 615 1222 670 leviter
1263 606 1837 683 pulsemur,eontinuo
1883 603 2030 657 velut

451 711 586 764 ferae
610 709 796 762 bestia:
829 714 1017 761 contra
1053 720 1146 759 eos
1172 700 1520 771 insurgimus.
1562 695 1668 750 Sed
1694 695 1822 748 licet
1847 707 1944 746 nos
1973 691 2028 744 in

456 800 708 855 omnibus
729 796 998 852 contraria
1025 809 1247 866 agamus
1271 807 1391 861 qua:
1413 788 1656 859 praecipit
1686 785 1842 840 nobis
1877 782 2032 838 Chri-

459 902 598 955 stus,
642 898 821 943 tamen
869 885 1192 942 eminentius
1232 883 1301 936 ab
1340 895 1405 935 eo
1450 879 1736 942 docemur;
1770 875 1862 942 qui
1899 872 2033 926 diri-

456 979 658 1049 puerit,
692 977 885 1046 inquit,
914 990 1032 1043 quae
1056 981 1145 1026 tua
1177 979 1323 1034 sunt,
1347 969 1439 1037 qui
1465 977 1516 1021 te
1547 965 1766 1028 laeserit,
1813 963 1903 1032 qui
1935 962 2033 1015 tibi

459 1066 725 1129 nocuerit,
777 1079 882 1117 non
908 1062 1080 1116 solum
1125 1074 1223 1128 pro
1255 1059 1340 1112 his
1369 1072 1487 1125 qua:
1517 1054 1613 1107 tibi
1650 1050 1889 1116 abstulit,
1926 1063 2034 1104 non

460 1158 792 1226 indigneris;
844 1154 939 1208 sed
989 1162 1045 1207 et
1085 1152 1389 1227 dilige,.et
1436 1157 1547 1203 tota
1593 1145 1858 1200 charitate
1907 1158 2036 1198 eon-

462 1246 690 1312 stringe,
716 1252 769 1296 et
797 1243 958 1295 etiam
981 1256 1078 1310 pro
1107 1241 1224 1308 ipso
1253 1238 1322 1292 ad
1340 1238 1509 1292 Deum
1533 1235 1819 1304 diligenter
1845 1247 2037 1303 preces

463 1337 643 1390 funde.
668 1337 748 1389 Ac
773 1337 818 1389 si
843 1336 1090 1389 dicatur:
1119 1333 1252 1387 Cum
1275 1333 1364 1386 ille
1388 1331 1478 1400 qui
1505 1331 1573 1385 ad
1594 1329 1893 1397 diripienda
1916 1343 2037 1398 qua:

463 1435 554 1478 tua
594 1433 720 1478 sunt
763 1424 945 1490 iniquo
971 1423 1166 1491 spiritu
1210 1419 1375 1474 fuerit
1413 1434 1691 1482 accensus,
1743 1418 1789 1472 si
1825 1428 1878 1472 te
1913 1433 2039 1486 pro-

462 1516 710 1573 lixiorem
739 1513 1006 1568 invenerit
1037 1513 1090 1565 in
1118 1511 1392 1580 largiendo
1423 1524 1584 1579 quam
1615 1509 1702 1562 ille
1732 1517 1954 1562 venerat
1983 1508 2039 1562 in

463 1610 779 1680 diripiendo,
809 1607 1056 1677 quamvis
1100 1606 1188 1660 ille
1229 1607 1299 1660 sit
1327 1604 1476 1660 ferus
1511 1613 1566 1658 et
1593 1603 1876 1667 barbarus,
1909 1618 2037 1656 eru-

461 1703 646 1756 bescet
676 1710 853 1754 tamen
888 1699 1181 1754 bonitatem
1209 1706 1379 1760 tuam,
1411 1695 1750 1765 mitigabitur
1779 1709 1808 1748 a
1835 1694 2036 1758 furore,

2128 505 2401 561 hominem
2451 517 2560 556 non
2589 501 2753 555 habet
2797 499 3241 565 misericordiam,
3290 500 3412 568 quis
3449 501 3708 570 propitia-

2128 596 2275 650 bitur
2304 592 2513 648 delictis
2541 589 2693 658 ejus?
2742 588 2944 645 Vellem
2988 588 3146 642 silere
3173 586 3288 656 jam
3322 597 3375 643 et
3403 591 3511 644 huc
3537 606 3708 661 usque

2129 700 2446 757 progressus
2488 683 2649 736 finem
2686 681 3024 737 sermonibus
3058 681 3194 735 meis
3232 682 3529 751 imponere.
3577 683 3712 737 Eru-

2128 776 2293 830 besco
2316 776 2461 829 enim
2495 783 2551 828 et
2579 772 2880 828 confundor
2921 772 3062 825 ultra
3097 772 3409 839 procedere.
3449 771 3556 826 Sed
3585 773 3714 843 quid

2133 865 2332 919 iterum
2361 872 2543 918 tacere
2569 862 2830 932 proderit,
2858 877 2980 916 cum
3004 862 3070 916 ab
3095 861 3224 929 ipsis
3248 861 3517 916 mandatis
3551 859 3715 916 Chri-

2135 953 2227 1018 sti,
2279 966 2398 1020 quzn
2448 951 2847 1022 impugnamus,
2900 949 3120 1004 silenter
3169 949 3332 1003 etiam
3381 950 3718 1020 arguamur?

2135 1041 2412 1107 Quomodo
2459 1048 2640 1093 autem
2689 1038 2992 1102 latebimus,
3043 1054 3165 1093 cum
3213 1038 3302 1108 qui
3357 1040 3506 1092 novit
3555 1039 3717 1096 corda

2135 1139 2339 1195 nostra,
2361 1128 2702 1197 judicaturus
2745 1137 2828 1183 est
2854 1129 2953 1181 ea?
2996 1127 3133 1194 Quid
3161 1143 3288 1198 ergo
3322 1129 3499 1183 dicam
3531 1130 3599 1184 de
3630 1130 3720 1186 illo

2136 1221 2388 1275 mandato
2405 1235 2510 1289 quo
2524 1219 2779 1288 juhemur
2797 1235 2902 1274 non
2927 1220 3292 1274 thesaurizare
3312 1236 3473 1291 super
3495 1223 3722 1276 terram?

2137 1311 2331 1366 Casteri
2359 1326 2485 1365 vero
2512 1310 2666 1378 quasi
2694 1327 2724 1365 e
2747 1311 3022 1365 contrario
3057 1311 3326 1392 audierint
3365 1323 3719 1382 praeceptum,

2137 1411 2194 1455 et
2237 1401 2392 1470 quasi
2441 1403 2643 1456 dictum
2699 1403 2771 1456 sit
2823 1403 2890 1456 ad
2939 1418 3032 1458 eos
3071 1421 3083 1456 :
3125 1403 3510 1461 Thesaurizate
3573 1409 3722 1462 omni

2141 1490 2300 1543 modo
2331 1504 2494 1558 super
2528 1497 2757 1553 terram;
2810 1491 2883 1544 ita
2916 1491 3280 1560 relinquentes
3307 1494 3503 1548 caelum
3541 1497 3726 1551 adhae-

2141 1588 2332 1634 serunt
2359 1587 2538 1644 terrae,
2567 1590 2622 1633 et
2651 1580 2924 1634 insaniunt
2947 1596 3071 1653 erga
3101 1584 3357 1652 pecunias
3386 1600 3723 1656 congregan-

2151 1672 2267 1736 das,
2316 1680 2536 1740 totoque
2565 1672 2759 1726 affectu
2805 1673 2994 1727 odiunt
3034 1674 3234 1732 Deum.
3275 1675 3500 1746 diligunt
3543 1687 3727 1732 autem

465 1793 746 1860 resipiscet
771 1791 1028 1845 continuo
1050 1797 1105 1842 et
1142 1787 1271 1842 facti
1303 1786 1607 1855 paenitebit,
1645 1801 1709 1839 ac
1738 1799 1893 1838 suum
1923 1783 2046 1852 qui-

2150 1777 2530 1816 mammonam.
2576 1763 2728 1829 Quod
2772 1771 2951 1818 autem
2991 1765 3190 1819 dictum
3225 1773 3324 1826 est,
3363 1765 3542 1820 Nolite
3588 1769 3730 1838 cogi-

466 1882 584 1934 dem
614 1889 895 1948 peccatum
922 1878 1292 1940 exhorrescet,
1318 1876 1393 1929 tui
1433 1890 1562 1929 vero
1605 1875 1768 1928 animi
1790 1874 2046 1926 virtutem

468 1971 760 2023 mirabitur
804 1977 858 2022 et
896 1968 1116 2022 amabit.
1163 1965 1269 2020 Sed
1314 1967 1419 2019 hoc
1463 1965 1551 2018 ubi
1604 1978 1750 2019 nunc
1792 1962 2047 2017 invenio?

469 2061 634 2130 Cujus
661 2060 802 2114 enim
835 2059 994 2112 talem
1029 2059 1196 2111 vitam
1234 2056 1506 2110 mirabor?
1546 2054 1828 2109 Neminem
1867 2061 2046 2107 autem

469 2168 612 2208 nunc
662 2152 902 2205 invenire
955 2166 1095 2220 queo
1146 2150 1237 2219 qui
1288 2149 1430 2203 hanc
1478 2148 1730 2218 injuriam
1781 2146 2050 2215 patienter

469 2241 614 2297 ferre
642 2241 787 2295 velit.
825 2239 1069 2294 Christus
1097 2240 1240 2294 enim
1279 2255 1378 2294 nos
1405 2253 1564 2293 orare
1591 2253 1692 2306 pro
1714 2251 2050 2306 persequen-

473 2333 620 2388 tibus
654 2342 708 2386 et
752 2332 1206 2387 calumniantibus
1239 2330 1418 2399 jubet;
1464 2346 1562 2384 nos
1591 2337 1770 2383 autem
1820 2343 1928 2383 non
1964 2342 2050 2382 so-

470 2423 583 2478 lum
613 2431 804 2478 contra
831 2422 1096 2487 inimicos,
1129 2421 1224 2477 sed
1253 2423 1414 2475 etiam
1457 2428 1648 2476 contra
1669 2419 1874 2474 amicos
1905 2433 2046 2487 saepe

471 2511 784 2568 inimicitias
813 2522 870 2567 et
896 2513 1120 2567 insidias
1147 2512 1419 2581 ponimus.
1451 2510 1700 2565 Christus
1728 2509 2053 2563 maledicen-

470 2604 614 2658 tibus
644 2604 886 2658 benedici
921 2603 1106 2672 jubet,
1156 2619 1254 2657 nos
1282 2619 1312 2657 e
1341 2611 1528 2658 contra
1562 2617 1670 2656 non
1709 2601 1880 2656 solum
1912 2597 2052 2654 mul-

472 2693 740 2761 tiplicatas
788 2693 1192 2747 maledictiones
1231 2693 1602 2755 restituimus,
1653 2691 1748 2745 sed
1796 2690 1982 2753 etiam,
2008 2688 2054 2742 si

474 2795 780 2849 possumus,
815 2797 914 2850 pro
952 2782 1130 2835 verbis
1169 2781 1394 2850 flagellis
1413 2795 1508 2835 eos
1542 2779 1816 2834 caedimus.
1863 2777 2055 2832 Nonne

473 2869 568 2923 tibi
599 2871 870 2935 videntur,
892 2886 925 2924 o
948 2873 1130 2940 homo,
1163 2871 1492 2926 omnimodis
1520 2869 1792 2924 contraria
1820 2882 1960 2932 esse,
1989 2875 2050 2922 ut

473 2958 604 3022 dixi,
645 2959 932 3026 praeceptis
959 2959 1158 3014 Christi
1195 2975 1313 3028 quae
1342 2958 1614 3028 gerimus?
1660 2956 1850 3011 Nonne
1879 2957 2050 3024 magis

472 3061 707 3116 pugnam
734 3049 992 3102 habemus
1023 3057 1211 3102 contra
1242 3050 1494 3104 mandata
1534 3048 1671 3118 ejus,
1707 3062 1868 3117 quam
1917 3048 2049 3101 obe-

2150 1863 2261 1907 tare
2287 1855 2349 1908 de
2376 1857 2626 1919 crastino,
2669 1870 2770 1910 nec
2811 1857 2997 1911 audire
3037 1857 3151 1912 scio
3181 1858 3431 1928 aliquem,
3481 1875 3585 1914 nec
3614 1875 3731 1915 om-

2151 1946 2282 1999 nino
2305 1961 2543 2001 servare.
2576 1946 2643 2001 Et
2692 1956 2974 2017 propterea
3011 1949 3076 2003 de
3105 1949 3208 2004 hoc
3248 1951 3500 2005 mandato
3547 1951 3733 2008 dicere

2151 2033 2350 2102 aliquid
2383 2035 2664 2090 erubesco.
2717 2036 2927 2091 Etenim
2961 2039 3240 2106 oportebat
3263 2056 3362 2096 nos
3405 2057 3734 2114 quocunque

2149 2134 2308 2196 pacto
2328 2125 2579 2196 loquente
2604 2127 2820 2182 Christo
2842 2137 2896 2184 et
2913 2130 3296 2198 pronuntiante
3325 2147 3428 2185 non
3454 2133 3730 2200 dubitare,

2153 2219 2244 2272 sed
2273 2218 2515 2272 credere.
2543 2219 2696 2274 Nunc
2737 2235 2867 2274 vero
2898 2220 3061 2274 etiam
3098 2237 3219 2276 cum
3241 2229 3293 2276 et
3325 2237 3523 2278 causas
3555 2231 3614 2277 et
3644 2240 3732 2278 ra-

2154 2307 2332 2361 tiones
2362 2306 2617 2363 adhibeat
2660 2309 3036 2364 mandatorum
3078 2325 3316 2376 suorum,
3354 2320 3520 2382 atque
3549 2328 3734 2368 exem-

2151 2395 2256 2467 plis
2282 2411 2345 2450 ea
2372 2397 2716 2452 validissimis
2737 2399 2964 2465 muniat,
2993 2415 3093 2455 nec
3114 2400 3192 2455 sic
3217 2402 3429 2470 quidem
3453 2404 3735 2458 erubesci.

2152 2501 2293 2540 mus.
2333 2485 2562 2556 Propter
2604 2487 2708 2542 hoc
2751 2488 2894 2541 enim
2933 2497 2986 2544 et
3026 2489 3205 2542 avium
3237 2505 3356 2558 qua:
3392 2506 3501 2545 non
3547 2499 3728 2556 arant,

2153 2590 2328 2645 neque
2353 2578 2642 2642 seminant,
2673 2587 2729 2631 et
2757 2578 3149 2649 liliorum,qu:e
3178 2596 3284 2635 non
3309 2590 3457 2646 nent,
3485 2582 3739 2638 similitu-

2155 2668 2308 2724 dines
2332 2668 2530 2736 posuit,
2565 2677 2623 2722 ut
2655 2685 2813 2724 nemo
2844 2670 3134 2734 dubitaret,
3179 2679 3232 2726 et
3261 2680 3440 2726 tamen
3464 2688 3568 2728 nos
3595 2673 3739 2728 sicut

2154 2764 2361 2827 gentes,
2405 2765 2497 2811 aut
2533 2756 2670 2812 forte
2711 2758 2874 2812 etiam
2912 2759 3112 2830 aliquid
3139 2760 3529 2832 desperabib'us
3557 2765 3738 2834 genti-

2153 2851 2255 2905 bus
2287 2851 2351 2906 de
2387 2850 2473 2905 his
2523 2852 2808 2922 cogitando
2847 2855 3232 2910 consumimur.
3278 2856 3385 2912 Sed
3425 2859 3491 2912 de
3519 2859 3650 2924 hoc,
3681 2869 3740 2915 ut

2155 2939 2290 3005 dixi,
2326 2941 2580 2996 mandato
2619 2942 2772 3012 plura
2803 2943 2982 3000 dicere
3022 2947 3302 3013 erubesco,
3341 2947 3408 3003 ad
3448 2950 3742 3018 sequentia

2157 3036 2338 3083 tamen
2369 3031 2604 3096 veniam,
2647 3032 2693 3086 si
2733 3031 2875 3087 forte
2918 3033 3114 3090 alicubi
3155 3035 3404 3093 solatium
3442 3039 3744 3108 qualecun-

477 3100 772 3190 dieuntiam?
801 3137 868 3188 Et
896 3137 1015 3190 ideo
1046 3137 1236 3190 merito
1263 3137 1523 3208 lugemus,
1556 3100 1610 3192 et
1637 3138 2047 3192 inobedicntiam

2155 3133 2259 3186 que
2286 3119 2391 3172 mei
2426 3119 2649 3187 pudoris
2693 3119 2984 3175 inveniam.
3025 3123 3161 3190 Quid
3190 3140 3316 3196 ergo
3345 3128 3594 3196 sequitur
3618 3137 3743 3200 post

474 3235 714 3280 nostram
759 3227 950 3282 merito
989 3229 1311 3297 plangimus.
1364 3229 1470 3284 Sed
1505 3230 1636 3284 dicit
1677 3229 1871 3298 aliquis
1903 3247 1916 3283 :
1948 3231 2052 3283 lm-

477 3317 754 3388 possibilia
807 3319 961 3373 nobis
1017 3320 1262 3388 prmcipit
1308 3317 1571 3376 Christus.
1636 3321 1772 3388 Quid
1827 3323 1977 3393 agis,
2018 3337 2051 3377 Î¿

477 3407 673 3461 homo?
714 3408 952 3476 nunquid
1003 3409 1220 3478 ignoras
1251 3410 1380 3479 quid
1416 3411 1581 3466 David
1626 3411 1679 3465 in
1722 3411 1848 3466 Saul
1897 3413 2052 3466 fecit?

481 3492 617 3560 Quid
657 3494 965 3563 Stephanus
1007 3505 1232 3568 martyr,
1276 3498 1369 3567 qui
1407 3513 1504 3567 pro
1550 3499 1909 3568 lapidantibus
1959 3517 2054 3556 ex-

475 3585 682 3640 oravit?
717 3584 997 3641 Oblitusne
1023 3602 1083 3642 es
1110 3587 1238 3657 quid
1267 3590 1491 3658 ipsemet
1520 3589 1769 3646 Christus
1793 3591 1973 3645 docuit
1998 3600 2052 3646 et

477 3673 622 3740 fecit,
660 3673 883 3729 dicens:
910 3672 1094 3740 Pater,
1145 3676 1350 3746 ignosce
1384 3677 1509 3744 illis,
1559 3696 1664 3734 non
1707 3681 1844 3733 enim
1883 3681 2051 3734 sciunt

475 3766 603 3836 quid
633 3766 835 3834 faciunt
863 3766 1012 3838 (Luc.
1060 3785 1226 3833 xxiii,
1263 3770 1393 3840 54)?
1421 3771 1733 3828 Volentibus
1771 3773 1916 3828 enim
1957 3773 2052 3827 ob-

475 3870 695 3911 servare
724 3856 923 3911 Christi
947 3868 1235 3928 prateepta,
1264 3875 1374 3916 non
1401 3870 1527 3916 sunt
1558 3863 1927 3932 impossibilia,
1957 3863 2054 3918 sed

474 3945 646 4012 levia;
689 3947 994 4004 nolentibus
1041 3964 1168 4004 vero
1217 3959 1272 4006 et
1319 3951 1750 4009 inobedientibus
1799 3955 2052 4010 videntur

477 4050 599 4092 esse
627 4037 760 4091 dura
789 4047 844 4092 et
865 4038 1238 4106 impossibilia,
1269 4043 1554 4097 cumidem
1577 4043 1834 4099 Dominus
1864 4045 2046 4099 dicat:

481 4126 628 4181 Onus
655 4144 825 4180 meum
855 4127 979 4191 leve,
1028 4138 1076 4182 et
1093 4131 1284 4200 jugum
1310 4149 1480 4186 meum
1507 4151 1664 4188 suave
1691 4133 1709 4205 (
1733 4125 1928 4188 Matth:
1971 4150 2048 4200 Î¹Î¹,

477 4215 589 4286 50).
623 4212 741 4268 Jam
768 4233 896 4272 vero
921 4217 1050 4286 quid
1081 4220 1253 4275 dicam
1281 4222 1347 4276 de
1376 4222 1479 4277 hoc
1506 4225 1649 4291 quod
1681 4224 1940 4292 scriptum
1971 4234 2054 4280 est

485 4305 538 4358 in
561 4307 807 4362 oratione
851 4310 1128 4365 Dominiea
1159 4329 1171 4364 :
1200 4311 1415 4366 Dimitte
1445 4313 1591 4367 nobis
1630 4314 1804 4367 debita
1850 4325 2048 4381 nostra,

478 4397 613 4450 sicut
633 4407 682 4451 et
707 4416 800 4454 nos
822 4401 1132 4456 dimittimus
1154 4403 1470 4457 debitoribus
1514 4405 1703 4458 nostris
1731 4404 1948 4475 (Matth.
1972 4421 2047 4472 Î³Î¹,
2077 4443 2130 4502 D

481 4488 610 4560 12)?
645 4489 899 4556 Quisnam
923 4499 1004 4546 est
1028 4507 1096 4546 ex
1123 4494 1372 4548 omnibus
1403 4494 1559 4549 nobis
1590 4495 1681 4564 qui
1707 4511 1830 4549 cum
1855 4495 2050 4551 fiducia

479 4577 596 4632 baac
644 4579 754 4632 Deo
791 4579 971 4635 dicere
1013 4583 1242 4636 audeat?
1278 4583 1414 4637 Nam
1459 4584 1562 4638 etsi
1610 4585 1745 4639 nihil
1790 4584 2052 4641 faciamus

480 4667 715 4723 inimicis
743 4677 798 4722 et
832 4669 1164 4726 debitoribus
1201 4673 1424 4739 nostris,
1461 4672 1719 4728 habemus
1765 4683 1942 4729 tamen
1971 4677 2052 4729 in-

481 4763 564 4812 tra
603 4773 700 4813 nos
737 4759 1035 4815 insanabile
1071 4761 1263 4816 vulnus
1303 4761 1397 4816 ira:
1443 4771 1710 4818 retentum
1759 4763 1814 4818 in
1861 4765 2046 4821 corde.

480 4845 547 4900 Et
571 4847 615 4901 si
648 4856 1014 4904 tantummodo
1042 4866 1146 4904 non
1171 4851 1332 4906 lmdas
1360 4867 1482 4905 eum
1506 4853 1597 4922 qui
1633 4861 1686 4906 te
1715 4852 1871 4919 laasit,
1898 4869 2053 4909 aver-

482 4939 554 4993 tis
584 4946 636 4992 te
670 4947 848 4994 tamen
875 4941 942 4994 ab
971 4954 1057 5006 eo,
1100 4956 1200 4996 nec
1227 4942 1456 4996 libenter
1484 4957 1607 4996 eum
1635 4943 1819 5008 vides,
1869 4952 2054 4998 manet
2095 5003 2102 5007 _

478 5029 596 5083 sine
637 5030 798 5084 dubio
829 5030 1022 5085 vulnus
1061 5031 1116 5084 in
1149 5039 1388 5102 pectore,
1429 5041 1483 5085 et
1523 5030 1676 5085 dolor
1719 5031 1957 5101 augescit
1996 5032 2052 5085 in

477 5121 659 5174 corde.
688 5119 936 5190 Nunquid
961 5131 1014 5175 tu
1045 5121 1117 5176 ita
1149 5123 1227 5176 vis
1254 5121 1544 5191 propitium
1573 5120 1668 5174 tibi
1695 5120 1812 5175 fieri
1857 5121 2046 5186 Deum,

478 5219 538 5263 ut
565 5227 671 5266 non
695 5213 908 5279 quidem
947 5221 998 5266 te
1027 5213 1206 5280 laedat,
1233 5219 1442 5267 avertat
1467 5227 1525 5267 se
1555 5219 1732 5266 tamen
1765 5214 1862 5267 abs
1898 5220 1970 5278 te,
1999 5219 2055 5267 et

407 5300 414 5306 â€™
477 5309 820 5370 peccatorum
864 5310 1076 5356 tuorum
1111 5303 1426 5357 memoriam
1455 5310 1639 5356 teneat
1676 5309 1733 5356 et
1775 5303 1958 5357 videre
2001 5309 2052 5356 te

479 5391 644 5445 nolit?
685 5394 850 5463 Igitur
889 5393 1100 5463 qualem
1139 5395 1222 5448 vis
1266 5410 1385 5450 esse
1425 5409 1551 5464 erga
1595 5401 1648 5447 te
1691 5393 1884 5459 Deum,
1929 5409 2051 5448 cum

477 5494 819 5553 peccatorum
855 5482 1065 5539 veniam
1096 5486 1294 5554 poscis,
1336 5486 1498 5539 talem
1535 5496 1587 5540 te
1607 5485 1864 5540 exhibere
1891 5484 2054 5540 debes

481 5574 564 5627 his
607 5575 700 5644 qui
741 5575 1085 5645 deliquerunt
1115 5575 1167 5629 in
1200 5585 1272 5642 te,
1311 5577 1452 5631 sicut
1493 5583 1547 5630 et
1580 5575 1902 5645 sapientium
1935 5575 2052 5645 qui-

480 5661 603 5715 dam
647 5663 821 5719 dixit:
857 5664 1028 5718 llomo
1079 5666 1274 5719 hommt
1329 5674 1497 5722 servat
1545 5666 1703 5732 iram,
1760 5673 1807 5717 et
1855 5681 1887 5717 a
1941 5663 2048 5718 Deo

2150 3205 2307 3260 haec?
2329 3205 2507 3260 Nolite
2525 3207 2794 3276 judicare,
2815 3220 2872 3264 ut
2904 3229 3006 3265 non
3026 3213 3339 3282 judicemini
3365 3215 3584 3287 (Matth.
3615 3221 3738 3291 vn).

2150 3293 2262 3364 Ego
2287 3295 2432 3349 enim
2472 3297 2722 3351 solatium
2752 3299 2856 3352 mei
2892 3301 3112 3369 pudoris
3144 3303 3383 3360 invenire
3419 3306 3739 3375 credebam,

2152 3394 2441 3456 augmenta
2472 3403 2616 3444 nunc
2642 3390 2973 3448 confusionis
3001 3395 3194 3464 reperi.
3229 3394 3286 3450 Si
3317 3405 3499 3452 autem
3526 3398 3738 3454 nullum

2151 3477 2305 3531 nobis
2349 3487 2630 3547 peceatum
2679 3480 2824 3536 aliud
2872 3481 3062 3538 fuisset
3102 3485 3426 3553 admissum,
3474 3504 3578 3558 pro
3627 3491 3734 3544 hoc

2152 3569 2266 3625 solo
2307 3572 2566 3640 gehennae
2591 3587 2688 3628 nos
2728 3575 2869 3629 tradi
2904 3577 3037 3631 satis
3079 3577 3394 3648 abundeque
3421 3564 3736 3646 sufficeret;

2153 3661 2347 3730 quippe
2383 3663 2474 3732 qui
2514 3663 2567 3718 in
2602 3664 2794 3720 alienis
2826 3666 3038 3722 delictis
3076 3670 3250 3724 severi
3297 3679 3353 3725 et
3399 3671 3741 3728 amarissimi

2147 3750 2357 3821 judices
2396 3753 2716 3820 residemus,
2759 3765 2971 3811 nostras
3011 3767 3193 3814 autem
3241 3761 3421 3815 trabes
3455 3760 3514 3816 in
3557 3763 3738 3818 oculis

2152 3843 2386 3912 propriis
2435 3843 2628 3900 inï¬xas
2679 3862 2786 3902 non
2831 3847 3108 3904 videmus:
3143 3865 3174 3904 a
3223 3865 3332 3920 quo
3373 3852 3508 3906 vitio
3553 3868 3737 3924 neque

2154 3931 2338 3984 saeculi
2383 3932 2680 4000 hominem,
2729 3951 2903 4006 neque
2942 3940 3295 4005 monachum,
3345 3955 3522 4010 neque
3569 3943 3738 3999 etiam

2155 4019 2455 4075 solitarium
2479 4023 2647 4078 ullum
2664 4023 2820 4082 facile
2842 4028 3076 4098 reperies
3102 4029 3348 4084 liberum.
3371 4029 3558 4100 Neque
3571 4035 3738 4088 etiam

2155 4111 2220 4166 de
2254 4113 2358 4166 hoc
2393 4113 2832 4171 exhorreseimus
2861 4117 3003 4186 quod
3043 4117 3185 4172 idem
3235 4120 3346 4188 ipse
3388 4121 3466 4174 ait
3495 4139 3509 4172 :
3534 4120 3606 4175 In
3637 4139 3737 4192 quo

2155 4201 2291 4253 enim
2311 4200 2510 4268 iudicio
2528 4203 2919 4272 judicaveritis,
2941 4207 3314 4282 judicabimini
3350 4208 3566 4281 (lbid.).
3601 4211 3734 4266 Nam

2156 4288 2242 4344 dic
2273 4290 2428 4356 mihi,
2474 4293 2602 4361 quid
2633 4292 2832 4348 laboris
2862 4295 3025 4350 habet
3051 4303 3110 4351 ut
3140 4313 3244 4352 non
3281 4297 3497 4367 judices
3537 4299 3738 4355 alium!

2159 4377 2266 4434 Nos
2303 4389 2484 4434 autem
2523 4382 2615 4451 qui
2651 4398 2773 4436 cum
2809 4384 3076 4453 possimus
3119 4386 3236 4440 sine
3280 4385 3466 4441 labore
3506 4388 3735 4442 manda-

2157 4478 2270 4525 tum
2301 4472 2394 4526 Dei
2425 4487 2663 4539 servare,
2690 4473 2997 4530 laboramus
3024 4484 3078 4529 et
3107 4476 3330 4530 nitimur
3355 4483 3414 4531 ut
3439 4477 3572 4533 illud
3597 4493 3737 4548 praeâ€”

2151 4561 2474 4615 varicemur.
2500 4562 2634 4629 Quia
2661 4572 2716 4616 et
2742 4579 2930 4619 revera
2958 4565 3072 4633 ipse
3108 4567 3477 4636 pronuntiavit
3510 4567 3576 4622 de
3599 4584 3738 4638 ÏÎ·Ï‚

2153 4651 2325 4720 ceptis
2377 4651 2491 4706 suis
2543 4653 2688 4720 quod
2729 4653 2863 4708 nihil
2910 4653 2962 4707 in
3008 4654 3088 4709 eis
3114 4670 3403 4710 onerosum
3450 4656 3546 4721 sit,
3595 4657 3736 4711 sicut

2151 4740 2311 4810 paulo
2355 4749 2479 4795 ante
2519 4742 2694 4806 retuli,
2734 4741 2786 4796 id
2830 4744 3029 4798 docens
3067 4761 3079 4796 :
3119 4743 3316 4814 Iugum
3357 4760 3532 4797 meum
3576 4761 3735 4799 suave

2153 4839 2252 4894 est,
2287 4837 2336 4884 et
2366 4847 2495 4883 onus
2522 4846 2692 4883 meum
2722 4830 2825 4885 leve
2853 4831 3069 4903 (Matth.
3098 4848 3151 4886 Î¹Î¹
3175 4874 3188 4898 ,
3219 4832 3332 4903 30).
3364 4832 3473 4888 Nos
3501 4849 3734 4903 namque

2155 4935 2185 4974 e
2214 4929 2402 4975 contra
2424 4922 2606 4992 gravia
2647 4921 2908 4978 ellicimus
2952 4939 3070 4992 qua:
3114 4925 3202 4980 ille
3240 4925 3377 4980 levia
3427 4927 3728 4981 constituit.

2155 5009 2409 5077 Quamvis
2434 5012 2576 5066 enim
2618 5013 2725 5066 sint
2745 5013 2922 5084 aliqua
2962 5015 3015 5069 in
3047 5017 3239 5085 quibus
3270 5017 3545 5085 paululum
3584 5017 3730 5072 labo-

2154 5104 2231 5157 ris
2270 5104 2627 5159 adhibendum
2660 5114 2762 5170 est,
2796 5114 2975 5161 tamen
3019 5107 3281 5178 quidquid
3319 5110 3433 5179 ipse
3477 5110 3731 5181 praecepit

2154 5201 2271 5256 leve
2299 5211 2398 5266 est,
2428 5203 2591 5256 etiam
2618 5204 2661 5258 si
2689 5205 2758 5258 sit
2783 5206 3073 5260 tribulatio.
3101 5207 3168 5260 Et
3193 5207 3238 5262 si
3271 5207 3571 5272 tribulatio,
3599 5222 3727 5277 quo-

2159 5294 2319 5348 modo
2345 5294 2460 5348 leve
2489 5296 2610 5349 est?
2638 5295 2798 5362 Leve,
2825 5297 3064 5366 inquam,
3111 5305 3213 5363 est,
3242 5297 3368 5366 quia
3406 5298 3725 5353 immensum

2157 5385 2365 5455 pondus
2401 5383 2596 5439 futura:
2625 5385 2807 5456 gloria:
2846 5387 3015 5440 levem
3049 5386 3179 5440 facit
3216 5387 3500 5456 praesentis
3529 5395 3728 5456 tempe.

2158 5477 2234 5532 ris
2294 5474 2714 5529 tribulationem.
2767 5473 3024 5544 Sequitur
3061 5493 3073 5528 :
3109 5474 3305 5540 Nolite,
3360 5474 3553 5544 inquit,
3605 5482 3728 5525 dare

2157 5575 2395 5620 sanctum
2418 5566 2655 5628 canibus,
2685 5583 2847 5636 neque
2871 5566 3160 5638 projiciatis
3189 5565 3506 5634 margaritas
3539 5571 3728 5617 vestras

2158 5670 2277 5715 ante
2293 5675 2480 5728 porcos
2505 5657 2523 5730 (
2551 5657 2739 5711 Matth.
2766 5659 2952 5730 vn,6).
2989 5658 3094 5713 Nos
3122 5672 3252 5713 vero
3285 5671 3314 5710 e
3343 5664 3533 5710 contra
3559 5653 3726 5707 laudis
