3974 6192
212 306 315 365 617

902 307 1128 364 ΕΟῡΕΧ
1167 304 1623 365 REGULARILM.
1659 340 1731 350 -—-
1769 304 1948 365 PARS
1983 309 2046 365 ll.
2088 309 2391 367 REGULE
2431 310 2534 365 PP.
2577 311 2851 368 ORIENT.

3379 318 3480 375 (318

211 436 399 478 amore
435 430 495 476 et
524 421 802 490 iactantiae
830 420 961 474 vitio
996 423 1260 491 corrupti,
1304 422 1468 477 etiam
1502 423 1630 478 huic
1667 438 1804 492 prae—
1832 425 1882 484 Α
1909 421 2072 477 fessio
2111 431 2457 491 peccatorum
2502 428 2849 493 propagatur.
2889 422 2966 479 De
2990 426 3330 484 confessione
3359 445 3488 500 pec-

209 522 373 584 cepto
425 512 700 570 contraria
744 511 1015 582 gerimus,
1060 521 1221 582 atque
1268 515 1575 569 hominibus
1628 529 1804 584 neque

209 605 549 659 intellectum
575 617 769 673 purum
819 602 1164 669 habentibus,
1216 619 1390 675 neque
1416 604 1576 660 fidem
1614 619 1804 659 sanam

208 694 619 759 retinentibus,
672 702 729 748 et
780 693 1004 765 insuper
1050 701 1398 763 peccatorum
1450 694 1679 750 maculis
1721 694 1805 748 in-

210 784 391 848 nexis,
447 783 568 837 sine
616 782 724 837 ulla
778 784 1106 839 discretione
1153 785 1539 855 mysteriorum
1592 793 1805 841 secreta

209 877 505 931 nudamus.
535 874 760 928 Multum
784 882 868 929 est
889 874 1057 942 enim,
1090 876 1136 931 si
1170 876 1402 931 velimus
1421 876 1630 947 singula
1657 892 1806 948 quat-

211 980 315 1035 que
371 965 633 1018 mandata
678 964 984 1030 discutere,
1032 980 1153 1035 quae
1199 966 1526 1022 omnimodis
1573 967 1628 1021 in
1680 982 1808 1024 eon—

213 1064 416 1125 temptu
444 1055 719 1110 habentur
759 1056 827 1111 ab
854 1056 1184 1124 hominibus,
1227 1065 1286 1112 ut
1310 1056 1438 1112 illud
1468 1076 1481 1112 :
1516 1056 1805 1124 Quodcun-

215 1164 309 1216 que
342 1145 506 1200 vultis
542 1156 600 1200 ut
638 1145 840 1215 faciant
866 1146 1007 1201 vobis
1038 1147 1298 1213 homines,
1323 1148 1504 1202 eadem
1528 1157 1577 1202 et
1606 1164 1691 1202 vos
1717 1147 1804 1216 fa-

216 1236 309 1289 cite
333 1234 446 1289 illis
482 1233 692 1306 (Ibid.).'
720 1234 830 1290 Nos
860 1252 1094 1305 namque
1120 1251 1150 1293 e
1171 1238 1448 1293 contrario
1467 1237 1647 1292 omnia
1672 1236 1808 1297 faci-

216 1341 332 1380 mus
370 1325 686 1381 hominibus
712 1342 832 1396 quae
866 1327 968 1398 ipsi
993 1327 1242 1383 nolumus
1283 1329 1416 1398 pati.
1459 1328 1525 1383 Et
1561 1343 1804 1396 rursum,

217 1413 301 1484 qui
340 1412 484 1482 iussi
524 1431 712 1470 sumus
752 1430 853 1486 per
895 1425 1182 1489 angustam
1210 1418 1354 1473 viam
1400 1417 1674 1484 incedere,
1709 1433 1807 1488 per

216 1503 376 1557 latam
427 1519 646 1575 semper
692 1505 1013 1561 incedimus.
1074 1507 1141 1561 lli
1188 1516 1367 1563 autem
1416 1509 1510 1577 qui
1555 1508 1808 1564 videntur

216 1593 502 1648 sustulisse
542 1610 762 1650 crucem
803 1611 958 1651 suam
995 1598 1050 1651 et
1076 1598 1229 1667 sequi
1256 1597 1550 1665 Christum,
1599 1599 1667 1656 de
1694 1600 1805 1658 lata

216 1694 268 1739 et
294 1685 542 1754 spatiosa
585 1687 671 1740 via
709 1686 937 1743 sollicite
980 1688 1283 1758 requirunt.
1318 1688 1411 1744 Sic
1451 1690 1597 1744 enim
1624 1690 1808 1747 facere

215 1778 391 1833 solent
431 1779 508 1832 illi
545 1779 638 1849 qui
678 1779 935 1835 szcculum
971 1756 1279 1850 relinquere
1316 1781 1626 1850 disponunt.
1668 1781 1805 1838 Cum
1834 1756 1882 1815 Β

216 1878 395 1923 autem
442 1868 512 1923 de
559 1870 904 1925 monasteriis
945 1878 1039 1926 aut
1080 1869 1383 1927 retrusione
1429 1871 1515 1926 vel
1548 1871 1714 1927 etiam
1740 1872 1807 1927 de

218 1957 347 2012 locis
376 1956 744 2012 habitantium
769 1966 1213 2029 percunctantur,
1265 1967 1391 2015 ante
1427 1961 1611 2016 omnia
1636 1961 1704 2018 de
1727 1976 1809 2017 re-

217 2051 338 2118 quie
369 2056 616 2104 tractant
641 2059 697 2106 et
725 2051 791 2104 de
815 2052 1236 2122 opportunitate.
1272 2052 1456 2108 Prima
1486 2060 1667 2109 tamen
1701 2054 1809 2110 sol-

218 2141 442 2197 licitudo
480 2142 666 2197 statim
700 2151 757 2198 et
781 2143 955 2215 prima
989 2145 1152 2200 verba
1191 2145 1295 2201 ista
1338 2154 1501 2202 sunt:
1539 2145 1707 2201 Estne
1735 2145 1806 2201 ibi

223 2235 443 2304 requies
467 2250 575 2304 quo
601 2236 837 2292 eundum
861 2237 982 2293 est?
999 2237 1351 2293 Inveniuntur
1378 2237 1452 2292 ibi
1479 2252 1545 2292 ea
1571 2252 1693 2308 qua:
1713 2253 1808 2293 ne-

223 2326 465 2381 cessaria
506 2333 636 2381 sunt
672 2328 1044 2383 abundanter?
1087 2327 1329 2384 Primum
1375 2328 1541 2394 enim,
1584 2336 1645 2382 ut
1671 2328 1804 2394 dixi,

223 2415 459 2470 sollicite
501 2416 874 2485 requirunt,si
902 2416 1036 2472 nihil
1075 2418 1268 2473 horum
1295 2417 1436 2472 desit
1472 2431 1593 2486 quae
1617 2415 1725 2472 lata
1754 2425 1813 2472 et

223 2508 462 2577 spatiosa
491 2506 580 2560 via
609 2507 873 2576 deposcit.
903 2506 1042 2573 Quid
1069 2508 1206 2579 agis,
1255 2523 1290 2564 o
1332 2507 1533 2563 homo?
1560 2507 1701 2574 Quid
1726 2506 1810 2563 lo-

223 2598 440 2668 queris?
474 2596 698 2653 Arctam
726 2606 782 2653 et
804 2606 1086 2668 angustam
1112 2598 1255 2654 viam
1296 2599 1481 2669 jussus
1520 2612 1583 2654 es
1626 2598 1813 2653 ambu-

225 2693 357 2757 lare,
393 2691 591 2761 utquid
629 2691 695 2746 de
734 2692 941 2762 requie,
997 2690 1186 2761 utquid
1226 2691 1292 2747 de
1323 2690 1650 2749 abundantia
1681 2705 1809 2763 per-

226 2783 538 2839 eunctaris?
582 2781 784 2837 Verum
823 2797 892 2837 ne
936 2796 1025 2837 me
1057 2783 1333 2838 existimet
1370 2782 1567 2853 aliquis
1591 2783 1708 2838 haec
1730 2783 1813 2839 di-

225 2877 397 2933 cendo
422 2875 562 2931 alios
602 2875 867 2940 incusare,
892 2874 1007 2945 iam
1034 2891 1178 2930 nunc
1213 2875 1280 2931 de
1309 2875 1517 2946 meipso
1552 2875 1810 2933 narrabo.

226 2968 513 3035 Quondam
540 2984 665 3022 cum
691 2968 757 3023 de
784 2968 964 3023 saeculi
1008 2967 1480 3024 abrenuntiatione
1506 2975 1562 3024 et
1587 2970 1651 3025 de
1679 2968 1810 3026 soli-

228 3060 365 3115 taria
394 3059 730 3115 habitatione
768 3059 1006 3130 cogitare
1034 3058 1344 3128 cmpissem,
1382 3072 1483 3128 ego
1511 3057 1626 3114 scio
1648 3074 1810 3130 quam

1905 520 2152 566 catorum
2181 512 2496 581 paenitentia
2525 520 2831 581 generatur.
2855 512 2932 567 De
2952 515 3267 582 paenitentia
3302 529 3485 577 autem

1906 603 2240 673 indulgentia
2283 611 2629 674 peccatorum
2679 604 2994 674 percipitur.
3045 606 3290 673 Quatuor
3338 612 3483 667 enim

1907 700 2037 746 sunt
2070 693 2364 762 qualitates
2389 691 2736 748 aﬂcctionum
2761 693 2958 763 quibus
2986 710 3141 752 mens
3163 695 3295 765 iusti
3327 701 3487 756 taedio

1907 781 2113 837 salubri
2154 783 2564 854 compungitur;
2618 785 2722 839 hoc
2753 792 2860 849 est,
2900 787 3161 842 memoria
3188 792 3490 858 praeterito-

1908 884 2030 926 rum
2070 880 2443 942 peccatorum,
2491 874 2796 930 recordatio
2838 874 3143 933 futurarum
3179 894 3485 950 pinnarum,

1907 963 2272 1019 consideratio
2305 963 2764 1034 peregrinationis
2797 980 2909 1020 sua:
2949 966 3005 1021 in
3041 969 3200 1041 hujus
3228 972 3352 1028 vitae
3382 975 3486 1028 mi-

1906 1057 2085 1120 seria,
2138 1053 2471 1109 desiderium
2520 1070 2767 1124 supernie
2817 1057 3008 1127 patriae
3033 1099 3048 1123 ,
3107 1071 3376 1129 quatenus
3422 1067 3490 1120 ad

1906 1156 2029 1199 eam
2071 1143 2395 1213 quantocius
2421 1143 2600 1199 valeat
2627 1146 2934 1214 pervenire.
2976 1146 3204 1214 Quando
3231 1165 3360 1220 ergo
3385 1153 3488 1208 ista

1907 1233 1962 1288 in
1992 1234 2158 1289 corde
2199 1233 2357 1300 ﬁunt,
2383 1236 2714 1291 credendum
2748 1244 2832 1292 est
2856 1245 2986 1293 tunc
3022 1253 3142 1294 esse
3180 1239 3350 1296 Deum
3390 1257 3492 1312 per
3530 1247 3539 1256 ‘

1908 1324 2140 1395 gratiam
2177 1326 2330 1381 cordi
2375 1327 2613 1383 humano
2653 1336 2998 1396 praesentem.
3048 1329 3313 1387 Praeterea
3359 1325 3493 1403 quo-

1908 1430 2015 1485 que
2039 1424 2256 1484 oportet
2279 1431 2399 1483 nos,
2430 1417 2524 1486 qui
2544 1420 3014 1487 compunctionem
3043 1423 3226 1478 cordis
3251 1423 3492 1492 perfecte

1909 1507 2278 1564 desideramus
2321 1508 2539 1573 habere,
2568 1509 2720 1578 prius
2745 1510 2929 1565 animo
2954 1520 3010 1566 et
3044 1520 3226 1568 mente
3245 1517 3313 1570 ab
3338 1519 3488 1572 omni

1867 1616 1872 1621 ·
1907 1596 2315 1667 perturbatione
2346 1612 2410 1653 ae
2430 1595 2780 1654 fluctuatione
2807 1599 3101 1655 visibilium
3124 1618 3307 1659 rerum
3339 1621 3492 1663 sece-

1910 1685 2060 1751 dere,
2110 1694 2273 1755 atque
2311 1686 2377 1741 ad
2417 1685 2508 1742 illa
2550 1688 2915 1744 conscendere
2960 1689 3173 1746 silentia
3206 1693 3297 1747 ubi
3336 1702 3491 1764 quies

1909 1789 2140 1840 summa,
2183 1774 2330 1844 iugis
2372 1775 2738 1845 tranquillitas
2774 1784 2833 1831 et
2882 1792 3018 1846 pura
3066 1788 3151 1835 est
3191 1785 3489 1851 serenitas;

1910 1864 2094 1932 ibique
2116 1863 2330 1919 oculum
2355 1864 2552 1919 mentis
2578 1873 2778 1920 nostra:
2802 1874 2915 1921 tota
2952 1869 3250 1927 intentione
3277 1888 3494 1945 semper

1909 1953 2171 2009 debemus
2208 1953 2444 2009 defixum
2491 1955 2711 2011 habere.
2750 1957 2980 2028 Oportet
3017 1960 3182 2015 etiam
3222 1978 3320 2019 nos
3347 1966 3491 2020 diem

1909 2043 2104 2098 mortis
2129 2052 2259 2098 ante
2281 2044 2469 2100 oculos
2499 2046 2699 2101 mentis
2723 2046 2947 2113 habere,
2988 2056 3044 2104 et
3067 2053 3340 2120 praeterita
3370 2070 3495 2124 pee-

1910 2144 2031 2191 cata
2070 2136 2141 2191 ad
2179 2138 2501 2194 memoriam
2538 2154 2830 2208 revocare;
2877 2150 2932 2197 et
2967 2157 3159 2200 eorum
3185 2146 3278 2216 qui
3318 2147 3372 2202 in
3406 2148 3492 2202 in-

1910 2223 2068 2281 ferno
2118 2238 2343 2298 gemunt
2388 2232 2775 2298 rememorari,
2827 2240 2885 2288 et
2928 2236 3200 2305 quomodo
3253 2238 3326 2293 ibi
3372 2248 3499 2297 sunt

1912 2317 2126 2385 animm,
2163 2318 2219 2373 in
2245 2336 2408 2390 quam
2445 2337 2633 2378 amaro
2676 2323 2910 2391 silentio,
2950 2334 3044 2381 aut
3078 2327 3134 2382 in
3173 2344 3340 2399 quam
3372 2346 3496 2401 pes-

1911 2407 2050 2463 simo
2074 2410 2297 2478 gemitu,
2329 2410 2413 2466 vel
2458 2422 2629 2478 metu,
2656 2414 2776 2471 sive
2800 2417 3067 2483 cruciatu,
3113 2427 3206 2474 aut
3248 2420 3302 2474 in
3348 2420 3498 2491 quali

1914 2499 2317 2569 exspectatione
2356 2509 2413 2556 et
2448 2502 2669 2570 dolore;
2699 2514 2756 2560 et
2794 2521 2894 2576 pro
2928 2507 3014 2563 his
3051 2507 3290 2564 inﬁnitas
3333 2511 3498 2567 debe-

1913 2605 2036 2648 mus
2069 2590 2343 2664 lacrymas
2391 2592 2636 2649 fundere.
2689 2597 3068 2669 Recogitemus
3120 2608 3301 2655 autem
3353 2601 3499 2658 diem

1913 2683 2352 2750 resurrectionis,
2389 2691 2446 2739 et
2475 2683 2606 2740 illud
2639 2686 2903 2754 terribile,
2938 2697 2996 2744 et
3034 2690 3384 2756 horrendum,
3414 2699 3500 2746 at-

1914 2787 2023 2844 que
2041 2774 2382 2829 tremendum
2403 2773 2670 2843 judicium
2708 2776 2945 2843 Christi;
2993 2786 3049 2834 et
3102 2781 3386 2851 praemium
3407 2782 3497 2853 iu~

1915 2872 2145 2932 sterum,
2194 2874 2251 2921 et
2298 2867 2591 2936 repositam
2642 2871 3020 2938 peccatoribus
3057 2885 3497 2945 pmnam,.quam

1914 2956 2131 3027 passuri
2168 2965 2296 3012 sunt
2319 2958 2376 3013 in
2410 2967 2706 3030 conspectu
2733 2960 2851 3015 Dei.
2887 2959 2994 3016 Sed
3016 2970 3072 3017 et
3099 2964 3362 3034 supplicia
3385 2981 3504 3021 om-

1915 3045 2027 3111 nia,
2057 3055 2113 3102 et
2135 3046 2315 3116 ignem
2354 3047 2873 3119 inexstinguibilem,
2909 3060 2964 3106 et
2981 3065 3197 3107 vermes
3222 3054 3504 3110 immorta-

230 3108 365 3115 ----
395 3108 728 3115 “wn”-
774 3108 1003 3130 "om"
1040 3108 1344 3128 ---,-“-_,
1388 3108 1478 3128 Ἤ-
1511 3108 1619 3114 η--
1652 3108 1810 3130 Ἰηω
2013 3108 2022 3111 -
2155 3108 2184 3116 _
2595 3108 2625 3119 ν
2861 3108 2872 3117 ,
3368 3108 3475 3110 ,___

229 3153 462 3208 sollicite
504 3150 644 3207 infra
691 3151 1066 3220 memetipsum
1102 3151 1507 3221 perscrutabar,
1544 3151 1688 3207 unde
1732 3153 1811 3206 vi~
1839 3108 1883 3170 Ο
1918 3138 2018 3204 188,
2056 3146 2111 3195 ει
2140 3147 2407 3196 tartarum
2449 3140 2792 3197 tenebrarum
2822 3143 2891 3199 ad
2920 3146 3240 3201 memoriam
3283 3162 3505 3204 revoce-

228 3259 437 3307 verem,
464 3252 522 3298 et
547 3241 687 3297 unde
726 3242 856 3298 mihi
884 3242 938 3296 in
974 3242 1089 3312 ipsa
1131 3242 1465 3298 habitatione
1485 3257 1549 3298 ea
1575 3258 1695 3313 qua:
1721 3258 1816 3320 ne-

231 3333 471 3391 cessaria
496 3340 629 3388 sunt
667 3332 883 3401 corpori
907 3332 1313 3402 praeberentur?
1342 3330 1452 3393 Sed
1470 3342 1526 3388 et
1550 3332 1681 3387 illud
1704 3349 1814 3389 non

233 3425 471 3498 segniter
519 3424 897 3494 requirebam,
956 3424 1098 3479 unde
1152 3425 1409 3481 haberem
1459 3424 1816 3491 vestimenta,

231 3518 369 3572 unde
400 3515 712 3581 luminaria,
756 3515 897 3570 unde
929 3515 1093 3570 etiam
1137 3515 1304 3584 ligna,
1353 3526 1409 3570 et
1440 3515 1732 3587 legumina,
1765 3524 1820 3571 et

234 3621 428 3666 cetera
452 3610 598 3665 talia.
625 3610 703 3666 ιω
742 3608 886 3664 enim
915 3624 1016 3680 ego
1047 3624 1168 3663 cum
1194 3609 1341 3663 omni
1367 3607 1727 3664 sollicitudine
1749 3608 1819 3663 ‘de

236 3698 421 3768 requie
450 3698 698 3767 corporis
732 3697 875 3768 apud
897 3698 1276 3768 memetipsum
1311 3696 1631 3752 traetabam.
1667 3695 1814 3751 Heu!

237 3804 397 3858 quam
425 3788 702 3844 subtiliter
731 3788 821 3843 ille
860 3786 1054 3843 artifex
1096 3787 1224 3842 mali
1261 3784 1510 3843 diabolus
1537 3800 1639 3841 nos
1667 3786 1818 3841 deci-

236 3880 333 3950 pit,
381 3887 440 3934 et
465 3888 668 3948 quanta
696 3879 940 3935 excitate
975 3879 1163 3935 oculos
1196 3885 1395 3934 nostrae
1424 3875 1622 3930 mentis
1649 3875 1822 3932 obdu-

237 3970 336 4024 cit!
368 3968 455 4024 Ad
484 3982 710 4039 regnum
739 3968 1000 4024 caelorum
1027 3968 1275 4039 cupimus
1302 3965 1618 4031 ascendere,
1652 3973 1710 4020 et
1735 3965 1821 4020 in-

239 4071 584 4134 terrogamus
628 4060 673 4115 si
724 4060 905 4135 aliqua
947 4060 1104 4117 nobis
1142 4059 1428 4115 dillicultas
1471 4065 1726 4114 occurrat
1765 4056 1822 4113 in

239 4152 454 4208 itinere.
507 4152 590 4206 Ad
629 4151 753 4207 cmli
800 4150 1075 4223 fastigium
1111 4159 1169 4207 et
1198 4149 1417 4206 divitias
1453 4148 1774 4206 festinamus
1805 4166 1820 4201 :

237 4241 297 4295 ad
329 4240 505 4311 ipsas,
556 4240 809 4311 inquam,
861 4239 1097 4313 divitias,
1131 4255 1267 4310 quas
1305 4254 1404 4295 nec
1447 4238 1639 4295 oculus
1665 4237 1820 4303 vidit,

237 4346 337 4386 nec
372 4330 526 4386 auris
559 4332 796 4398 audivit,
844 4347 1017 4402 neque
1056 4332 1109 4386 in
1154 4347 1251 4387 cor
1288 4332 1526 4388 hominis
1566 4330 1825 4387 ascende-

238 4428 395 4485 runt;
434 4429 495 4476 et
526 4418 594 4475 de
621 4420 810 4490 requie
838 4421 1084 4491 corporis
1120 4427 1560 4491 percunctamur.

1916 3246 2082 3285 mus:
2114 3238 2170 3286 et
2216 3247 2382 3301 super
2429 3231 2547 3288 hanc
2585 3234 2767 3290 omnia
2817 3236 3059 3292 dentium
3106 3237 3399 3296 stridorem
3445 3248 3503 3296 et

1918 3329 2185 3378 tormenta
2203 3334 2462 3396 perpetua
2480 3327 2948 3396 pertimescamus.
2968 3327 3314 3385 Adducamus
3335 3330 3500 3386 etiam

1919 3414 1986 3468 ad
2033 3417 2268 3472 medium
2307 3420 2482 3487 bona,
2533 3431 2589 3476 et
2636 3423 2893 3493 gaudiosa
2927 3425 3160 3494 gaudia,
3206 3439 3328 3494 quae
3374 3435 3502 3479 sunt

1911 3502 2076 3572 iustis
2100 3509 2335 3579 reposita
2363 3525 2548 3566 coram
2593 3512 2705 3567 Deo
2732 3520 2788 3567 et
2811 3514 3017 3583 angelis
3042 3513 3160 3582 ejus
3204 3515 3257 3567 in
3299 3522 3499 3568 aetema

1919 3598 2109 3667 gloria.
2157 3598 2466 3670 Cogitemus
2489 3611 2669 3656 autem
2713 3618 2874 3672 quam
2903 3603 3123 3674 gloriosi
3151 3605 3257 3658 sint
3288 3603 3364 3658 illi
3404 3619 3501 3658 an~

1920 3686 2162 3758 gelurum
2188 3690 2362 3754 chori,
2395 3706 2516 3761 quae
2539 3692 2775 3747 societas
2801 3694 3080 3749 beatorum
3107 3692 3419 3764 spirituum,
3444 3706 3501 3749 et

1921 3793 2041 3853 quae
2067 3779 2140 3834 sit
2170 3779 2426 3848 maiestas
2464 3792 2682 3838 aeternae
2700 3784 2929 3840 visionis
2967 3785 3084 3840 Dei.
3132 3786 3500 3857 Utrorumque

1922 3871 2116 3925 horum
2154 3872 2723 3929 commemorationem
2773 3873 2976 3946 iugiter
3008 3876 3062 3930 in
3108 3876 3362 3932 cordibus
3400 3894 3497 3932 no-

1923 3960 2055 4015 stris
2086 3960 2387 4017 habeamus
2418 3979 2430 4015 :
2461 3976 2626 4031 super
2647 3961 2852 4032 iudicia
2890 3964 3108 4035 quidem
3153 3978 3499 4036 peccatorum

1923 4049 2343 4119 ingemiscamus
2362 4090 2378 4116 ,
2417 4064 2582 4122 super
2604 4052 2744 4108 bona
2770 4068 2900 4109 vero
2918 4054 3083 4125 iustis
3106 4056 3342 4126 reposita
3375 4072 3503 4128 gau-

1924 4140 2149 4196 deamus
2178 4158 2191 4194 :
2220 4140 2409 4212 sicque
2449 4140 2511 4198 fit
2536 4148 2596 4197 ut
2623 4142 2865 4214 perfecta
2890 4145 3232 4215 compunctio
3260 4145 3508 4201 formidi—

1924 4230 2008 4285 nis
2036 4230 2215 4286 tradat
2250 4230 2489 4286 animum
2512 4233 2916 4303 compunctioni
2947 4233 3270 4290 dilectionis.

2486 4322 2717 4381 CAPUT
2776 4323 2942 4379 XXX.

2140 4415 2297 4481 Quod
2325 4416 2432 4470 duo
2452 4425 2572 4472 sunt
2599 4432 2789 4487 genera
2817 4420 3291 4488 compunctionum.

438 4468 494 4476 ν-
530 4468 592 4475 -
621 4468 809 4490 -ν-ιν--τ
841 4468 1082 4491 “7----
1120 4468 1560 4491 ισν-η--ν---ημ
2144 4468 2245 4481 ..η
2270 4468 2289 4470 η
2599 4468 2785 4487 ,γη-η

305 4511 443 4565 Nam
472 4510 618 4567 sicut
640 4512 877 4568 diximus
915 4528 1102 4583 supra,
1151 4512 1380 4569 multum
1413 4520 1497 4569 est
1523 4512 1569 4566 si
1596 4510 1825 4567 velimus
1849 4468 1902 4528 υ
1999 4507 2116 4563 Duo
2143 4508 2312 4578 igitur
2338 4516 2466 4563 sunt
2486 4510 2963 4579 compunctionum
2999 4524 3222 4581 genera,
3268 4510 3373 4565 hoc
3399 4520 3503 4575 est,

240 4601 445 4673 singula
476 4617 707 4678 quaeque
740 4603 998 4659 mandata
1024 4602 1226 4660 Christi
1258 4603 1316 4659 in
1355 4603 1459 4659 hoc
1486 4603 1606 4658 loco
1646 4603 1825 4659 discu-

240 4700 369 4748 tere.
400 4693 612 4751 Tamen
640 4704 857 4765 oportet
882 4711 982 4753 nos
1012 4695 1142 4751 flere
1169 4704 1227 4751 et
1252 4695 1435 4766 lugere
1476 4710 1576 4765 pro
1599 4694 1686 4751 his
1713 4694 1825 4750 sin-

238 4784 377 4852 gulis
416 4800 541 4854 quae
565 4786 964 4856 impugnamus,
1011 4787 1150 4842 etin
1194 4791 1507 4853 contemptu
1538 4785 1823 4851 habemus,

239 4883 507 4945 quatenus
532 4874 602 4930 ab
624 4876 755 4946 ipsis
785 4876 1083 4934 sceleribus
1117 4892 1240 4947 quae
1276 4890 1375 4946 per
1400 4874 1825 4930 inobedientiam

239 4974 293 5019 et
318 4975 692 5038 contemptum
731 4969 1049 5024 eorumdem
1084 4968 1461 5023 mandatorum
1501 4964 1702 5023 Christi
1742 4966 1826 5022 in-

237 5057 530 5124 currimus,
571 5059 865 5117 uberrimis
892 5059 1259 5131 lacrymarum
1292 5057 1508 5116 ﬂetibus
1549 5058 1694 5115 ablui
1726 5073 1825 5115 exs

236 5146 502 5219 piarique,
539 5149 652 5206 Deo
678 5150 1000 5221 opitulante,
1034 5165 1364 5206 mereamur.

807 5240 1037 5297 CAPUT
1072 5240 1262 5297 XXIX.

663 5331 740 5387 De
766 5333 1162 5403 compunctione
1187 5333 1384 5388 cordis.

306 5417 668 5491 Compunctio
701 5422 905 5479 etenim
946 5420 1128 5478 cordis
1156 5430 1242 5477 est
1280 5422 1558 5479 humilitas
1602 5424 1821 5488 mentis,

232 5522 357 5563 cum
396 5510 682 5583 laerymis,
729 5520 788 5567 et
820 5513 1195 5568 recordatione
1239 5523 1611 5583 peccatorum,
1655 5520 1710 5570 et
1756 5516 1827 5569 ti-

234 5614 383 5656 more
413 5600 628 5672 iudicii.
674 5602 811 5659 Nam
851 5618 917 5659 ex
969 5605 1289 5661 humilitatis
1320 5606 1523 5661 virtute
1567 5620 1827 5675 compun-

231 5703 343 5747 ctio
376 5697 561 5751 cordis
607 5697 873 5751 nascitur.
920 5697 995 5751 De
1032 5698 1446 5769 compnnctione
1480 5697 1661 5754 cordis
1695 5713 1827 5756 con-

526 5790 805 5855 ΡΑτῐιοι..
852 5790 1006 5855 Clll.

1927 4598 2191 4672 irriguum
2240 4602 2507 4672 superius,
2557 4612 2612 4657 et
2650 4604 2913 4675 irriguum
2954 4603 3182 4660 inferius
3227 4605 3384 4676 (los.
3416 4621 3506 4668 xv,

1930 4690 2039 4763 19).
2072 4692 2337 4763 lrriguum
2370 4693 2569 4764 quippe
2607 4692 2835 4750 inferius
2865 4694 3093 4767 quisque
3121 4695 3338 4766 accipit,
3381 4710 3506 4750 cum

1930 4783 2129 4840 inferni
2176 4784 2436 4856 supplicia
2478 4785 2655 4840 ﬂendo
2689 4788 3042 4857 pertimescit.
3076 4788 3339 4859 lrriguum
3382 4803 3512 4843 vero

1931 4875 2181 4946 superius
2207 4875 2425 4945 accipit,
2463 4891 2587 4932 eum
2627 4891 2746 4933 sese
2774 4879 2827 4932 in
2858 4879 3114 4950 lacrymis
3148 4880 3388 4936 caelestis
3421 4896 3512 4935 re-

1927 4967 2018 5037 gni
2065 4967 2334 5023 desiderio
2372 4966 2581 5040 aigit.
2633 4967 2920 5024 Sciendum
2971 4983 3205 5039 namque
3255 4976 3342 5024 est
3386 4970 3515 5041 quia

1929 5058 2141 5115 nullum
2184 5059 2404 5116 habebit
2450 5073 2729 5115 accessum
2779 5060 2846 5115 ad
2881 5060 3356 5129 compunctionem
3394 5077 3517 5118 cor-

1933 5151 2016 5207 dis
2069 5152 2118 5207 is
2144 5152 2237 5223 qui
2279 5153 2333 5207 in
2374 5153 2485 5208 risu
2516 5160 2573 5207 et
2600 5150 2741 5220 iocis
2770 5150 3158 5207 immoderatus
3179 5149 3362 5210 fuerit.
3395 5152 3515 5209 Non

1931 5243 2076 5299 enim
2112 5244 2363 5299 convenit
2389 5245 2440 5300 ei
2468 5245 2559 5314 qui
2589 5245 2655 5299 ad
2688 5242 3075 5313 perfectionem
3112 5243 3304 5300 nititur
3329 5261 3519 5302 ascen-

1932 5333 2082 5399 dere,
2111 5335 2165 5389 in
2190 5335 2407 5389 modum
2441 5333 2654 5405 parvuli
2685 5324 2945 5389 insensati
2963 5333 3162 5403 iocari,
3211 5348 3315 5391 nec
3342 5337 3519 5393 disso-

1934 5422 2065 5479 lutis
2101 5422 2260 5480 labiis
2295 5422 2467 5478 risum
2506 5421 2773 5492 proferre,
2811 5423 2905 5478 sed
2948 5422 3276 5479 subridendo
3306 5431 3516 5481 tantum

1935 5514 2134 5569 mentis
2176 5513 2415 5567 laetitiam
2444 5512 2705 5569 indicare.
2735 5510 2983 5568 Amcntia
3012 5527 3247 5583 namque
3283 5521 3368 5568 est
3395 5529 3519 5569 cum

1935 5604 2163 5674 strepitu
2214 5604 2410 5659 ridere.
2456 5603 2670 5657 Parvuli
2716 5604 2862 5659 enim
2907 5612 2992 5660 est
3034 5602 3244 5670 ludere,
3291 5602 3518 5674 perfecti

1936 5702 2115 5750 autem
2153 5692 2251 5747 viri
2295 5692 2498 5765 lugere,
2531 5692 2687 5762 iocus
2721 5710 2849 5750 vero
2876 5702 2932 5749 et
2970 5694 3111 5749 risus
3159 5693 3518 5767 negligentem

3003 5787 3080 5851 20
