3974 6192
495 332 598 387 ωε)

1487 324 1543 379 S.
1584 326 1944 381 Bl'lNl-IDIC'i‘l
1984 322 2275 379 ABBATKS
2315 320 2725 379 ANIANENSIS

3631 320 3738 374 620

496 455 552 497 et
582 442 816 512 tepidum
856 439 1095 495 el’liciunt
1140 436 1315 491 virum
1352 434 1558 504 justum
1606 452 1733 507 erga
1765 436 1856 490 Dei
1903 434 2072 490 servi-
2104 436 2149 492 Α
2180 452 2301 489 cum
2344 435 2647 489 hominibus
2688 429 2997 501 potentibus
3048 429 3291 484 volumus
3337 427 3516 499 aliqua
3560 446 3743 501 sugge-

497 535 654 590 tium.
685 533 729 588 0
752 541 1004 602 quantam
1051 528 1340 600 perniciem
1387 538 1689 598 praeparant
1737 529 1878 581 risus
1903 536 1957 580 et
1980 526 2065 596 jo-

497 626 622 680 cus!
666 632 721 679 et
748 642 780 678 e
804 620 1081 677 contrario
1106 629 1367 690 quantum
1414 620 1623 674 lucrum
1654 620 1884 674 all‘erunt
1911 618 2069 673 ﬂetus

498 728 563 768 ac
608 712 821 777 luctus!
853 710 1024 777 Quem
1053 710 1198 764 enim
1224 710 1456 764 delectat
1487 710 1575 764 hic
1603 709 1799 773 ridere,
1832 716 2071 778 postmo-

498 804 625 857 dum
645 800 796 856 ﬂebit
818 800 1189 865 amarissime;
1223 799 1314 869 qui
1345 808 1524 854 autem
1559 800 1649 853 hic
1687 799 1867 867 lugere
1888 797 2072 852 voluc-

498 899 589 955 ut,
618 892 950 961 inp0sterum
981 891 1098 945 sine
1126 890 1232 943 line
1254 889 1529 960 gaudebit.
1556 888 1691 943 Nam
1721 898 1777 940 et
1821 886 2072 942 Salvator

499 992 684 1037 noster
707 982 896 1036 beatos
922 989 1078 1036 vocat
1113 979 1388 1048 lugentes;
1419 986 1475 1033 et
1501 978 1593 1047 qui
1618 992 1762 1032 nunc
1798 976 2070 1042 laetantur,

498 1074 625 1127 ﬂere
653 1087 750 1127 eos
774 1071 901 1126 dicit
932 1071 984 1125 in
1011 1069 1322 1125 novissimo.
1355 1067 1505 1123 Unde
1539 1066 1771 1123 Jacobus
1794 1066 2072 1138 apostolus

501 1165 574 1217 ait
609 1182 621 1216 :
662 1162 842 1215 Miseri
884 1170 1043 1216 estote
1078 1170 1129 1215 et
1166 1159 1359 1231 lugete,
1402 1161 1539 1214 risus
1580 1169 1742 1213 uester
1776 1160 1832 1213 in
1872 1157 2072 1211 luctum

501 1262 842 1314 convertatur,
889 1262 937 1305 et
985 1251 1237 1322 gaudium
1281 1252 1338 1304 in
1384 1266 1653 1304 rumorem
1686 1250 1827 1321 (Jac.
1876 1264 1949 1314 tv,
1993 1247 2071 1319 9).

501 1343 638 1398 llinc
664 1358 760 1411 per
785 1340 1123 1397 Salomonem
1168 1340 1405 1395 dicitur:
1438 1338 1595 1394 Risus
1623 1338 1803 1392 dolore
1840 1336 2078 1391 miscebi-

502 1444 590 1487 tur
620 1431 803 1505 (Prov.
836 1448 947 1495 xw,
991 1429 1261 1502 l5).~Hinc
1298 1428 1591 1500 Gregorius
1626 1428 1739 1482 ait:
1768 1427 1937 1482 Nemo
1974 1440 2076 1495 po-

502 1532 610 1578 test
635 1531 691 1578 et
716 1523 804 1577 hic
822 1521 1057 1592 gaudere
1086 1535 1209 1575 cum
1231 1518 1448 1585 saeculo,
1476 1528 1533 1574 et
1557 1518 1668 1573 illic
1701 1532 1931 1589 regnare
1953 1530 2078 1572 cum

500 1614 741 1669 Christo.
789 1612 926 1666 Hinc
953 1611 1116 1666 etiam
1161 1610 1216 1665 in
1262 1609 1643 1665 collationibus
1679 1608 1901 1663 Patrum
1948 1606 2081 1677 legi-

502 1715 589 1759 tur
616 1721 631 1759 :
665 1702 831 1768 Vidit,
865 1704 1058 1773 inquit,
1099 1717 1263 1758 senex
1288 1701 1573 1771 quemdam
1602 1700 1889 1765 ridentem,
1929 1708 1984 1755 et
2004 1700 2083 1754 ait

501 1795 578 1850 illi
611 1812 624 1848 :
662 1793 858 1850 Coram
917 1792 1055 1848 casio
1106 1800 1161 1847 et
1212 1798 1353 1845 terra
1416 1790 1680 1844 rationem
1736 1789 1901 1844 totius
1952 1788 2077 1843 vitae
2105 1778 2151 1837 B

502 1894 701 1943 nostra:
727 1884 991 1940 reddituri
1012 1896 1219 1947 sumus,
1241 1890 1297 1935 et
1318 1889 1373 1936 tu
1399 1881 1576 1935 rides?
1603 1874 1943 1949 Quapropter
1966 1894 2075 1933 non

502 1992 604 2031 nos
638 1975 871 2030 oblectet
912 1972 1134 2042 puerilis
1178 1970 1336 2040 jocus
1377 1986 1441 2025 ac
1475 1971 1636 2036 risus,
1680 1970 1776 2025 sed
1818 1970 2078 2024 lectiones

504 2080 676 2121 sacrae
711 2071 769 2119 et
791 2061 1087 2133 spiritualis
1116 2062 1360 2116 melodiaa
1388 2069 1601 2116 cantus.
1648 2060 1905 2128 Quamvis
1932 2061 2077 2115 enim

504 2157 637 2210 dura
683 2154 793 2208 sint
834 2152 996 2208 corda
1035 2160 1222 2206 nostra
1259 2152 1325 2205 ad
1375 2150 1643 2222 lacrymas
1680 2149 2076 2221 producendas,

504 2262 630 2302 mox
674 2254 853 2300 tamen
894 2254 953 2299 ut
992 2244 1322 2314 psalmorum
1371 2244 1597 2299 dulce.lo
1643 2243 1968 2309 insonuerit,
2010 2242 2079 2295 ad

503 2336 971 2407 compunctionem
1017 2335 1198 2391 cordis
1250 2335 1489 2389 animum
1534 2342 1782 2389 nostrum
1831 2332 2075 2388 inﬂectit.

504 2428 656 2484 Multi
696 2427 840 2482 enim
879 2427 1223 2496 reperiuntur
1258 2426 1352 2495 qui
1394 2435 1585 2481 cantus
1635 2426 1903 2481 suavitate
1937 2439 2082 2479 com-

506 2518 638 2573 moti
661 2532 756 2572 sua
779 2517 1007 2572 crimina
1029 2515 1307 2585 plangunt,
1347 2523 1510 2584 atque
1533 2530 1599 2570 ex
1630 2530 1693 2569 ea
1729 2522 1885 2585 parte
1908 2513 2082 2582 magis

504 2608 796 2664 ﬂectuntur
821 2608 891 2662 ad
924 2608 1216 2677 lacrymas,
1244 2621 1313 2661 ex
1350 2621 1455 2675 qua
1479 2605 1758 2675 psallentis
1783 2604 2085 2660 insonuerit

504 2698 733 2754 dulcedo
791 2698 1096 2753 suavitatis.
1149 2696 1255 2753 Sed
1306 2698 1628 2777 studendum
1676 2696 1834 2751 nobis
1889 2705 1972 2750 est
2023 2702 2085 2750 ut

503 2792 669 2846 etiam
697 2800 820 2861 post
838 2789 1272 2860 compunctionis
1300 2797 1564 2859 tempora,
1596 2790 1649 2843 in
1682 2796 1942 2858 quantum
1972 2787 2085 2843 Deo

506 2884 767 2953 largiente
792 2896 1097 2952 possumus,
1129 2881 1302 2951 ipsam
1332 2881 1443 2951 vim
1483 2880 1841 2951 lacrymarum
1876 2880 1931 2934 in
1959 2892 2088 2933 nos-

507 2977 765 3046 metipsos
792 2989 1203 3040 conservemus;
1241 2989 1309 3029 ne
1338 2989 1438 3030 nos
1464 2983 1588 3044 post
1619 2972 2085 3043 compunctionem

507 3064 686 3120 cordis
710 3064 967 3135 cogitatio
992 3062 1135 3118 ﬂuxa
1165 3063 1454 3128 dissolvat;
1481 3079 1550 3119 ne
1577 3072 1812 3119 mentem
1842 3068 2081 3117 nostram

2172 541 2311 591 rere,
2362 540 2466 579 non
2497 523 2869 594 praesumimus
2893 519 2994 575 nisi
3024 536 3146 574 cum
3171 519 3477 574 humilitate
3511 529 3568 574 et
3594 536 3742 576 reve-

2170 616 2375 680 rentia;
2408 623 2609 683 quanto
2636 612 2805 681 magis
2833 610 3059 664 Domino
3078 609 3190 664 Deo
3216 608 3589 665 universorum
3619 626 3737 665 cum

2171 705 2351 759 cordis
2391 702 2691 758 humilitate
2725 710 2778 754 et
2815 699 3066 769 puritatis
3107 699 3390 754 devotione
3436 699 3743 769 supplican-

2173 800 2299 854 dum
2340 799 2457 854 est!
2502 798 2570 853 Et
2611 812 2718 851 non
2765 796 2819 849 in
2862 794 3222 863 multiloquio,
3268 794 3363 849 sed
3410 794 3464 849 in
3512 795 3746 864 puritate

2172 888 2352 943 cordis
2380 901 2479 941 nos
2503 885 2743 939 exaudiri
2774 885 3009 939 sciamus
3038 899 3052 936 :
3076 892 3131 938 et
3166 883 3287 937 ideo
3315 882 3495 937 brevis
3522 891 3575 937 et
3608 899 3744 953 pura

2174 979 2333 1034 debet
2362 991 2481 1032 esse
2517 976 2712 1040 oratio,
2754 976 2855 1030 nisi
2892 974 3027 1029 forte
3057 989 3124 1029 ex
3153 973 3343 1029 affectu
3376 975 3749 1046 inspirationis

2174 1070 2366 1124 divina:
2403 1068 2588 1139 gratiae
2622 1066 2994 1136 protendatur.
3040 1066 3175 1121 Cum
3222 1065 3367 1121 enim
3413 1067 3465 1120 in
3505 1068 3751 1121 oratione

2175 1158 2499 1222 assistimus,
2540 1171 2752 1228 gemere
2783 1166 2840 1211 et
2869 1155 2997 1211 ﬂere
3019 1156 3299 1222 debemus,
3337 1157 3752 1212 reminiscentes

2175 1266 2334 1322 quam
2374 1250 2558 1321 gravia
2602 1257 2727 1303 sunt
2751 1247 2955 1304 scelera
2985 1264 3107 1318 qua:
3143 1249 3534 1313 commisimus,
3561 1264 3754 1318 quam-

2176 1357 2282 1412 que
2320 1339 2435 1395 dira
2497 1337 2693 1393 inferni
2744 1337 3003 1406 supplicia
3065 1353 3186 1407 qua:
3241 1337 3513 1392 timemus.
3570 1339 3755 1409 Longe

2176 1433 2373 1503 quippe
2402 1448 2432 1486 a
2473 1431 2584 1487 Deo
2612 1441 2695 1487 est
2735 1432 2946 1486 animus
2982 1432 3074 1501 qui
3113 1432 3165 1486 in
3195 1431 3441 1486 oratione
3468 1432 3753 1503 cogitatio-

2179 1524 2339 1578 nibus
2358 1522 2539 1577 saeculi
2560 1521 2724 1577 fuerit
2749 1530 3061 1592 occupatus.
3095 1521 3162 1576 Et
3189 1532 3316 1576 tunc
3342 1521 3612 1576 veraciter
3633 1537 3758 1575 ora—

2180 1628 2322 1678 mus,
2353 1612 2569 1682 quando
2591 1612 2805 1666 aliunde
2830 1627 2937 1666 non
2966 1611 3284 1681 cogitamus.
3318 1610 3425 1667 Sed
3448 1612 3605 1667 valde
3633 1628 3759 1683 per-

2182 1703 2339 1774 pauci
2387 1710 2513 1756 sunt
2548 1702 2640 1771 qui
2686 1700 2821 1756 tales
2864 1701 3138 1755 orationes
3162 1700 3427 1767 habeant;
3453 1709 3511 1755 et
3538 1700 3669 1756 licet
3705 1702 3757 1756 in

2180 1794 2500 1864 quibusdam
2542 1794 2668 1859 sint,
2708 1791 2921 1849 diliicile
2949 1801 3127 1848 tamen
3165 1800 3247 1847 est
3280 1802 3341 1847 ut
3374 1808 3589 1862 semper
3627 1794 3756 1847 sint.

2180 1886 2334 1941 Tunc
2369 1894 2548 1939 autem
2597 1884 2768 1954 magis
2811 1883 3057 1939 diabolus
3095 1883 3449 1954 cogitationes
3501 1899 3762 1938 curarum

2180 1975 2519 2033 saecularium
2570 1974 2772 2029 nostris
2816 1974 3085 2029 mentibus
3136 1973 3350 2043 ingerit,
3405 1975 3626 2042 quando
3668 1990 3763 2028 nos

2180 2075 2401 2121 orantes
2430 2066 2719 2135 aspexerit.
2740 2063 2846 2119 Sed
2874 2079 2974 2119 nos
3003 2078 3033 2118 e
3052 2071 3240 2118 contra
3274 2072 3379 2117 tam
3407 2077 3765 2133 perseveran-

2181 2165 2265 2212 ter
2300 2156 2353 2210 in
2393 2156 2637 2211 oratione
2665 2154 2957 2226 persistere
3002 2153 3280 2219 debemus,
3331 2168 3617 2224 quousque
3662 2154 3763 2208 im-

2180 2255 2440 2318 portunas
2467 2246 2803 2302 saecularium
2834 2260 3016 2302 rerum
3053 2244 3407 2315 cogitationes
3442 2245 3513 2299 ab
3543 2243 3762 2298 inimico

2180 2339 2412 2394 latenter
2447 2339 2715 2394 immissas
2743 2352 3080 2408 superemus.
3112 2335 3335 2403 Quoties
3362 2336 3508 2390 enim
3535 2324 3764 2405 quilibet

2182 2430 2363 2498 aliquo
2391 2428 2628 2499 tangitur
2651 2428 2804 2493 vitio,
2832 2427 2991 2482 toties
3021 2442 3079 2482 se
3109 2428 3175 2479 ad
3205 2426 3505 2479 orationem
3533 2426 3760 2487 subdat;

2182 2522 2307 2591 quia
2331 2520 2585 2590 frequens
2605 2519 2780 2573 oratio
2798 2517 3051 2573 vitiorum
3082 2516 3538 2586 impugnationem
3560 2517 3764 2570 exstin-

2184 2610 2318 2682 guit.
2351 2610 2414 2663 Et
2450 2610 2540 2678 qui
2572 2608 2802 2675 laeditur,
2844 2624 2950 2662 nun
2992 2607 3215 2662 desistat
3257 2621 3414 2662 orare
3449 2620 3551 2677 pro
3582 2621 3647 2661 se
3673 2606 3763 2661 la:-

2184 2702 2437 2757 dentibus
2477 2716 2493 2754 :
2531 2700 2660 2770 quia
2711 2699 2853 2755 sicut
2902 2697 3106 2753 nullum
3166 2698 3377 2769 prolicit
3430 2698 3483 2752 in
3539 2697 3769 2752 vulnere

2184 2792 2655 2856 medicamentum,
2696 2790 2742 2845 si
2779 2789 2956 2846 adhuc
2985 2787 3188 2844 ferrum
3213 2790 3265 2843 in
3301 2804 3367 2844 eo
3401 2789 3491 2853 sit,
3526 2788 3606 2843 ita
3638 2790 3769 2844 nihil

2186 2881 2328 2937 illius
2353 2881 2529 2936 oratio
2553 2879 2783 2951 prolicit,
2807 2878 2961 2949 cujus
3004 2880 3182 2935 adhuc
3204 2879 3353 2935 dolor
3373 2888 3455 2934 est
3488 2880 3541 2934 in
3587 2891 3771 2935 mente

2187 2982 2239 3028 et
2262 2973 2441 3028 odium
2472 2981 2653 3028 manet
2678 2973 2729 3027 in
2759 2986 2999 3042 pectore.

2258 3065 2463 3120 Tantus
2515 3080 2644 3136 ergo
2706 3064 2866 3119 debet
2912 3078 3035 3119 esse
3091 3063 3300 3119 orantis
3358 3062 3585 3118 ali‘ectus
3643 3070 3770 3134 erga

506 3174 643 3213 \aua
691 3157 877 3213 latitia
922 3157 1192 3227 subripiat
1221 3198 1236 3222 ,
1284 3171 1354 3212 ne
1397 3156 1606 3212 lucrum
1654 3151 2083 3226 compunctionis
2110 3138 2154 3200 C
2186 3160 2377 3225 Deum,
2407 3170 2469 3215 υι
2495 3174 2601 3215 non
2625 3159 2875 3228 desperet
2901 3156 3079 3228 precis
3103 3154 3374 3211 enectum,
3403 3154 3650 3209 ιηεηίιει-
3677 3170 3771 3208 δυ-

508 3250 684 3304 anima
711 3258 898 3305 nostra
916 3264 1015 3319 per
1035 3249 1296 3304 incuriam
1324 3249 1478 3305 ﬂuxae
1505 3249 1844 3321 cogitationis
1868 3247 2077 3319 perdat.

509 3342 600 3395 Sic
628 3342 827 3413 quippe
853 3342 993 3412 quod
1017 3350 1358 3412 puposccrat,
1388 3343 1634 3398 obtinere
1659 3342 1839 3397 anima
1862 3342 2081 3407 meruit,

507 3433 632 3502 quia
663 3449 721 3489 se
756 3440 877 3503 post
913 3432 1180 3504 lacrymas
1210 3433 1263 3488 in
1297 3434 1486 3489 eodem
1524 3433 1722 3489 mentis
1749 3432 1932 3503 vigore
1968 3447 2085 3487 ser-

508 3523 674 3578 vavit.
726 3522 801 3579 De
836 3538 942 3593 qua
989 3523 1243 3578 nimirum
1284 3523 1546 3593 scriptum
1574 3530 1696 3578 est:
1739 3520 1924 3577 Vultus
1968 3522 2085 3594 ejus

507 3630 611 3667 non
636 3620 757 3668 sunt
807 3611 1032 3683 amplius
1073 3611 1128 3666 in
1162 3611 1365 3666 diuersa
1413 3610 1601 3666 mutati
1633 3609 1699 3683 (1
1743 3608 1872 3681 Reg.
1898 3626 1937 3674 t,
1970 3608 2080 3679 18).

508 3702 643 3769 Quia
667 3702 830 3771 igitur
855 3717 961 3757 non
980 3710 1066 3756 est
1084 3701 1248 3757 oblita
1277 3714 1399 3770 quae
1420 3700 1596 3770 petiit,
1625 3713 1731 3756 non
1764 3706 1851 3754 est
1874 3699 2084 3770 privata

509 3807 733 3848 munere
769 3792 912 3863 quod
949 3792 1212 3863 poposcit.
1259 3789 1369 3846 Nos
1406 3800 1589 3847 autem
1625 3791 1754 3861 quia
1793 3796 1918 3860 post
1954 3790 2088 3859 bap-

510 3886 670 3942 tisma
707 3886 1104 3956 inquinavimus
1140 3886 1338 3950 vitam,
1377 3884 1778 3955 rebaptizemus
1818 3883 1872 3939 in
1911 3882 2087 3952 lsery-

511 3975 614 4031 mis
639 3974 1028 4032 conscientiam
1057 3980 1320 4030 nostram.
1353 3972 1453 4040 Qui
1481 3987 1612 4043 ergo
1640 3972 1909 4043 lacrymas
1938 3971 2089 4025 inde-

510 4068 752 4121 sitienter
785 4063 978 4127 fundit,
1014 4074 1068 4117 et
1106 4071 1285 4118 tamen
1328 4076 1551 4132 peccare
1599 4076 1705 4115 non
1741 4060 1956 4123 desinit,
2010 4059 2088 4114 la-

512 4163 754 4209 tnentum
794 4153 973 4215 habet,
1015 4153 1111 4207 sed
1155 4152 1556 4207 mundationem
1598 4167 1705 4206 non
1749 4151 1931 4206 habet.
1985 4151 2086 4207 Ubi

513 4251 693 4297 autem
736 4241 988 4313 laeryma:
1021 4240 1316 4305 abundant,
1362 4240 1435 4295 ibi
1471 4240 1823 4310 cogitationes
1857 4239 2089 4295 sordidas

514 4349 620 4389 non
661 4332 1057 4403 approximant.
1104 4329 1459 4401 Compunctio
1507 4331 1709 4385 sanitas
1746 4330 1938 4385 animae
1979 4340 2082 4396 est,

2183 3262 2291 3308 tem
2317 3266 2559 3317 oramus,
2604 3250 2650 3305 si
2689 3249 2805 3321 spei
2850 3247 3100 3303 ﬁduciam
3138 3262 3245 3302 non
3280 3246 3541 3301 habemus
3570 3264 3585 3299 :
3618 3245 3773 3299 Petet

2183 3350 2358 3396 autem
2407 3339 2781 3411 unusquisque,
2826 3346 2889 3392 ut
2929 3337 3007 3391 ait
3048 3335 3356 3407 Apostolus,
3394 3336 3449 3389 in
3495 3335 3606 3404 ﬁde
3642 3334 3774 3389 nihil

2182 3435 2449 3489 hasitans.
2492 3431 2633 3487 Nam
2663 3432 2755 3502 qui
2780 3430 3004 3496 dubitat,
3036 3429 3223 3485 similis
3258 3438 3332 3483 est
3362 3430 3548 3499 ﬂuctui
3580 3429 3769 3492 matis,

2182 3541 2300 3597 qua:
2321 3541 2354 3578 α
2383 3531 2533 3578 uento
2568 3531 2823 3588 movetur,
2853 3530 3007 3592 atque
3043 3520 3364 3592 dispergitur
3399 3517 3562 3590 (Jac.
3595 3534 3640 3583 ι,
3674 3521 3769 3590 6).

2186 3613 2486 3671 Dillidcntia
2537 3613 2682 3668 enim
2722 3610 2973 3667 nascitur
3018 3625 3088 3667 ex
3135 3611 3239 3666 hoc
3288 3610 3433 3681 quod
3480 3610 3665 3665 adhuc
3714 3624 3772 3663 se

2184 3706 2416 3776 quisque
2457 3703 2621 3759 sentit
2670 3702 2817 3758 circa
2850 3702 3111 3773 peccandi
3151 3700 3491 3757 all‘ectionem
3535 3702 3767 3756 versari.

2185 3793 2415 3851 Multum
2443 3794 2604 3861 enim,
2623 3794 2798 3864 inquit
2821 3793 3128 3865 Apostolus,
3155 3792 3287 3848 valet
3316 3793 3612 3865 deprecatio
3632 3794 3769 3864 justi

2185 3885 2399 3940 assidua
2441 3883 2599 3957 (Jac.
2631 3900 2683 3951 v,
2736 3884 2862 3957 16).
2916 3884 2972 3938 in
3007 3891 3214 3939 tantum
3260 3882 3447 3954 utique
3492 3882 3663 3949 valet,
3710 3891 3769 3937 ut

2185 3976 2349 4031 etiam
2380 3990 2478 4045 per
2506 3989 2625 4030 eam
2656 3974 2921 4030 dminonia
2943 3975 3248 4036 vincantur,
3280 3983 3334 4028 et
3359 3972 3540 4028 aditus
3577 3988 3768 4029 eorum

2184 4080 2283 4138 per
2317 4067 2486 4137 ipsam
2519 4066 2895 4127 obstruantur,
2937 4072 2999 4117 ut
3043 4079 3150 4117 non
3187 4078 3511 4133 quocunque
3550 4062 3763 4128 volunt,

2185 4158 2404 4212 vadant.
2436 4155 2590 4213 Unde
2620 4156 2674 4211 in
2705 4154 2998 4226 Tripertita
3026 4154 3246 4210 historia
3267 4153 3463 4225 legitur
3485 4153 3581 4208 ita.
3609 4153 3767 4209 Tem-

2184 4246 2405 4317 poribus
2443 4244 2642 4301 Juliani
2670 4244 2943 4316 Apostata:
2970 4244 3167 4298 missus
3189 4250 3273 4299 est
3311 4242 3521 4297 daemon
3551 4241 3627 4295 ab
3653 4242 3767 4312 ipso

2186 4340 2241 4393 in
2268 4337 2638 4402 Occidentem,
2673 4347 2734 4392 ut
2781 4337 2884 4391 iret
2928 4335 3185 4391 velociter
3218 4342 3274 4389 et
3301 4332 3520 4389 afferret
3558 4334 3613 4389 ei
3644 4333 3767 4388 inde

511 4425 855 4495 compunctio
895 4423 1215 4480 illuminatio
1248 4421 1444 4478 mentis
1483 4431 1595 4487 est;
1630 4423 1970 4492 compunctio
2007 4438 2082 4478 re-

2189 4429 2405 4498 aliquod
2437 4442 2773 4499 responsum.
2808 4426 2942 4481 Cum
2971 4433 3151 4480 autem
3177 4423 3510 4495 pervenisset
3550 4421 3764 4478 dmmou

513 4516 703 4571 missio
752 4524 1103 4586 peccatorum
1131 4521 1243 4579 est;
1274 4512 1615 4582 compunctio
1659 4511 1917 4581 Spiritum
1964 4527 2088 4567 san-

514 4619 660 4663 ctum
687 4607 934 4663 habitare
953 4604 1083 4661 facit
1110 4604 1165 4659 in
1190 4619 1270 4659 se.

1072 4692 1301 4751 CAPUT
1338 4691 1526 4749 XXXI.

786 4787 859 4842 De
885 4786 1165 4842 reverentia
1202 4794 1248 4838 et
1278 4784 1526 4839 instantia
1551 4784 1818 4838 orationis.

587 4881 812 4951 Oportet
857 4879 1037 4949 itaque
1086 4892 1186 4935 nos
1210 4875 1514 4931 certissime
1559 4875 1700 4930 scire
1752 4884 1806 4931 et
1833 4877 2095 4931 veraciter

515 4974 758 5037 credere,
799 4971 923 5042 quia
950 4967 1268 5024 assiduitate
1295 4967 1601 5021 orationum
1633 4966 1855 5035 adipisci
1901 4981 2092 5037 possu-

519 5081 639 5119 mus
688 5062 1059 5119 remissionem
1106 5058 1345 5113 omnium
1390 5065 1769 5127 peccatorum;
1818 5056 1864 5111 si
1910 5064 2089 5111 tamen

518 5164 672 5209 actus
718 5151 951 5209 orationi
997 5158 1054 5205 et
1100 5148 1241 5204 labia
1291 5147 1440 5202 cordi
1493 5161 1600 5201 non
1643 5145 2089 5214 discrepaverint.

519 5248 709 5302 Melius
733 5245 878 5300 enim
901 5251 987 5300 est
1012 5240 1176 5298 corde
1210 5253 1369 5295 orare
1404 5253 1526 5293 cum
1559 5236 1775 5293 silentio
1805 5236 1925 5293 sine
1957 5251 2092 5293 sono

517 5340 687 5404 vocis,
709 5348 871 5406 quam
898 5332 1030 5390 solis
1068 5331 1250 5388 verbis
1290 5330 1408 5387 sine
1451 5329 1647 5385 intuitu
1690 5328 1919 5390 mentis;
1964 5327 2090 5397 quia

519 5442 628 5481 non
659 5425 819 5481 verba
841 5419 1235 5493 deprecationis
1258 5418 1401 5474 Deus
1421 5417 1674 5482 intendit,
1702 5415 1796 5472 sed
1812 5430 1910 5472 cor
1931 5430 2097 5471 oran-

522 5516 591 5569 tis
617 5513 829 5584 aspicit.
878 5510 1013 5567 Nam
1054 5507 1385 5582 negligentes
1426 5507 1698 5563 orationes
1735 5521 1833 5562 nec
1871 5506 1941 5560 ab
1977 5506 2096 5574 ipso

522 5606 750 5661 homine
789 5605 1082 5673 impetrare
1128 5599 1309 5656 valent
1351 5600 1495 5669 quod
1545 5598 1746 5653 volunt.
1779 5610 1805 5638 ι
1846 5597 1907 5653 Si
1947 5597 2095 5652 enim

594 5732 623 5765 ι
652 5720 728 5777 Es
763 5718 947 5791 regula
978 5716 1151 5774 sancti
1176 5712 1482 5789 Benedicti,
1512 5728 1630 5785 cap.
1661 5713 1749 5770 20.

2117 4476 2166 4537 Ι)

2192 4519 2280 4574 ille
2318 4519 2371 4573 in
2399 4517 2631 4588 quodam
2673 4519 2795 4574 loco
2831 4514 2922 4571 ubi
2963 4514 3180 4584 quidam
3220 4512 3515 4567 monachus
3552 4511 3768 4566 habita-

2187 4611 2302 4673 bat,
2319 4609 2471 4665 stetit
2496 4608 2695 4663 ibidem
2720 4621 2816 4677 per
2843 4606 3027 4661 decem
3054 4605 3172 4659 dies
3193 4602 3498 4667 immobilis,
3530 4617 3599 4656 eo
3623 4602 3768 4673 quod

2191 4717 2296 4757 non
2335 4708 2548 4770 poterat
2572 4698 2711 4753 ultra
2738 4695 3009 4767 progredi,
3057 4694 3181 4763 quia
3213 4692 3508 4748 monachus
3538 4691 3631 4745 ille
3659 4705 3766 4745 non

2190 4791 2436 4846 cessabat
2467 4802 2626 4843 orare
2672 4800 2851 4855 neque
2888 4792 3046 4839 nocte
3088 4797 3264 4852 neque
3294 4781 3415 4846 die;
3459 4788 3515 4834 et
3549 4793 3763 4851 regres-

2191 4898 2282 4937 sus
2312 4889 2394 4936 est
2425 4881 2541 4936 siue
2572 4877 2767 4933 eli‘ectu
2805 4877 2872 4931 ad
2904 4890 3027 4932 eum
3068 4874 3159 4944 qui
3189 4873 3411 4928 miserat
3449 4870 3621 4925 illum.
3668 4869 3764 4924 Cui

2194 4972 2484 5028 revertenti
2535 4970 2673 5025 dixit
2708 4969 2952 5024 Julianus
2995 4981 3010 5019 :
3047 4966 3224 5033 Quare
3278 4962 3464 5021 tandiu
3507 4960 3767 5017 tardasti?

2194 5062 2543 5133 Respondens
2583 5060 2790 5114 dzemon
2831 5058 2908 5111 ait
2946 5073 2959 5108 :
2999 5056 3068 5110 Et
3106 5068 3312 5108 moram
3357 5050 3494 5115 feci,
3544 5059 3604 5105 et
3650 5050 3765 5103 sine

2192 5151 2403 5205 actione
2445 5163 2693 5205 reversus
2734 5160 2876 5201 sum.
2919 5142 3160 5198 Sustinui
3214 5140 3357 5196 enim
3412 5139 3601 5193 decem
3649 5136 3762 5191 dies

2192 5239 2437 5295 Publium
2479 5237 2802 5293 monachum
2821 5277 2836 5301 ,
2863 5234 2908 5290 si
2935 5233 3074 5289 forte
3093 5238 3331 5288 cessaret
3351 5229 3419 5285 ab
3440 5229 3684 5284 oratione
3709 5237 3764 5283 et

2195 5331 2518 5394 transirem;
2550 5336 2605 5385 et
2639 5343 2747 5384 non
2764 5324 3017 5388 cessavit,
3046 5320 3418 5395 etprohibitus
3443 5335 3562 5376 sum
3591 5328 3764 5373 trans-

2196 5423 2306 5487 ire,
2335 5430 2393 5478 et
2427 5421 2561 5478 redii
2590 5418 2726 5479 nihil
2758 5432 2943 5489 agens.
2968 5415 3120 5471 Tunc
3147 5413 3498 5485 impiissimns
3523 5408 3760 5464 Julianus

2195 5513 2507 5584 indignatus
2538 5510 2674 5567 dixit
2705 5527 2718 5562 :
2748 5508 2884 5565 Cum
2912 5506 3037 5560 illuc
3058 5506 3334 5577 ingressus
3370 5501 3544 5568 luero,
3571 5499 3762 5555 faciam
3840 5531 3852 5542 ι

2196 5607 2248 5661 in
2274 5620 2338 5661 eo
2367 5606 2681 5661 vindictam.
2736 5602 2799 5657 Et
2828 5603 2969 5656 intra
2999 5613 3199 5672 paucos
3245 5597 3356 5651 dies
3401 5592 3641 5649 Julianus
3667 5589 3761 5644 Dii
