3974 6192
239 345 333 403 εει

885 337 1113 396 CODEX
1153 336 1610 395 REGULMKUM.
1657 367 1725 376 —-
1761 323 1944 389 PARS
1982 331 2046 388 ll.
2088 327 2397 390 REGULzE
2439 328 2542 388 PP.
2585 330 2868 389 ORIEN'I‘.

3406 336 3512 395 ϐυ

230 461 576 536 providentia
608 456 832 513 interiit.
880 456 948 511 Et
994 458 1248 511 continuo
1278 470 1418 510 unus
1454 470 1520 509 ex
1562 450 1832 523 prtefcctis
1859 450 1909 510 Α
1934 462 2110 513 orare,
2141 448 2225 504 vel
2250 447 2354 503 tale
2383 462 2519 520 opus
2546 447 2723 504 facere
2752 458 2810 502 ut
2837 448 3013 518 ipsum
3037 464 3137 519 pro
3163 447 3319 507 nobis
3341 449 3511 507 Deum

232 554 327 624 qui
357 566 486 607 cum
522 564 589 604 eo
616 556 792 613 erant,
817 547 970 610 abiit,
1000 556 1056 601 et
1085 545 1330 600 vendidit
1356 543 1537 600 omnia
1571 556 1694 612 quae
1722 540 1820 595 ha-

229 646 373 708 buit,
408 651 466 699 et
491 642 713 698 veniens
741 640 808 694 ad
837 654 1020 694 senem
1046 638 1195 692 illum
1223 637 1399 692 factus
1420 644 1504 691 est
1523 635 1822 690 monachus

230 750 486 805 magnus,
516 740 572 787 et
597 733 675 787 sic
710 731 1011 803 permansit
1047 744 1168 784 cum
1195 744 1282 794 eo,
1328 728 1501 783 donec
1534 726 1740 797 quievit
1765 726 1819 779 in

230 829 487 883 Domino.
531 825 636 882 Ubi
663 825 844 879 ‘datur
888 823 1112 893 intelligi
1154 822 1282 892 quia
1326 822 1501 877 oratio
1539 834 1819 876 servorum

230 919 325 973 Dei
351 917 615 973 continua
661 931 766 969 non
810 914 982 969 solum
1008 913 1256 968 homines
1282 913 1487 977 salvat,
1529 912 1621 967 sed
1655 913 1819 967 etiam

231 1009 429 1065 diaboli
465 1008 573 1062 tela
595 1012 907 1076 exsuperat.
932 1004 1037 1059 Per
1058 1004 1336 1059 orationes
1375 1012 1555 1058 autem
1591 1002 1823 1073 purissi~

230 1117 346 1156 mas
398 1100 587 1155 omnia
629 1098 786 1155 nobis
829 1096 981 1150 utilia
1028 1110 1061 1149 a
1105 1095 1335 1151 Domino
1382 1094 1716 1157 tribuuntur,
1766 1099 1823 1147 et

232 1197 427 1246 uincta
480 1189 640 1244 noxia
675 1186 863 1258 procul
902 1186 1064 1241 dubio
1110 1184 1435 1255 el'fugantur.
1478 1184 1687 1239 Idcirco
1725 1197 1822 1237 ue-

232 1295 383 1336 (esse
410 1288 499 1335 est
528 1278 685 1333 nobis
721 1285 778 1332 et
820 1290 918 1332 ore
957 1283 1014 1331 et
1054 1276 1217 1330 corde
1256 1274 1376 1331 sine
1417 1272 1822 1329 intermissione

232 1384 408 1425 oraret

772 1457 1004 1515 CAPUT
1048 1456 1264 1512 XXXI].

296 1551 584 1620 Quomodo
608 1553 771 1623 possit
793 1551 988 1622 aliquis
1011 1551 1124 1605 sine
1159 1549 1543 1604 intermissione
1569 1565 1743 1603 orare.

296 1643 396 1697 Dei
420 1657 639 1697 servum
668 1648 867 1706 autem,
900 1650 953 1695 et
982 1640 1220 1694 maxime
1250 1638 1574 1704 solitarium,
1606 1646 1822 1709 oportet

232 1735 343 1790 sine
363 1732 773 1787 intermissione
800 1746 979 1794 orare,
1013 1730 1193 1800 legere
1221 1736 1277 1784 et
1298 1722 1534 1799 operari,
1561 1743 1629 1783 ne
1676 1728 1820 1784 forte

232 1832 471 1880 mentem
497 1822 611 1877 otio
635 1821 874 1877 deditam
891 1822 1112 1892 spiritus
1132 1820 1400 1892 malignus
1421 1820 1661 1875 invadat.
1682 1819 1815 1876 Ora-
1840 1804 1888 1863 Β

231 1915 471 1972 tionibus
499 1922 682 1969 autem
708 1915 1055 1981 mundamur,
1081 1913 1406 1969 lectionibus
1452 1913 1776 1969 instruimur
1800 1956 1816 1980 ,

230 2018 390 2076 opera
399 2003 639 2059 tionibus
658 2019 788 2059 vero
809 2018 1025 2074 corpus,
1042 2019 1110 2058 ne
1141 2003 1278 2058 forte
1302 2004 1598 2073 superbiat,
1626 2003 1819 2076 fatiga-

231 2109 366 2148 mus.
401 2091 516 2147 Sed
540 2092 889 2161 quucrendum
916 2091 1073 2146 nobis
1095 2099 1177 2146 est
1198 2092 1469 2161 quomde
1497 2092 1621 2162 quis
1648 2095 1821 2163 possit

231 2191 342 2240 sine
363 2185 771 2240 intermissione
790 2200 967 2240 orare.
992 2183 1222 2251 Quidam
1246 2184 1392 2239 enim
1419 2184 1604 2239 dicere
1631 2183 1820 2240 volunt

232 2275 367 2343 quod
399 2273 494 2327 ille
528 2273 648 2328 sine
680 2273 1082 2328 intermissione
1108 2281 1232 2328 orat
1255 2272 1347 2343 qui
1389 2273 1681 2328 canonicas
1720 2274 1820 2329 bo-

233 2381 316 2420 ras
366 2366 648 2420 observat.
684 2363 850 2419 Nobis
878 2379 1011 2419 vero
1053 2379 1158 2419 non
1182 2363 1402 2434 expedit
1429 2365 1644 2420 caeteris
1668 2365 1821 2421 horis

233 2456 297 2509 ah
321 2455 578 2509 oratione
618 2468 844 2519 vacare;
908 2455 1001 2509 sed
1035 2456 1328 2510 secundum
1357 2454 1671 2526 Apostolum
1700 2457 1820 2513 sine

233 2543 635 2598 intermissione
684 2544 945 2599 debemus
995 2560 1173 2601 orare.
1232 2545 1325 2599 Sic
1377 2554 1558 2600 autem
1589 2548 1820 2603 Domino

234 2636 526 2689 miserante
550 2636 844 2704 poterimus
869 2635 995 2689 illud
1017 2644 1347 2707 praeceptum
1374 2636 1618 2708 implere,
1642 2637 1695 2691 id
1712 2647 1814 2703 est,

234 2727 276 2781 si
325 2726 534 2799 iugiter
580 2729 760 2799 lingua
791 2742 950 2783 orare
999 2743 1108 2783 non
1158 2743 1468 2798 possumus,
1515 2728 1598 2783 vel
1655 2729 1819 2785 corde

234 2830 481 2872 oremus:
509 2819 636 2873 etsi
665 2834 781 2883 ore,
817 2818 901 2873 vel
936 2820 1098 2875 corde
1134 2819 1503 2875 indesinenter
1539 2836 1699 2877 orare
1725 2836 1820 2877 ne-

233 2910 471 2978 quimus,
502 2909 587 2965 vel
620 2912 781 2964 etiam
811 2918 965 2966 actus
1007 2911 1178 2966 nostri
1214 2911 1351 2966 tales
1376 2911 1484 2966 sint
1514 2919 1570 2966 ut
1602 2927 1820 2983 semper

232 3011 329 3066 pro
375 2999 541 3053 nobis
567 2997 736 3053 Deum
777 3010 1024 3055 exorent.

299 3088 462 3144 Unde
491 3090 548 3142 in
586 3088 973 3147 Collationibus
1025 3092 1246 3148 Patrum
1276 3094 1382 3153 tale
1430 3095 1592 3151 datur
1634 3114 1820 3155 exem-

236 3179 377 3249 plum
409 3196 424 3231 :
456 3178 657 3234 Lucius
682 3182 848 3237 abbas
877 3183 1233 3255 interrogavit
1285 3188 1546 3256 quosdam
1583 3188 1781 3247 fratres
1801 3233 1816 3258 ,
1847 3156 1891 3219 Ο

239 3268 419 3324 dicens
455 3286 468 3320 :
499 3270 652 3336 Quod
679 3279 763 3326 est
797 3286 932 3341 opus
962 3289 1220 3328 manuum
1260 3279 1605 3333 vestrarum?
1633 3279 1703 3334 At
1742 3281 1818 3336 illi

238 3357 526 3415 dixerunt:
564 3360 673 3417 Nos
714 3380 818 3419 non
846 3366 1207 3437 contingimus
1256 3368 1474 3439 aliquod
1525 3385 1660 3440 opus
1712 3388 1821 3427 ma-

238 3467 432 3517 nuum;
465 3453 585 3519 sed,
616 3454 1063 3525 sicutApostolus
1091 3458 1241 3524 dicit,
1270 3459 1387 3516 sine
1415 3462 1819 3520 intermissione

238 3558 475 3601 oramus.
536 3546 681 3600 Dixit
716 3547 796 3601 eis
836 3563 1042 3604 senex:
1076 3550 1142 3604 Et
1169 3565 1276 3605 non
1322 3553 1697 3610 manducatis‘l
1742 3556 1817 3612 illi

240 3648 413 3695 autem
461 3639 752 3694 dixerunt:
780 3640 952 3695 Etiam
1000 3642 1411 3699 manducamus.
1444 3644 1513 3700 Et
1537 3647 1673 3702 dixit
1696 3648 1813 3703 eis:

240 3725 462 3793 Quando
489 3742 622 3798 ergo
647 3729 949 3795 comeditis,
974 3731 1097 3799 quis
1134 3739 1256 3786 orat
1283 3747 1383 3802 pro
1409 3734 1598 3789 vobis?
1625 3736 1692 3790 Et
1716 3735 1818 3793 ite.

240 3830 348 3872 rum
373 3817 730 3888 interrogavit
754 3832 847 3872 eos
888 3819 1117 3875 dicens:
1152 3820 1269 3877 Non
1302 3823 1595 3879 dormitis?
1642 3825 1711 3880 Et
1738 3826 1816 3882 illi

239 3905 522 3962 dixerunt:
556 3908 732 3963 Etiam
757 3907 1075 3966 dormimus.
1105 3912 1170 3967 Et
1217 3927 1383 3968 senex
1417 3914 1650 3985 adjecit:
1680 3916 1815 3971 Cum

239 4000 503 4067 dormitis,
521 4003 644 4071 quis
663 4011 782 4057 orat
796 4018 893 4074 pro
914 4004 1101 4059 vobis?
1131 4006 1195 4060 Et
1216 4021 1322 4060 non
1348 4007 1670 4065 invenerunt
1686 4010 1817 4080 quid

238 4091 301 4147 ad
326 4092 445 4146 [nec
474 4093 866 4162 responderent
889 4095 960 4149 ei.
991 4095 1058 4149 Et
1098 4095 1327 4166 adjecit:
1365 4097 1629 4169 Ignoscite
1659 4101 1810 4165 mihi,

238 4180 457 4247 fratres,
470 4183 600 4253 quia
623 4198 750 4239 ecce
766 4200 874 4240 non
890 4185 1069 4242 facilis
1085 4188 1224 4243 sicut
1249 4189 1479 4245 dixistis.
1496 4191 1607 4263 Ego
1632 4201 1812 4248 autem

237 4274 513 4327 ostendam
541 4272 694 4331 vobis
720 4277 845 4344 quia
870 4291 1101 4346 operans
1135 4279 1386 4335 manibus
1408 4281 1545 4337 meis
1573 4283 1691 4338 sine
1735 4284 1815 4338 in.

239 4362 579 4418 remissione
600 4378 719 4419 oro.
764 4360 939 4420 sedeo
965 4381 1200 4438 namque
1226 4409 1241 4435 ,
1290 4370 1514 4440 juvante
1560 4373 1811 4440 Domino,

241 4449 522 4507 infundens
549 4453 681 4508 mihi
716 4468 919 4523 paucas
945 4455 1225 4525 palmulas,
1244 4466 1300 4513 et
1335 4459 1474 4515 facio
1497 4476 1564 4516 ex
1592 4463 1674 4517 eis
1693 4464 1810 4533 ple-

239 4550 396 4607 ctam,
416 4554 474 4599 et
498 4545 622 4601 dico
644 4559 659 4599 :
694 4545 944 4601 Miserere
955 4548 1074 4614 mei,
1092 4547 1250 4614 Deus,
1270 4551 1555 4605 secundum
1569 4570 1814 4624 magnam

240 4631 644 4689 misericordiam
670 4644 817 4690 tuam
845 4648 864 4689 :
896 4645 946 4691 et
983 4638 1267 4693 secundum
1299 4639 1687 4696 multitudinem
1718 4643 1818 4697 mis

240 4724 551 4778 “rationum
596 4734 809 4804 tuarun}
857 4725 971 4781 dele
1019 4728 1344 4798 iniquitatem
1406 4746 1577 4784 meam
1625 4730 1812 4803 (Psal.

242 4829 291 4876 ι,
322 4814 392 4885 1).
420 4816 486 4870 Et
516 4818 653 4871 dixit
679 4818 795 4873 eis:
836 4818 1024 4875 Oratio
1051 4819 1169 4875 haec
1219 4828 1319 4884 est,
1350 4836 1419 4875 an
1461 4823 1608 4878 non?
1643 4823 1710 4878 Et
1735 4824 1817 4879 di-

241 4914 434 4959 xerunt
480 4906 572 4960 ei:
610 4906 805 4962 Etiam.
840 4907 935 4963 Ille
983 4917 1164 4963 autem
1209 4909 1387 4964 dixit:
1421 4909 1647 4977 Quando
1691 4926 1817 4982 pero

241 5007 487 5053 mansero
507 5006 619 5052 tota
653 4999 742 5054 die
767 4999 1041 5065 laborans,
1065 5008 1121 5055 et
1169 5015 1333 5056 orans
1359 5015 1456 5057 ore
1475 5002 1558 5057 vel
1604 5004 1768 5058 corde
1794 5045 1809 5068 ,

237 5081 378 5138 facio
411 5087 532 5157 plus
580 5097 676 5142 aut
716 5089 897 5144 minus
940 5104 1038 5145 sex
1068 5105 1336 5157 nummos,
1363 5100 1420 5147 et
1448 5091 1583 5148 duos
1610 5109 1677 5149 ex
1726 5094 1813 5149 his

238 5174 379 5230 dono
394 5179 724 5249 pauperibus
738 5181 885 5237 foras
897 5182 965 5236 ad
984 5183 1206 5248 ostium,
1222 5190 1279 5238 et
1297 5183 1544 5240 residuos
1564 5186 1812 5257 expendo

239 5267 455 5326 imusus
473 5286 624 5328 meos
648 5281 704 5327 et
732 5273 1119 5344 discipulorum
1149 5290 1412 5332 meorum.
1448 5276 1540 5334 Ille
1559 5293 1689 5334 vero
1718 5278 1811 5349 qui

236 5368 443 5438 accepit
475 5369 600 5425 illos
625 5370 763 5426 duos
782 5371 1034 5426 denarios
1061 5379 1183 5428 orat
1207 5385 1306 5443 pro
1329 5387 1414 5426 me
1446 5382 1686 5442 tempore
1707 5388 1816 5444 quo

237 5468 339 5525 ego
377 5459 644 5516 manduco
693 5461 779 5516 vel
822 5461 1064 5526 dormio,
1114 5470 1280 5533 atque
1315 5462 1391 5516 ita
1448 5476 1549 5532 per
1586 5462 1814 5532 gratiam

238 5543 335 5600 Dei
360 5547 613 5620 impletur
649 5549 708 5605 in
728 5565 815 5606 me
838 5551 943 5606 hoc
967 5550 1112 5621 quod
1137 5551 1399 5622 scriptum
1420 5556 1507 5605 est
1534 5568 1548 5603 :
1580 5548 1709 5605 Sine
1735 5550 1817 5604 in-

238 5640 558 5717 termissione
600 5648 748 5694 orate
804 5640 981 5712 (Rom.
1028 5654 1066 5708 l,
1096 5641 1174 5713 9).
1208 5641 1547 5711 Quapropter
1606 5648 1822 5709 oportet

241 5740 363 5792 nos,
389 5729 527 5785 sicut
564 5730 884 5801 prasdictum
905 5740 1007 5799 est,
1037 5747 1132 5786 ore
1152 5733 1238 5786 vel
1265 5733 1428 5788 corde
1449 5731 1822 5787 indesinenter

1842 4515 1893 4575 D

1926 551 2139 597 exoret.
2362 608 2373 611 _
2690 592 2709 615 ἢ

1996 632 2127 687 Illud
2154 648 2367 703 quoque
2394 632 2525 688 huic
2546 633 2840 703 apostolico
2880 641 3150 703 prmecpto
3178 635 3332 704 quasi
3381 650 3515 692 con-

1924 724 2154 779 trarium
2176 740 2296 780 esse
2324 725 2536 779 videtur
2556 727 2700 794 quod
2730 725 2991 781 Dominus
3021 726 3136 779 ait:
3165 723 3391 780 Orontes
3414 742 3516 781 au-

1922 824 2023 870 tem
2044 815 2202 871 nolite
2229 818 2453 871 multum
2478 817 2642 888 loqui,
2667 819 2803 872 sicut
2834 819 3029 873 ethnici
3054 818 3260 888 faciunt
3283 818 3503 891 (Matth.

1921 920 1996 971 vr,
2020 904 2098 976 7).
2135 905 2321 975 Itaque
2367 907 2907 963 animadvertendum
2954 916 3043 964 est
3082 910 3225 979 quod
3252 911 3516 967 Dominus

1922 1015 2030 1054 non
2053 998 2225 1053 dixit:
2261 998 2437 1053 Nolite
2475 999 2702 1055 multum
2756 1016 2936 1067 orare,
2958 1001 3051 1056 sed
3084 1001 3263 1057 Nolite
3286 1002 3512 1058 multum

1922 1087 2088 1159 loqui,
2116 1089 2251 1142 sicut
2288 1089 2481 1143 ethnici
2510 1089 2754 1159 faciunt,
2804 1091 2899 1160 qui
2937 1092 3235 1148 secundum
3289 1093 3515 1163 politam

1924 1179 2244 1251 eloquentia:
2272 1180 2546 1238 facultatis
2567 1182 2877 1238 facundiam
2903 1192 3082 1239 orant.
3106 1183 3202 1240 Ille
3230 1186 3374 1240 enim
3397 1186 3516 1242 sine

1924 1268 2326 1327 intermissione
2351 1273 2418 1326 ad
2434 1272 2602 1328 Deum
2629 1281 2772 1339 orat,
2797 1273 2888 1342 qui
2914 1274 3162 1343 peccanti
3192 1275 3246 1329 in
3278 1289 3337 1330 se
3357 1274 3515 1330 fratri

1923 1360 2175 1427 dimittit;
2204 1363 2296 1430 qui
2323 1379 2428 1417 non
2468 1364 2535 1418 ab
2565 1364 2875 1421 hominibus
2898 1405 2911 1429 ,
2968 1365 3062 1420 sed
3090 1379 3121 1420 a
3151 1365 3513 1422 Deo‘laudcm

1927 1452 2154 1520 quaerit,
2187 1453 2280 1523 qui
2309 1455 2570 1510 adversus
2600 1455 2813 1510 turbam
2859 1471 3124 1511 vanorum
3160 1457 3516 1526 phantasma-

1924 1552 2038 1598 tum
2061 1545 2261 1600 ostium
2286 1544 2481 1601 cubilis
2518 1546 2699 1600 cordis
2729 1545 2811 1601 sui
2838 1544 3080 1601 claudit:
3116 1552 3169 1601 et
3199 1561 3269 1601 ne
3295 1546 3515 1617 aliquod

1924 1635 2371 1704 impedimentum
2408 1634 2524 1703 ejus
2551 1635 2728 1691 oratio
2757 1635 2996 1705 patiatur
3019 1674 3035 1700 ,
3093 1635 3146 1690 in
3186 1650 3369 1692 amore
3417 1636 3513 1692 Dei

1922 1725 2122 1781 mentis
2140 1725 2356 1781 oculum
2386 1724 2521 1796 figit.

2489 1814 2716 1871 CAPUT
2756 1814 2991 1869 XXXIII.

1925 1900 2084 1968 Quod
2106 1919 2283 1957 omnes
2323 1919 2471 1958 uana:
2488 1903 2829 2041 cogittiuiones
2849 1918 2915 1957 ea:
2943 1901 3186 1959 illusione
3214 1904 3514 1960 dwmouum
3538 1967 3541 1975 1

2653 1982 2788 2028 runt.

2653 1982 2788 2028 iunt.

1990 2092 2145 2147 Nulla
2189 2107 2319 2165 ergo
2346 2092 2522 2148 virtus
2549 2092 2714 2149 estin
2760 2093 3182 2150 conversatione
3229 2110 3512 2152 servorum

1920 2184 2016 2240 Dei
2037 2200 2159 2254 qua:
2187 2184 2347 2240 talem
2378 2184 2577 2240 habeat
2592 2183 2834 2239 laborem
2866 2185 3138 2255 quomodo
3160 2185 3511 2242 oratio.Dum

1921 2275 2067 2330 enim
2101 2275 2338 2331 voluerit
2363 2275 2528 2331 homo
2565 2275 2736 2330 Deum
2771 2291 2931 2330 suum
2961 2291 3146 2343 orare,
3167 2291 3384 2347 semper
3407 2277 3514 2333 da:-

1925 2380 2117 2420 mones
2141 2364 2399 2422 festinant
2424 2366 2728 2421 orationem
2754 2366 2872 2438 ejus
2900 2366 3317 2439 interrumpere,
3333 2368 3511 2425 scien-

1924 2462 2007 2511 tes
2028 2455 2154 2525 quia
2176 2468 2241 2509 ex
2273 2454 2416 2509 nulla
2439 2455 2544 2509 alia
2578 2470 2638 2510 re
2677 2464 2887 2510 tantum
2913 2455 3301 2527 impediuntur,
3333 2473 3508 2529 quan-

1921 2551 2036 2598 tum
2059 2559 2157 2614 per
2186 2544 2487 2599 orationem
2536 2544 2603 2599 ad
2640 2544 2809 2599 Deum
2837 2544 3032 2600 fusam.
3069 2545 3345 2617 Siquidem
3392 2565 3510 2603 om-

1921 2647 2046 2689 nem
2079 2633 2245 2688 alium
2296 2633 2537 2689 laborem
2585 2649 2748 2705 quem
2798 2636 2962 2691 homo
3009 2637 3065 2690 in
3098 2639 3512 2695 conversatione

1924 2723 2175 2795 religiosa
2228 2724 2437 2795 positus
2489 2727 2885 2796 assumpserit,
2947 2728 3196 2796 quamvis
3244 2729 3514 2784 instanter

1923 2827 2068 2889 agat,
2101 2815 2266 2872 habet
2294 2825 2471 2873 tamen
2508 2818 2743 2889 aliquam
2778 2819 3042 2889 requiem.
3066 2818 3256 2875 Oratio
3284 2827 3463 2875 autem
3490 2862 3506 2884 ,

1921 2917 1982 2963 ut
2003 2909 2205 2964 dictum
2245 2917 2349 2975 est,
2373 2910 2579 2965 nullam
2622 2911 2789 2966 habet
2813 2910 3075 2981 requiem.
3109 2911 3224 2979 Qua
3272 2912 3338 2968 de
3368 2927 3428 2968 re
3456 2913 3512 2968 in

1923 2997 2063 3053 Vitis
2093 2998 2315 3054 Palmm
2371 3000 2445 3055 ita
2483 3000 2715 3072 legitur:
2748 3000 2991 3068 Quodam
3021 3009 3261 3073 tempore
3283 3043 3298 3063 .
3351 3015 3512 3060 nol-te

1924 3086 2135 3143 dzemon
2163 3090 2230 3144 ad
2261 3090 2458 3145 ostium
2517 3091 2721 3146 cellula:
2767 3091 2914 3148 beati
2963 3092 3183 3149 Macarii
3232 3094 3510 3165 pulsavit,

1923 3178 2111 3234 dicens
2136 3194 2149 3233 :
2183 3179 2379 3253 Surge,
2396 3183 2532 3238 abba
2553 3184 2773 3250 Macari,
2796 3192 2854 3241 et
2878 3196 3066 3241 eamus
3087 3187 3155 3241 ad
3188 3176 3468 3242 collectam
3493 3228 3511 3252 ,

1919 3270 2011 3325 ubi
2038 3270 2239 3327 fratres
2277 3272 2344 3328 ad
2395 3274 2608 3346 vigilias
2648 3286 3070 3350 congregantur.
3107 3278 3214 3335 Sed
3261 3279 3384 3345 ille,
3416 3280 3508 3350 qui

1919 3362 2092 3433 gratia
2120 3362 2216 3417 Dci
2244 3364 2481 3434 repletus
2513 3376 2632 3421 erat
2653 3368 2958 3437 prudentia,
3000 3367 3111 3423 falli
3139 3384 3244 3424 non
3272 3378 3506 3441 poterat,

1920 3450 2185 3507 intellexit
2221 3451 2423 3508 diaboli
2452 3470 2572 3511 esse
2630 3454 2917 3521 fallaciam,
2952 3466 3008 3512 et
3039 3458 3154 3512 ait:
3184 3458 3229 3514 0
3275 3461 3508 3514 mendax

1920 3548 1975 3596 et
2000 3542 2249 3598 veritatis
2278 3543 2499 3599 inimice
2524 3545 2537 3598 ε
2590 3560 2711 3614 qua:
2739 3546 2837 3601 tibi
2861 3547 3096 3601 societas
3125 3561 3247 3601 cum
3279 3547 3510 3603 collecta

1919 3642 1976 3685 et
1993 3632 2415 3704 congregatione
2434 3638 2776 3690 sanctorum?
2823 3634 2895 3691 At
2920 3636 3011 3692 ille
3045 3656 3057 3692 :
3092 3638 3249 3693 Latet
3276 3652 3407 3711 ergo
3432 3648 3508 3703 te,

1918 3719 2113 3790 inquit,
2137 3736 2171 3777 ο
2193 3721 2417 3788 Macari,
2438 3727 2581 3793 quod
2622 3725 2741 3781 sine
2766 3727 2922 3782 nobis
2968 3727 3115 3783 nulla
3163 3731 3512 3801 congregatio

1916 3812 2308 3868 monachorum
2331 3814 2546 3884 agitur?
2586 3815 2722 3870 Tum
2753 3818 2876 3872 ille:
2907 3817 3160 3889 Imperet,
3191 3821 3388 3890 inquit,
3413 3823 3511 3877 tibi

1918 3903 2514 3967 Dominus,immunde.
2549 3905 2619 3961 Et
2666 3907 2756 3963 ille
2789 3907 3021 3976 adjecit:
3068 3911 3205 3966 Veni
3233 3911 3465 3981 denique
3493 3953 3508 3976 ,

1917 4001 1972 4048 et
2010 3994 2215 4052 videbis
2250 4010 2417 4065 opera
2444 4005 2650 4052 nostra.
2676 3997 2773 4054 His
2797 4000 2976 4067 dictis,
3002 4000 3213 4056 diemon
3234 4003 3507 4059 discessit.

1915 4084 1988 4141 Et
2009 4086 2179 4141 abbas
2200 4101 2497 4143 conversus
2535 4088 2603 4142 ad
2626 4090 2931 4147 orationem
2973 4092 3130 4161 petiit
3150 4108 3181 4146 a
3212 4093 3324 4148 Deo
3357 4104 3420 4149 ut
3457 4096 3510 4150 ei

1916 4179 2227 4235 ostenderet
2262 4180 2307 4235 si
2344 4180 2449 4236 hoc
2491 4197 2682 4237 verum
2725 4195 2872 4238 esset
2918 4184 3063 4253 quod
3109 4184 3372 4256 gloriatus
3416 4198 3505 4242 est

1917 4269 2145 4325 dtemon.
2176 4270 2326 4326 Abiit
2354 4286 2484 4343 ergo
2505 4272 2575 4327 ad
2610 4273 2892 4330 collectam
2934 4275 3026 4329 ubi
3054 4289 3085 4329 a
3125 4274 3386 4332 fratribus
3415 4279 3495 4333 vi-

1918 4364 2058 4435 gilia:
2083 4365 2515 4433 celebrabantur,
2549 4375 2607 4422 et
2635 4368 2832 4424 iterum
2856 4368 2910 4422 in
2938 4368 3185 4423 oratione
3219 4369 3504 4425 Dominum

1920 4454 2242 4525 deprecatur
2274 4464 2336 4510 ut
2361 4457 2465 4512 sibi
2510 4458 2661 4513 verbi
2694 4457 2852 4527 hujus
2899 4459 3182 4513 veritatem
3219 4460 3507 4523 ostendat;

1919 4561 1976 4608 et
2001 4569 2127 4610 ecce
2168 4554 2306 4609 vidit
2350 4569 2450 4624 per
2498 4562 2667 4610 totam
2712 4555 2997 4611 ecclesiam
3049 4555 3205 4625 quasi
3252 4555 3510 4626 parvulos

1919 4648 2180 4715 quosdam
2206 4645 2490 4716 Ethiopes
2517 4646 2830 4703 discurrere
2850 4647 2959 4703 huc
2979 4655 3141 4716 atque
3163 4646 3291 4702 illuc
3327 4654 3383 4701 et
3408 4662 3505 4702 vc-

1916 4736 1998 4792 lut
2028 4738 2303 4795 volitando
2326 4737 2544 4794 deferri.
2563 4738 2942 4795 Discurrentes
2966 4754 3097 4812 ergo
3119 4739 3195 4795 illi
3218 4739 3508 4810 Ethiopes

1918 4827 2129 4897 pueruli
2158 4827 2382 4898 singulis
2412 4828 2715 4898 quibusque
2740 4829 3051 4885 sedentibus
3071 4830 3416 4885 alludebant:
3449 4841 3507 4884 ct

1917 4916 1962 4971 si
1992 4917 2077 4971 cui
2107 4916 2315 4972 duobus
2342 4917 2579 4989 digitulis
2606 4918 2794 4973 oculos
2815 4919 3286 4989 compressissent,
3313 4919 3496 4974 statim

1913 5006 2261 5063 dormitabat.
2306 5006 2364 5062 Si
2407 5008 2492 5062 cui
2537 5022 2667 5063 vero
2704 5008 2761 5063 in
2798 5023 2861 5064 os
2911 5008 3185 5065 misissent
3235 5008 3500 5080 digitum,

1916 5097 2151 5152 oscitare
2174 5111 2298 5152 eum
2322 5096 2611 5153 faciebant.
2644 5096 2747 5155 Ubi
2792 5112 2924 5154 vero
2958 5106 3081 5169 post
3114 5096 3381 5169 psalmum
3432 5100 3501 5154 ad

1916 5189 2181 5244 orandum
2195 5188 2553 5259 proiecissent
2573 5203 2634 5244 se
2663 5187 2876 5252 fratres,
2891 5189 3281 5259 percurrebant
3306 5190 3505 5246 nihilo-

1917 5276 2098 5333 minus
2125 5280 2388 5349 singulos,
2433 5289 2490 5336 et
2518 5287 2645 5335 ante
2674 5279 2837 5334 alium
2859 5280 3129 5351 jacentem
3163 5280 3219 5335 in
3258 5280 3506 5335 oratione

1918 5369 2073 5439 quasi
2096 5369 2149 5424 in
2172 5371 2464 5425 mulierum
2492 5371 2730 5441 speciem
2759 5370 3145 5435 vertebantur;
3184 5378 3311 5424 ante
3337 5368 3500 5425 alium

1918 5468 2100 5514 autem
2129 5460 2284 5528 quasi
2312 5459 2664 5525 aedificantes,
2698 5466 2793 5514 aut
2821 5459 3022 5530 aliquid
3050 5466 3333 5531 portantes
3360 5499 3376 5524 ,
3439 5473 3508 5512 ac

1919 5549 2131 5604 diversa
2158 5563 2386 5619 queque
2423 5558 2644 5622 agentes
2671 5551 3033 5620 apparebant;
3084 5557 3142 5604 et
3169 5563 3506 5621 quacunque

1921 5641 2195 5697 d:emones
2218 5641 2373 5712 quasi
2403 5642 2637 5698 ludendo
2662 5642 3009 5707 formassent,
3036 5643 3153 5697 haec
3172 5641 3247 5699 illi
3277 5650 3505 5697 orantes

1922 5732 1976 5787 in
2008 5734 2188 5790 cordis
2213 5735 2297 5789 sui
2326 5735 2651 5807 cogitatione
2688 5736 2997 5792 versabant.
3051 5734 3097 5790 A
3127 5733 3400 5792 nonnullis
3426 5743 3507 5790 ta-
