3974 6192
280 326 394 387 625

931 323 1154 382 CODEX
1196 325 1760 397 REGULARUMs—
1797 324 1977 381 PARS
2012 323 2077 380 ll.
2123 326 2443 386 REGULJS,
2469 328 2573 385 PP.
2619 328 2896 386 ORIENT.

3431 335 3535 389 626

277 441 351 494 sit
370 437 665 507 unicuique
685 436 1015 491 conscientia
1034 452 1154 501 sua,
1176 436 1301 506 quia
1323 436 1511 500 Deum,
1537 451 1695 506 quem
1720 436 1862 491 nulla
1892 443 1944 502 Α
1968 449 2079 500 me,
2100 442 2154 489 ct
2179 436 2474 492 retribuam
2499 436 2593 492 tibi
2626 439 2927 494 mercedem
2954 449 3119 493 tuatn.
3144 439 3245 506 Qui
3274 456 3394 496 cum
3426 453 3547 511 post

276 526 482 583 fallunt
505 524 747 589 occulta,
790 524 1148 594 inspectorem
1179 526 1357 581 cordis
1396 526 1478 580 sui
1533 527 1680 581 omni
1732 527 1863 581 hora

273 606 526 674 habebit.
556 616 781 686 Oportet
821 624 1082 686 praeterea
1129 633 1229 672 nos
1287 632 1448 673 orare
1494 618 1868 677 indesinenter

275 725 384 782 pro
412 707 614 764 nostris
638 705 1099 773 benefactoribus,
1124 716 1181 762 et
1220 723 1318 777 pro
1344 708 1597 764 omnibus
1625 709 1864 764 homini-

279 802 406 865 bus,
428 814 530 869 pro
558 797 778 867 regibus
800 803 855 850 et
881 797 1132 852 omnibus
1156 798 1246 866 qui
1293 798 1345 851 in
1386 798 1718 854 sublimitate
1741 807 1868 854 sunt

279 889 588 954 constituti,
615 899 677 942 ut
718 887 960 957 quietam
1001 897 1059 942 et
1087 888 1433 959 tranquillam
1468 889 1638 944 vitam
1668 888 1870 946 habere

283 982 584 1052 possimus.
618 978 910 1036 Sciendum
952 993 1084 1034 vero
1127 988 1211 1035 est
1241 980 1367 1051 quia
1393 987 1597 1051 quanto
1638 981 1870 1052 quisque

288 1073 465 1144 magis
487 1072 736 1128 assiduus
779 1069 941 1125 fuerit
968 1070 1020 1124 in
1049 1070 1324 1134 oratione,
1378 1078 1525 1124 tanto
1570 1069 1868 1127 feliciorem

280 1163 784 1220 remunerationem
832 1169 1145 1231 recepturus
1190 1169 1274 1217 est
1314 1162 1368 1216 in
1400 1168 1603 1217 aeterna
1640 1161 1870 1216 beatituo

281 1256 431 1310 dine.
461 1254 776 1309 Luminaria
822 1269 954 1311 vero
985 1269 1110 1308 cum
1152 1253 1300 1308 omni
1336 1253 1614 1323 diligentia
1660 1254 1774 1309 sive
1802 1253 1869 1310 de

280 1344 525 1416 propriis
569 1343 849 1399 laboribus
887 1359 980 1399 seu
1012 1344 1076 1399 de
1131 1343 1368 1398 ﬁdelium
1412 1344 1773 1399 oblationibus
1815 1344 1869 1399 in

280 1437 397 1492 suis
422 1434 686 1492 oratoriis
713 1434 888 1490 noctis
918 1442 1163 1504 tempore
1200 1433 1520 1505 provideant
1545 1434 1795 1491 solitarii.

825 1541 1053 1600 CAPUT
1092 1541 1330 1597 XXXVI.

281 1635 345 1692 Si
364 1634 608 1707 quotidie
631 1651 820 1706 corpus
849 1633 1062 1714 Domini
1092 1631 1304 1714 quilibet
1342 1632 1533 1687 audeat
1562 1649 1767 1689 sumere
1794 1634 1872 1690 uel

848 1712 1062 1757 missam
1092 1712 1325 1758 cantare.

1965 540 2139 580 annos
2165 535 2370 595 septem
2398 528 2513 598 ipso
2542 530 2786 583 natalitio
2815 531 3180 599 apostolorum
3228 533 3314 588 die
3363 535 3550 591 missa-

1967 633 2087 672 rum
2130 618 2388 673 solemnia
2447 620 2761 691 peregisset,
2793 629 2849 675 et
2893 623 3151 692 mysteria
3199 638 3367 679 sacra:
3399 611 3550 682 com-

1966 707 2239 763 munionis
2272 708 2598 777 accepisset,
2655 723 2686 763 e
2738 723 2966 780 corpore
2995 710 3182 765 exivit.
3241 712 3356 779 Qua
3403 714 3457 767 in
3488 730 3549 769 re

1966 797 2300 868 pensandum
2329 802 2413 851 est
2440 804 2701 865 quantum
2725 798 3035 866 praesidium
3082 799 3154 853 sit
3189 800 3429 869 quotidie
3465 816 3550 856 sa-

1968 885 2240 941 crosancti
2287 885 2532 954 corporis
2577 892 2631 939 et
2655 885 2934 956 sanguinis
2960 887 3178 943 Domini
3220 890 3392 943 nostri
3421 888 3548 945 Jesu

1968 974 2169 1030 Christi
2224 975 2434 1031 hostias
2484 975 2794 1042 immolare;
2844 985 2900 1030 et
2947 985 3194 1047 patenter
3249 980 3554 1036 ostenditur

1968 1080 2131 1136 quam
2153 1065 2368 1122 salubre
2387 1074 2473 1121 est
2490 1066 2633 1121 vesci
2664 1073 2815 1121 tanto
2837 1066 3216 1124 medicamine.
3249 1069 3403 1126 Unde
3432 1070 3549 1141 qui-

1971 1156 2095 1211 dam
2124 1157 2462 1213 venerandus
2484 1164 2643 1227 poeta
2666 1157 2835 1213 dixit:

2038 1267 2266 1332 Magnum
2292 1264 2569 1329 praisidium
2592 1276 2822 1321 estucro
2841 1270 3074 1332 libamine
3101 1274 3230 1332 pasci

2095 1329 2151 1380 Si
2175 1342 2259 1379 cor
2279 1331 2532 1393 participls
2550 1332 2751 1380 crimina
2776 1330 2909 1381 nulla
2935 1329 3180 1395 premunt.

1971 1433 2111 1490 Hinc
2143 1434 2307 1489 etiam
2330 1434 2577 1504 egregius
2614 1435 2804 1490 doctor
2841 1435 3175 1508 Augustinus
3203 1437 3339 1493 dixit
3366 1458 3378 1494 :
3413 1438 3554 1494 Nihil

1972 1525 2053 1580 sic
2090 1524 2250 1580 debet
2289 1523 2582 1580 formidare
2641 1523 2983 1582 Christianus
3019 1542 3180 1598 quam
3225 1531 3465 1599 separari
3519 1546 3552 1585 a

1972 1628 2199 1686 corpore
2219 1613 2443 1669 Christi.
2478 1612 2535 1669 Si
2571 1614 2717 1669 enim
2744 1624 3030 1686 separatur
3055 1632 3085 1671 a
3111 1632 3308 1688 copore
3326 1618 3551 1685 Christi,

1973 1721 2083 1761 non
2120 1713 2203 1761 est
2223 1705 2526 1760 membrum
2549 1704 2695 1774 ejus;
2733 1705 2780 1761 si
2823 1721 2930 1761 non
2976 1716 3062 1762 est
3087 1708 3388 1763 membrum
3415 1707 3552 1779 ejus,

352 1798 475 1853 Non
508 1812 627 1853 mea
650 1797 833 1867 itaque
865 1795 1149 1864 opinione,
1192 1794 1287 1849 sed
1315 1801 1624 1851 sanctorum
1649 1794 1870 1851 Patrum
1898 1794 1945 1853 B
1973 1815 2080 1855 non
2120 1806 2398 1870 vegetatur
2434 1798 2655 1869 spiritus
2705 1796 2840 1866 ejus.
2902 1797 3053 1854 Unde
3099 1799 3175 1854 ait
3220 1798 3551 1870 Apostolus;

278 1889 728 1945 assertionehmc
757 1896 987 1958 utraque
1037 1902 1159 1942 reor
1207 1887 1322 1942 ﬁeri
1370 1897 1547 1957 poSse,
1574 1887 1626 1943 id
1655 1895 1771 1954 est,
1819 1893 1876 1943 et

279 1983 479 2037 missas
506 1980 748 2052 quotidie
774 1979 1073 2044 celebrare,
1095 1986 1153 2034 et
1181 1988 1524 2035 sacrosancta
1545 1981 1789 2049 corporis
1819 1987 1878 2034 et

277 2073 566 2144 sanguinis
593 2071 807 2131 Domini
832 2071 1088 2141 mysteria
1119 2071 1363 2140 quotidie
1389 2085 1510 2125 cum
1538 2079 1773 2127 tremore
1818 2078 1876 2127 et

279 2166 483 2220 timore
508 2176 761 2227 sumere;
792 2162 861 2216 ab
901 2160 987 2216 his
1033 2168 1235 2225 tamen,
1260 2161 1350 2230 qui
1394 2161 1579 2216 mundi
1627 2169 1756 2216 sunt
1804 2160 1875 2217 ab

277 2255 431 2310 omni
462 2252 877 2323 inquinamento
905 2251 1088 2306 carnis
1106 2267 1171 2307 ac
1191 2251 1452 2321 spiritus,
1500 2260 1557 2306 et
1603 2253 1707 2308 hoc
1750 2267 1875 2308 cum

278 2351 430 2398 metu
464 2356 663 2412 magno
686 2350 741 2396 et
783 2355 1026 2411 pavore:
1055 2339 1182 2412 quia
1222 2341 1314 2411 qui
1347 2350 1557 2396 tantum
1605 2342 1876 2412 hospitem

280 2436 436 2506 cupit
465 2434 615 2490 intra
644 2449 705 2489 se
738 2433 1035 2503 suscipere,
1057 2441 1242 2489 castus
1269 2433 1432 2488 debet
1464 2448 1585 2488 esse
1636 2449 1745 2488 non
1787 2448 1874 2488 so—

282 2524 395 2579 lum
420 2525 479 2579 in
509 2539 762 2596 corpore,
792 2522 888 2579 sed
913 2531 968 2579 et
1014 2523 1248 2578 mundus
1277 2524 1333 2578 in
1361 2525 1542 2580 corde.
1592 2523 1728 2579 Nam
1775 2522 1878 2578 fuit

282 2614 508 2684 quidam
533 2611 858 2668 venerabilis
892 2611 1053 2669 Pater
1101 2612 1321 2669 nomine
1367 2612 1682 2684 Apollonius
1709 2652 1726 2678 ,
1779 2612 1875 2684 qui

283 2705 386 2761 hoc
412 2704 672 2759 monebat
718 2703 934 2770 fratres,
960 2712 1048 2770 ut,
1103 2704 1149 2760 si
1181 2703 1301 2759 ﬁeri
1349 2712 1579 2776 posset,
1634 2704 1877 2775 quotidie

283 2794 754 2851 communicarent
793 2795 1064 2866 mysteriis
1086 2792 1315 2862 Christi,
1340 2810 1407 2850 ne
1426 2793 1588 2861 forte,
1611 2794 1701 2864 qui
1733 2809 1791 2849 se
1808 2794 1881 2848 ab

285 2886 373 2943 his
410 2887 574 2958 longe
594 2885 746 2952 facit,
775 2886 931 2958 longe
955 2887 1050 2942 ﬁat
1076 2903 1106 2943 a
1137 2887 1269 2943 Deo.
1303 2888 1406 2957 Qui
1447 2896 1652 2953 autem,
1680 2889 1879 2960 inquit,

284 2975 631 3047 frequentius
688 2978 793 3031 hoc
837 2976 1095 3046 suscipit,
1148 2975 1485 3049 frequentius
1538 2979 1712 3047 ipsum
1759 2978 1880 3033 sine

285 3066 452 3120 dubio
491 3064 834 3121 Salvatorem
859 3066 1115 3136 suscipit;
1155 3067 1281 3136 quia
1314 3067 1459 3123 idem
1486 3068 1600 3138 ipse
1621 3068 1738 3123 ait:
1773 3067 1877 3136 Qui

285 3154 576 3209 manducat
602 3171 771 3209 meant
795 3170 1023 3220 carnem,
1050 3166 1097 3209 et
1125 3155 1250 3210 bibit
1273 3173 1445 3212 meum
1466 3158 1797 3228 sanguinem,
1821 3159 1879 3213 in
1905 3142 1948 3204 (ἶ
1982 3153 2217 3209 mittere.

285 3263 363 3301 me
388 3255 595 3311 manet,
622 3256 669 3299 et
713 3262 804 3316 ego
828 3244 883 3299 in
921 3262 981 3299 eo
1007 3243 1189 3317 (Ιοαη.
1216 3262 1308 3311 vt,
1356 3246 1467 3319 55).
1510 3245 1618 3302 Sed
1663 3256 1719 3303 et
1761 3247 1881 3318 ipsa

284 3340 735 3395 commemoratio
761 3339 1069 3395 Dominicar
1083 3339 1357 3412 passionis
1389 3355 1515 3396 cum
1551 3341 1766 3396 assidue
1810 3340 1894 3396 sit’

288 3447 316 3484 a
358 3431 540 3486 servis
564 3431 663 3487 Dei
694 3430 985 3495 celebrata,
1015 3430 1251 3502 primum
1275 3446 1370 3501 per
1401 3433 1506 3487 hoc
1531 3432 1882 3488 commonitio

290 3522 468 3587 datur,
498 3529 561 3576 ut
585 3522 801 3577 studeat
855 3522 1231 3592 unusquisque
1256 3521 1330 3576 ita
1363 3530 1587 3593 paratus
1613 3524 1880 3590 inveniri,
1931 3560 1935 3566 -

290 3632 357 3673 ne
386 3615 648 3687 indignus
674 3612 966 3668 Dominicis
1014 3612 1284 3684 mysteriis
1339 3612 1623 3669 habeatur.
1656 3614 1733 3669 De
1781 3615 1884 3670 hac

291 3708 532 3777 denique
584 3719 646 3759 re
674 3705 866 3760 beatus
902 3701 1197 3773 Gregorius
1241 3704 1297 3758 in
1344 3704 1483 3759 libro
1538 3704 1882 3775 Dialogorum

292 3800 406 3854 ait:
443 3798 717 3853 Debemus
765 3795 947 3864 itaque
985 3810 1227 3866 prassens
1271 3794 1525 3851 saeculum
1553 3804 1663 3850 tota
1706 3804 1890 3852 mente.

294 3899 665 3951 contemnere,
695 3886 1012 3959 quotidiana
1043 3887 1153 3941 Deo
1196 3884 1564 3959 lacrymarum
1616 3884 1881 3941 sacriﬁcia

296 3979 518 4043 offerre,
546 3977 887 4048 quotidianas
919 3976 1101 4031 carnis
1128 3984 1182 4031 et
1226 3976 1507 4047 sanguinis
1531 3977 1649 4047 ejus
1675 3977 1885 4033 hostias

296 4066 603 4123 immolare.
664 4066 792 4123 licec
847 4079 1080 4136 namque
1134 4066 1481 4137 singulariter
1533 4066 1752 4122 victima
1814 4068 1884 4123 ab

293 4169 504 4214 :eterno
534 4158 753 4212 interitu
793 4158 1029 4212 animam
1076 4157 1266 4212 salvat.
1298 4156 1405 4212 Sed
1459 4173 1681 4213 necesse
1708 4166 1884 4224 estut

295 4260 421 4300 cum
450 4246 569 4300 haec
600 4244 1192 4315 agimus,nosmetipsos
1232 4245 1288 4300 in
1339 4247 1517 4303 cordis
1553 4247 1882 4305 contritione

294 4344 622 4390 mactemus.
651 4334 718 4390 Et
739 4334 966 4390 ﬁds-ater
987 4334 1125 4399 dico,
1155 4335 1281 4404 quia
1304 4336 1528 4391 salutari
1565 4339 1741 4394 hostia
1764 4347 1888 4409 post

297 4433 534 4479 mortem
561 4440 665 4478 non
694 4424 1069 4494 indigebimus,
1093 4424 1138 4479 si
1161 4431 1286 4478 ante
1312 4434 1541 4480 mortem
1570 4426 1681 4483 Deo
1708 4428 1883 4483 hostia

1977 1891 2224 1963 Quisquis
2253 1890 2494 1961 spiritum
2522 1888 2719 1943 Christi
2766 1905 2869 1943 non
2905 1889 3076 1953 habet,
3096 1889 3179 1944 hic
3206 1907 3309 1945 non
3337 1901 3410 1945 est
3438 1890 3556 1962 ejus

1975 1979 2153 2053 (Rom.
2180 1996 2298 2046 vui,
2337 1979 2417 2051 9).

2045 2071 2389 2142 Quapropter
2427 2071 2590 2126 faciat
2646 2071 3017 2143 unusquisque
3069 2072 3213 2143 quod
3264 2052 3557 2129 secundum

1975 2161 2136 2218 ﬁdem
2159 2178 2311 2216 suam
2350 2162 2437 2231 pie
2469 2162 2642 2218 credit
2673 2176 2794 2219 esse
2841 2161 3168 2218 faciendum.
3198 2161 3382 2233 Neque
3410 2164 3556 2219 enini

1974 2251 2115 2308 inter
2139 2268 2198 2308 se
2244 2250 2610 2322 litigaverunt,
2643 2261 2735 2307 aut
2761 2253 3047 2324 quisquam
3091 2269 3276 2309 eorum
3330 2253 3562 2310 alterum

1976 2342 2132 2397 alteri
2181 2357 2239 2397 se
2292 2343 2565 2413 praetulit,
2615 2343 2871 2400 Zacbaaus
2920 2345 3126 2401 scilicet
3175 2355 3228 2401 et
3280 2348 3558 2412 centurio;

1976 2448 2099 2487 cum
2126 2432 2261 2488 alter
2283 2449 2469 2489 eorum
2500 2434 2740 2505 gaudens
2774 2436 3070 2506 susceperit
3095 2436 3403 2503 Dominum,
3427 2438 3563 2493 alter

1977 2537 2107 2578 vero
2147 2523 2383 2577 dixerit:
2418 2522 2543 2577 Non
2590 2540 2707 2577 sum
2736 2525 2956 2595 dignus,
3004 2525 3262 2593 Domine,
3311 2536 3366 2581 ut
3402 2528 3563 2581 intres

1976 2613 2071 2669 sub
2101 2622 2292 2667 tectum
2324 2630 2498 2667 meum
2543 2613 2696 2684 (Luc.
2737 2632 2811 2671 vn
2835 2657 2849 2683 ,
2876 2616 2951 2688 6).
2993 2616 3168 2672 Ambo
3221 2617 3561 2674 Salvatorcm

1976 2703 2398 2759 honoriﬁcantes
2453 2705 2667 2761 diverso
2719 2714 2774 2761 et
2831 2707 2987 2777 quasi
3040 2708 3317 2763 contrario
3368 2710 3559 2775 modo;

1977 2794 2136 2849 ambo
2164 2793 2401 2864 peccatis
2432 2794 2652 2861 miseri,
2697 2797 2856 2850 ambo
2896 2796 3322 2853 misericordiam
3372 2812 3564 2855 ωηερε

1977 2883 2109 2938 cuti.
2140 2882 2230 2938 Sic
2253 2892 2307 2937 et
2332 2894 2729 2940 sacramentum
2774 2885 3039 2941 Dominici
3066 2887 3308 2957 corporis
3335 2895 3391 2943 et
3433 2904 3562 2943 san-

1978 2969 2154 3043 guinis
2178 2988 2319 3027 unus
2347 2972 2662 3029 honorando
2702 2988 2809 3028 non
2855 2975 3017 3030 audet
3051 2975 3287 3046 quotidie
3325 2989 3559 3044 sumere,

1978 3060 2120 3115 alter
2141 3059 2391 3116 similiter
2412 3062 2727 3118 honorando
2752 3079 2859 3118 non
2886 3063 3048 3119 audet
3084 3063 3193 3120 ullo
3226 3065 3313 3121 die
3336 3074 3561 3136 praeter-

2503 3244 2730 3302 CAPUT
2770 3245 3027 3304 XXXV“.

1984 3331 2042 3388 Si
2066 3344 2180 3405 post
2210 3334 2509 3407 illusionem
2527 3377 2543 3402 ,
2595 3353 2712 3407 quia
2740 3354 2831 3407 per
2857 3337 3115 3392 somnium
3145 3336 3273 3392 solet
3304 3339 3561 3403 accidere,

2193 3404 2373 3459 debeat
2409 3407 2525 3477 quis
2560 3404 2774 3461 missam
2810 3407 3067 3462 celebrare
3091 3424 3161 3461 an
3200 3423 3305 3461 non
3328 3409 3354 3461 Ρ

2053 3514 2211 3579 Nam,
2240 3523 2299 3569 ut
2333 3516 2410 3569 ait
2437 3516 2627 3572 beatus
2655 3517 2944 3588 Gregorius
2969 3559 2984 3582 ,
3030 3518 3083 3571 in
3130 3518 3245 3588 ipsa
3281 3518 3563 3584 illusione,

1983 3620 2104 3674 quae
2130 3620 2228 3674 per
2248 3606 2514 3661 somnium
2537 3607 2675 3661 solet
2697 3607 2964 3673 accidere,
2981 3609 3286 3664 necessaria
3307 3618 3392 3665 est
3409 3611 3564 3665 valde

1982 3694 2260 3760 discretio,
2291 3711 2411 3765 quae
2434 3696 2705 3751 subtiliter
2740 3711 2971 3767 pensare
3019 3697 3215 3754 debeat
3264 3714 3330 3754 ex
3363 3716 3467 3769 qua
3504 3717 3564 3756 re

1984 3786 2194 3841 accidat
2221 3787 2389 3840 menti
2420 3787 2761 3842 dormientis.
2813 3786 3115 3857 Aliquando
3153 3790 3298 3844 enim
3331 3805 3398 3844 ex
3445 3806 3565 3844 cra-

1982 3877 2128 3948 pula,
2158 3876 2445 3946 aliquando
2468 3893 2536 3933 ex
2572 3885 2779 3933 naturze
2815 3877 3184 3948 superﬂuitate
3212 3879 3297 3935 vel
3341 3879 3565 3934 inﬁrmi-

1981 3975 2119 4032 tate,
2146 3966 2435 4037 aliquando
2464 3966 2728 4038 contingit
2754 3982 2821 4021 ex
2862 3967 3208 4038 cogitatione.
3240 3969 3307 4023 Et
3344 3968 3562 4040 quidem

1984 4074 2109 4115 cum
2154 4076 2221 4116 ex
2258 4067 2463 4115 natura:
2499 4057 2868 4130 superfluitate
2899 4060 2986 4117 vel
3024 4060 3339 4117 inﬁrmitate
3367 4076 3563 4118 evene-

1986 4155 2078 4223 rit,
2104 4154 2413 4211 omnimodo
2439 4156 2556 4210 hazc
2576 4154 2756 4210 illusio
2783 4169 2890 4210 non
2919 4162 2998 4210 est
3025 4154 3284 4211 timenda.
3313 4155 3468 4212 Unde
3489 4156 3567 4210 ait

1985 4247 2283 4319 Propheta:
2329 4245 2593 4314 Quoniam
2645 4244 2905 4301 Dominus
2972 4248 3206 4317 cognovit
3260 4249 3566 4319 ﬁgmentum

1986 4350 2219 4396 nostrum
2245 4336 2419 4413 (Psal.
2449 4355 2545 4404 cn,
2578 4336 2687 4409 14).
2731 4337 2837 4393 Sed
2882 4338 3098 4407 quando
3132 4338 3234 4394 hoc
3266 4339 3564 4402 acciderit,

1987 4427 2129 4484 lotus
2160 4428 2531 4484 tantummodo
2559 4443 2724 4496 aqua,
2753 4427 2892 4481 valet
2926 4442 2985 4481 se
3018 4424 3226 4481 sociare
3253 4428 3450 4482 divinis
3474 4444 3563 4483 sa-

304 4516 408 4584 ipsi
442 4513 723 4570 fuerimus.
747 4513 1083 4585 Quapropter
1097 4513 1296 4569 bonum
1316 4525 1400 4570 est
1419 4516 1633 4586 utquod
1659 4519 1887 4589 quisque
1911 4498 1965 4559 Ῑ)
1990 4517 2302 4573 crementis.
2328 4516 2464 4572 Cum
2490 4530 2620 4571 vero
2644 4516 2914 4586 appetitus
2941 4514 3077 4585 gulae
3104 4513 3243 4568 ultra
3270 4513 3564 4569 modumin

296 4616 423 4674 post
452 4612 684 4659 mortem
710 4619 863 4659 suam
891 4613 1075 4673 sperat
1108 4619 1207 4675 pro
1250 4620 1309 4660 se
1338 4606 1423 4676 agi
1451 4621 1550 4677 per
1585 4607 1740 4673 alios,
1765 4618 1891 4679 agat

300 4698 417 4766 ipse
444 4697 573 4751 dum
598 4694 733 4749 vivit
775 4710 872 4764 per
897 4710 974 4748 se.
1013 4693 1233 4749 Beatius
1287 4696 1484 4767 quippe
1526 4706 1611 4752 est
1658 4698 1891 4755 liberum

300 4789 452 4841 exire
480 4787 548 4841 de
576 4801 815 4852 carcere,
839 4800 1000 4855 quam
1028 4794 1151 4856 post
1172 4786 1384 4842 vincula
1412 4787 1718 4845 libertatem
1745 4806 1891 4860 qua:-

301 4894 441 4932 rere.
476 4875 615 4930 Hinc
639 4876 834 4930 iterum
866 4875 1006 4929 idem
1034 4890 1170 4946 papa
1195 4876 1250 4930 in
1278 4877 1468 4932 eodem
1494 4878 1633 4934 libro
1653 4882 1894 4938 adnectit

303 4969 489 5022 dicens
519 4986 532 5020 ε
561 4965 697 5020 Nam
726 4966 809 5021 vir
836 4966 957 5020 vita:
980 4966 1307 5022 venerabilis
1327 4967 1546 5024 Cassius
1576 4968 1893 5027 Narniensis

302 5059 589 5130 episcopus
630 5057 751 5124 fuit,
774 5056 865 5128 qui
900 5057 1275 5127 quotidianum
1304 5060 1632 5117 sacriﬁcium
1677 5063 1787 5120 Deo
1811 5063 1893 5121 of-

302 5148 450 5206 ferre
485 5153 863 5210 consueverat,
893 5145 969 5199 ita
998 5154 1058 5200 ut
1095 5162 1237 5217 pene
1267 5148 1446 5204 nullus
1475 5149 1592 5206 dies
1624 5152 1749 5208 vitae
1775 5154 1893 5225 ejus

303 5240 625 5294 abscederet
650 5235 781 5306 quin
821 5234 1178 5305 omnipotenti
1214 5237 1324 5293 Deo
1365 5240 1600 5295 hostiam
1630 5242 1892 5312 placatio-

303 5335 389 5390 nis
432 5330 755 5387 immolaret.
782 5328 920 5382 Dum
961 5335 1141 5382 autem
1179 5343 1299 5385 sese
1347 5346 1468 5385 cum
1496 5332 1751 5404 lacrymis
1774 5349 1891 5388 ma-

301 5435 500 5493 ctaret,
531 5422 1089 5481 ntandatum'Domini
1115 5438 1212 5494 per
1244 5421 1525 5493 cujusdam
1555 5426 1638 5479 sui
1663 5425 1890 5495 presby-

305 5517 407 5573 teri
458 5514 722 5570 visionem
769 5510 1039 5579 suscepit,
1095 5512 1327 5568 dicens:
1370 5513 1484 5585 Age
1539 5514 1683 5584 quod
1736 5515 1886 5584 agis,

302 5623 534 5681 operare
560 5603 702 5679 quod
722 5600 967 5674 operaris
995 5642 1009 5668 ,
1073 5620 1183 5658 non
1223 5614 1399 5660 cesset
1436 5621 1531 5675 pes
1571 5613 1692 5660 tuus
1715 5646 1731 5672 ,
1778 5622 1886 5661 non

304 5707 482 5755 cesset
512 5712 703 5754 manus
747 5703 855 5750 tua.
892 5690 1147 5751 Natalitio
1182 5697 1546 5768 apostolorum
1588 5697 1770 5752 venies
1818 5698 1886 5753 ad

1986 4608 2261 4663 sumendis
2304 4607 2576 4662 alimentis
2630 4605 2874 4675 rapitur,
2933 4613 3095 4674 atque
3130 4604 3251 4659 ideo
3278 4605 3564 4659 humerum

1987 4699 2327 4769 receptacula
2358 4706 2672 4770 gravantur,
2703 4697 2864 4753 habet
2898 4697 3095 4752 exinde
3130 4697 3342 4751 animus
3372 4711 3562 4766 quem-

1986 4791 2111 4845 dam
2142 4797 2389 4854 reatum,
2434 4805 2542 4844 non
2588 4798 2769 4842 tamen
2812 4802 2987 4858 usque
3032 4788 3101 4843 ad
3147 4787 3563 4858 prohibitionem

1987 4884 2320 4955 percipiendi
2344 4891 2684 4938 sacramenta
2717 4882 2800 4937 vel
2827 4883 3112 4938 missarum
3140 4883 3398 4938 solemnia
3424 4883 3564 4939 cele-

1990 4975 2202 5040 brandi,
2236 4989 2360 5028 cum
2407 4973 2636 5029 fortasse
2662 4980 2760 5028 aut
2796 4971 2965 5028 festus
2991 4972 3107 5027 dies
3136 4971 3325 5043 exigit,
3355 4980 3447 5027 aut
3470 4988 3565 5028 ex-

1989 5065 2163 5121 hiberi
2192 5064 2572 5128 ministerium,
2608 5079 2706 5133 pro
2732 5077 2798 5119 eo
2840 5062 2984 5132 quod
3033 5061 3300 5120 Sacerdos
3337 5062 3476 5118 alius
3510 5064 3564 5117 in

1986 5155 2107 5210 loco
2140 5154 2310 5218 deest,
2348 5154 2462 5224 ipsa
2510 5154 2808 5208 necessitas
2851 5152 3127 5222 compulit,
3161 5152 3244 5206 vel
3299 5167 3452 5207 amor
3478 5167 3567 5206 sa-

1987 5242 2265 5299 criﬁcandi
2315 5243 2554 5298 animum
2590 5243 2657 5298 ad
2684 5243 2788 5297 hoc
2818 5241 2994 5312 ipsum
3029 5241 3322 5312 compellit.
3351 5241 3483 5296 Nam
3517 5242 3565 5296 si

1989 5333 2186 5388 adsunt
2211 5332 2299 5386 alii
2327 5333 2419 5402 qui
2460 5333 2683 5402 implere
2724 5334 3039 5403 mysterium
3088 5334 3336 5399 valeant,
3386 5333 3565 5390 illusio

1989 5440 2086 5493 per
2111 5421 2386 5493 crapulam
2418 5423 2556 5477 facta
2579 5438 2610 5477 a
2643 5424 2988 5493 perceptione
3014 5424 3156 5479 sacri
3178 5423 3418 5495 mysterii
3440 5432 3566 5495 pro:-

1989 5515 2176 5570 hibcre
2202 5529 2306 5568 non
2337 5514 2525 5580 debet;
2558 5515 2650 5569 sed
2680 5515 2748 5569 ab
2776 5513 3146 5570 immolatione
3181 5514 3348 5571 divini
3374 5514 3567 5570 Sacra-

1990 5606 2157 5660 menti
2204 5604 2494 5670 abstinere,
2540 5614 2602 5660 ut
2635 5604 2893 5671 arbitror,
2920 5605 3196 5661 humiliter
3223 5605 3398 5670 debet,
3426 5620 3563 5674 quo«

1988 5714 2159 5770 usque
2185 5698 2359 5769 dignis
2390 5696 2599 5756 ﬂetibus
2630 5699 3009 5757 reconciliatus
3029 5708 3083 5757 et
3125 5716 3387 5764 aquarum
3432 5699 3571 5756 cliu-
