3974 6192
458 301 561 358 (9.7

1452 305 1507 364 S.
1549 305 1909 365 DENEDICTI
1943 309 2236 369 ABBATIS
2274 313 2682 374 ANIANENSIS

3604 333 3706 394 828

452 420 603 473 sione
625 417 783 484 lotus,
817 418 1071 473 accedere
1099 417 1294 473 iterum
1335 418 1515 473 valeat
1536 422 1602 475 ad
1632 436 1785 476 sacra
1835 431 2031 493 myste-
2056 430 2108 490 Α
2133 435 2357 481 muntur
2387 436 2442 482 et
2468 427 2695 485 virtutes
2723 440 3053 488 nutriuntur.
3084 433 3144 489 in
3178 434 3265 491 bis
3289 444 3439 510 ergo,
3473 444 3622 511 quasi
3648 447 3705 500 in

453 512 555 565 ria.
586 510 642 565 Si
678 526 807 566 vero
856 526 921 564 ex
962 510 1106 579 turpi
1156 510 1482 581 cogitatione
1537 512 1812 582 vigilantis
1858 514 2033 568 oritur

449 604 626 658 illusio
661 604 825 657 menti
853 603 1174 657 dormientis
1199 642 1213 666 ,
1267 608 1415 673 patet
1440 603 1623 657 animo
1662 612 1847 659 reatus
1877 621 2026 661 suus.

448 696 604 750 Videt
633 695 779 749 enim
808 709 837 749 a
859 708 964 762 qua
992 694 1174 748 radice
1202 693 1507 763 inquinatio
1528 693 1617 747 illa
1665 694 2024 762 processerit;

444 787 569 856 quia
596 785 740 856 quod
768 786 946 840 sciens
968 785 1242 856 cogitavit,
1286 785 1388 839 hoc
1418 784 1665 838 nesciens
1690 784 1928 854 pertulit.
1960 784 2028 839 Et

442 881 661 950 quando
688 881 793 936 hoc
816 880 893 944 fit,
930 895 1154 936 necesse
1183 888 1266 935 est
1290 887 1349 935 ut
1368 879 1645 934 humiliter
1665 895 1723 934 se
1745 881 2029 936 subtrahat

440 974 638 1030 divinis
665 973 957 1045 mysteriis,
984 982 1040 1027 et
1085 971 1236 1043 prius
1266 987 1364 1042 per
1405 987 1599 1043 aquam
1629 971 1812 1026 abluat
1840 973 2026 1027 sordes

438 1062 703 1132 corporis,
734 1070 789 1117 et
808 1076 905 1133 per
945 1061 1318 1131 paenitentiam
1369 1062 1649 1133 abstergat
1675 1061 1869 1117 vulnus
1911 1053 2026 1117 εόν-

438 1155 554 1220 dis;
573 1162 631 1209 et
657 1154 740 1210 sic
773 1155 1011 1219 demum,
1040 1155 1266 1209 Domino
1295 1154 1622 1225 propitiante
1647 1196 1661 1220 ,
1710 1155 2024 1210 reconcilie-

438 1254 529 1298 tur
556 1244 786 1301 vivificis
816 1245 1189 1301 sacramentis.
1249 1244 1384 1299 Nam
1423 1246 1477 1300 in
1523 1245 1814 1318 Evangelio
1843 1246 2025 1301 Domi-

435 1358 540 1397 nus
567 1342 730 1398 dicit:
766 1341 871 1407 Qui
911 1341 1094 1395 viderit
1126 1340 1395 1395 mulierem
1442 1340 1512 1394 ad
1552 1340 2020 1410 concupiscendum

436 1449 574 1498 eam,
589 1433 708 1503 jam
736 1432 1020 1486 mwchatus
1045 1441 1118 1484 est
1145 1447 1261 1484 eam
1307 1431 1361 1484 in
1391 1431 1547 1484 corde
1581 1446 1678 1484 suo
1726 1429 1939 1502 (Matth.
1964 1447 2016 1499 v,

434 1521 636 1595 28).'In
669 1522 832 1578 corde
859 1537 977 1588 suo,
1012 1521 1205 1593 inquit,
1227 1536 1332 1576 non
1362 1520 1414 1574 in
1442 1535 1689 1590 corpore.
1716 1520 1840 1575 Ideo
1871 1518 2021 1575 Scri-

431 1621 591 1683 ptura
632 1613 757 1669 alibi
812 1629 912 1669 nos
972 1613 1254 1676 admonet,
1300 1612 1523 1667 dicens:
1568 1611 1726 1665 Omni
1776 1611 2019 1667 custodia

430 1722 579 1760 serva
601 1722 692 1759 cor
719 1714 865 1760 tuum
887 1702 1069 1775 (Prov.
1094 1721 1166 1770 tv,
1199 1704 1314 1777 9.5).
1359 1704 1494 1761 Nam
1543 1712 1670 1760 sunt
1700 1704 1791 1759 alii
1819 1704 2016 1780 quibus

2132 520 2349 588 speculo
2377 522 2650 591 quondam
2675 525 2913 594 seipsum
2934 527 3282 584 considerare
3307 539 3488 599 potest
3514 533 3701 602 homo,

2129 610 2309 680 qualis
2348 612 2446 677 sit,
2478 612 2561 668 vel
2596 629 2703 684 quo
2744 615 2962 681 tendat,
2992 624 3086 671 aut
3114 618 3348 687 qualiter
3388 635 3449 676 se
3488 622 3702 694 dirigat.

2129 701 2361 772 [deoque
2387 704 2479 773 qui
2506 705 2621 758 vult
2648 721 2770 760 cum
2796 707 2906 762 Deo
2930 723 3143 778 semper
3182 725 3303 766 esse
3322 752 3337 777 ,
3390 712 3551 768 debet
3597 714 3709 772 fre-

2128 799 2359 859 quenter
2384 792 2563 864 legere
2589 802 2644 847 et
2673 793 2985 863 frequenter
3009 813 3190 853 orare.
3232 797 3365 854 Nam
3420 818 3546 857 cum
3588 820 3712 860 ora-

2128 897 2279 946 mus,
2332 882 2435 951 ipsi
2482 898 2603 938 cum
2648 883 2760 939 Deo
2800 884 3101 955 loquimur;
3130 903 3252 942 cum
3279 904 3410 946 vero
3446 891 3706 963 legimus,

2126 973 2268 1028 Deus
2308 975 2588 1029 nobiscum
2632 975 2890 1046 loquitur.
2942 975 3230 1034 Geminum
3270 989 3451 1037 autem
3497 985 3711 1042 confert

2125 1063 2323 1117 donum
2355 1064 2515 1119 lectio
2542 1080 2822 1129 sacrarum
2867 1065 3269 1137 Scripturarum
3299 1087 3537 1140 :unum,
3582 1091 3708 1145 quia

2123 1151 2457 1208 intellectum
2507 1155 2709 1209 mentis
2748 1155 2959 1221 erudit;
3010 1157 3260 1224 alterum,
3295 1161 3422 1229 quia
3464 1177 3495 1215 a
3519 1164 3710 1219 mundi

2121 1243 2362 1298 vanitate
2390 1244 2665 1300 hominem
2702 1245 2992 1311 abstrahit,
3019 1255 3076 1301 et
3099 1248 3168 1302 ad
3195 1264 3434 1305 amorem
3462 1251 3553 1304 Dei
3585 1267 3710 1322 per-

2121 1332 2289 1388 ducit.
2317 1333 2505 1389 Lectio
2532 1335 2747 1390 assidua
2779 1336 3033 1392 timorem
3064 1339 3321 1409 gehenna:
3348 1342 3565 1407 incutit,
3591 1344 3709 1397 ani-

2118 1439 2263 1477 mam
2304 1424 2557 1493 puriﬁcat
2600 1432 2658 1480 et
2702 1426 2770 1481 ad
2809 1428 3002 1498 gaudia
3048 1443 3281 1499 superna
3338 1432 3562 1501 legentis
3611 1448 3708 1489 cor

2118 1512 2363 1584 instigat.
2396 1512 2553 1569 Sicut
2583 1516 2729 1570 enim
2759 1531 2826 1572 ex
2855 1519 3167 1576 carnalibus
3192 1521 3335 1576 escis
3360 1522 3524 1577 alitur
3549 1540 3703 1591 caro,

2117 1600 2195 1657 ita
2224 1617 2291 1656 ex
2317 1602 2517 1658 divinis
2545 1604 2775 1674 eloquiis
2814 1607 3057 1663 nutritur
3091 1625 3156 1664 ac
3198 1611 3441 1680 pascitur
3476 1613 3707 1670 interior

2115 1692 2306 1760 homo;
2359 1695 2504 1750 unde
2545 1695 2621 1749 ait
2672 1696 2987 1766 Propheta:
3020 1696 3194 1764 Quam
3234 1700 3414 1755 dulcia
3459 1702 3707 1771 faucibus

430 1795 509 1850 ita
567 1795 883 1866 plerumque
934 1794 1112 1850 illusio
1155 1776 1429 1859 nasCitur,
1476 1802 1537 1849 ut
1565 1810 1754 1849 eorum
1802 1796 2000 1850 animus

2116 1782 2246 1837 meis
2270 1781 2474 1855 eloquia
2503 1793 2614 1846 tua,
2640 1782 2881 1852 Domine,
2904 1802 3063 1857 super
3078 1786 3181 1842 mel
3198 1796 3249 1843 et
3276 1787 3453 1857 favum
3482 1792 3566 1844 ori
3590 1808 3707 1847 meo

431 1887 596 1941 etiam
621 1888 672 1941 in
694 1902 884 1942 somno
906 1886 1113 1956 positus
1135 1886 1383 1955 turpibus
1410 1885 1884 1955 imaginationibus
1906 1902 2012 1943 non

429 1978 682 2033 foedetur.
700 1978 885 2045 Quain
908 1992 966 2031 re
993 1992 1158 2032 unum
1190 1977 1263 2031 ibi
1288 1976 1613 2041 ostenditur,
1642 1977 1687 2031 si
1720 1977 1835 2046 ipsa
1859 1992 2015 2033 mens

429 2086 536 2124 non
570 2077 750 2126 tamen
777 2070 850 2124 sit
888 2085 999 2132 rea,
1038 2068 1125 2123 vel
1162 2084 1260 2124 suo
1304 2067 1510 2139 judicio
1558 2068 1748 2133 libera,
1776 2084 1898 2124 cum
1953 2083 2013 2125 se

425 2169 482 2216 et
507 2161 807 2217 dormiente
834 2175 1065 2232 corpore
1098 2159 1231 2214 nihil
1261 2159 1507 2214 meminit
1556 2160 1774 2216 vidisse.
1829 2159 2011 2234 Siqui-

424 2252 572 2318 dem,
599 2260 658 2307 ut
690 2251 905 2323 quidam
952 2251 1169 2306 Patrum
1192 2251 1287 2315 ait,
1316 2250 1361 2305 si
1393 2250 1499 2305 tale
1528 2250 1733 2320 aliquid
1764 2251 2010 2307 evenerit

419 2359 519 2414 per
548 2358 795 2399 somnum
835 2342 1042 2413 absque
1094 2341 1397 2412 pbantasiis
1446 2341 1751 2407 mulierum,
1786 2358 1890 2397 non
1925 2352 2010 2398 est

418 2441 719 2500 peccatum.
747 2431 1044 2502 Ingenitus,
1076 2431 1273 2500 inquit,
1304 2430 1500 2484 humor
1528 2430 1580 2485 in
1606 2446 1857 2501 corpore,
1882 2447 2004 2487 cum

416 2512 635 2594 propria
668 2521 1346 2595 repleveritreceptacula,
1405 2521 1518 2577 suis
1567 2537 1787 2578 necesse
1819 2533 1903 2579 est
1947 2535 2007 2580 ut

417 2613 687 2668 meatibus
729 2612 1024 2684 digeratur.
1091 2612 1192 2668 Ubi
1236 2626 1365 2667 vero
1416 2612 1566 2667 visus
1617 2613 1901 2669 mulierum
1951 2623 2005 2671 et

414 2701 784 2759 blandimenta
843 2704 1027 2759 carnis
1085 2719 1183 2774 per
1216 2704 1423 2758 somnia
1461 2713 1776 2771 occurrunt,
1804 2706 1853 2763 si
1907 2723 2005 2779 per

413 2791 714 2862 superﬂuas
768 2805 823 2850 ct
871 2794 1214 2851 illecebrosas
1268 2795 1625 2867 cogitationes
1673 2796 2000 2869 contigerit,

410 2891 697 2952 peccatum
731 2900 852 2940 esse
879 2885 1111 2941 dicebat.
1166 2884 1435 2941 Praeterea
1469 2901 1683 2957 quoque
1720 2888 1999 2944 sciendum

410 2982 497 3029 est
524 2974 651 3045 quia
680 2984 791 3031 tres
836 2986 963 3033 sunt
996 2985 1173 3032 motus
1212 2978 1559 3049 corporales:
1593 2995 1732 3035 unus
1777 2981 1998 3051 quidem

408 3054 694 3129 naturalis,
712 3064 851 3120 alius
870 3072 1050 3120 autem
1063 3082 1129 3121 ex
1143 3067 1479 3148 plenitudine
1494 3067 1761 3136 ciborum,
1779 3072 1996 3141 quando

408 3153 650 3207 nutritur
668 3161 724 3208 et
747 3154 960 3209 fovetur
984 3170 1182 3226 corpus
1213 3157 1349 3213 cibis
1395 3173 1459 3214 ac
1507 3160 1757 3228 potibus,
1789 3176 1855 3216 ex
1882 3161 1997 3232 qui-

407 3244 512 3300 bus
531 3244 679 3299 calor
705 3252 762 3300 et
797 3246 1017 3316 sanguis
1056 3255 1309 3301 crescunt
1336 3256 1390 3303 et
1418 3249 1658 3304 excitant
1686 3264 1887 3322 corpus
1928 3252 1995 3307 ad

406 3331 718 3400 libidinem;
775 3344 1001 3406 propter
1056 3337 1201 3407 quod
1246 3337 1506 3396 Dominus
1542 3339 1659 3394 ait:
1702 3339 1883 3396 Videte
1932 3359 1996 3397 ne

404 3434 689 3495 graventur
721 3426 883 3480 corda
914 3437 1082 3482 vestra
1114 3428 1169 3483 in
1194 3429 1416 3503 crapula
1466 3440 1513 3484 et
1563 3431 1810 3487 ebrietate
1836 3432 1989 3505 (Luc.

403 3513 544 3586 xxi).
571 3514 784 3572 Tertius
804 3532 935 3574 vero
958 3525 1138 3574 motus
1161 3525 1247 3574 est
1271 3534 1338 3574 ex
1361 3519 1573 3575 insidiis
1594 3529 1649 3576 et
1676 3522 1880 3578 invidia
1908 3539 1994 3579 ve-

403 3606 563 3662 niens
582 3607 903 3664 daemonum.
920 3606 1258 3682 Quapropter
1268 3618 1481 3683 oportet
1497 3619 1557 3665 ut
1570 3610 1742 3683 ipsam
1766 3613 1993 3668 nimiam

403 3698 792 3756 abundantiam
816 3698 1097 3773 ﬂuxusque
1126 3701 1409 3758 libidinum
1440 3718 1540 3774 per
1561 3702 1783 3759 multam
1811 3706 1990 3760 conti-

402 3792 644 3848 nentiam
674 3831 689 3858 ,
739 3800 794 3847 et
823 3807 920 3864 per
959 3793 1125 3849 multa
1168 3791 1373 3863 jejunia
1397 3835 1411 3861 ,
1467 3801 1523 3849 et
1568 3810 1666 3865 per
1705 3794 1991 3851 continuas

401 3886 679 3942 orationes
699 3887 1126 3959 restringamus;
1158 3887 1304 3957 quia,
1329 3896 1389 3942 ut
1408 3885 1484 3942 ait
1510 3887 1702 3942 beatus
1728 3886 1988 3959 Augusti-

399 3995 526 4046 nus,
544 3980 687 4034 sicut
711 3979 924 4035 occisus
948 3979 1200 4034 inimicus
1222 3995 1330 4034 non
1360 3978 1494 4037 facit
1520 3979 1678 4034 nobis
1708 3977 1985 4049 injuriam,

400 4073 480 4125 sic
510 4070 832 4127 mortificata
861 4086 989 4126 caro
1037 4086 1143 4125 non
1177 4070 1418 4125 turbabit
1447 4071 1685 4126 animam
1721 4080 1983 4128 nostram.

400 4163 649 4232 Denique
690 4160 745 4214 hi
791 4159 883 4230 qui
929 4161 981 4214 in
1013 4159 1220 4216 deliciis
1258 4160 1465 4225 vivunt,
1498 4161 1544 4215 si
1575 4159 1715 4215 forte
1740 4160 1986 4231 corporis

399 4254 481 4307 sui
519 4252 780 4324 :egritudo
819 4251 1092 4322 deposcat,
1124 4250 1192 4306 ab
1228 4251 1479 4305 omnibus
1503 4265 1623 4320 quae
1663 4249 1988 4322 iudicaverit

396 4345 641 4399 medicus
677 4358 797 4398 esse
836 4342 997 4398 noxia
1027 4340 1372 4397 abstinebant
1416 4340 1620 4412 absque
1662 4356 1844 4408 mora;
1888 4357 1986 4399 cur

2120 1875 2285 1948 (Ibid.
2335 1894 2383 1931 υ.
2430 1875 2592 1946 103)Ξ
2629 1875 2819 1931 Omnis
2867 1878 3027 1948 plane
3076 1877 3357 1949 Scriptura
3404 1888 3594 1936 sancta
3631 1884 3707 1937 ad

2115 1974 2358 2022 nostram
2402 1967 2602 2035 scripta
2634 1975 2720 2021 est
2750 1967 2982 2022 salutem
3028 1976 3086 2024 et
3119 1969 3454 2037 doctrinam,
3503 1980 3566 2027 ut
3602 1987 3709 2042 per

2113 2056 2541 2112 consolationem
2569 2055 2981 2126 Scripturarum
3020 2058 3074 2112 in
3103 2059 3261 2115 bonis
3288 2061 3502 2117 actibus
3536 2064 3709 2132 proli-

2113 2149 2341 2205 ciamus.
2375 2147 2529 2204 Sicut
2553 2150 2701 2205 enim
2725 2165 2903 2205 cmcus
2931 2151 3131 2221 saepius
3156 2151 3383 2209 oii‘endit
3421 2170 3587 2225 quam
3612 2158 3707 2212 vi-

2112 2239 2283 2304 dens,
2332 2239 2412 2295 sic
2460 2241 2720 2310 ignorans
2773 2241 2868 2298 Dei
2919 2243 3091 2315 legem
3139 2245 3454 2315 ignoranter
3504 2249 3706 2318 saepius

2109 2336 2299 2400 peccat
2330 2344 2489 2398 quam
2520 2329 2609 2385 ille
2651 2331 2743 2401 qui
2785 2344 2905 2385 eam
2945 2333 3117 2387 novit.
3152 2332 3304 2389 Multi
3336 2350 3574 2405 namque
3602 2337 3705 2391 ha-

2107 2422 2240 2476 bent
2271 2420 2641 2490 intelligentize
2671 2421 2968 2492 ingenium,
3002 2423 3098 2478 sed
3124 2423 3405 2494 negligant
3445 2425 3702 2483 lectionis

2108 2517 2379 2585 studium;
2403 2527 2459 2574 et
2476 2519 2622 2589 quod
2650 2519 2880 2590 legendo
2906 2520 3050 2575 scire
3074 2529 3389 2591 potuerunt,
3418 2522 3703 2594 negligen-

2106 2605 2176 2659 do
2203 2608 2470 2662 nesciunt.
2501 2607 2651 2661 Multi
2680 2609 2847 2663 etiam
2872 2609 3091 2680 legunt,
3120 2619 3175 2665 et
3205 2610 3273 2664 ab
3302 2611 3420 2681 ipsa
3464 2612 3703 2670 lectione

2100 2692 2269 2765 jejuni
2302 2704 2458 2764 sunt;
2487 2699 2553 2753 de
2574 2700 2769 2767 quibus
2790 2699 2868 2754 ait
2886 2699 3192 2770 Propheta:
3221 2699 3533 2757 Seminastis
3559 2706 3703 2759 mul~

2104 2794 2217 2838 tum
2240 2795 2289 2838 et
2329 2785 2585 2840 intulistis
2613 2804 2840 2857 parum;
2868 2789 3198 2854 comedistis,
3235 2797 3284 2844 et
3310 2807 3413 2845 non
3450 2791 3574 2846 estis
3602 2809 3702 2847 sa-

2103 2875 2253 2940 tiati;
2285 2875 2486 2930 bibistis
2506 2917 2521 2942 ,
2551 2886 2599 2931 et
2633 2894 2737 2931 non
2767 2880 2891 2932 estis
2917 2878 3107 2932 ebriati
3135 2879 3337 2950 (Aggtci
3366 2896 3419 2943 ι,
3447 2880 3525 2951 6).
3560 2882 3701 2936 Mul-

2105 2975 2218 3021 tum
2248 2968 2402 3022 cordi
2447 2984 2547 3023 suo
2577 2970 2840 3030 seminat,
2883 2971 2978 3025 sed
3024 2981 3218 3039 parum
3242 2970 3465 3040 recipit,
3497 2973 3590 3042 qui
3626 2974 3699 3029 de

2102 3057 2374 3112 mandatis
2398 3058 2711 3114 coelestibus
2732 3061 2817 3114 vel
2841 3060 3088 3131 legendo,
3115 3060 3199 3116 vel
3226 3061 3493 3117 audiendo
3520 3065 3697 3119 multa

2023 3127 2067 3189 (ἶ
2100 3148 2398 3218 cognoscit,
2432 3152 2527 3204 sed
2561 3127 3206 3221 negligenter—operando
3243 3167 3414 3222 pauca
3459 3151 3699 3209 fructiﬁ-

2101 3249 2209 3296 cat.
2253 3241 2529 3308 Comedit,
2575 3252 2629 3298 et
2675 3259 2782 3298 non
2822 3244 3077 3310 satiatur,
3124 3244 3217 3313 qui
3252 3245 3421 3299 verba
3456 3244 3552 3299 Dei
3594 3262 3698 3300 auo

2100 3333 2254 3389 diens
2276 3333 2426 3388 lucra
2452 3334 2538 3389 vel
2561 3334 2788 3405 gloriam
2826 3328 3008 3391 saeculi
3038 3336 3391 3405 concupiscit.
3432 3336 3609 3403 Bibit,
3636 3346 3697 3394 et

2097 3435 2206 3476 non
2236 3422 2555 3489 inebriatur,
2580 3425 2672 3494 qui
2704 3425 2773 3480 ad
2799 3440 2990 3482 vocem
3014 3425 3268 3480 lectionis
3293 3424 3378 3480 vel
3413 3425 3689 3496 praedica-

2098 3514 2262 3569 tionis
2293 3530 2481 3571 aurem
2502 3516 2748 3585 inclinat,
2774 3518 2869 3573 sed
2891 3525 3128 3573 mentem
3156 3534 3265 3573 non
3295 3527 3489 3574 mutat.
3513 3518 3691 3586 Bibit,

2096 3614 2152 3660 et
2179 3606 2484 3663 inebriatus
2509 3623 2616 3663 non
2646 3619 2751 3675 est,
2785 3608 2877 3680 qui
2908 3624 2972 3665 ea
3002 3624 3123 3680 quae
3147 3618 3276 3665 sunt
3300 3609 3458 3680 hujus
3500 3612 3690 3667 saeculi

2096 3699 2323 3770 adipisci
2351 3699 2645 3757 desiderat.
2686 3701 2839 3759 Solet
2862 3703 3007 3758 enim
3031 3717 3131 3774 per
3153 3704 3474 3760 ebrietatem
3494 3704 3692 3760 biben-

2093 3791 2230 3846 tium
2281 3808 2436 3848 mens
2470 3794 2697 3849 turbari.
2740 3794 2799 3850 Si
2850 3796 2997 3851 enim
3032 3796 3155 3867 quis
3193 3797 3469 3854 debriatus
3504 3807 3686 3863 esset,

2092 3891 2330 3938 mentem
2360 3885 2546 3954 procul
2579 3882 2749 3942 dubio’
2771 3895 3062 3954 mutasset,
3093 3896 3154 3943 ut
3184 3896 3399 3947 terrena
3422 3890 3537 3959 jam
3572 3907 3685 3946 nou

2091 3984 2382 4045 quaereret,
2420 3977 2534 4048 jam
2563 3993 2702 4034 vana
2735 3986 2791 4035 et
2820 3981 3134 4036 transitoria
3154 4023 3169 4047 ,
3197 3997 3318 4051 quae
3361 3992 3678 4047 amaverat,

2089 4080 2199 4120 non
2230 4076 2458 4123 amaret.
2491 4068 2585 4125 Ille
2620 4070 2764 4125 enim
2805 4071 3154 4128 beatissimus
3193 4080 3307 4138 est,
3343 4074 3436 4143 qui
3467 4074 3683 4130 divinas

2090 4153 2405 4228 Scripturas
2433 4157 2617 4230 legens
2646 4159 2811 4215 verba
2840 4162 3005 4216 vertit
3030 4162 3084 4216 in
3119 4177 3305 4233 opera.
3332 4163 3501 4218 Nemo
3529 4165 3681 4220 enim

2087 4254 2270 4317 potest
2299 4262 2520 4303 sensum
2549 4248 2844 4320 Scriptura:
2893 4267 3065 4308 sacrae
3111 4253 3265 4324 plene
3312 4270 3678 4325 cognoscere,

2086 4340 2193 4394 nisi
2236 4340 2446 4411 legendi
2489 4339 2878 4399 familiaritate.
2929 4343 3064 4398 Nam
3113 4345 3254 4399 sicut
3309 4354 3490 4409 terra,
3553 4363 3679 4417 quae

397 4454 504 4492 non
528 4437 698 4493 multo
724 4436 897 4505 magis
945 4437 1047 4492 hoc
1077 4450 1177 4490 nos
1229 4433 1479 4499 facimus,
1526 4433 1724 4503 quibus
1773 4434 1981 4489 sanitas
2006 4471 2059 4531 Β
2086 4441 2290 4504 quanto
2316 4434 2547 4505 amplius
2575 4436 2858 4501 excolitur,
2886 4444 3038 4492 tanto
3074 4437 3382 4494 uberiorem
3433 4438 3675 4494 fructum

395 4531 591 4585 anima:
621 4536 675 4585 et
727 4529 949 4599 spiritus
976 4537 1061 4582 est
1087 4525 1419 4597 expetenda?
1465 4524 1625 4581 Tales
1649 4525 1797 4580 enim
1823 4526 1983 4581 debet

397 4621 657 4677 Dominus
696 4620 901 4675 habere
944 4618 1245 4684 ministros,
1268 4617 1359 4688 qui
1389 4616 1537 4686 nulla
1587 4617 1770 4672 carnis
1798 4625 1983 4672 conta-

414 4714 552 4778 ;ione
576 4718 1020 4783 corrumpantur,
1068 4708 1162 4765 sed
1197 4708 1378 4781 potius
1403 4707 1671 4764 castitatis
1697 4709 1981 4767 continen-

396 4806 466 4857 ,ω
494 4802 810 4873 splendeant
839 4808 1020 4855 mente
1046 4809 1101 4856 et
1125 4813 1373 4870 corpore.

909 4928 1136 4987 CAPUT
1177 4927 1463 4985 XXXVI".

649 5024 728 5099 De
755 5040 1065 5098 assiduitate
1094 5039 1331 5096 lectionis
1358 5048 1405 5095 et
1434 5039 1713 5093 orationis.

459 5160 688 5231 Oportet
713 5167 896 5215 autem
922 5174 1023 5215 nos
1050 5157 1428 5215 assiduitatem
1452 5156 1654 5211 habere
1680 5154 1895 5226 legendi
1918 5163 1975 5211 et

385 5253 706 5311 instantiam
733 5250 944 5308 orandi.
976 5249 1111 5306 Nam
1142 5247 1462 5305 assiduitate
1502 5246 1751 5308 lectionis
1795 5248 1974 5303 muni-

386 5357 477 5403 tur
509 5348 674 5404 homo
701 5360 734 5400 a
776 5350 1032 5414 peccato,
1060 5342 1217 5412 juxta
1264 5341 1590 5414 Prophetam
1624 5340 1718 5412 qui
1755 5340 1869 5395 ait:
1903 5337 1972 5393 In

382 5440 542 5496 corde
570 5454 686 5495 meo
711 5436 961 5493 abscondi
990 5436 1199 5508 eloquia
1237 5445 1355 5500 tua,
1398 5444 1452 5490 ut
1501 5451 1604 5489 non
1641 5450 1845 5506 peccem
1879 5435 1974 5489 tibi

387 5529 561 5599 (Psal.
587 5545 773 5597 cxvtn,
801 5528 910 5600 li).
935 5527 1062 5585 Haec
1084 5536 1213 5584 sunt
1237 5528 1382 5583 enim
1409 5542 1562 5583 arma
1584 5567 1599 5592 ,
1628 5525 1787 5582 lectio
1826 5526 1975 5581 vide-

385 5618 513 5674 licet
535 5629 590 5675 et
611 5620 808 5685 oratio,
835 5619 1032 5688 quibus
1052 5617 1299 5673 diabolus
1321 5627 1665 5688 expugnatur
1691 5623 1747 5671 et
1765 5624 1970 5672 :eterna

384 5711 667 5767 beatitudo
696 5711 1015 5783 acquiritur.
1048 5710 1144 5767 His
1173 5710 1319 5769 enim
1355 5709 1525 5766 armis
1563 5709 1696 5766 vitia
1734 5711 1970 5781 compri-

2086 4527 2294 4593 reddit;
2327 4527 2408 4582 sic
2434 4536 2638 4600 quanto
2668 4526 2898 4601 quisque
2938 4528 3272 4600 frequentius
3299 4529 3463 4601 legit,
3510 4538 3670 4585 tanto

2083 4633 2149 4674 ex
2181 4633 2245 4674 ea
2289 4618 2597 4675 uberiorem
2637 4619 3049 4692 intelligentiam
3092 4621 3256 4691 capit.
3301 4620 3416 4675 Non
3455 4629 3671 4692 oportet

2083 4710 2358 4767 solitarios
2386 4711 2668 4783 gentilium
2705 4712 2874 4768 libros
2909 4713 3109 4785 legere,
3141 4730 3208 4768 ne
3240 4712 3375 4769 forte
3399 4728 3497 4785 per
3517 4714 3671 4769 oble-

2080 4810 2355 4858 ctamenta
2385 4803 2626 4858 inanium
2657 4802 2960 4860 fabularum
2978 4804 3062 4860 vel
3097 4805 3351 4876 ﬁgmenta
3382 4814 3667 4875 poetarum

2081 4900 2314 4949 mentem
2335 4894 2574 4949 excitent
2592 4894 2659 4948 ad
2681 4895 2947 4950 incentiva
2973 4894 3273 4951 libidinum.
3294 4894 3478 4963 Neque
3498 4895 3667 4949 etiam

2078 4990 2287 5038 secreta
2318 4981 2412 5037 Dei
2447 4982 2610 5038 nimis
2629 4992 2841 5054 oportet
2862 4984 3071 5049 rimari,
3096 4984 3377 5055 Scriptura
3405 4984 3619 5039 dicente
3644 5002 3661 5037 :

2076 5073 2281 5129 Altiora
2304 5083 2353 5128 te
2375 5090 2437 5129 ne
2457 5074 2749 5146 quwsieris,
2773 5084 2821 5129 et
2852 5074 3075 5144 fortiora
3098 5083 3146 5128 te
3167 5091 3229 5128 ne
3251 5081 3515 5128 scrutatus
3546 5072 3664 5143 [ue-

2075 5164 2150 5218 ris
2183 5162 2353 5233 (Eccl.
2385 5179 2467 5230 ut,
2492 5163 2603 5236 12).
2634 5163 2787 5223 Unde
2815 5164 3101 5237 Apostolus
3136 5164 3339 5219 mirans
3362 5164 3582 5219 aiebat:
3609 5162 3656 5216 0

2074 5253 2298 5309 altitudo
2343 5253 2647 5308 divitiarum
2694 5255 2926 5308 scientice
2960 5262 3009 5308 et
3036 5255 3307 5326 sapientia:
3342 5253 3471 5318 Dei,
3499 5268 3660 5326 quam

2075 5344 2441 5401 iuscrutabilia
2488 5354 2611 5400 sunt
2644 5344 2876 5417 judicia,
2905 5355 2954 5400 et
2983 5346 3364 5418 investigabiles
3403 5348 3503 5401 via:
3543 5345 3660 5416 ejus

2076 5433 2254 5509 (Rom.
2298 5453 2378 5503 χι,
2401 5433 2527 5505 5'5)!
2562 5434 2902 5509 Quapropter
2930 5446 3087 5492 caute
3116 5435 3453 5503 meditanda,
3474 5444 3660 5492 cauto-

2075 5544 2181 5602 que
2211 5537 2337 5585 sunt
2363 5544 2527 5585 sensu
2568 5542 2634 5584 ea
2664 5543 2785 5598 quae
2814 5528 3067 5600 leguntur
3109 5528 3388 5596 rimanda;
3426 5535 3479 5585 et
3498 5527 3659 5597 juxta

2072 5620 2317 5692 Apostoli
2339 5621 2614 5686 mandata,
2650 5629 2933 5678 teneamus
2959 5637 3080 5693 qua:
3121 5633 3269 5678 recta
3306 5629 3466 5686 sunt,
3489 5629 3546 5675 et
3575 5633 3659 5674 re-

2075 5712 2310 5769 futcmus
2336 5726 2399 5768 ea
2438 5727 2558 5786 qua:
2595 5713 2866 5770 contraria
2911 5711 3128 5771 veritati
3157 5712 3420 5770 existunt.
3456 5710 3658 5787 Sicquo
