3974 6192
246 345 362 404 619

905 344 1132 400 (30th
1173 342 1626 402 ltEGULARUM.
1668 374 1736 382 —
1770 342 1849 397 PA

1984 334 2046 398 ll.
2089 339 2393 400 ιιεαυωε
2435 342 2538 396 ΡΡ.
2580 339 2854 399 ORIENT.

3409 338 3513 394 650

249 458 309 511 in
338 456 503 512 bonis
526 455 881 519 instruamur,
909 461 1019 508 uta
1049 453 1209 511 malis
1233 454 1345 509 Deo
1366 453 1665 508 auxiliante
1687 452 1840 508 illaesi
1866 462 1918 518 Α
1942 471 2214 524 penuriam
2248 457 2377 526 pati.
2403 454 2593 510 Omnia
2617 470 2827 526 possum
2867 455 2920 507 in
2950 470 3008 507 eo
3028 494 3042 519 ,
3074 454 3163 524 qui
3191 471 3269 523 ηιε
3311 454 3515 520 confor-

244 562 701 616 permaneamus.

794 632 1021 689 CAPUT
1070 630 1317 688 XXXIX.

404 728 485 782 De
507 727 820 799 quotidiana
851 742 1003 797 opere
1032 741 1286 779 manuum
1320 724 1698 779 solitariorum.

331 822 391 877 Si
429 822 651 891 quando
673 820 820 875 enim
846 819 914 873 ab
940 818 1188 873 oratione
1210 826 1265 872 et
1286 816 1519 871 lectione
1546 832 1843 881 cessemus,

251 927 523 967 manuum
570 909 977 979 operationibus
1017 909 1274 963 insistere
1309 906 1599 973 debemus,
1627 913 1847 977 propter

254 1002 361 1056 hoc
390 998 541 1069 quod
572 999 836 1068 scriptum
854 1007 940 1053 est
965 1015 977 1050 :
1009 995 1262 1051 Otiositas
1285 997 1502 1051 inimica
1526 1005 1602 1050 est
1630 995 1842 1050 animm.

252 1094 535 1161 Antiquos
554 1092 756 1147 etenim
784 1091 958 1146 hostis
981 1105 1106 1145 eum
1127 1106 1290 1160 quem
1311 1091 1546 1146 otiosum
1580 1087 1847 1143 invenerit

253 1181 419 1237 facile
460 1180 532 1236 ad
571 1180 703 1234 vitia
747 1179 918 1249 rapit;
968 1195 1095 1233 nam
1143 1180 1318 1234 sancti
1346 1179 1536 1233 Patres
1581 1177 1752 1233 nostri
1791 1184 1847 1231 et

253 1266 495 1340 apostoli
521 1270 590 1325 de
618 1269 804 1325 labore
828 1283 1088 1323 manuum
1133 1284 1353 1323 suarum
1384 1268 1653 1323 vivebant.
1694 1266 1848 1322 Unde

252 1360 556 1431 Apostolus
570 1360 1146 1416 Thessalonicensibus
1166 1359 1429 1427 scribens,
1451 1360 1554 1415 ait:
1574 1359 1686 1430 Ipsi
1707 1360 1844 1414 enim

255 1451 404 1505 scitis
432 1450 881 1522 quemadmodum
928 1461 1127 1521 oportet
1169 1452 1372 1504 imitari
1418 1467 1514 1505 nos
1528 1467 1548 1517 ;
1595 1452 1844 1522 quoniam

255 1559 364 1595 non
407 1542 629 1612 inquieti
661 1540 858 1609 fuimus
900 1541 1037 1596 inter
1077 1557 1200 1603 vos;
1243 1557 1404 1612 neque
1445 1557 1631 1611 panem
1682 1541 1846 1611 gratis

257 1631 698 1686 manducavimus
726 1631 790 1685 ab
818 1630 1016 1703 aliqua,
1048 1631 1138 1685 sed
1166 1631 1221 1686 in
1245 1630 1423 1685 labore
1440 1640 1490 1684 et
1512 1631 1843 1702 fatigatione,

259 1732 414 1776 nocte
445 1731 496 1776 et
520 1722 606 1777 die
640 1733 911 1792 operantes
950 1723 1189 1777 manibus
1216 1723 1438 1788 nostris,
1478 1739 1542 1778 ne
1577 1740 1728 1794 quem
1758 1740 1844 1778 ve-

1947 552 2043 597 tat.
2084 540 2450 597 Verumtamen
2480 560 2568 598 vos
2598 543 2721 598 bene
2749 542 2942 612 fecistis
2963 543 3162 597 mittere
3186 542 3365 597 usibus
3392 544 3518 596 meis

1948 632 2115 706 (Phil.
2154 651 2227 701 tv,
2262 634 2368 706 Η).
2394 634 2494 691 llic
2522 643 2701 689 autem
2743 635 3043 690 ostenditur
3074 633 3201 703 quia
3230 633 3518 704 aliquando

1946 723 2246 793 accipiebat
2292 724 2743 779 sustentationem
2788 722 3128 778 necessitatis
3173 737 3204 776 a
3251 721 3515 777 fidelibus.

1947 812 2065 880 Qua
2089 815 2154 867 de
2192 829 2357 868 causa
2393 814 2581 869 beatus
2628 813 2958 883 Augustinus
3003 812 3160 867 nobis
3207 813 3299 866 dat
3343 812 3521 867 consi-

1947 902 2111 967 lium,
2158 903 2382 958 dicens:
2417 902 2519 970 Qui
2566 918 2694 973 ergo
2742 919 2847 957 non
2894 914 3119 973 possunt
3154 901 3334 959 facere
3381 903 3521 957 sicut

1946 993 2175 1056 Paulus,
2209 1002 2267 1047 ut
2301 996 2548 1049 manibus
2575 995 2687 1048 suis
2722 1010 2781 1048 se
2825 996 3154 1064 transigant,
3185 994 3451 1064 accipiant
3489 1013 3519 1050 a

1946 1084 2144 1156 populo
2173 1086 2316 1140 unde
2344 1092 2647 1141 sustentem
2675 1100 2829 1139 suam
2858 1086 3261 1151 necessitatem,
3286 1086 3381 1141 sed
3413 1101 3523 1140 non

1946 1175 2220 1247 negligant
2246 1172 2848 1231 'eoruminfirmilatem.
2886 1175 2943 1230 Si
2982 1177 3034 1230 in
3065 1185 3281 1242 nostra,
3316 1178 3519 1245 inquit,

1948 1266 2108 1322 domo
2150 1266 2239 1321 vel
2277 1267 2536 1322 societate
2580 1282 2724 1337 aeger
2752 1276 2839 1322 est
2886 1267 3099 1337 aliquis,
3131 1283 3239 1323 non
3262 1268 3522 1338 prohibeo

1947 1355 2247 1425 religiosos,
2278 1356 2364 1412 vel
2391 1356 2671 1427 religiosas
2705 1357 2919 1412 mittere
2950 1357 3060 1423 illi,
3095 1357 3240 1427 quod
3266 1357 3345 1411 eis
3370 1355 3522 1411 vide-

1948 1454 2058 1513 tur,
2100 1455 2160 1501 ut
2194 1447 2441 1513 mittant;
2484 1461 2658 1516 neque
2697 1446 2819 1502 istis
2843 1446 3135 1517 prohibeo,
3160 1455 3220 1502 ut
3246 1462 3352 1501 non
3385 1446 3525 1502 reci-

1946 1540 2117 1610 piant.
2163 1538 2298 1593 Nam
2335 1549 2392 1595 et
2425 1540 2539 1611 ipse
2580 1538 2858 1604 Dominus,
2893 1539 2980 1593 cui
3029 1538 3204 1609 angeli
3250 1538 3524 1592 ministra-

1947 1640 2160 1699 verant,
2196 1632 2401 1688 loculos
2431 1630 2697 1697 habebat,
2726 1638 2781 1685 et
2817 1645 2849 1684 a
2886 1629 3130 1685 fidelibus
3150 1629 3331 1684 oblata
3354 1629 3525 1683 susci-

1946 1724 2121 1793 piens,
2149 1731 2206 1778 et
2232 1724 2347 1779 suis
2369 1722 2646 1793 discipulis
2671 1729 2727 1777 et
2753 1721 2874 1776 aliis
2910 1721 3274 1793 indigentibus
3292 1759 3308 1786 ,
3336 1732 3525 1774 neces-

257 1823 433 1866 struns
462 1828 820 1883 grauaremus.
852 1811 977 1866 Non
999 1813 1152 1883 quasi
1194 1830 1301 1867 non
1334 1812 1670 1867 habuerimus
1697 1822 1844 1883 pote-
1874 1819 1921 1878 B
1949 1814 2089 1869 saria
2122 1814 2415 1869 tribuebat.

254 1911 488 1965 uatem,
529 1903 665 1955 sicut
706 1911 757 1956 et
786 1903 995 1968 centeri,
1040 1902 1131 1956 sed
1160 1912 1216 1956 ut
1242 1905 1583 1972 nosmetipsos
1623 1902 1849 1972 formam

257 1990 512 2044 duremus
548 1990 690 2044 vobis
720 1990 791 2045 ad
820 1990 1133 2045 imitandum
1160 2009 1275 2046 nos.
1303 1989 1445 2046 Nam
1475 2007 1594 2046 cum
1617 2007 1848 2047 essemus

256 2079 407 2150 apud
435 2097 559 2146 vos,
584 2080 1022 2137 denuntiabamus
1041 2123 1056 2149 ,
1081 2083 1330 2154 quoniam
1368 2083 1414 2138 si
1453 2084 1571 2156 quis
1611 2099 1713 2137 non
1743 2082 1851 2138 vult

258 2171 507 2241 operari,
552 2187 645 2225 nec
673 2172 952 2227 manducet
994 2172 1081 2245 (II
1127 2172 1307 2228 Thess.
1351 2190 1414 2229 ιη
1441 2214 1457 2240 ,
1498 2173 1670 2248 7-10).
1715 2172 1852 2231 Cum

260 2261 411 2315 enim
442 2261 550 2317 iste
584 2272 808 2319 sanctus
838 2264 1133 2334 apostolus,
1166 2264 1259 2334 qui
1282 2262 1634 2334 Evangelium
1664 2263 1854 2332 praedi-

260 2351 449 2417 cabat,
482 2351 700 2407 nolebat
723 2368 919 2423 panem
945 2354 1114 2425 gratis
1152 2354 1479 2411 manducare
1504 2395 1518 2421 ,
1558 2357 1655 2410 sed
1691 2354 1746 2409 in
1774 2352 1854 2408 la-

262 2444 396 2498 bore
417 2452 475 2498 et
495 2442 816 2515 fatigatione
842 2445 1045 2501 victum
1066 2446 1345 2516 quaerebat
1362 2487 1377 2513 ,
1401 2461 1510 2516 quo
1532 2461 1633 2501 nos
1654 2445 1850 2501 fiducia

263 2535 461 2590 otiosis
491 2537 745 2592 manibus
772 2538 943 2607 gratis
977 2553 1173 2607 panem
1202 2538 1487 2594 comedere
1509 2537 1848 2604 audebimus,

265 2625 465 2695 quibus
495 2641 605 2681 non
631 2626 806 2683 solum
841 2627 984 2682 nulla
1020 2628 1334 2698 praedicatio
1373 2628 1523 2684 verbi
1562 2626 1851 2684 commissa

265 2723 381 2781 est,
413 2716 513 2771 sed
555 2733 626 2772 ne
654 2717 762 2772 ulla
791 2718 1007 2789 quidem
1027 2760 1042 2785 ,
1070 2719 1176 2774 nisi
1212 2719 1404 2775 anima:
1447 2727 1645 2774 nostra:
1686 2717 1852 2773 solius

264 2821 396 2860 cura
424 2805 748 2861 mandatur?
772 2806 1005 2865 Proinde
1038 2824 1261 2865 necesse
1292 2818 1377 2866 est
1413 2809 1568 2865 nobis
1606 2808 1853 2865 laborare

268 2897 526 2951 uianibus
554 2898 753 2953 nostris
786 2899 928 2968 quod
956 2900 1155 2955 bonum
1176 2907 1282 2966 est,
1316 2909 1373 2954 ut
1394 2898 1691 2955 habeamus
1710 2897 1852 2954 unde

267 2988 549 3050 vivamus,
580 2995 637 3041 et
668 2988 809 3042 unde
846 2989 1049 3059 aliquid
1094 2990 1477 3045 necessitatem
1521 2988 1852 3059 patientibus

268 3082 599 3136 tribuamus.
627 3078 779 3136 Unde
808 3089 1029 3136 sanctus
1044 3080 1311 3137 Caesarius
1342 3080 1510 3136 dixit;
1535 3080 1613 3136 sic
1632 3079 1850 3137 lectioni

2021 1904 2340 1973 Quanquam
2382 1911 2563 1959 autem
2613 1905 2688 1958 ita
2728 1904 2931 1960 dictum
2959 1903 3052 1969 sit,
3081 1909 3294 1973 oportet
3338 1908 3525 1957 tamen

1950 1993 2225 2049 solitarios
2236 1993 2472 2063 propriis
2490 1994 2739 2049 manibus
2760 1994 3026 2048 instanter
3052 1992 3321 2057 laborare,
3340 1991 3529 2045 etiam-

1949 2085 1998 2140 si
2036 2085 2252 2140 aliunde
2279 2083 2570 2139 habuerint
2603 2084 2751 2139 unde.
2766 2084 2972 2140 vivant.
2997 2082 3091 2138 Sic
3122 2081 3356 2137 faciebat
3389 2080 3530 2135 Pan-

1950 2176 2035 2232 lus
2066 2178 2277 2247 primus
2301 2183 2354 2232 et
2389 2176 2802 2248 probatissimos
2821 2175 3193 2231 eremitarum.
3224 2171 3359 2229 Cum
3384 2179 3530 2228 esset

1953 2270 2007 2324 in
2038 2283 2222 2324 eremo
2255 2270 2523 2331 vastiore,
2559 2284 2785 2325 securus
2822 2275 2942 2324 erat
2983 2268 3050 2322 de
3090 2267 3258 2331 victu,
3298 2266 3424 2335 quia
3461 2263 3530 2320 do

1953 2359 2218 2416 fructibus
2251 2359 2590 2432 palmarum,
2633 2369 2688 2415 et
2729 2360 2796 2416 de
2830 2358 3069 2416 oleribus
3110 2359 3403 2415 herbarum
3437 2371 3532 2410 ve-

1952 2452 2211 2506 scebatur
2240 2460 2483 2517 tantum;
2514 2459 2692 2507 tamen
2722 2450 3005 2523 colligebat
3038 2448 3162 2506 folia
3190 2447 3489 2520 palmarum
3509 2487 3525 2508 ,

1952 2546 2008 2595 et
2033 2540 2404 2610 quotidianum
2431 2555 2654 2611 pensum
2676 2580 2691 2605 ,
2718 2539 2867 2594 velut
2910 2538 3104 2594 exinde
3147 2537 3530 2594 sustentandus

1951 2639 2119 2697 esset,
2161 2646 2192 2685 a
2235 2631 2527 2702 semetipso
2560 2629 2764 2702 iugiter
2793 2631 3062 2701 exigebat.
3091 2628 3339 2698 Cumque
3365 2642 3531 2696 opere

1954 2721 2123 2777 totius
2163 2721 2292 2776 anni
2337 2729 2557 2776 antrum
2594 2720 2710 2790 ejus
2741 2720 2932 2776 fuisset
2966 2718 3280 2790 impletum,
3308 2718 3357 2771 id
3386 2717 3529 2786 quod

1952 2813 2183 2871 sollicita
2217 2828 2345 2869 cura
2374 2813 2715 2868 laboraverat
2754 2813 2911 2867 annis
2957 2811 3208 2883 singulis,
3244 2811 3367 2882 igne
3405 2824 3533 2878 sup-

1952 2907 2131 2977 posito
2156 2906 2557 2962 concrcmabat.
2589 2905 2695 2961 lste
2723 2905 2869 2961 enim
2913 2918 3020 2958 non
3067 2918 3167 2974 pro
3204 2901 3530 2957 necessitate

1952 2997 2145 3061 victus,
2178 3003 2240 3051 ut
2278 2994 2481 3051 dictum
2531 3003 2647 3061 est,
2678 2993 2987 3060 laborabat,
3036 2993 3128 3049 sed
3162 3008 3259 3063 pro
3286 2991 3531 3061 corporis

1954 3088 2261 3153 afflictione,
2293 3095 2348 3142 et
2374 3088 2555 3144 cordis
2581 3088 2919 3158 purgatione,
2943 3094 3104 3157 atque
3139 3085 3527 3157 cogitationum

266 3180 316 3226 et
341 3170 591 3226 orationi
613 3170 1245 3239 debetisincumbere,ut
1266 3174 1431 3228 etiam
1449 3174 1698 3229 manibus
1724 3188 1849 3244 pos-
1877 3171 1922 3235 C
1953 3182 2246 3246 soliditate,
2270 3195 2368 3236 seu
2387 3180 2790 3250 perseverantia
2822 3179 2975 3235 cella:
3014 3177 3270 3233 faciebat.
3306 3175 3531 3230 Dicebat

268 3262 386 3316 sitis
414 3261 624 3331 aliquid
651 3277 940 3329 exercere;
967 3264 1227 3335 majorem
1265 3278 1477 3336 quoque
1505 3264 1610 3320 diei
1641 3272 1849 3336 partem

266 3362 461 3409 sancto
490 3354 643 3423 operi
664 3354 933 3410 dedicare.
961 3353 1066 3410 Sc'd
1092 3356 1439 3426 quaerendum
1464 3358 1619 3413 nobis
1643 3364 1727 3412 est
1752 3372 1851 3412 cur

268 3446 464 3500 doctor
489 3446 731 3517 gentium
760 3454 814 3503 et
848 3448 1171 3517 praedicator
1190 3448 1463 3520 Evangelii
1496 3450 1627 3507 dicit
1653 3465 1711 3506 se
1741 3466 1849 3505 non

269 3551 466 3606 panem
498 3537 568 3591 ab
597 3537 777 3607 aliquo
807 3540 977 3609 gratis
1001 3538 1388 3606 manducasse,
1418 3540 1510 3611 qui
1551 3539 1701 3601 novit
1740 3541 1848 3595 Do-

272 3628 482 3682 minum
505 3629 862 3698 praecepisse,
888 3638 950 3686 ut
990 3632 1079 3702 qui
1112 3631 1460 3703 Evangelium
1500 3633 1813 3688 annuntiant
1833 3675 1847 3700 ,

270 3719 334 3773 de
360 3717 653 3791 Evangelia
684 3721 854 3777 vivant
877 3721 929 3793 (Ι
960 3719 1084 3778 Cor.
1118 3740 1192 3787 ix,
1220 3723 1329 3796 14).
1352 3725 1432 3784 ,Ει
1457 3740 1673 3781 rursum
1704 3745 1717 3780 :
1749 3726 1850 3780 Di-

270 3828 404 3882 gnus
439 3821 518 3867 est
547 3815 820 3885 operarius
850 3816 1084 3872 mercede
1114 3834 1212 3872 sua
1246 3827 1293 3872 et
1324 3817 1436 3874 cibo
1469 3835 1565 3873 suo
1600 3818 1751 3891 (Luc.
1793 3836 1847 3885 ι,

274 3900 351 3971 7).
384 3901 514 3957 ldeo
542 3904 740 3976 quippe
781 3906 1031 3962 manibus
1064 3909 1393 3979 operabatur
1425 3910 1567 3963 unde
1597 3909 1850 3976 vivebat,

270 3995 401 4064 quia
432 3994 711 4068 indignum
732 4007 851 4055 erat
881 4001 950 4057 ab
987 4002 1073 4057 liis
1110 4002 1314 4074 aliquid
1348 4003 1597 4075 accipere
1629 4005 1723 4076 qui
1760 4021 1850 4062 er-

271 4087 386 4142 rori
417 4089 724 4145 studebant.
754 4091 949 4148 Peecat
982 4094 1164 4161 enim,
1207 4102 1261 4150 et
1303 4094 1609 4151 libertatem
1651 4097 1852 4166 prsidi-

269 4178 435 4233 candi
486 4180 717 4248 amittit,
767 4183 860 4254 qui
904 4183 973 4239 ab
1001 4199 1065 4241 eo
1093 4185 1291 4256 accipit
1336 4201 1550 4252 munus,
1599 4187 1690 4258 qui
1732 4188 1852 4244 ideo

269 4269 366 4325 dat
395 4283 466 4325 ne
497 4273 843 4346 corripiatur.
887 4274 1042 4332 Unde
1082 4276 1226 4333 idem
1273 4279 1551 4351 apostolus
1595 4280 1847 4337 dicebat:

271 4356 470 4414 Omnia
504 4362 631 4417 mihi
677 4362 870 4430 licent,
915 4365 1007 4420 sed
1037 4382 1138 4421 non
1181 4368 1359 4423 omnia
1400 4369 1529 4424 mihi
1570 4370 1851 4441 expediunt

269 4448 325 4519 (1
357 4445 487 4509 Cor.
511 4453 610 4523 vt).
652 4454 766 4510 Hoc
815 4455 937 4512 ideo
982 4457 1120 4513 dixit
1151 4459 1277 4529 quia
1320 4459 1514 4516 licebat
1544 4461 1620 4516 illi
1658 4463 1727 4517 ab
1765 4463 1851 4518 his

270 4541 429 4611 queis
474 4544 807 4614 prmdicabat
846 4555 1093 4618 sumptus
1121 4537 1414 4621 accipere;
1460 4552 1557 4607 sed
1596 4553 1850 4621 quoniam

269 4632 479 4688 sciebat
497 4635 1000 4709 pseudo—apostolos
1019 4640 1362 4695 occasionem
1384 4641 1680 4711 accipiendi
1699 4658 1850 4713 quac-

269 4738 411 4790 rere,
443 4723 620 4780 noluit
650 4727 718 4781 ab
747 4728 833 4783 bis
857 4729 1127 4800 accipere,
1161 4746 1229 4786 ne
1266 4747 1431 4786 causa
1456 4733 1661 4788 ventris
1699 4735 1852 4805 vigor

268 4817 598 4888 evangelica:
626 4819 870 4876 veritatis
891 4827 1245 4894 torpesceret.
1268 4821 1383 4877 Non
1412 4823 1557 4879 enim
1587 4824 1852 4879 instanter

266 4919 447 4979 potest
486 4911 670 4983 argui,
719 4928 751 4968 a
800 4928 907 4984 quo
936 4915 1219 4985 accipitur.
1249 4915 1507 4983 Quamvis
1532 4917 1674 4971 enim
1708 4918 1849 4973 idem

266 5001 544 5070 apostolus
577 5019 677 5076 pro
706 5006 989 5061 occasione
1018 5007 1269 5079 superius
1297 5007 1442 5063 dicta
1479 5008 1704 5080 elegerit
1741 5025 1851 5063 ma-

266 5088 425 5167 nibus
453 5090 570 5146 suis
596 5091 842 5150 laborare
868 5095 1007 5150 unde
1030 5095 1257 5159 viveret,
1302 5105 1481 5151 tamen
1527 5097 1740 5167 quoties
1772 5098 1849 5153 illi

266 5180 566 5236 necessitas
593 5191 733 5248 erat,
759 5200 790 5238 a
822 5184 1071 5242 fidelibus
1089 5188 1293 5243 victum
1315 5189 1637 5259 accipiebat.
1661 5189 1850 5261 Itaque

266 5283 391 5324 cum
426 5282 573 5327 esset
609 5276 844 5346 quodam
888 5286 1129 5349 tempore
1176 5280 1231 5335 in
1279 5297 1472 5352 magna
1520 5283 1845 5354 indigentia,

266 5363 494 5421 missum
521 5376 606 5423 est
634 5369 711 5424 illi
738 5387 768 5424 a
797 5369 1054 5429 fratribus
1088 5374 1232 5429 unde
1261 5377 1576 5431 necessitati
1620 5385 1676 5431 et
1712 5376 1851 5431 indi-

266 5456 463 5527 gentia:
490 5473 608 5528 ejus
636 5460 1059 5520 ministraretur.
1086 5464 1582 5535 Responditantem
1609 5466 1714 5521 illis
1737 5482 1855 5537 gra-

268 5547 371 5602 tias
394 5564 585 5621 agens,
614 5561 669 5607 et
694 5554 830 5608 dixit
854 5573 865 5607 :
892 5555 1032 5610 Bene
1052 5556 1249 5627 fecistis
1272 5559 1658 5612 communicare
1680 5576 1855 5615 neces-

268 5642 514 5698 sitatibus
547 5650 694 5699 meis.
724 5648 834 5717 Ego
866 5649 1003 5702 enim
1038 5648 1202 5703 didici
1233 5651 1287 5704 in
1310 5652 1499 5722 quibus
1528 5668 1643 5706 sum
1665 5694 1677 5717 ,
1712 5656 1853 5724 suﬂi-

275 5733 411 5788 ciens
453 5752 582 5794 esse.
631 5738 753 5794 Scio
797 5743 932 5797 enim
981 5742 1179 5798 esurire
1216 5754 1263 5799 ct
1307 5744 1608 5813 abtmdnrr,
1651 5749 1766 5802 neri
1809 5758 1853 5804 rt

1953 3283 2155 3339 autem,
2187 3272 2307 3328 sine
2334 3287 2498 3343 opere
2533 3288 2787 3328 manuum
2814 3287 2917 3328 nec
2959 3272 3012 3326 in
3057 3270 3177 3324 loco
3212 3282 3370 3340 posse
3405 3282 3531 3337 per-

1953 3364 2152 3419 durare
2177 3361 2510 3429 solitarium,
2550 3378 2650 3417 nec
2678 3363 2747 3418 ad
2785 3360 3139 3433 perfectionis
3185 3358 3398 3414 culmen
3432 3357 3531 3411 ali-

1953 3452 2169 3523 quando
2200 3452 2644 3509 conscendere.E
2673 3461 2858 3508 contra
2881 3467 3010 3508 vero
3036 3450 3136 3505 fuit
3166 3450 3303 3504 alius
3335 3449 3520 3506 frater.

1952 3545 2044 3615 qui
2074 3545 2298 3600 veniens
2335 3544 2404 3601 ad
2429 3545 2679 3601 abbatem
2714 3544 2994 3599 Silvanum
3049 3544 3103 3597 in
3152 3553 3332 3597 monte
3359 3541 3489 3596 Sina
3510 3581 3526 3605 ,

1952 3634 2089 3689 vidit
2111 3634 2187 3689 ibi
2225 3632 2424 3689 fratres
2447 3641 2767 3704 opt-rantes,
2800 3643 2855 3689 et
2884 3634 3022 3687 dixit
3046 3633 3125 3688 eis
3151 3652 3164 3686 :
3192 3631 3363 3685 Nolite
3406 3645 3531 3699 ope-

1953 3727 2064 3781 rari
2110 3726 2290 3781 cibum
2340 3726 2433 3795 qui
2483 3726 2646 3795 perit,
2692 3726 2785 3781 sed
2827 3726 2918 3794 qui
2958 3732 3237 3795 permanet
3273 3723 3325 3777 in
3363 3723 3529 3777 vitam

1952 3828 2233 3872 aeternam.
2266 3814 2434 3870 Maria
2462 3816 2724 3886 optimam
2749 3824 2954 3886 partem
2988 3814 3169 3882 elegit.
3192 3814 3259 3868 Et
3286 3813 3421 3867 dixit
3448 3827 3531 3867 sc-

1954 3923 2057 3962 ncx
2089 3906 2356 3977 discipulo
2402 3922 2500 3962 suo
2529 3924 2542 3961 :
2569 3906 2746 3974 Vade,
2793 3923 2927 3962 voca
2972 3906 3197 3962 fratrem
3244 3906 3437 3969 istum,
3476 3914 3532 3960 et

1953 3998 2108 4052 mitte
2135 3996 2286 4052 illum
2309 3997 2364 4051 in
2387 3996 2576 4053 cellam
2604 3996 2850 4052 ubi‘nibil
2874 4004 2973 4051 est.
2997 3996 3065 4051 Et
3090 4011 3209 4050 cum
3241 3992 3377 4049 facta
3405 3992 3533 4047 fuis-

1954 4098 2036 4145 set
2056 4090 2186 4144 liora
2214 4103 2376 4154 nona,
2406 4088 2719 4144 intendebat
2749 4088 2897 4143 idem.
2928 4086 3096 4142 frater
3137 4085 3204 4141 ad
3248 4084 3446 4140 ostium
3482 4085 3529 4140 si

1953 4183 2232 4239 mitterent
2258 4181 2387 4247 alii,
2420 4188 2477 4236 et
2504 4187 2762 4236 vocarent
2800 4195 2924 4235 eum
2958 4179 3027 4235 ad
3073 4177 3526 4234 manducandum.

1952 4272 2018 4328 Et
2039 4288 2162 4328 cum
2193 4287 2353 4327 nemo
2375 4271 2690 4342 loqueretur
2711 4271 2783 4337 ci',
2814 4285 3042 4341 surgens
3066 4269 3214 4325 venit
3234 4269 3301 4323 ad
3323 4283 3528 4333 senem,

1952 4371 2010 4419 et
2041 4362 2179 4418 dixit
2224 4363 2275 4418 ei
2304 4380 2333 4420 ε,
2351 4362 2541 4430 Abba,
2590 4362 3051 4418 manducaverunt
3102 4359 3263 4415 hodie
3301 4359 3534 4415 fratres?

1956 4454 2024 4509 Et
2045 4455 2182 4511 dixit
2205 4455 2255 4511 ei
2293 4470 2460 4511 senex
2487 4474 2500 4511 :
2531 4454 2711 4510 Etiam
2743 4453 2857 4525 jam
2898 4452 3266 4510 comederunt.
3307 4452 3372 4505 Et
3400 4451 3528 4507 ille:

1877 4518 1931 4579 D
1955 4546 2023 4601 Et
2058 4562 2249 4616 quare,
2280 4548 2473 4619 inquit,
2501 4564 2587 4603 me
2611 4563 2716 4605 non
2746 4546 2985 4603 vocasti?
3004 4545 3069 4599 Et
3101 4558 3262 4599 senex
3305 4558 3531 4614 respon-

1953 4639 2060 4696 dit:
2086 4639 2167 4695 Tu
2187 4641 2350 4697 homo
2377 4641 2672 4713 spiritualis
2694 4657 2775 4706 es,
2801 4649 2856 4695 et
2883 4641 2983 4695 hoc
3006 4640 3126 4694 cibo
3148 4652 3254 4692 non
3282 4636 3490 4707 indiges
3513 4653 3528 4700 ;

1952 4746 2054 4785 nos
2079 4738 2259 4785 autem
2288 4730 2536 4786 carnales
2564 4747 2774 4796 sumus,
2804 4740 2859 4786 et
2897 4729 3224 4786 manducare
3254 4727 3526 4787 volumus,

1953 4821 2072 4877 ideo
2097 4822 2347 4877 manibus
2374 4823 2577 4877 nostris
2602 4838 2890 4893 Operamur
2916 4841 2929 4876 :
2957 4830 3011 4877 tu
3035 4837 3163 4877 vero
3184 4822 3378 4875 bonam
3404 4835 3531 4890 pars

1950 4919 2059 4967 tem
2086 4911 2313 4983 elegisti,
2348 4920 2461 4967 tota
2491 4913 2576 4967 die
2605 4913 2818 4983 legens,
2843 4921 2898 4967 et
2929 4912 3117 4967 nolens
3160 4925 3376 4966 sumere
3402 4925 3528 4966 car-

1951 5002 2129 5057 nalem
2156 5002 2356 5058 cibum.
2388 5002 2500 5070 Qui
2526 5018 2646 5058 cum
2679 5003 2779 5057 hoc
2811 5002 3087 5066 audisset,
3129 5001 3425 5071 prostravit
3471 5016 3530 5056 se

1951 5092 2006 5145 in
2038 5100 2237 5147 terram
2281 5092 2556 5147 humiliter
2602 5092 2975 5164 pcenitentiam
3025 5106 3222 5161 agens,
3263 5099 3320 5146 et
3354 5090 3526 5145 dixit:

1950 5183 2172 5255 Ignosce
2221 5184 2385 5249 mihi,
2418 5184 2577 5239 abba.
2616 5184 2684 5238 Et
2718 5197 2881 5239 senex
2926 5180 3064 5237 dixit
3101 5181 3191 5236 ei:
3223 5179 3360 5237 Puto
3387 5183 3529 5252 quod

1950 5291 2085 5346 opus
2105 5275 2270 5329 habet
2288 5274 2508 5329 omnino
2529 5273 2732 5331 Martha
2764 5273 2950 5328 Maria.
2975 5270 3080 5329 Per
3099 5272 3361 5328 Martham
3385 5273 3529 5327 enim

1950 5364 2118 5419 Maria
2140 5363 2406 5418 laudatur.
2423 5363 2759 5434 Quapropter
2773 5378 2909 5434 opus
2926 5362 3127 5418 habent
3151 5361 3378 5419 solitarii
3401 5376 3530 5433 pro-
3599 5420 3607 5426 ,

1951 5457 2083 5528 priis
2096 5455 2341 5509 manibus
2355 5454 2599 5509 lab‘orare
2620 5455 2897 5525 ctoperari
2912 5454 3054 5510 unde
3074 5455 3531 5526 pascantur;quia

1954 5549 2044 5619 qui
2066 5549 2237 5602 otiosa
2274 5546 2456 5615 quiete
2486 5544 2800 5615 perfruitur,
2834 5547 2936 5602 nisi
2972 5547 3122 5617 operi
3151 5560 3408 5602 manuum
3447 5549 3530 5600 ln-

1954 5640 2180 5704 stiterit,
2206 5646 2262 5692 et
2290 5637 2393 5692 nisi
2424 5636 2779 5709 spiritualitcr
2818 5638 3046 5705 vixerit,
3082 5653 3231 5694 more
3266 5637 3533 5708 pecudum

1955 5747 2013 5786 se
2045 5728 2341 5801 componit.
