3974 6192
484 373 543 430 πε
840 435 853 441 _
1448 358 1506 416 S.
1545 352 1907 413 BENEDICTI
1947 348 2239 406 ABBATIS
2277 344 2693 403 ANIANENSIS

3583 341 3716 400 ‘63!

516 491 573 545 Si
602 488 730 558 quid
764 499 894 540 vero
918 497 981 537 ex
1011 475 1263 550 operibus
1305 472 1676 530 solitariorum
1703 467 2019 524 venundan-
2048 469 2097 529 Α
2124 460 2276 516 cultu
2306 459 2423 513 sine
2442 456 2550 511 ulla
2576 453 2936 510 sollicitudine
2957 450 3228 521 corporali
3251 450 3607 523 proﬁcerent;
3631 468 3716 509 ne

447 585 575 639 dum
603 587 708 646 est,
736 577 953 631 videant
978 571 1079 643 ipsi
1104 585 1204 640 per
1223 582 1452 638 quorum
1477 579 1672 621 manus
1696 560 2028 618 transeunda

448 683 593 741 sunt,
619 687 686 727 ne
707 671 944 740 aliquam
970 665 1213 720 fraudem
1235 668 1565 733 praasumant
1583 657 1805 712 inferre.
1828 653 2032 708 Memo-

449 776 639 823 rentur
668 776 882 832 semper
908 758 1133 814 Anania:
1158 764 1215 811 et
1238 753 1504 825 Saphirae,
1534 766 1602 805 ne
1634 750 1773 803 forte
1802 755 2031 802 mortem

450 870 611 927 quam
644 854 722 907 illi
753 852 809 908 in
840 863 1069 921 corpore
1093 846 1458 918 pertulerunt,
1483 843 1625 897 hanc
1656 841 1745 895 isti
1768 840 1822 893 in
1852 837 2035 891 anima

451 945 744 1018 patiantur.
782 941 839 995 In
874 940 1007 1010 ipsis
1031 946 1211 992 autem
1239 935 1429 1007 pretiis
1457 949 1563 988 non
1596 930 1867 999 subripiat
1908 942 2037 981 ava-

453 1038 593 1093 ritiae
617 1034 849 1097 malum,
882 1031 976 1086 sed
1004 1043 1219 1097 semper
1248 1023 1644 1096 aliquantulum
1682 1022 1841 1076 vilius
1880 1019 2039 1073 detur

452 1143 617 1200 quam
643 1127 713 1181 ab
740 1124 860 1177 aliis
888 1119 1236 1177 saecularibus
1263 1117 1443 1181 datur,
1472 1122 1531 1169 ut
1568 1115 1623 1170 in
1649 1112 1899 1168 omnibus
1929 1109 2039 1181 glo-

455 1220 699 1274 riﬁcetur
724 1216 887 1270 Deus.

1049 1280 1279 1339 CAPUT
1318 1278 1430 1335 XL.

458 1380 611 1446 Quod
647 1379 799 1433 certis
834 1377 977 1431 horis
1014 1374 1258 1443 occupari
1302 1372 1486 1425 debent
1513 1370 1743 1425 solitarii
1771 1370 1827 1424 in
1862 1368 2040 1423 labore

1110 1458 1386 1498 ιηαηαυηι

528 1543 671 1611 Ergo
714 1539 936 1595 statutis
960 1536 1254 1623 .eertisque
1298 1534 1632 1603 temporibus
1662 1532 1917 1603 occupari
1955 1546 2043 1586 so-

460 1632 572 1689 lent
596 1631 826 1687 solitarii
852 1630 905 1683 in
936 1622 1183 1683 oratione
1212 1634 1269 1681 et
1293 1625 1552 1689 lectione,
1575 1632 1629 1679 et
1651 1622 1817 1679 certis
1844 1623 2041 1678 iterum

459 1726 515 1782 in
548 1725 732 1781 labore
766 1738 1043 1778 manuum.
1073 1721 1305 1788 Ideoque
1332 1719 1438 1774 hac
1477 1716 1827 1786 dispositione
1863 1714 2041 1770 credi-

2132 553 2363 607 terrenis
2389 547 2834 619 occupationibus
2857 543 3119 615 implicati
3138 585 3153 609 ,
3184 544 3361 600 otﬁcio
3384 559 3488 599 suo
3520 546 3716 616 dignas

2131 645 2388 701 excubias
2414 652 2632 699 strenue
2673 655 2867 696 curare
2891 654 3000 693 non
3022 645 3266 707 possent.
3298 637 3432 692 Item
3460 638 3533 693 ibi
3559 653 3574 692 :
3604 639 3717 693 De-

2132 738 2298 808 nique
2339 743 2560 793 sanctus
2599 733 2893 797 Paulinus,
2922 738 2980 785 et
3011 732 3206 787 beatus
3249 729 3488 785 Hilarius
3529 731 3719 785 omnia

2133 844 2231 884 sua
2258 836 2352 882 aut
2375 826 2692 897 parentibus
2730 823 3101 893 reliquerunt,
3132 829 3225 875 aut
3256 820 3478 875 vendita
3516 834 3723 890 paupe-

2137 918 2287 973 ribus
2331 924 2713 988 erogaverunt.
2754 913 2862 968 Sed
2904 921 3092 982 postea
3135 926 3260 965 cum
3311 909 3437 964 facti
3486 908 3723 964 fuissent
3773 932 3779 936 ·

2136 1011 2411 1080 episcopi,
2453 1024 2565 1064 non
2613 1011 3057 1073 contempserunt
3095 1001 3352 1057 Ecclesia:
3397 998 3721 1066 facultates,

2138 1102 2231 1157 sed
2268 1100 2582 1156 ﬁdelissime
2609 1099 3079 1168 dispensavcrunt.
3112 1092 3205 1148 Isti
3243 1106 3373 1163 ergo
3403 1100 3515 1146 tam
3544 1091 3726 1146 sancti

2139 1193 2242 1247 viri
2271 1201 2487 1261 tamque
2505 1188 2733 1260 perfecti
2757 1185 3045 1259 pontiﬁces
3071 1183 3229 1239 factis
3250 1181 3595 1237 evidentibus
3613 1179 3730 1236 cla-

2138 1292 2291 1338 mant
2316 1297 2474 1353 posse
2497 1289 2551 1337 et
2573 1279 2775 1335 debere
2796 1278 2915 1334 ﬁeri
2942 1275 3086 1347 quod
3112 1273 3381 1329 fecerunt.
3403 1272 3508 1340 Qui
3534 1272 3729 1341 utique

2140 1375 2411 1439 homines,
2453 1382 2564 1427 tam
2603 1369 2943 1426 saecularium
2981 1381 3146 1437 quam
3171 1364 3478 1419 divinarum
3517 1362 3732 1417 littera-

2143 1482 2263 1520 rum
2290 1465 2407 1521 sine
2433 1456 2787 1534 ambiguitate
2816 1459 3151 1523 doctissimi,
3183 1456 3231 1511 si
3266 1457 3473 1512 scirent
3506 1470 3598 1510 res
3629 1454 3734 1509 Ec-

2143 1557 2327 1612 clesia:
2357 1554 2553 1611 debere
2580 1552 2875 1618 contemni,
2904 1563 3182 1620 nunquam
3209 1562 3302 1602 eas
3330 1546 3617 1608 haberent,
3637 1545 3734 1613 qui

2142 1646 2326 1703 omnia
2372 1660 2471 1700 sua
2520 1643 2877 1713 reliquerant.
2928 1640 3080 1697 Unde
3126 1638 3287 1693 datur
3331 1635 3554 1705 intelligi
3586 1633 3734 1704 quod

2146 1738 2281 1793 tanti
2307 1753 2372 1793 ac
2393 1736 2530 1792 tales
2552 1736 2653 1790 viri
2684 1734 2794 1804 qui,
2815 1732 3061 1787 volentes
3085 1730 3204 1784 ﬁeri
3233 1727 3481 1797 discipuli
3502 1724 3734 1788 Christi,

459 1836 582 1874 mus
615 1827 846 1888 utraque
872 1823 1117 1885 tempora
1148 1814 1409 1876 ordinari,
1445 1812 1496 1866 id
1525 1821 1630 1876 est,
1653 1819 1714 1865 ut
1733 1810 1879 1865 omni
1904 1820 2038 1864 tem-
2072 1817 2120 1877 Β
2149 1827 2601 1883 renuntiaverunt
2624 1823 2877 1881 omnibus
2908 1836 3029 1891 qum
3054 1817 3337 1880 habebam,
3371 1829 3479 1869 ηοη
3507 1821 3573 1868 ιη
3602 1827 3734 1883 ρος..

456 1926 591 1982 pore
620 1926 651 1964 a
680 1924 840 1964 mane
874 1923 1048 1976 usque
1068 1907 1135 1959 ad
1162 1905 1350 1959 horam
1382 1917 1519 1973 pene
1559 1900 1779 1955 tertiam
1807 1898 2043 1956 orationi

460 2012 516 2058 et
542 2001 759 2057 lectioni
788 2008 1003 2054 vacent.
1043 1998 1125 2051 Ab
1167 1998 1299 2051 liora
1346 2005 1527 2049 autem
1564 1994 1725 2048 tertia
1766 2007 1940 2062 usque
1977 1992 2044 2047 ad

460 2093 651 2147 horam
696 2090 852 2160 quasi
901 2104 1100 2144 nonam
1149 2087 1426 2150 laborent,
1480 2084 1623 2154 quod
1675 2081 2043 2137 necessarium

462 2183 657 2247 fuerit,
698 2181 803 2235 nisi
855 2178 997 2234 forte
1043 2176 1322 2249 paululum
1367 2177 1421 2231 in
1474 2174 1661 2230 stratis
1709 2173 1823 2228 suis
1856 2172 2046 2227 aestivo

462 2280 708 2340 tempore
734 2284 964 2340 pausare
996 2267 1306 2333 voluerint;
1343 2273 1397 2319 et
1423 2278 1638 2334 semper
1674 2262 2048 2318 intermiscea-

463 2370 554 2415 tur
596 2361 773 2417 oratio
822 2375 946 2415 cum
990 2373 1177 2429 Opere.
1218 2356 1265 2411 Α
1311 2371 1454 2411 nona
1502 2369 1720 2425 quoque
1766 2354 1903 2408 hora
1952 2368 2047 2408 us-

467 2469 573 2524 que
627 2453 696 2508 ad
729 2467 1012 2523 vesperam
1062 2450 1259 2506 iterum
1305 2447 1543 2503 orationi
1588 2454 1644 2501 et
1693 2445 1912 2501 lectioni
1957 2458 2049 2499 va-

465 2552 612 2598 ςθηι.

537 2636 594 2691 Si
624 2650 756 2690 vero
788 2635 1090 2690 necessitas
1143 2632 1246 2687 loci
1293 2640 1389 2686 aut
1438 2637 1730 2701 paupertas
1776 2628 2047 2699 exegerit,

466 2721 639 2792 inagis
667 2720 722 2774 in
749 2720 937 2775 labore
966 2732 1221 2773 manuum
1247 2717 1621 2772 demorentur.
1649 2711 1844 2769 Omnia
1867 2720 2051 2767 tamen

464 2818 778 2866 mensurate
792 2811 921 2864 ﬁant
939 2816 1164 2879 propter
1182 2805 1578 2878 pusillanimes.
1606 2803 1902 2860 Dominicis
1920 2816 2052 2857 vero

467 2904 658 2959 diebus
704 2904 820 2959 sive
848 2903 1039 2969 festis,
1077 2901 1315 2957 orationi
1359 2907 1572 2954 tantum
1601 2905 1658 2953 et
1692 2896 1910 2951 lectioni
1951 2911 2052 2951 va-

467 3002 614 3049 cent.
645 2992 704 3046 In
734 2994 983 3048 noctibus
1010 3007 1227 3062 quoque
1254 2991 1468 3062 vigilias
1494 3003 1679 3044 sacras
1700 2997 1755 3043 et
1781 2987 2053 3043 orationes

468 3086 789 3157 purissimas
834 3084 1185 3140 devotissime
1233 3091 1517 3154 peragant.
1569 3080 1772 3135 Inﬁrmi
1819 3094 2055 3149 namque

471 3176 701 3241 solitarii
747 3176 875 3230 talia
922 3190 1087 3246 opera
1132 3184 1326 3247 agant,
1374 3181 1435 3228 ut
1477 3187 1578 3227 nec
1603 3171 1761 3227 otiosi
1789 3173 1919 3235 sint,
1952 3184 2053 3225 nec
2078 3172 2123 3233 C

469 3267 730 3322 violentia
757 3267 961 3322 laboris
994 3266 1394 3336 opprimantur.
1427 3262 1532 3330 Qui
1555 3276 1688 3317 vero
1732 3260 1806 3314 ita
1850 3258 2054 3314 fuerint

473 3357 750 3421 inﬁrmati,
777 3365 873 3412 aut
898 3363 1179 3412 senectute
1203 3354 1432 3426 gravati,
1456 3361 1516 3408 ut
1535 3366 1710 3421 neque
1734 3351 1939 3422 legere,
1961 3364 2055 3405 ne-

472 3464 578 3518 que
605 3449 821 3519 operari
852 3455 1087 3518 queant,
1117 3446 1202 3501 vel
1234 3446 1467 3501 orationi
1494 3451 1703 3499 tantum
1726 3443 1883 3514 juxta
1910 3440 2055 3495 vires

471 3559 599 3598 suas
647 3542 999 3599 devotissime
1031 3542 1253 3596 instent.
1302 3540 1418 3595 Hoc
1464 3552 1596 3593 sane
1636 3536 1905 3606 praecipue
1941 3548 2056 3588 mo-

471 3643 684 3699 nentes,
706 3644 767 3689 ut
791 3636 832 3689 si
862 3633 1001 3689 forte
1026 3633 1112 3688 cui
1141 3634 1258 3693 haec
1279 3629 1563 3700 dispositio
1584 3626 1939 3698 displicuerit,
1966 3639 2056 3679 or-

473 3728 625 3783 dinet
644 3728 687 3782 si
712 3727 906 3782 melius
927 3726 1089 3781 aliter
1104 3723 1450 3796 iudicaverit.
1467 3720 1678 3789 Quibus
1703 3726 1884 3774 autem
1905 3717 2057 3772 horis

471 3818 698 3874 reﬁcere
732 3819 996 3883 debeant,
1044 3818 1098 3872 in
1130 3824 1289 3872 antea
1314 3855 1330 3880 ,
1358 3814 1591 3871 Domino
1619 3812 1944 3875 miserante,
1977 3809 2057 3865 di-

473 3911 613 3965 cturi
645 3926 852 3966 sumus.

952 3974 964 3989 ’
1061 3978 1289 4036 CAPUT
1332 3976 1466 4033 XLI.

476 4072 542 4127 Ut
568 4073 793 4128 solitarii
820 4073 949 4127 nihil
971 4074 1238 4143 proprium
1272 4072 1521 4143 habeant,
1546 4080 1594 4125 et
1618 4068 1908 4125 oblationes
1932 4066 2058 4135 ﬁde-

1029 4141 1160 4195 lium
1198 4142 1510 4211 suscipiant.

546 4233 692 4288 Nihil
720 4247 850 4304 ergo
869 4233 1147 4303 proprium
1168 4230 1395 4287 solitarii
1414 4231 1650 4286 habeant
1680 4236 1879 4299 praeter
1904 4235 2058 4282 uten-

475 4323 593 4379 silia
621 4331 675 4379 et
700 4322 830 4379 vilia
874 4322 1227 4393 supellectilia
1260 4321 1379 4376 sine
1414 4320 1611 4391 quibus
1654 4319 1840 4373 vivere
1886 4316 2058 4373 nulla—

475 4423 636 4470 tenus
678 4422 921 4484 possunt.
971 4412 1184 4468 Victum
1217 4426 1347 4466 vero
1378 4407 1701 4464 rationalem
1722 4449 1737 4475 ,
1764 4416 1819 4465 et
1846 4416 2055 4463 vestem

2145 1934 2423 1984 sessores,
2467 1919 2561 1973 sed
2610 1927 2670 1971 ut
2713 1922 3098 1986 procuratores
3140 1910 3400 1965 Ecclesia:
3448 1905 3739 1961 facultates

2143 2005 2514 2082 possidebant.
2543 2010 2613 2065 Et
2639 2010 2761 2065 ideo
2792 2022 2880 2062 res
2914 2005 3175 2061 Ecclesiae
3213 2003 3348 2058 nihil
3377 2001 3520 2056 aliud
3554 2000 3739 2055 scien-

2147 2112 2228 2158 tes
2255 2118 2375 2158 esse
2404 2103 2507 2157 nisi
2536 2109 2661 2155 vota
2689 2098 2949 2164 ﬁdelium,
2980 2096 3153 2167 pretia
3184 2100 3535 2164 peccatorum
3564 2096 3619 2144 et
3647 2104 3741 2159 pa-

2147 2194 2403 2250 trimonia
2430 2207 2727 2264 pauperum
2749 2232 2762 2256 ,
2795 2207 2902 2246 non
2946 2203 3041 2244 eas
3066 2188 3481 2243 vindicaverunt
3515 2185 3573 2238 in
3607 2198 3741 2237 usus

2149 2303 2279 2343 suos
2313 2294 2370 2341 ut
2398 2285 2665 2356 proprias,
2704 2284 2799 2338 sed
2842 2290 2903 2336 ut
2947 2278 3358 2336 commendatus
3403 2275 3741 2347 pauperibus

2150 2379 2470 2435 diviserunt.
2501 2378 2635 2433 Item
2667 2377 2780 2432 ibi:
2814 2375 3115 2439 Sacerdos,
3164 2373 3361 2442 inquit,
3404 2385 3512 2425 non
3558 2369 3738 2424 solum

2149 2470 2267 2525 sine
2293 2469 2604 2539 cupiditate,
2639 2468 2733 2523 sed
2761 2467 2925 2522 etiam
2950 2480 3073 2521 cum
3111 2463 3269 2517 laude
3292 2462 3512 2531 pietatis
3540 2460 3745 2528 accipit

2152 2579 2180 2618 a
2208 2563 2403 2634 populo
2430 2560 2815 2633 dispensanda,
2842 2568 2896 2613 et
2922 2557 3154 2613 ﬁdeliter
3179 2556 3457 2626 dispensat
3481 2562 3741 2623 accepta;

2152 2657 2279 2727 quia
2331 2655 2511 2710 omnia
2563 2669 2659 2708 sua
2714 2661 2810 2706 aut
2858 2650 3079 2719 reliquit
3132 2654 3226 2702 aut
3272 2646 3529 2701 Ecclesia:
3578 2644 3745 2698 rebus

2144 2746 2348 2816 junxit,
2379 2754 2435 2801 et
2458 2760 2518 2800 se
2538 2745 2592 2800 in
2619 2758 2848 2799 numero
2869 2755 3167 2814 pauperum
3193 2737 3527 2810 paupertatis
3555 2750 3745 2791 amore

2155 2839 2464 2903 constituit,
2493 2839 2569 2893 ita
2590 2846 2652 2891 ut
2674 2836 2816 2891 unde
2837 2832 3167 2905 pauperibus
3191 2829 3588 2893 subministrat,
3617 2826 3747 2882 inde

2156 2931 2322 2987 etiam
2354 2939 2611 3000 tanquam
2635 2942 2839 2999 pauper
2860 2924 3199 2980 voluntarius
3224 2922 3388 2976 vivat.

2226 3023 2303 3079 De
2334 3022 2520 3078 eadem
2554 3036 2613 3076 re
2648 3020 2813 3075 etiam
2855 3019 2910 3074 in
2943 3016 3144 3088 Regula
3185 3015 3570 3070 canonicorum
3606 3012 3747 3083 legi-

2140 3107 2247 3173 itur
2283 3117 2360 3171 ita
2392 3134 2404 3169 :
2440 3114 2690 3170 Monachi
2730 3127 2965 3183 namque
3001 3112 3114 3167 sive
3144 3108 3408 3174 solitarii,
3450 3107 3542 3177 qui
3572 3120 3747 3161 evan-

2155 3211 2387 3283 gelicum
2432 3216 2761 3280 praeceptum
2797 3216 3085 3276 sequentes
3122 3203 3400 3260 distractis
3448 3210 3611 3271 atque
3662 3215 3745 3256 re.

2157 3303 2421 3357 nuntiatis
2449 3301 2702 3357 omnibus
2729 3298 3053 3370 patrimonia
3089 3313 3187 3352 sua
3209 3295 3424 3351 Christo
3453 3295 3743 3360 dederunt,

2156 3392 2352 3447 merito
2395 3391 2461 3446 de
2497 3390 2845 3447 facultatibus
2892 3387 3148 3443 Ecclesia:
3186 3385 3487 3442 subsidium
3535 3391 3747 3453 tempo-

2158 3481 2270 3537 rale
2301 3482 2602 3550 accipiunt;
2636 3488 2697 3535 ut
2726 3479 2854 3550 quia
2886 3486 2998 3533 toto
3029 3476 3229 3531 mentis
3270 3473 3536 3531 desiderio
3579 3474 3746 3529 caele-

2156 3574 2260 3627 stia
2301 3579 2595 3643 appetunt,
2633 3571 2714 3627 sic
2746 3570 2801 3624 in
2838 3570 2942 3624 hac
2985 3565 3442 3639 peregrinationis
3479 3564 3568 3617 via
3595 3579 3746 3619 surn-

2159 3668 2345 3738 ptibus
2379 3666 2680 3721 Dominicis
2710 3671 3108 3728 sustententur,
3134 3669 3402 3732 quatenus
3428 3659 3496 3714 ad
3519 3674 3586 3714 ea
3622 3674 3746 3729 quae

2157 3765 2603 3830 contempserunt
2641 3757 2864 3812 minime
2906 3754 3083 3810 redire
3130 3753 3371 3824 qualibet
3408 3750 3745 3807 necessitatis

2160 3869 2319 3909 causa
2350 3849 2762 3921 compellantur.
2792 3848 2925 3903 Item
2954 3847 3025 3901 ibi
3054 3864 3068 3901 :
3095 3845 3354 3909 Clericos,
3388 3859 3524 3915 quos
3552 3842 3744 3897 volun-

2161 3953 2246 3999 tas
2273 3952 2366 3999 aut
2396 3942 2653 3998 nativitas
2699 3955 2964 4011 pauperes
3006 3937 3171 4001 fecit,
3222 3937 3277 3991 in
3326 3934 3746 4006 congregatione

2158 4037 2423 4100 viventes,
2453 4033 2763 4090 necessaria
2781 4032 2906 4086 vitae
2926 4029 3233 4100 accipiant;
3259 4027 3385 4098 quia
3415 4026 3481 4081 ad
3505 4041 3571 4080 ea
3601 4024 3744 4080 aceic

2159 4129 2356 4198 pienda
2401 4143 2509 4182 non
2556 4140 2652 4181 eos
2687 4122 2921 4179 habendi
2958 4121 3107 4176 ducit
3133 4118 3421 4189 cupiditas,
3461 4117 3559 4172 sed
3597 4116 3744 4189 cogit

2159 4221 2374 4277 vivendi
2424 4218 2743 4275 necessitas.
2787 4216 2958 4271 Porro
3006 4213 3052 4269 si
3102 4213 3237 4268 tales
3265 4211 3471 4267 fuerint
3515 4212 3607 4282 qui
3646 4226 3745 4266 nec

2160 4329 2287 4369 suas
2337 4327 2437 4367 nec
2480 4310 2737 4365 Ecclesiae
2776 4307 2947 4362 velint
2973 4306 3176 4361 habere
3214 4303 3620 4374 possessiones,
3651 4302 3745 4357 ho-

2160 4420 2280 4461 rum
2315 4400 2732 4459 necessitatibus
2755 4395 3231 4470 providentissima
3263 4391 3657 4463 gubernatione
3682 4389 3744 4445 de

475 4505 798 4575 simplicem,
833 4512 927 4559 aut
953 4504 1021 4559 de
1059 4502 1283 4575 proprio
1319 4502 1538 4566 labore,
1570 4506 1664 4554 aut
1706 4499 1774 4554 de
1816 4498 2057 4553 ﬁdelium
2082 4522 2135 4581 υ
2162 4498 2509 4555 facultatibus
2541 4493 2798 4551 Ecclesia:
2826 4492 3035 4564 praelati
3059 4490 3257 4546 debent
3276 4487 3589 4552 subvenire,
3611 4486 3740 4542 illud

472 4598 747 4654 oblatione
777 4597 1032 4652 habeant.
1059 4594 1332 4666 Quidquid
1366 4602 1548 4648 autem
1584 4592 1671 4648 his
1695 4590 2053 4664 superfuerit,

471 4689 804 4760 pauperibus
836 4687 1096 4742 tribuant.
1138 4685 1305 4752 Nam,
1346 4686 1490 4740 sicut
1531 4684 1586 4739 in
1614 4683 1878 4755 superiori
1911 4682 2058 4754 capi-

477 4782 588 4836 tulo
618 4782 948 4844 continetur,
980 4778 1190 4834 licitum
1219 4786 1305 4834 est
1346 4778 1427 4833 eis
1452 4793 1481 4832 a
1511 4776 1716 4847 populo
1735 4775 1913 4832 oblata
1935 4790 2056 4829 sus-

474 4874 680 4945 cipere,
711 4873 778 4927 ad
827 4888 978 4928 suam
1015 4880 1070 4927 et
1107 4886 1403 4942 pauperum
1452 4869 1803 4940 indigentiam
1843 4876 2057 4923 susten-

474 4967 717 5024 tandam.
746 4963 900 5023 Unde
927 4966 979 5019 in
1003 4965 1141 5020 libro
1161 4961 1414 5034 Prosperi
1438 4963 1513 5018 ita
1536 4962 1771 5034 legitur:
1800 4961 2056 5032 Pr0pter—

473 5076 558 5129 ea,
598 5062 795 5132 inquit,
826 5061 967 5116 Deus
1010 5059 1178 5117 voluit
1208 5059 1445 5116 cultores
1474 5074 1604 5115 suos
1636 5058 1892 5114 omnibus
1934 5073 2056 5128 qua:

473 5156 745 5212 habentur
769 5155 824 5209 in
854 5154 1056 5209 mundo
1104 5151 1444 5219 renuntiare,
1492 5158 1553 5206 ut
1599 5149 1820 5205 exclusa
1868 5148 2054 5204 mundi

472 5247 802 5319 cupiditate,
829 5246 1009 5301 divina
1050 5246 1105 5301 in
1144 5244 1223 5300 eis
1271 5243 1514 5299 charitas
1544 5241 1719 5312 possit
1755 5239 1941 5311 augeri
1970 5238 2055 5294 vel

473 5338 682 5409 perﬁci.
730 5338 799 5393 Et
846 5337 968 5392 ideo
1014 5334 1253 5392 decimas
1296 5342 1460 5405 atque
1499 5331 1769 5402 primitias
1804 5328 2054 5401 frugum,

474 5431 830 5504 primogenita
863 5436 919 5485 et
954 5427 1219 5484 sacriﬁcia
1252 5442 1352 5497 pro
1389 5433 1647 5496 peccato,
1678 5429 1733 5479 ct
1770 5429 1891 5477 vota
1937 5436 2058 5491 quae

474 5520 575 5577 sibi
597 5520 860 5576 Dominus
879 5519 1043 5590 jussit
1064 5518 1272 5584 offerri,
1295 5516 1668 5572 sacerdotibus
1697 5528 1761 5569 ac
1786 5513 2057 5568 ministris

473 5614 728 5673 distribui
771 5616 968 5671 debere
1014 5611 1320 5676 constituit,
1366 5616 1427 5664 ut
1476 5606 1830 5663 devotissimo
1855 5603 2056 5675 pepulo

476 5707 601 5762 vitae
629 5706 934 5762 necessaria
964 5704 1328 5767 ministrante,
1360 5699 1462 5770 ipsi
1485 5697 1732 5754 Creatori
1756 5712 1821 5752 ac
1844 5694 2055 5767 pastori

477 5820 575 5861 suo
622 5801 805 5858 liberis
843 5797 1114 5854 mentibus
1164 5794 1568 5857 ministrarent,
1621 5798 1781 5861 atque
1834 5788 1888 5843 in
1938 5788 2054 5860 ejus

2159 4589 2410 4661 Prosperi
2449 4588 2793 4644 attendentes
2819 4603 2831 4637 :
2860 4582 3011 4651 Quod
3041 4582 3226 4646 habet,
3254 4580 3453 4651 inquit,
3475 4577 3739 4642 Ecclesia,

2161 4695 2282 4735 eum
2325 4679 2578 4734 omnibus
2630 4674 2766 4730 nihil
2815 4670 3143 4728 habentibus
3198 4684 3487 4727 commune
3522 4669 3737 4726 habeat.

2161 4769 2268 4824 Sed
2315 4774 2371 4823 et
2408 4782 2595 4823 eorum
2640 4779 2828 4820 curam
2873 4761 3223 4817 nihilominus
3270 4774 3461 4832 gerere
3510 4759 3736 4824 debent,

2160 4876 2296 4931 quos
2321 4867 2415 4914 aut
2445 4857 2732 4912 inﬁrmitas
2763 4863 2855 4909 aut
2889 4860 3138 4909 senectus
3163 4859 3439 4923 aggravat.
3463 4849 3595 4906 Post
3629 4851 3740 4907 hmo

2162 4961 2341 5008 autem
2368 4948 2661 5005 memorari
2685 4952 2897 5016 oportet
2936 4943 3070 5010 hoc,
3096 4941 3241 5012 quod
3268 4942 3324 4996 in
3352 4940 3579 4996 Actibus
3620 4955 3738 5011 apo-

2159 5050 2421 5106 stolorum
2452 5046 2646 5118 legitur
2672 5062 2685 5098 :
2715 5042 3003 5113 Aﬂ‘ereutes
3022 5082 3037 5108 ,
3067 5039 3272 5111 inquit,
3313 5038 3481 5111 pretia
3511 5037 3738 5109 pra'dio-

2161 5155 2275 5193 rum
2319 5148 2576 5192 suorum:
2606 5143 2654 5188 et
2698 5132 2957 5204 ponebant
3004 5137 3126 5186 ante
3171 5128 3325 5201 pedes
3366 5125 3732 5199 apostolorum.

2158 5230 2619 5287 Distribuebantur
2646 5236 2820 5281 autem
2849 5221 3065 5293 singuli,
3104 5231 3258 5293 prout
3297 5219 3579 5291 unicuique
3615 5233 3735 5291 opus

2157 5332 2269 5377 erat
2294 5320 2431 5395 (Act.
2465 5334 2535 5381 tv,
2567 5317 2678 5388 55).
2707 5316 2841 5370 Item
2868 5332 2880 5366 :
2912 5310 3093 5383 Neque
3121 5328 3272 5383 egens
3312 5310 3590 5382 quisquam
3631 5315 3736 5362 erat

2159 5413 2298 5467 inter
2322 5409 2442 5465 illos
2473 5408 2661 5481 (Ibid.,
2695 5424 2745 5460 υ.
2788 5403 2911 5478 54).’
2934 5402 3007 5461 Et
3032 5418 3246 5457 rursum
3273 5418 3286 5456 :
3315 5399 3428 5455 Nec
3467 5401 3735 5472 quisquam

2156 5520 2313 5557 suum
2342 5518 2451 5556 esse
2479 5499 2682 5572 aliquid
2705 5496 2941 5561 dicebat;
2968 5493 3059 5548 sed
3092 5501 3241 5548 erant
3267 5491 3375 5545 illis
3403 5491 3578 5545 omnia
3606 5503 3739 5543 com-

2160 5595 2343 5648 munia
2372 5591 2562 5664 (Ibid.,
2617 5607 2665 5644 v.
2704 5587 2820 5659 '52).
2850 5587 2931 5642 Ita
2956 5599 3086 5655 ergo
3126 5591 3182 5638 et
3207 5581 3437 5638 solitarii
3460 5595 3561 5636 nec
3588 5593 3735 5635 suum

2158 5687 2452 5759 quidquam
2481 5684 2691 5744 dicant,
2722 5678 2816 5735 sed
2855 5678 2964 5734 sint
3004 5674 3189 5731 ﬁdeles
3226 5674 3659 5744 dispensatores,
3689 5676 3739 5722 et

2157 5797 2219 5839 ea
2249 5791 2367 5850 qua:
2395 5776 2718 5850 pauperibus
2745 5774 2875 5830 dare
2903 5771 3118 5836 debent,
3160 5784 3267 5825 non
3312 5766 3474 5823 nimis
3517 5766 3573 5821 in
3617 5773 3733 5820 suos
