3974 6192
351 365 466 426 633

1002 366 1236 423 CODEX
1274 366 1735 428 REGULARUM.
1769 403 1840 413 —
1873 371 2056 431 PARS
2095 376 2161 431 ll.
2205 377 2512 437 REGULE
2554 384 2656 440 PP.
2699 386 2981 445 ORIENT.

3513 400 3635 454 634

354 507 488 548 usus
518 488 838 546 reflectant:
863 503 931 543 ne
960 488 1103 558 quod
1126 489 1284 556 absit,
1317 505 1439 545 cum
1468 488 1606 546 Iuda
1624 532 1638 554 ,
1671 491 1761 561 qui
1788 491 1940 547 locu-
1969 495 2022 556 Α
2047 494 2350 554 nullatenus
2377 501 2672 572 loquantur
2701 506 2906 577 aliquid
2935 510 3111 567 denuo
3135 553 3149 577 ,
3180 525 3410 585 excepto
3449 517 3494 571 si
3533 488 3631 575 ne-

350 583 436 639 los
483 582 695 638 Domini
740 580 951 636 furatus
995 581 1190 647 fuerat,
1223 585 1545 638 sententiam
1583 585 1944 643 damnationis

2047 586 2316 643 cessitatis
2338 604 2501 646 causa
2537 594 2794 662 praelatus
2817 607 2912 652 aut
2937 600 3132 670 aliquis
3156 618 3187 657 e
3228 603 3491 665 fratribus
3534 610 3635 665 ali-

348 678 671 741 incurrant;
719 675 814 730 sed
852 675 1034 744 potius
1082 676 1149 730 de
1195 676 1334 732 fideli
1365 678 1834 736 administratione
1873 681 1943 736 ab
2044 674 2173 743 quid
2200 677 2363 733 alicui
2392 679 2635 738 indicare
2657 684 2923 773 voluerit;
2959 690 3103 758 quod
3137 699 3315 749 tamen
3360 704 3416 750 et
3455 697 3632 766 ipsum

350 768 491 837 ipso,
521 765 678 834 cujus
704 765 939 820 ministri
973 781 1093 821 esse
1122 775 1441 832 noscuntur,
1474 768 1820 826 ineffabiliter
1849 788 1938 828 re-

350 856 633 911 munerari
660 864 1000 912 mereantur.

925 945 1152 1002 CAPUT
1201 947 1356 1003 XLII.

542 1039 746 1106 Quibus
774 1040 920 1094 horis
951 1048 1188 1111 oporteat
1214 1040 1487 1097 solitarios
1515 1043 1742 1112 reﬁcere.

416 1129 775 1187 Statuendum
806 1132 991 1202 itaque
1028 1148 1225 1189 censeo
1272 1134 1467 1203 quibus
1512 1135 1663 1190 horis
1709 1137 1933 1193 reticere

340 1220 577 1276 debeant
611 1222 868 1290 solitarii,
899 1238 969 1278 ne
1011 1222 1151 1278 forte
1189 1224 1313 1294 quis
1352 1226 1629 1295 propriam
1676 1218 1935 1296 sequatur

342 1312 712 1378 voluntatem,
751 1321 807 1368 et
850 1312 1135 1369 remissius
1179 1314 1326 1368 vivat
1370 1329 1532 1385 quam
1577 1331 1799 1372 necesse
1837 1318 1927 1373 sit.

340 1402 682 1475 Quapropter
713 1404 805 1458 tali
848 1405 1204 1475 dispositione
1249 1421 1374 1462 reor
1407 1415 1637 1477 utraque
1684 1417 1929 1481 tempora

341 1493 610 1562 ordinari,
641 1497 745 1552 hoc
768 1504 853 1552 est
870 1537 884 1562 ,
913 1497 983 1552 ab
1007 1497 1216 1554 octavis
1241 1497 1464 1555 Paschae
1494 1516 1666 1571 usque
1692 1502 1760 1557 ad
1790 1502 1929 1558 Pen-

342 1592 588 1639 tecosten
616 1586 702 1640 bis
732 1586 788 1641 in
818 1587 905 1642 die
930 1587 1198 1643 reficiant.
1231 1588 1326 1644 llis
1362 1604 1491 1661 ergo
1517 1590 1705 1646 diebus
1733 1601 1928 1661 quarta

340 1685 574 1732 cbsexta
605 1677 739 1733 feria
765 1696 936 1750 usque
965 1681 1033 1735 ad
1062 1696 1257 1737 nonam
1296 1681 1542 1752 jejunent
1572 1700 1587 1739 :
1616 1686 1740 1755 quia
1785 1685 1927 1741 sicut

337 1771 492 1839 equis
522 1769 676 1825 frena
718 1781 843 1827 sunt
873 1774 1193 1844 imponenda
1219 1818 1234 1843 ,
1267 1777 1339 1831 ita
1368 1793 1597 1848 corpora
1624 1788 1810 1835 nostra
1839 1779 1926 1850 je-

2041 779 2165 820 cum
2192 782 2404 822 summa
2453 773 2720 839 gravitate
2745 783 2801 829 et
2827 778 3201 836 moderatione
3244 783 3632 842 honestissime

2041 852 2155 907 fiat.
2179 853 2236 908 Si
2263 865 2444 911 autem
2474 875 2616 915 unus
2645 862 2984 921 solummodo
3012 867 3178 924 fuerit
3214 872 3514 940 solitarius,
3557 876 3631 930 si-

2039 943 2244 999 militer
2271 945 2453 1002 faciat.
2485 946 2645 1004 Omni
2671 952 2939 1022 siquidem
2976 965 3220 1027 tempore
3260 962 3479 1019 silentio
3519 974 3631 1021 stu.

2037 1030 2168 1088 dere
2191 1035 2388 1091 debent
2417 1038 2670 1106 solitarii,
2703 1049 2757 1097 et
2781 1046 3017 1101 maxime
3053 1053 3334 1107 nocturnis
3366 1054 3535 1111 horis.
3568 1056 3628 1112 Si

2033 1124 2160 1192 quis
2177 1138 2359 1182 autem
2382 1143 2573 1185 eorum
2601 1141 2868 1189 nocturno
2898 1144 3139 1207 tempore
3164 1143 3514 1210 peculiariter
3537 1160 3629 1201 vo-
3728 1128 3733 1131 μ

2034 1214 2198 1271 luerit
2234 1233 2413 1286 orare,
2447 1230 2541 1277 aut
2582 1223 2729 1280 aliud
2772 1225 2977 1296 aliquid
3029 1244 3225 1301 agere,
3272 1234 3352 1289 sic
3382 1242 3510 1306 agat
3556 1252 3626 1293 ne

2028 1304 2202 1360 ‘alium
2242 1308 2528 1379 inquietet.

2605 1405 2832 1464 CAPUT
2875 1409 3050 1467 XLIII.

2495 1495 2576 1551 De
2598 1513 2780 1554 mensa
2807 1502 3188 1560 solitariorum.

2102 1578 2542 1655 Quotiescunque
2575 1587 2805 1645 solitarii
2853 1601 2948 1647 aut
2972 1594 3039 1648 de
3065 1599 3283 1668 proprio
3310 1600 3498 1660 labore
3526 1614 3621 1661 aut

2030 1670 2097 1725 de
2126 1672 2371 1728 fidelium
2396 1677 2673 1735 oblatione
2697 1680 2932 1751 aliquam
2966 1685 3347 1745 sullicieutiam
3374 1693 3620 1750 ciborum

2026 1770 2084 1816 et
2110 1770 2270 1831 potus
2298 1765 2610 1835 habuerint,
2642 1785 2856 1841 semper
2885 1775 2952 1829 ad
2979 1779 3280 1835 mensulam
3306 1798 3462 1839 suam
3489 1800 3622 1855 pau-

327 1859 499 1929 juniis
548 1870 675 1916 sunt
722 1864 1063 1920 infrenanda.
1094 1867 1139 1921 A
1166 1866 1488 1925 Pentecoste
1513 1885 1686 1941 usque
1722 1873 1789 1927 ad
1819 1873 1911 1928 Κει·

2026 1866 2187 1923 peres
2212 1863 2269 1910 et
2295 1859 2610 1928 peregrinos
2652 1861 2907 1929 habeant,
2940 1874 2994 1920 et
3029 1881 3154 1922 cum
3196 1869 3304 1925 illis
3341 1873 3617 1930 Christum

334 1951 525 2007 lendas
554 1950 890 2033 Septembris
919 1966 1112 2024 quarta
1138 1967 1192 2013 et
1217 1967 1372 2014 sexta
1413 1962 1749 2033 septimaque
1787 1962 1923 2020 feria

325 2040 576 2111 jejunent
603 2027 775 2114 usque
822 2047 889 2100 ad
922 2062 1140 2102 nonam.
1175 2049 1417 2120 Reliquis
1461 2067 1590 2108 vero
1630 2053 1820 2110 diebus
1855 2057 1925 2112 ad

329 2142 543 2187 sextam
566 2134 834 2203 reficiant,
859 2144 913 2192 et
944 2138 1012 2192 ad
1033 2154 1315 2210 vesperam
1336 2152 1571 2197 coenent.
1594 2144 1641 2198 Α
1667 2144 1923 2203 Kalendis

331 2232 513 2280 autem
542 2224 879 2297 Septembris
901 2244 1071 2300 usque
1097 2233 1164 2285 ad
1189 2241 1349 2303 caput
1370 2232 1827 2307 Quadragesimze,
1853 2238 1922 2293 ad

328 2330 531 2371 nonam
567 2333 781 2391 semper
807 2321 1087 2388 reficiant;
1120 2323 1224 2378 nisi
1258 2323 1396 2380 forte
1426 2328 1547 2396 quis
1578 2329 1809 2384 voluerit
1838 2328 1922 2399 je-

324 2404 538 2476 junium
568 2424 739 2479 usque
776 2412 843 2467 ad
880 2427 1166 2483 vesperum
1191 2418 1483 2485 protelare.
1516 2419 1574 2473 In
1601 2419 1913 2494 Quadrage-

332 2499 474 2553 sima
501 2516 634 2555 vero
662 2519 834 2573 usque
864 2505 931 2559 ad
958 2505 1197 2573 Pascha,
1236 2509 1304 2563 ad
1335 2525 1618 2580 vesperam
1650 2514 1915 2569 reficiant.

327 2590 446 2659 lpsa
477 2601 657 2647 tamen
689 2610 916 2666 vespera
961 2599 1042 2653 sic
1078 2606 1291 2669 agatur,
1331 2609 1389 2656 ut
1427 2602 1633 2658 lumine
1679 2604 1919 2661 lucernze

327 2696 433 2735 non
459 2683 739 2753 indigeant
764 2686 1099 2751 reficientes,
1134 2690 1231 2743 sed
1278 2689 1399 2745 luce
1428 2691 1607 2749 adhuc
1652 2694 1758 2749 diei
1804 2712 1918 2751 ma-

326 2780 492 2827 nente
520 2775 701 2829 omnia
722 2785 1189 2833 consummentur.
1226 2778 1332 2834 Sed
1362 2788 1419 2835 et
1454 2781 1603 2836 omni
1641 2789 1913 2854 tempore,

328 2862 446 2917 sive
476 2877 670 2929 canae,
710 2865 824 2921 sive
856 2865 1164 2924 refectionis
1205 2869 1339 2924 hora
1371 2872 1449 2927 sic
1478 2880 1826 2943 temperetur,
1862 2884 1919 2931 ut

327 2953 394 3006 de
423 2952 543 3007 luce
574 2954 708 3009 fiant
733 2957 935 3011 omnia.
966 2957 1235 3013 Praeterea
1266 2974 1480 3031 quoque
1509 2962 1555 3016 si
1585 2963 1707 3032 quis
1733 2962 1916 3020 volue-

323 3044 400 3097 rit
435 3045 587 3099 omni
628 3054 871 3116 tempore
904 3046 1183 3119 jejunare,
1231 3052 1473 3122 exceptis
1524 3052 1819 3111 Dominicis
1859 3063 1914 3111 et

324 3134 553 3189 aliarum
605 3135 960 3193 festivitatum
1009 3138 1232 3207 diebus,
1282 3158 1389 3197 non
1436 3145 1791 3213 prohibeatur
1829 3148 1907 3214 ei;

2025 1945 2307 2000 convivam
2327 1963 2449 2003 esse
2478 1951 2748 2006 noverint.
2779 1949 2835 2007 Si
2863 1969 2992 2010 vero
3023 1970 3284 2027 pauperes
3308 1961 3491 2018 minus
3521 1966 3619 2019 ha-

2022 2035 2264 2104 buerint,
2305 2054 2444 2109 quos
2470 2041 2537 2096 de
2583 2041 2844 2100 fratribus
2888 2047 3157 2104 voluerint
3182 2066 3401 2119 vocare,
3432 2056 3616 2112 chari-

2026 2132 2152 2186 tatis
2178 2148 2337 2188 causa
2367 2135 2422 2190 in
2471 2152 2662 2192 eorum
2711 2141 2946 2209 pendeat
2994 2144 3244 2202 arbitrio.
3292 2149 3386 2205 Eis
3434 2160 3616 2208 autem

2023 2237 2161 2292 quos
2192 2232 2411 2293 vocant,
2436 2227 2540 2284 hoc
2565 2231 2710 2298 quod
2736 2232 2879 2288 Deus
2904 2234 2984 2289 eis
3010 2237 3237 2304 dederit,
3281 2254 3404 2295 cum
3435 2243 3616 2298 chari-

2020 2315 2150 2370 tatis
2176 2314 2355 2373 oﬂicio
2392 2319 2703 2375 exhibeant.
2748 2322 2853 2393 Ipsi
2898 2332 3083 2382 tamen
3130 2329 3358 2386 solitarii
3390 2348 3496 2387 non
3523 2349 3616 2390 so-

2019 2404 2132 2459 lum
2167 2422 2197 2461 a
2226 2408 2489 2478 qualitate
2536 2411 2807 2481 ciborum,
2837 2416 2932 2469 sed
2972 2417 3139 2472 etiam
3167 2435 3197 2473 a
3224 2423 3529 2491 quantitate
3557 2440 3617 2482 se

2019 2496 2349 2564 custodiant,
2378 2501 2509 2557 etin
2535 2503 2775 2571 pondere
2803 2513 2859 2559 et
2885 2520 3160 2575 mensura,
3191 2526 3315 2566 cum
3356 2514 3477 2569 sine
3518 2515 3619 2571 ho-

2018 2586 2247 2655 spitibus
2289 2587 2509 2654 fuerint,
2562 2592 2769 2647 vivant.
2817 2594 2952 2651 Cum
2990 2607 3172 2653 autem
3227 2602 3394 2673 aliqui
3449 2606 3612 2661 simul

2018 2676 2221 2733 fuerint
2251 2695 2373 2735 cum
2396 2681 2497 2746 eis,
2528 2697 2845 2740 communes
2882 2686 2937 2740 in
2965 2688 3087 2743 cibo
3114 2698 3169 2744 et
3208 2700 3337 2759 potu
3366 2708 3426 2748 se
3455 2695 3612 2750 exhi-

2018 2769 2199 2835 beant,
2228 2772 2299 2825 ob
2329 2786 2525 2827 vanam
2556 2774 2786 2844 gloriam
2832 2776 3201 2846 devitandam,
3231 2783 3326 2838 sed
3354 2786 3617 2840 constitu—

2019 2861 2220 2916 tionem
2245 2862 2465 2933 Regulae
2494 2882 2600 2921 non
2630 2871 3039 2924 transcendant.

2090 2949 2350 3011 Sullicere
2378 2955 2524 3009 enim
2555 2956 2830 3013 credimus
2870 2960 2937 3014 ad
2964 2959 3313 3017 refectionem
3339 2965 3612 3034 quotidia-

2015 3058 2142 3098 nam
2170 3045 2276 3100 duo
2297 3046 2657 3116 pulmentaria
2685 3059 2863 3116 cocta,
2907 3061 3131 3123 propter
3167 3054 3505 3111 diversorum
3529 3058 3615 3113 in-

2016 3130 2322 3201 ﬁrmitates,
2374 3146 2435 3190 ut
2469 3136 2611 3194 forte
2645 3141 2737 3210 qui
2770 3156 2836 3195 ex
2862 3157 2973 3196 uno
3014 3141 3175 3198 edere
3204 3158 3311 3198 non
3354 3148 3611 3215 potuerit,

323 3227 448 3297 quia
500 3227 581 3282 sic
623 3227 895 3285 faciebant
937 3233 1109 3287 sancti
1158 3231 1347 3289 Patres
1389 3236 1559 3290 nostri
1602 3236 1909 3306 Antonius,

2018 3236 2085 3276 ex
2116 3223 2222 3278 alio
2253 3224 2546 3281 reficiatur.
2575 3228 2643 3283 Et
2691 3230 2737 3283 si
2784 3228 2980 3285 fuerint
3023 3246 3205 3302 poma,
3253 3241 3346 3287 aut
3388 3235 3614 3306 legumi-

322 3326 376 3371 et
398 3317 746 3387 Benedictus,
784 3336 887 3377 nec
922 3339 1029 3377 non
1060 3323 1352 3392 Macarius,
1380 3335 1434 3381 et
1459 3329 1642 3383 caeteri
1663 3329 1775 3385 alii.

391 3409 501 3467 Sed
535 3412 664 3467 licet
687 3415 835 3468 omni
868 3424 1109 3487 tempore
1130 3418 1237 3471 vita
1266 3418 1638 3475 solitariorum
1671 3422 1913 3490 Quadra-

319 3503 540 3572 gesimte
579 3506 772 3562 debeat
804 3507 1237 3564 observationem
1273 3511 1506 3578 habere,
1560 3519 1743 3569 tamen
1780 3516 1909 3586 quia

318 3592 617 3665 paucorum
645 3608 730 3653 est
758 3599 862 3654 ista
890 3601 1090 3668 virtus,
1124 3602 1244 3658 ideo
1288 3604 1577 3660 suademus
1620 3606 1752 3676 ipsis
1795 3606 1911 3663 die-

315 3686 417 3740 hns
439 3686 882 3759 Quadragesima:
905 3698 1053 3751 omni
1079 3699 1317 3769 puritate
1349 3701 1515 3755 vitam
1544 3718 1697 3756 suam
1727 3712 1908 3759 custo-

318 3778 461 3845 dire,
489 3796 680 3839 omnes
707 3788 919 3856 pariter
945 3791 1300 3862 negligentias
1336 3795 1563 3850 aliorum
1600 3805 1904 3868 temporum

317 3868 401 3924 his
427 3870 620 3928 diebus
650 3879 853 3934 sanctis
877 3880 1100 3938 diluere.
1126 3882 1279 3951 Quod
1303 3892 1429 3942 tunc
1457 3887 1617 3958 digne
1640 3888 1700 3942 lit
1718 3930 1733 3956 ,
1761 3889 1808 3946 si
1838 3891 1906 3947 ab

316 3963 571 4019 omnibus
596 3965 745 4023 vitiis
772 3985 870 4026 nos
902 3980 1300 4043 temperemus;
1330 3977 1562 4033 orationi
1601 3994 1724 4035 cum
1764 3978 1904 4037 ﬂeti-

314 4050 437 4121 bus,
469 4054 688 4113 lectioni
719 4069 774 4115 et
800 4068 1201 4135 compunctioni
1225 4071 1406 4126 cordis
1441 4081 1603 4141 atque
1624 4074 1903 4130 abstinen-

317 4144 405 4200 tia:
425 4161 649 4215 operam
674 4151 880 4210 demus.
900 4156 1042 4228 Ergo
1065 4160 1150 4214 his
1167 4160 1357 4216 diebus
1378 4178 1672 4235 augeamus
1697 4165 1902 4238 aliquid

315 4233 382 4286 ad
412 4250 642 4305 pensum
673 4239 888 4296 solitum
914 4246 1191 4302 servitutis
1216 4259 1418 4305 nostra:
1435 4233 1470 4317 ,⁷
1490 4253 1767 4310 orationes
1793 4233 1904 4325 pe-

317 4325 570 4395 culiares,
601 4331 845 4386 ciborum
877 4341 932 4388 et
975 4345 1135 4406 potus
1178 4340 1598 4412 abstinentiam;
1629 4357 1689 4401 ut
1731 4363 1903 4403 unus-

320 4417 547 4488 quisque
567 4435 730 4491 super
756 4438 1063 4481 mensuram
1092 4429 1193 4484 sibi
1234 4431 1493 4488 iudictam
1532 4436 1736 4506 aliquid
1778 4455 1901 4494 cum

259 4525 277 4541 ν
313 4510 533 4579 propria
561 4513 838 4572 voluntate
878 4527 934 4572 et
959 4521 1154 4589 gaudio
1199 4523 1376 4578 sancti
1426 4525 1663 4595 Spiritus
1706 4527 1901 4584 offerat

314 4599 423 4655 Deo
452 4619 467 4655 :
502 4602 556 4656 id
584 4611 689 4669 est,
718 4607 1000 4663 subtrahat
1024 4613 1236 4681 corpori
1269 4629 1368 4667 suo
1394 4614 1461 4668 de
1489 4616 1610 4671 cibo
1640 4626 1695 4671 et
1733 4628 1862 4688 potu
1881 4662 1896 4688 ,

313 4691 379 4746 de
413 4709 608 4750 somno
646 4710 701 4753 et
736 4701 951 4769 quiete,
982 4703 1048 4759 de
1080 4705 1409 4775 loquacitate
1436 4717 1491 4764 et
1530 4711 1898 4781 scurrilitate;

314 4797 367 4843 et
402 4807 529 4847 cum
569 4796 866 4865 spiritualis
903 4800 1157 4857 desiderii
1187 4804 1384 4874 gaudio
1412 4816 1662 4862 sanctum
1687 4808 1897 4865 Pascha

314 4894 612 4953 exspectet.

382 4973 588 5030 Deinde
619 4980 766 5034 omni
795 4989 1067 5052 tempore,
1097 4986 1211 5042 sive
1252 4990 1499 5058 prandii,
1537 4992 1653 5048 sive
1691 5006 1894 5061 coenae,

1975 3332 1978 3335 λ
2017 3329 2146 3369 num
2176 3319 2476 3384 nascentia,
2509 3319 2740 3375 addatur
2778 3329 2833 3376 et
2865 3323 3107 3378 tertium.
3141 3324 3309 3380 Cibus
3334 3333 3515 3380 autem
3544 3326 3610 3380 il-

2015 3402 2188 3459 lorum
2210 3405 2332 3461 talis
2357 3406 2428 3461 sit
2452 3425 2463 3460 :
2492 3408 2780 3478 aliquando
2801 3411 2950 3466 olera
2971 3419 3025 3467 et
3048 3412 3338 3484 legumina,
3368 3414 3613 3484 aliquan-

2013 3494 2082 3549 do
2119 3511 2337 3551 caseum
2365 3506 2419 3551 et
2451 3514 2554 3553 ova
2580 3542 2594 3565 ,
2622 3500 3004 3571 interdumque
3026 3504 3318 3571 pisciculos
3337 3520 3437 3573 pro
3460 3521 3609 3561 sum-

2010 3585 2115 3639 mis
2140 3586 2347 3641 deliciis
2376 3588 2598 3643 ducant.
2637 3590 2907 3659 Quidquid
2932 3593 3101 3658 enim,
3137 3595 3313 3664 inquit
3342 3594 3606 3668 Hierony-

2009 3689 2153 3740 mus,
2173 3684 2299 3744 post
2332 3676 2511 3745 gulam
2538 3694 2646 3733 non
2677 3681 2931 3747 sentitur,
2964 3682 3108 3738 idem
3140 3684 3235 3738 tibi
3274 3686 3419 3755 quod
3447 3691 3606 3758 panis
3643 3751 3647 3755 ‘

2007 3773 2064 3819 et
2090 3764 2382 3837 legumina.
2415 3768 2577 3824 Panis
2605 3778 2783 3825 autem
2831 3772 2968 3827 libra
3016 3789 3124 3829 una
3163 3792 3433 3848 propensa
3461 3780 3607 3834 sum-

2006 3856 2117 3911 ciat
2158 3857 2211 3911 in
2244 3858 2355 3925 die,
2401 3862 2516 3915 sive
2561 3878 2665 3917 una
2717 3863 2787 3918 sit
2833 3863 3078 3931 refectio,
3122 3868 3236 3923 sive
3295 3871 3506 3939 prandii
3550 3883 3607 3930 et

2008 3963 2195 4004 ciente.
2232 3949 2370 4006 Sunt
2398 3954 2542 4008 enim
2571 3956 2662 4023 qui
2696 3955 2839 4025 plus,
2871 3967 2925 4012 et
2970 3970 3096 4014 sunt
3123 3963 3217 4031 qui
3259 3963 3439 4019 minus
3465 3966 3606 4021 indi-

2007 4050 2135 4114 gent
2162 4059 2176 4104 ;
2200 4044 2325 4113 quia
2350 4059 2450 4101 nec
2470 4047 2637 4102 robur
2659 4063 2826 4102 unum
2849 4050 2991 4106 inest
3010 4055 3222 4109 cunctis
3243 4057 3598 4125 corporibus:

2005 4142 2060 4188 et
2090 4134 2211 4189 ideo
2240 4135 2305 4190 de
2329 4137 2574 4192 ciborum
2602 4139 2863 4210 qualitate
2891 4150 2946 4197 et
2975 4146 3278 4213 quantitate
3304 4163 3411 4203 non
3443 4148 3602 4206 facile

2004 4239 2035 4277 a
2060 4225 2215 4280 nobis
2241 4234 2456 4296 oportet
2478 4227 2765 4298 disputari,
2792 4233 2916 4301 quia
2942 4249 3041 4290 nec
3068 4237 3135 4291 ab
3152 4237 3404 4294 omnibus
3424 4249 3603 4309 potest

2002 4315 2296 4374 uniformis
2344 4319 2527 4390 regula
2570 4322 2850 4376 custodiri.
2902 4323 3106 4380 Tamen
3152 4329 3474 4384 studendum
3517 4339 3603 4386 est

2003 4416 2067 4461 ut
2096 4423 2202 4463 non
2230 4424 2445 4479 semper
2473 4413 2734 4467 saturitas
2759 4414 2952 4468 edendi
2982 4414 3142 4470 tinem
3171 4416 3355 4485 faciat,
3381 4422 3476 4476 sed
3505 4438 3609 4477 γο-

2004 4497 2226 4565 luntas;
2280 4515 2382 4556 nec
2432 4501 2656 4572 impleat
2705 4504 2915 4558 ventris
2962 4505 3301 4561 saturitatem
3330 4509 3593 4577 edacitas,

1923 4567 1977 4625 Ῑ)
2003 4591 2098 4645 sed
2143 4593 2468 4662 comprimat
2508 4567 2776 4665 parcitas.
2835 4595 2986 4652 Unde
3020 4598 3097 4652 ait
3146 4597 3472 4669 Apostolus:
3524 4567 3597 4658 Et

2000 4685 2176 4737 carnis
2203 4701 2387 4738 curam
2415 4702 2479 4739 ne
2498 4686 2729 4755 feceritis
2761 4687 2816 4741 in
2836 4686 3111 4742 desideriis
3136 4687 3311 4758 (Rom.
3336 4707 3454 4757 xm,
3480 4692 3590 4764 l4).

2000 4772 2117 4827 Non
2147 4774 2292 4828 enim
2335 4775 2518 4829 carnis
2548 4791 2735 4830 curam
2787 4778 3114 4833 omnimodis
3165 4779 3465 4848 interdixit,
3499 4784 3593 4839 sed

1999 4873 2060 4919 ut
2086 4865 2143 4919 in
2174 4865 2461 4922 desideriis
2491 4882 2560 4922 ne
2583 4867 2762 4933 fieret,
2790 4869 3085 4939 prohibuit.
3114 4869 3160 4923 Δ
3185 4873 3441 4929 carnibus
3463 4889 3592 4931 vero

1999 4963 2111 5011 tam
2170 4959 2581 5028 quadrupedum
2631 4975 2793 5029 quam
2845 4961 3126 5016 volucrum
3164 4964 3387 5019 omnino
3423 4966 3613 5041 absli-r

1995 5056 2164 5103 neant
2180 5089 2195 5114 ,
2211 5049 2313 5105 nisi
2339 5049 2477 5105 forte
2493 5051 2658 5121 aliqui
2686 5051 2739 5105 in
2760 5053 2910 5123 gravi
2931 5053 3251 5123 aegritudine
3272 5054 3475 5112 fuerint
3500 5058 3590 5114 des

1995 5140 2152 5193 tenti.
2183 5140 2318 5210 Ipsis
2348 5142 2492 5198 enim
2514 5159 2615 5213 pro
2637 5143 2977 5212 reparatione
3002 5152 3207 5199 tantum
3237 5149 3586 5207 concedatur.

1993 5227 2143 5284 Illico
2169 5239 2347 5287 autem
2378 5243 2439 5289 ut
2467 5233 2758 5290 validiores
2800 5232 2979 5289 effecti
3012 5232 3232 5301 fuerint,
3262 5252 3293 5291 a
3333 5239 3590 5302 carnibus

1995 5335 2148 5378 more
2169 5323 2328 5380 solito
2346 5326 2670 5381 abstineant.
3564 5341 3570 5347 ‘

2575 5437 2804 5495 CAPUT
2834 5440 3016 5495 XLIV.

2495 5527 2574 5582 De
2596 5531 2814 5601 crapula
2837 5532 3090 5587 cavenda.

313 5079 438 5118 mox
479 5075 542 5120 ut
582 5073 922 5127 surrexerint
954 5090 984 5128 a
1013 5075 1347 5145 refectione,
1392 5082 1638 5151 sedeant,
1690 5085 1735 5140 si
1789 5086 1895 5142 duo

312 5154 518 5213 fuerint
561 5161 753 5229 simul,
796 5173 851 5221 et
882 5165 1029 5238 legat
1053 5186 1193 5227 unus
1235 5171 1564 5232 Collationes
1604 5178 1691 5233 vel
1740 5177 1895 5235 Vitas

310 5246 555 5316 Patrum,
577 5262 673 5309 aut
694 5264 839 5313 certe
869 5259 1070 5330 aliquid
1099 5265 1244 5320 unde
1266 5267 1620 5325 aedificentur.
1645 5272 1713 5326 Et
1738 5273 1895 5330 lectis

312 5351 548 5408 quatuor
567 5351 661 5398 aut
690 5347 928 5419 quinque
952 5351 1116 5420 foliis,
1143 5356 1226 5410 vel
1253 5371 1513 5427 quantum
1537 5363 1670 5418 hora
1691 5366 1894 5434 ρει-ιιιὶ-

311 5432 465 5497 serit,
495 5433 543 5488 si
570 5436 826 5493 meridies
854 5438 1037 5510 fuerit,
1062 5453 1156 5499 aut
1182 5448 1461 5516 paululum
1496 5452 1550 5506 in
1576 5432 1759 5511 stratis
1779 5459 1893 5514 suis

310 5524 674 5592 requiescant,
697 5536 791 5582 aut
811 5530 1025 5601 aliquod
1040 5548 1175 5603 opus
1197 5553 1454 5594 manuum
1477 5551 1656 5612 agant.
1678 5544 1735 5598 In
1759 5553 1894 5601 tem-

309 5628 443 5683 pore
470 5624 651 5671 autem
676 5618 864 5689 jejunii
894 5623 1123 5680 lectione
1162 5625 1298 5683 lecta
1322 5669 1336 5694 ,
1363 5630 1409 5684 si
1436 5645 1659 5701 vespera
1691 5633 1891 5702 fuerit,

311 5706 603 5763 confestim
626 5718 687 5765 ut
711 5728 741 5766 a
769 5713 997 5771 lectione
1018 5722 1376 5787 surrexerint,
1395 5723 1461 5778 ad
1482 5725 1892 5796 completorium

314 5800 700 5859 celebrandum
728 5809 962 5865 veniant.
996 5811 1265 5871 Excuntes
1287 5814 1464 5872 autem
1491 5833 1519 5870 a
1542 5820 1894 5891 completorio

2068 5640 2124 5695 lu
2151 5648 2411 5709 quantum
2438 5655 2567 5712 ergo
2607 5641 2832 5698 solitarii
2873 5654 3123 5715 possunt,
3170 5646 3390 5708 delicias
3417 5662 3473 5709 et
3498 5656 3581 5712 ci-

1997 5730 2188 5785 borum
2216 5729 2518 5799 opulentias
2549 5727 2748 5803 fugiant
2776 5751 2790 5797 ;
2823 5741 2878 5789 et
2903 5750 3011 5792 non
3035 5738 3207 5794 solum
3234 5756 3263 5794 a
3283 5745 3581 5814 cupiditate

1998 5823 2354 5894 pretiosorum
2384 5823 2650 5893 ciborum,
2677 5826 2767 5883 sed
2796 5826 2957 5884 etiam
2986 5846 3016 5886 a
3045 5831 3209 5886 nimia
3233 5837 3575 5906 perceptione
