3974 6192
364 362 468 422 635

1361 356 1420 413 S.
1461 349 1824 410 BENEDlCTl
1861 345 2155 402 ABBA'I‘IS
2192 340 2604 400 ANIANENSIS

3526 342 3634 402 63¢

364 477 552 532 vilium
580 489 641 532 se
669 474 1016 531 contineant:
1052 476 1259 525 remota
1289 482 1399 537 prae
1425 463 1676 520 omnibus
1705 462 1947 531 crapula,
1978 464 2028 522 Α
2054 456 2202 512 licite
2228 470 2288 511 se
2319 469 2534 525 semper
2559 453 2847 524 aspiciant,
2877 469 2945 509 ne
2988 454 3113 509 dum
3156 453 3295 526 gula:
3329 455 3521 511 vitium
3561 458 3638 513 fu-

365 577 427 622 ut
451 581 728 637 nunquam
758 563 1028 631 subripiat
1070 563 1153 615 eis
1201 558 1510 630 indigeries,
1540 556 1665 626 quia
1714 554 1848 610 nihil
1874 554 1954 608 sic

364 659 701 716 contrarium
739 664 824 711 est
851 654 999 710 omni
1048 651 1360 709 Christiano
1406 649 1677 719 quomodo
1706 647 1949 715 crapula.

367 751 521 807 Unde
552 750 810 805 Dominus
830 747 907 801 ait
934 765 947 800 :
996 743 1177 798 Videte
1198 760 1260 797 ne
1284 750 1567 813 graventur
1594 739 1756 793 corda
1783 747 1952 791 vestra

360 843 418 896 in
447 838 663 911 crapula
692 849 743 892 et
772 836 1017 891 ebrietate
1044 834 1195 906 (Luc.
1230 848 1343 895 xm,
1372 829 1484 903 54).
1533 828 1679 883 Nihil
1704 829 1847 882 enim
1871 826 1951 881 sic

366 930 662 985 inﬂammat
689 935 744 982 et
765 926 949 981 titillat
975 923 1216 978 membra
1240 920 1493 992 genitalia
1518 916 1787 988 quomodo
1810 915 1953 970 indi-

361 1028 546 1089 gestus
573 1019 724 1073 cibus
750 1025 1043 1083 ructusque
1069 1012 1383 1067 convulsus.
1416 1009 1568 1063 Esca:
1592 1008 1736 1062 enim
1770 1005 1951 1060 multa:

360 1123 468 1163 non
492 1108 663 1162 solum
686 1106 850 1160 corda
878 1112 1083 1167 nostra,
1108 1103 1205 1157 sed
1225 1101 1390 1154 etiam
1415 1114 1610 1168 corpus
1635 1105 1689 1152 et
1712 1097 1948 1151 animam

360 1198 663 1252 debilitant.
693 1195 847 1266 Stepe
871 1194 1014 1249 enim
1044 1208 1142 1262 per
1189 1191 1431 1246 ciborum
1475 1189 1785 1243 aviditatem
1832 1195 1949 1242 sto-

362 1286 539 1341 machi
568 1284 892 1355 franguntur
919 1282 1084 1347 vires,
1116 1288 1407 1345 necnonet
1426 1276 1808 1333 abundantiam
1831 1289 1952 1330 san-

361 1380 561 1449 guinis,
589 1389 641 1434 et
667 1378 960 1439 choleram,
1011 1384 1066 1430 et
1107 1375 1367 1444 plurimas
1406 1371 1754 1443 aegritudines
1795 1384 1951 1425 esca--

361 1488 481 1527 rum
519 1472 797 1526 nimietate
821 1470 1076 1539 patimur.
1103 1467 1310 1521 Idcirco
1342 1473 1549 1519 tantum
1577 1463 1756 1518 cibum
1787 1477 1949 1517 unus-

359 1565 590 1634 quisque
612 1563 715 1618 sibi
741 1560 1023 1623 concedat,
1047 1565 1307 1627 quantum
1334 1556 1655 1611 sustentatio
1681 1553 1948 1623 corporis,

360 1673 467 1712 non
519 1663 781 1725 quantum
829 1651 1152 1707 desiderium
1197 1650 1379 1704 carnis
1410 1647 1673 1717 exposcit.
1722 1645 1949 1716 Oportet

359 1750 542 1818 itaque
567 1754 621 1799 ut
649 1759 779 1799 caro
807 1750 993 1797 nostra
1024 1738 1269 1807 subjecta
1311 1739 1383 1793 sit
1419 1737 1613 1791 anima:
1641 1743 1862 1797 nostrae,
1894 1741 1951 1788 et

2054 546 2224 616 giunt,
2254 546 2309 600 in
2339 544 2647 613 superbiam
2673 554 2766 599 aut
2790 560 2985 601 vanam
3034 544 3261 615 gloriam
3285 545 3544 601 incidant.
3581 548 3641 602 Et

2054 649 2269 689 rursum
2313 634 2635 690 admonendi
2667 643 2813 699 sunt,
2845 643 2907 689 ut
2949 633 3334 689 abstinentiam
3383 651 3537 690 suam
3589 651 3642 694 et

2052 740 2268 795 semper
2304 725 2423 780 sine
2447 725 2884 780 intermutatione
2914 723 3246 790 custodiant,
3276 733 3330 780 et
3365 742 3642 797 nunquam

2052 815 2191 870 hanc
2236 816 2379 885 apud
2428 815 2698 870 occultum
2736 814 2974 884 judicent
3017 816 3231 870 eximia:
3265 817 3482 871 virtutis
3525 832 3644 872 ere-

2052 906 2184 959 dant
2208 920 2223 969 ;
2256 920 2324 958 ne
2351 903 2490 959 forte
2512 906 2693 976 magni
2716 906 2893 959 meriti
2916 920 2975 959 se
2996 921 3118 961 esse
3141 905 3387 960 testiman
3397 916 3497 972 tes,
3526 923 3649 962 cor—

2051 995 2118 1049 da
2148 996 2201 1050 in
2222 995 2513 1050 elationem
2539 995 2737 1050 levent.
2773 994 2865 1050 Sic
2895 997 3038 1050 enim
3068 1010 3295 1065 corpora
3322 1005 3528 1062 nostra,
3560 999 3647 1052 vel

2050 1090 2215 1143 etiam
2240 1104 2525 1159 corporum
2571 1087 2841 1143 incentiva
2884 1086 3064 1157 rigore
3099 1087 3444 1142 districtioris
3468 1089 3645 1143 absti-

2050 1179 2249 1236 nentiae
2285 1179 2632 1250 castigemus,
2661 1186 2770 1232 uta
2800 1178 3111 1234 carnalibus
3153 1178 3440 1234 desideriis
3484 1180 3642 1237 abso-

2048 1271 2168 1336 luti,
2197 1271 2403 1327 sanctis
2431 1269 2723 1325 virtutibus
2753 1268 3063 1324 ﬂoreamus.

2631 1360 2858 1417 CAPUT
2889 1361 3049 1417 XLV.

2406 1453 2485 1507 De
2510 1469 2757 1507 mensura
2782 1461 2933 1523 potus
2955 1451 3332 1507 solitariorum.

2120 1543 2378 1599 Eamdem
2409 1543 2608 1613 quippe
2652 1558 2963 1598 mensuram
3003 1551 3163 1612 potus
3211 1558 3374 1613 quam
3417 1554 3648 1600 sanctus

2048 1637 2381 1693 Benedictus
2406 1636 2689 1691 constituit
2713 1635 3015 1700 monachis,
3057 1634 3303 1690 eamdem
3334 1642 3390 1690 et
3417 1650 3515 1691 nos
3562 1637 3648 1689 in-

2051 1730 2328 1784 firmorum
2359 1736 2681 1784 contuentes
2709 1726 3129 1783 imbecillitatem
3151 1727 3527 1783 constituimus
3552 1742 3633 1781 so-

358 1840 500 1895 sicut
527 1837 721 1892 ancilla
746 1834 1035 1890 famuletur
1063 1832 1297 1887 dominae
1334 1846 1462 1885 suae.
1492 1828 1610 1897 Non
1638 1830 1784 1883 enim
1812 1828 1948 1883 bene
1974 1831 2022 1890 B
2051 1821 2263 1885 litariis.
2295 1820 2348 1875 id
2396 1828 2505 1885 est,
2539 1819 2831 1888 unicuique
2872 1818 3147 1873 heminam
3194 1818 3305 1873 vini
3350 1834 3445 1889 per
3472 1818 3647 1874 diem.

358 1944 645 2000 possumus
672 1926 914 1997 vigilare,
940 1938 1062 1979 cum
1092 1922 1323 1991 dapibus
1351 1919 1516 1975 fuerit
1542 1925 1734 1973 venter
1760 1927 1947 1972 noster

357 2028 636 2084 onustus;
694 2018 787 2074 sed
838 2030 1030 2071 somno
1077 2012 1322 2084 oppressi
1375 2010 1685 2079 vigiliarum
1737 2007 1946 2064 fructus

359 2108 677 2172 amittimus,
702 2114 758 2161 et
781 2105 1078 2159 maximum
1105 2102 1491 2157 detrimentum
1527 2098 1720 2152 animae
1746 2106 1945 2153 nostra:

359 2198 712 2269 acquirimus.
743 2194 879 2250 Nam
906 2194 1043 2250 sicut
1082 2192 1239 2247 miles
1259 2189 1493 2261 plurimo
1521 2202 1688 2242 onere
1712 2201 1944 2257 praegra-

359 2297 519 2345 vatur
543 2296 599 2343 et
622 2285 950 2358 prtepeditur
990 2284 1058 2338 ad
1082 2281 1305 2347 bellum,
1348 2280 1422 2335 ita
1466 2277 1793 2350 praepeditur
1817 2275 1943 2332 solio

360 2380 534 2435 larius
553 2378 621 2433 ad
647 2378 858 2449 vigilias
883 2392 1005 2432 eum
1028 2388 1277 2430 escarum
1306 2371 1556 2443 largitate
1576 2369 1852 2425 fervescit.

433 2470 541 2526 Sed
569 2478 624 2524 et
645 2468 890 2523 diabolus
930 2466 1224 2536 plurimum
1272 2463 1398 2518 inde
1437 2462 1650 2533 gaudet,
1696 2476 1821 2516 cum
1846 2460 1941 2515 Dei

356 2576 543 2617 servos
574 2560 770 2616 viderit
808 2558 975 2613 nimio
1014 2556 1136 2611 cibo
1177 2553 1427 2617 refertos,
1474 2553 1616 2607 sicut
1642 2550 1841 2620 legitur
1874 2550 1942 2605 de

356 2652 590 2722 quodam
616 2651 732 2705 viro
758 2647 1068 2710 venerabili,
1111 2654 1299 2702 sancto
1329 2643 1646 2699 Pbiliberto.
1693 2641 1793 2697 Hic
1816 2655 1941 2695 cum

357 2750 504 2798 esset
526 2743 581 2797 in
610 2742 842 2812 quodam
872 2737 1224 2802 monasterio,
1252 2744 1308 2791 et
1335 2734 1524 2806 iugum
1549 2734 1750 2789 Christi
1777 2746 1942 2788 suave

356 2842 413 2888 et
446 2849 583 2888 onus
625 2832 741 2900 ejus
776 2832 894 2886 leve
942 2829 1265 2898 susciperet,
1312 2828 1368 2882 in
1414 2835 1623 2880 tantum
1667 2823 1943 2895 religionis

361 2924 569 2978 cultum
608 2923 872 2985 excrevit,
894 2921 1135 2975 utetiam
1161 2919 1293 2973 viris
1321 2916 1737 2987 pcrfectioriLus
1762 2913 1818 2968 in
1841 2914 1942 2969 ab-

365 3016 625 3072 stinentia
650 3023 705 3068 et
730 3015 942 3069 caeteris
966 3013 1251 3067 virtutibus
1277 3009 1553 3063 imitabilis
1582 3007 1752 3062 fieret.
1783 3005 1944 3061 Cum-

356 3120 464 3174 que
514 3104 767 3172 antiquus
826 3103 998 3156 hostis
1049 3099 1165 3168 ejus
1211 3099 1472 3154 invideret
1531 3097 1936 3162 abstinentiam,

2047 1911 2253 1979 Quibus
2277 1919 2457 1966 autem
2487 1911 2650 1967 donat
2685 1910 2834 1965 Deus
2880 1910 3225 1965 tolerantiam
3269 1910 3648 1975 abstinentiae.

2044 2003 2321 2073 propriam
2347 2018 2406 2057 se
2436 2001 2720 2056 habituros
2744 2001 3051 2055 mercedem
3090 2000 3305 2055 sciant:
3340 1997 3651 2071 Unusquis-

2043 2110 2143 2164 que
2170 2094 2327 2159 enim,
2361 2101 2422 2147 ut
2462 2092 2540 2146 ait
2586 2090 2895 2160 Apostolus,
2937 2092 3209 2161 proprium
3260 2091 3453 2145 donum
3481 2092 3651 2147 habet

2042 2198 2108 2236 ea:
2129 2182 2262 2248 Deo,
2290 2181 2427 2236 alius
2454 2181 2663 2254 quidem
2693 2182 2787 2247 sic,
2816 2179 2954 2235 alius
2980 2197 3097 2235 vero
3116 2181 3192 2234 sic
3213 2179 3265 2253 (Ι
3288 2180 3410 2235 Cor.
3439 2198 3532 2248 vn,
3556 2183 3647 2255 7).

2045 2272 2198 2340 Quod
2229 2273 2275 2328 si
2322 2272 2429 2328 loci
2476 2273 2799 2338 necessitas,
2844 2270 2927 2326 vel
2978 2270 3155 2336 labor,
3210 2280 3303 2326 aut
3350 2270 3651 2329 infirmitas

2043 2363 2276 2433 amplius
2323 2362 2654 2433 poposcerit,
2703 2362 2758 2416 in
2806 2376 2995 2417 eorum
3045 2361 3309 2416 consistat
3364 2360 3645 2426 arbitrio;

2042 2455 2453 2510 considerantes
2484 2463 2668 2510 tamen
2696 2455 2749 2508 in
2778 2454 3030 2509 omnibus
3059 2469 3128 2509 ne
3168 2454 3249 2508 eis
3282 2454 3505 2510 satietas
3540 2465 3649 2509 aut.

2043 2544 2282 2599 ebrietas
2307 2545 2590 2615 subripiat.
2622 2544 2773 2599 Licet
2803 2544 2946 2599 enim
2974 2543 3218 2616 legamus
3253 2545 3435 2599 vinum
3460 2546 3647 2600 omni‘

2044 2649 2114 2689 no
2138 2635 2528 2690 monachorum
2559 2635 2641 2690 vel
2676 2635 3044 2690 solitariorum
3074 2651 3181 2690 non
3206 2652 3346 2702 esse,
3383 2637 3479 2693 sed
3502 2637 3641 2707 quia

2044 2726 2247 2781 nostris
2284 2726 2618 2797 temporibus
2646 2727 2701 2781 id
2745 2728 3028 2783 monachis
3073 2738 3167 2782 aut
3213 2728 3472 2784 solitariis
3510 2743 3646 2799 per-

2044 2819 2260 2875 suaderi
2303 2834 2410 2873 non
2439 2826 2638 2889 potest,
2684 2818 2876 2874 saltem
2906 2827 2962 2874 et
3010 2819 3115 2875 hoc
3148 2820 3552 2875 consentiamus
3576 2831 3645 2875 ut

2043 2925 2152 2965 non
2184 2924 2355 2979 usque
2392 2909 2461 2963 ad
2506 2909 2816 2963 satietatem
2854 2911 3062 2975 bibant,
3096 2910 3189 2966 sed
3239 2911 3473 2979 parcius,
3506 2912 3645 2981 quia

2044 2999 2230 3055 vinum
2260 3007 2571 3069 apostatare
2601 2998 2731 3054 facit
2771 3000 2935 3054 etiam
2985 3001 3276 3070 sapientes.
3311 3001 3415 3057 Ubi
3451 3010 3642 3057 autem

2043 3091 2341 3147 necessitas
2363 3092 2464 3147 loci
2493 3092 2755 3163 exposcit,
2783 3103 2844 3148 ut
2862 3109 2962 3149 nec
2988 3095 3356 3165 suprascripta
3379 3111 3644 3151 mensura

357 3168 588 3264 quadam
611 3168 698 3245 die
718 3190 952 3260 pulsavit
972 3190 1213 3244 animum
1238 3189 1382 3244 illius
1401 3197 1459 3242 ut
1486 3188 1745 3259 ampliora
1768 3203 1941 3243 sume.
1967 3168 2011 3231 C
2044 3181 2274 3236 inveniri
2303 3191 2506 3252 posset,
2535 3183 2628 3238 sed
2656 3182 2825 3237 multo
2867 3184 3064 3249 minus,
3099 3194 3192 3238 aut
3220 3200 3284 3239 ex
3320 3192 3434 3240 toto
3478 3185 3641 3251 nihil,

357 3289 444 3335 ret
468 3280 691 3334 cibaria.
725 3277 850 3332 Post
882 3278 998 3333 htec
1026 3293 1154 3332 vero
1178 3278 1233 3331 in
1256 3277 1369 3347 ipsa
1392 3285 1572 3341 nocte,
1601 3277 1728 3331 dum
1749 3275 1941 3332 fuisset

355 3370 479 3424 cibo
505 3378 799 3433 saturatas,
843 3376 972 3422 nutu
1023 3367 1120 3422 Dei
1161 3368 1407 3423 detectus
1460 3368 1714 3423 inimicus
1754 3376 1942 3423 sancto

356 3460 655 3517 i’hiliberto
681 3474 777 3531 per
804 3462 1073 3517 somnium
1117 3469 1199 3516 est
1239 3470 1509 3527 ostensus,
1541 3467 1597 3516 et
1621 3460 1788 3529 coepit
1813 3474 1943 3514 ven-

357 3560 495 3606 trem
525 3551 642 3621 ejus
671 3550 816 3605 velut
859 3551 1099 3622 gaudens
1146 3550 1365 3621 palpare
1412 3567 1477 3606 ac
1520 3550 1739 3607 dicere;
1788 3550 1942 3605 Modo

357 3639 448 3695 hic
472 3641 627 3704 bene,
661 3640 821 3694 modo
845 3640 933 3694 hic
956 3640 1113 3694 bene.
1156 3639 1308 3695 Tunc
1345 3640 1500 3695 miles
1538 3639 1750 3695 Domini
1777 3653 1943 3710 agno-

358 3744 516 3787 scens
560 3728 741 3798 jacula
794 3729 1021 3794 inimici,
1071 3730 1251 3786 crucis
1281 3745 1340 3785 se
1369 3729 1588 3784 vallavit
1617 3729 1938 3794 munimine,

358 3823 593 3894 rigorem
619 3821 957 3876 abstinentia:
984 3822 1236 3893 deinceps
1264 3823 1472 3878 studuit
1498 3822 1795 3892 triplicare.
1824 3822 1940 3890 Qua

356 3915 411 3970 in
438 3933 496 3971 re
523 3916 826 3970 ostenditur
852 3915 1103 3984 qualibus
1148 3916 1436 3986 quantisve
1481 3916 1799 3986 muscipulis
1828 3916 1942 3972 dia-

354 4006 514 4062 bolus
537 4006 632 4061 Dei
661 4022 846 4061 servos
872 4007 1170 4077 praepedire
1203 4008 1443 4075 molitur,
1472 4016 1733 4079 quantum
1754 4006 1822 4062 de
1851 4007 1939 4062 ni-

356 4095 466 4150 mia
496 4096 759 4150 edacitate
784 4094 1021 4156 laetatur.

426 4185 658 4254 Ideoque
691 4184 1003 4238 Studeamus
1027 4198 1127 4237 nos
1154 4184 1334 4239 taliter
1359 4185 1429 4240 ab
1446 4186 1587 4241 escis
1616 4194 1937 4257 temperare,

354 4283 418 4331 ut
466 4275 511 4330 si
563 4274 776 4344 quando
826 4274 1078 4330 inimicus
1104 4275 1171 4330 de
1224 4276 1389 4330 nimia
1441 4286 1628 4332 nostra
1674 4279 1940 4337 edacitate

356 4366 625 4423 exstiterit
659 4367 896 4435 gavisus,
921 4367 988 4422 de
1019 4376 1202 4422 nostra
1231 4368 1428 4422 iterum
1456 4370 1782 4426 abstinentia
1810 4372 1936 4428 abs-

356 4459 513 4514 cedat
560 4456 834 4513 confusus.
883 4456 1075 4513 Omnia
1123 4465 1303 4512 tamen
1357 4468 1667 4514 mensurate
1710 4468 1768 4515 et
1812 4477 1935 4517 cum

355 4550 679 4607 discretione
725 4550 894 4614 fiant;
941 4550 1067 4618 quia
1113 4550 1279 4604 nimia
1318 4551 1645 4605 abstinentia
1690 4552 1936 4608 ciborum

354 4658 461 4697 non
494 4641 669 4696 solum
698 4641 841 4695 vires
884 4640 1128 4711 corporis
1172 4640 1392 4712 frangit,
1436 4646 1528 4698 sed
1557 4643 1722 4698 etiam
1762 4645 1940 4700 inten-

356 4737 555 4792 tionem
584 4735 777 4790 animaa
820 4735 1031 4800 minuit,
1078 4736 1383 4806 mentisque
1430 4737 1702 4806 ingenium
1733 4752 1942 4794 marce-

354 4844 508 4883 scere
536 4827 683 4890 facit,
711 4834 766 4880 et
792 4825 1033 4895 vigorem
1057 4826 1321 4882 orationis
1343 4827 1561 4881 amittit.
1596 4826 1937 4897 Quapropter

354 4916 611 4986 quidquid
650 4931 771 4970 cum
808 4923 1230 4984 temperamento
1260 4915 1340 4981 fit,
1370 4917 1606 4972 salutare
1644 4926 1728 4972 est
1751 4934 1765 4983 ;
1791 4917 1935 4987 quod

355 5022 484 5061 vero
514 5006 676 5060 nimis
703 5015 757 5060 et
794 5006 934 5060 ultra
962 5009 1178 5070 modum
1208 5006 1286 5072 fit,
1324 5009 1683 5076 perniciosum
1710 5018 1793 5062 est
1822 5016 1936 5063 stu-

353 5097 608 5167 diumque
651 5112 804 5151 suum
834 5098 893 5165 in
939 5098 1270 5152 contrarium
1300 5099 1481 5152 vertit.
1523 5098 1674 5152 Unde
1715 5108 1937 5153 sanctus

351 5185 621 5243 Antonius
664 5187 836 5242 dixit:
883 5187 1019 5242 Sunt
1065 5188 1285 5258 quidam
1328 5195 1670 5243 conterentes
1709 5203 1935 5257 corpora

354 5295 452 5334 sua
482 5281 533 5334 in
577 5277 923 5344 abstinentia,
968 5288 1025 5333 et
1064 5280 1192 5349 quia
1232 5296 1340 5335 non
1384 5278 1692 5334 habuerunt
1731 5279 1936 5334 discre-

355 5371 576 5437 tionem,
609 5372 766 5443 longe
791 5372 914 5426 facti
940 5381 1066 5427 sunt
1100 5388 1131 5426 a
1168 5373 1295 5426 Deo.
1328 5372 1466 5427 llinc
1504 5373 1697 5426 beatus
1724 5371 1929 5439 Grego-

354 5461 467 5515 rius
489 5462 603 5515 ait:
637 5461 958 5532 Plerumque
1001 5463 1144 5517 enim
1173 5463 1297 5518 dum
1344 5464 1463 5533 plus
1507 5477 1668 5532 quium
1712 5477 1934 5517 necesse

355 5560 440 5606 est
462 5566 557 5621 per
597 5553 977 5608 abstinentiam
1010 5571 1138 5612 caro
1183 5558 1455 5622 atteritur,
1495 5555 1772 5611 humilitas
1802 5555 1934 5611 foris

355 5642 678 5707 ostenditur,
704 5643 798 5698 sed
820 5644 886 5698 de
913 5644 1015 5699 hac
1036 5645 1151 5715 ipsa
1187 5646 1487 5701 humilitate
1527 5644 1762 5716 graviter
1790 5646 1936 5700 intus

357 5733 531 5801 super?
558 5732 682 5787 itur.
712 5732 835 5791 Ideo
863 5735 1177 5791 admonendi
1201 5747 1323 5792 sunt
1354 5738 1705 5804 abstinentes,
1741 5746 1797 5791 ut
1826 5736 1933 5791 sol-

1960 4513 2014 4572 D

2041 3273 2366 3330 benedicant
2410 3276 2578 3331 Deum
2606 3277 2699 3346 qui
2746 3276 2820 3331 ibi
2861 3277 3130 3343 habitant,
3175 3284 3230 3332 et
3279 3293 3383 3332 non
3428 3278 3643 3332 contri—

2043 3373 2294 3433 stentur;
2344 3367 2438 3422 sed
2490 3370 2781 3440 gaudeant,
2830 3384 2896 3424 eo
2943 3369 3088 3439 quod
3126 3385 3157 3423 a
3209 3368 3299 3422 tali
3330 3376 3480 3439 peste
3508 3378 3647 3423 sunt

2041 3456 2275 3513 liberati.
2336 3458 2464 3513 Haec
2511 3468 2690 3514 autem
2739 3468 2866 3516 ante
2920 3460 3102 3515 omnia
3153 3460 3531 3522 admonentes,
3576 3469 3645 3516 ut

2041 3548 2244 3618 absque
2270 3551 2785 3607 murmurationibus
2814 3551 2941 3606 sint.

2114 3644 2192 3699 De
2224 3644 2350 3698 vino
2375 3652 2556 3699 autem
2592 3645 2914 3700 abstinendo
2951 3644 3243 3715 Apostolus
3280 3654 3486 3701 certam
3519 3646 3643 3699 fixit

2042 3733 2303 3803 regulam,
2345 3733 2572 3789 dicens:
2631 3733 2810 3820 Nolite
2850 3736 3103 3790 inebriari
3135 3737 3273 3801 vino,
3326 3738 3382 3789 in
3410 3753 3513 3806 quo
3558 3746 3640 3789 est

2041 3823 2256 3880 luxuria
2282 3823 2497 3897 (Ephes.
2522 3841 2575 3892 v,
2609 3824 2719 3898 18).
2753 3825 2916 3893 Quasi
2944 3826 3171 3892 diceret,
3204 3827 3473 3882 luxuriam
3503 3826 3639 3882 facit

2041 3925 2096 3971 et
2123 3916 2296 3971 nutrit
2322 3915 2433 3971 vini
2462 3916 2738 3987 perceptio
2772 3918 2963 3983 nimia,
3012 3933 3118 3973 non
3155 3927 3370 3972 natura.
3403 3919 3472 3972 Et
3513 3919 3640 3974 ideo

2041 4011 2312 4067 solilarios
2334 4027 2441 4066 non
2464 4011 2543 4065 uti
2566 4010 2715 4076 vino,
2745 4008 2839 4064 sed
2862 4009 3117 4063 inebriari
3141 4009 3402 4080 prohibeo
3423 4025 3437 4073 ;
3462 4025 3640 4078 quan-

2040 4100 2327 4171 doquidem
2357 4099 2631 4155 infirmum
2658 4101 2995 4155 stomachum
3025 4116 3155 4155 usus
3184 4100 3495 4155 moderatus
3522 4100 3637 4154 vini

2042 4191 2337 4256 confortat,
2369 4191 2605 4247 ebrietas
2634 4205 2765 4245 vero
2806 4191 3043 4246 animum
3093 4206 3396 4262 corpusque
3441 4191 3637 4246 debili-

2040 4288 2140 4336 tat.
2178 4280 2421 4350 Denique
2450 4280 2733 4336 Timotheo
2758 4280 3021 4355 discipulo
3063 4296 3162 4336 suo
3207 4280 3450 4351 prmcipit
3489 4279 3637 4350 Apo-

2041 4371 2210 4427 stolus
2240 4370 2463 4426 dicens:
2499 4369 2628 4424 Noli
2656 4387 2849 4443 aquam
2891 4370 3102 4434 bibere;
3140 4371 3230 4425 sed
3265 4370 3468 4425 modico
3507 4373 3628 4426 riuo

2041 4471 2204 4528 utere,
2237 4469 2447 4532 propter
2470 4461 2727 4515 stomachi
2747 4458 2980 4515 dolorem
3010 4470 3058 4514 et
3095 4471 3304 4532 propter
3334 4460 3634 4531 frequentes

2041 4561 2158 4606 tuas
2206 4550 2536 4621 inﬁrmitates
2584 4547 2635 4622 (Ι
2665 4549 2799 4605 Tim.
2835 4568 2888 4617 v,
2919 4550 3034 4623 23).
3083 4552 3162 4606 Ac
3203 4567 3298 4622 per
3344 4552 3448 4607 hoc
3495 4549 3632 4606 nihil

2041 4651 2232 4697 contra
2284 4641 2667 4696 abstinentiam
2719 4640 2943 4707 faciunt,
2998 4642 3091 4712 qui
3135 4643 3319 4696 vinum
3368 4658 3473 4697 non
3530 4658 3632 4713 pro

2041 4733 2328 4798 ebrietate,
2352 4732 2447 4788 sed
2474 4740 2683 4787 tantum
2711 4749 2810 4804 pro
2835 4735 3079 4805 corporis
3099 4733 3272 4789 salute
3294 4734 3627 4803 percipiunt;

2037 4843 2139 4883 nec
2162 4828 2267 4883 hoc
2299 4828 2380 4882 eis
2405 4826 2563 4882 oﬂ'ert
2592 4828 2866 4892 voluntas,
2900 4828 2993 4883 sed
3026 4828 3293 4897 permittit
3318 4826 3624 4881 infirmitas.

2040 4918 2099 4974 Si
2137 4927 2318 4973 autem
2353 4918 2643 4973 infirmitas
2684 4917 2936 4985 defuerit,
2980 4934 3010 4972 a
3054 4918 3183 4972 vino
3226 4928 3309 4972 est
3351 4918 3629 4973 abstinen-

2034 5011 2192 5075 dum;
2222 5026 2292 5064 ne
2310 5010 2420 5064 vini
2441 5009 2740 5079 perceptio,
2762 5024 2880 5078 quzc
2903 5006 3171 5063 inﬁrmum
3197 5023 3395 5077 corpus
3415 5015 3627 5061 susten-

2033 5108 2130 5165 tat,
2162 5114 2354 5155 sanum
2396 5100 2666 5155 incendat.
2701 5097 2963 5165 Quoniam
3011 5097 3226 5167 quidem
3276 5099 3406 5152 vino
3447 5096 3525 5149 uti
3571 5104 3625 5147 et

2033 5194 2154 5248 usui
2177 5192 2378 5248 habere
2411 5191 2585 5246 oleum
2630 5189 2809 5244 nullus
2839 5188 3037 5243 dixerit
3062 5202 3182 5242 esse
3209 5193 3488 5256 peccatum
3515 5200 3528 5248 ;
3571 5183 3621 5236 in

2032 5286 2121 5340 bis
2151 5291 2330 5338 autem
2375 5280 2684 5351 regionibus
2721 5278 2813 5334 ubi
2845 5276 3080 5333 defuerit
3121 5276 3322 5340 oleum,
3354 5274 3399 5328 si
3443 5288 3623 5328 neces-

2036 5377 2168 5432 sitas
2202 5373 2523 5445 exposcerit,
2556 5371 2715 5440 adipe
2746 5378 2971 5424 utantur
3001 5368 3291 5424 interdum.

2601 5462 2827 5519 CAPUT
2871 5461 3050 5517 XLVI.

2164 5556 2238 5609 De
2266 5556 2512 5608 ebrietate
2542 5553 2793 5617 cavenda,
2822 5560 2869 5605 et
2894 5551 2958 5605 de
2995 5550 3151 5605 laude
3177 5551 3494 5604 sobrietatis.

2113 5646 2252 5700 Ante
2280 5645 2461 5702 omnia
2502 5653 2683 5699 autem
2713 5642 2993 5697 ebrietatis
3034 5641 3222 5696 vitium
3267 5642 3495 5696 solitarii
3528 5658 3615 5693 ra-

2043 5745 2222 5803 veant,
2262 5736 2388 5804 quia
2429 5735 2687 5806 scriptum
2719 5741 2836 5788 est:
2882 5730 3050 5787 Homo
3080 5731 3313 5786 ebriosus
3347 5748 3519 5787 snt-ns
3546 5738 3615 5784 est
