3974 6192
338 366 445 423 637

976 362 1205 420 coosx
1239 332 1698 423 nechAuuu.
1736 397 1807 408 -
1844 362 2025 423 rans
2064 368 2127 423 u.
2167 364 2476 428 uncum:
2513 367 2618 426 rp.
2661 371 2936 429 ORlEN'l‘.

3478 334 3585 438 653.

339 480 572 534 omnium
620 478 885 533 vitiorum.
932 474 1147 532 Nullum
1191 480 1335 533 enim
1364 488 1646 549 peccatum
1692 480 1909 535 vincere
1937 480 1985 540 A
2012 481 2137 550 quia
2167 482 2254 535 vir
2282 481 2370 538 ille
2406 491 2551 538 esset
2583 484 2648 538 de
2694 483 2918 549 deliciis,
2947 501 3012 540 ex
3056 488 3162 543 hoc
3198 490 3340 558 quod
3369 491 3510 547 Deus
3537 496 3589 549 ei

338 568 504 633 valet,
531 566 620 635 qui
652 565 821 621 multo
845 567 972 622 vino
992 576 1179 639 captus
1216 577 1317 625 est.
1366 568 1517 625 Unde
1547 569 1801 624 Salomon
1831 569 1914 624 di-

336 660 418 712 xit
442 674 457 712 :
485 657 781 712 Luxuriosa
796 675 878 713 res
899 661 1097 725 vinum,
1112 670 1159 714 et
1181 660 1504 717 tumultuosa
1524 663 1778 728 ebrietas;
1798 664 1915 731 qui-

332 766 541 821 cunque
559 752 613 804 in
630 750 712 804 Itis
730 749 1036 816 delectatur,
1058 768 1160 805 non
1181 754 1274 805 erit
1288 754 1494 822 sapiens
1518 751 1700 825 (Prov.
1726 766 1817 817 xx,
1836 751 1909 825 1).

334 842 401 896 Et
424 842 624 896 iterum
651 858 663 893 :
708 840 832 894 Non
866 842 1117 894 intueoris
1154 842 1208 894 in
1236 842 1352 895 vino
1374 842 1633 912 quomodo
1658 841 1912 910 ﬂavescit,

332 935 462 989 dum
490 933 810 1005 splenduerit
836 934 891 986 in
914 934 1041 986 vitro
1063 932 1207 986 color
1230 934 1363 1003 ejus,
1386 933 1679 1004 ingreditur
1702 933 1911 1000 blande,

334 1029 426 1082 sed
452 1027 730 1081 novissime
777 1025 1031 1079 mordebit
1057 1033 1113 1078 ut
1154 1023 1406 1091 coluber;
1436 1034 1483 1080 et
1525 1027 1660 1080 sicut
1706 1025 1915 1096 regulus

330 1134 588 1172 venenum
632 1115 890 1186 diﬂ‘undet
941 1114 1439 1187 (Prov-xxm,5l).
1482 1115 1704 1169 Nullum
1750 1131 1918 1169 secre-

333 1218 448 1262 tunt
495 1216 589 1269 est,
629 1207 715 1261 ubi
766 1207 986 1260 ebrietas
1031 1214 1211 1275 regnat
1255 1205 1436 1277 (Prov.
1477 1222 1626 1270 xxxx,
1653 1206 1728 1276 4).
1779 1205 1918 1262 Hinc

332 1299 530 1353 beatus
553 1297 909 1367 Hieronymus
934 1296 1046 1351 ait:
1081 1296 1328 1351 Ebrietas
1353 1311 1568 1366 semper
1591 1296 1916 1369 ﬂagitiorum

333 1399 517 1445 mater
563 1398 666 1454 est,
699 1388 852 1443 radix
884 1388 1194 1453 criminum,
1240 1388 1467 1443 materia
1512 1388 1815 1458 culparum,
1863 1399 1919 1445 et

333 1480 491 1549 origo
512 1479 752 1532 omnium
775 1476 1047 1532 vitiorum.
1087 1475 1287 1530 Venter
1325 1477 1468 1531 enim
1499 1492 1650 1532 mero
1682 1486 1919 1534 aestuans

329 1570 448 1624 cito
488 1568 774 1638 despumat
816 1567 871 1620 in
908 1566 1177 1622 libidines.
1231 1566 1571 1638 Quapropter
1596 1568 1918 1625 ebrietatem

334 1658 624 1730 fugiamus,
649 1672 718 1712 ne
754 1658 961 1712 crimen
990 1656 1218 1713 luxuriae
1264 1656 1624 1712 incurramus.
1669 1658 1920 1727 Plerique

2015 573 2250 628 donabat
2279 574 2527 628 mittebat
2561 575 2631 629 ei.
2666 575 2767 641 Qui
2791 590 2913 629 cum
2939 576 3124 647 viginti
3153 580 3389 649 quinque
3416 598 3588 639 annos

2015 659 2233 716 fecisset
2252 663 2303 715 in
2329 661 2484 727 Sciti,
2500 662 2672 717 factus
2686 672 2765 716 est
2790 664 2872 717 vir
2884 666 3271 735 contemplator
3287 670 3587 736 praevidens

2015 758 2070 804 et
2097 751 2575 806 nominatissimus.
2625 752 2863 807 Audiens
2909 762 3088 808 autem
3115 756 3330 825 quidam
3365 759 3431 813 de
3479 777 3595 815 ma-

2015 843 2136 911 gnis
2179 844 2461 898 monachis
2507 843 2883 914 [Egypliorum
2929 847 3232 915 opinionem
3264 850 3403 919 ejus,
3447 855 3597 907 venit

2013 933 2199 987 videre
2221 948 2366 998 eum,
2393 948 2617 1002 sperans
2644 937 3105 991 conversationem
3146 941 3481 1010 corporalem
3511 944 3595 996 in-

2013 1025 2198 1079 venire
2226 1025 2365 1094 apud
2393 1040 2517 1078 eum
2559 1025 2678 1094 plus
2709 1026 2952 1079 arduam.
3007 1028 3107 1093 Qui
3152 1045 3275 1083 cum
3320 1031 3594 1099 intrasset,

2015 1114 2269 1169 salutavit
2310 1130 2454 1179 eum,
2486 1122 2542 1168 et
2571 1114 2827 1169 facientes
2855 1116 3156 1170 orationem
3188 1118 3458 1173 sederunt.
3500 1122 3597 1176 Vi-

2017 1207 2152 1261 dens
2180 1214 2360 1261 autem
2389 1220 2512 1260 eum
2543 1204 2831 1277 Egyptins
2858 1209 3110 1262 vestitum
3138 1209 3385 1266 mollibus
3413 1212 3594 1277 rebus,

2015 1303 2072 1352 et
2114 1296 2307 1367 pellem
2363 1304 2590 1349 stratam
2641 1296 2741 1350 sub
2792 1296 2930 1366 ipso,
2969 1304 3024 1350 et
3060 1298 3328 1352 modicum
3368 1301 3597 1370 capitale

2017 1387 2117 1443 sub
2142 1393 2304 1455 caput
2333 1384 2471 1454 ejus,
2496 1385 2589 1439 sed
2618 1394 2672 1438 et
2708 1387 2870 1455 pedes
2892 1387 3121 1441 mundos
3148 1388 3435 1443 habentem
3475 1405 3597 1443 cum

2017 1478 2300 1549 galliculis,
2332 1477 2728 1532 scandalizatus
2757 1484 2841 1531 est
2887 1477 3028 1532 intra
3073 1493 3131 1533 se
3159 1479 3224 1532 de
3267 1494 3350 1544 eo,
3383 1479 3508 1549 quia
3540 1480 3595 1534 in

2016 1573 2109 1628 illo
2137 1572 2255 1626 loco
2303 1585 2409 1625 non
2450 1578 2571 1624 erat
2612 1569 2945 1625 consuetudo
2990 1571 3173 1625 taliter
3221 1571 3595 1637 conversandi,

2018 1662 2111 1717 sed
2135 1661 2307 1731 magis
2331 1660 2519 1715 duram
2548 1659 2930 1715 abstinentiam
2955 1660 3156 1715 habere
3184 1671 3595 1716 consueverant.

334 1747 589 1802 homines
616 1761 713 1817 per
735 1747 918 1801 vinum
965 1747 1259 1802 maximam
1304 1746 1634 1801 debilitatem
1676 1749 1922 1818 corporis
1949 1819 1980 1822 _
2020 1752 2197 1808 Senex
2226 1758 2407 1805 autem
2432 1750 2520 1805 ille
2551 1750 2824 1805 Romanus
2843 1751 3048 1806 habens
3069 1752 3596 1822 contemplationem,

330 1842 724 1891 contraxerunt
753 1875 769 1899 .
826 1849 928 1890 nec
975 1842 1269 1905 potuerunt
1321 1835 1581 1904 consequi
1632 1837 1918 1906 pristinam
1946 1819 1994 1879 Β
2020 1844 2133 1899 sive
2155 1842 2516 1914 praevidentiae
2538 1843 2787 1911 gratiam,
2814 1843 3079 1898 intellexit
3101 1844 3227 1914 quia
3268 1819 3602 1899 scandaliza-

332 1925 646 1986 sanitatem,
676 1923 801 1992 quia
844 1937 949 1977 non
993 1931 1433 1992 temperaverunt
1471 1923 1608 1993 gulae
1645 1925 1915 1980 ardorem.

332 2017 444 2072 Per
481 2015 832 2070 vinolentiam
858 2017 1002 2070 enim
1047 2025 1294 2070 armatur
1333 2030 1396 2070 os
1438 2017 1504 2070 ad
1553 2016 1837 2072 maledicta
1865 2025 1921 2072 et

328 2107 587 2163 convicia
631 2107 1020 2177 proximorum,
1066 2114 1123 2161 et
1178 2122 1335 2162 mens
1390 2107 1709 2163 immolatur
1756 2118 1919 2181 atque

330 2198 568 2253 balbutit
606 2197 805 2268 lingua.
854 2197 1169 2265 Hujusmodi
1195 2199 1341 2253 enim
1366 2199 1452 2253 vir
1495 2215 1617 2255 cum
1663 2215 1723 2255 se
1765 2209 1920 2272 putat

330 2292 544 2356 bibere,
592 2289 833 2355 bibitur;
884 2290 1023 2344 sicut
1070 2290 1236 2359 piscis
1281 2305 1404 2346 cum
1450 2292 1624 2347 avidis
1671 2291 1918 2347 faucibus

331 2389 592 2453 properat
616 2388 675 2436 ut
699 2382 890 2453 glutiat
918 2396 1115 2446 escam,
1143 2390 1365 2452 repente
1390 2383 1611 2437 hamum
1638 2384 1782 2439 inter
1799 2383 1917 2438 fau-

330 2492 426 2532 ces
457 2476 677 2545 reperit,
706 2475 781 2530 ita
811 2483 866 2530 et
889 2475 1134 2531 ebriosus
1163 2476 1439 2530 inimicum
1474 2476 1617 2530 intra
1646 2491 1704 2530 se
1731 2477 1917 2531 vinum

332 2566 585 2635 suscipit,
618 2572 689 2630 et,
719 2565 822 2619 heu
847 2566 861 2619 l
908 2566 1072 2620 homo
1098 2565 1434 2620 rationabilis
1462 2572 1523 2619 ut
1550 2564 1917 2620 irrationabile

330 2659 536 2713 animal
559 2660 788 2728 capitur.
820 2657 965 2713 Nihil
1001 2666 1084 2714 est
1112 2659 1254 2713 aliud
1279 2659 1517 2714 ebrietas
1545 2674 1707 2729 quam
1743 2659 1917 2714 mani-

331 2747 659 2804 festissimus
685 2748 916 2804 daemon.
941 2747 1147 2803 Idcirco
1169 2763 1277 2802 non
1302 2757 1559 2818 quantum
1583 2747 1707 2818 gula
1726 2748 1913 2818 exigit,

332 2842 431 2897 sed
479 2850 736 2911 quantum
766 2848 971 2896 natura:
1022 2840 1361 2895 imbecillitas
1403 2839 1599 2909 poscit,
1645 2839 1912 2895 bibamus.

333 2931 535 2985 Vinum
563 2933 704 2987 enim
732 2931 887 2986 nobis
929 2930 1189 2985 Dominus
1212 2945 1318 2984 non
1343 2929 1410 2983 ad
1435 2930 1779 2995 ebrietatem,
1820 2930 1916 2984 sed

332 3024 406 3078 ad
434 3023 675 3078 laetitiam
696 3020 872 3077 cordis
896 3021 1118 3077 creavit.
1145 3020 1277 3074 Nam
1313 3021 1454 3075 sicut
1480 3020 1714 3076 ebrietas
1738 3029 1917 3076 mater

333 3120 419 3167 est
439 3112 680 3166 omnium
702 3112 978 3177 vitiorum,
995 3111 1069 3165 ita
1093 3110 1359 3165 sobrietas
1377 3117 1553 3165 mater
1573 3118 1655 3166 est
1674 3112 1913 3166 omnium

332 3201 616 3254 virtutum.
663 3198 938 3254 Sobrietas
977 3199 1172 3268 quippe
1217 3206 1301 3252 est
1344 3198 1586 3272 corporis
1621 3204 1677 3253 et
1723 3198 1916 3252 anima:

334 3288 489 3343 utilis
518 3288 800 3342 medicina.
837 3287 1131 3343 Conservat
1174 3296 1350 3343 autem
1394 3289 1735 3354 memoriam,
1772 3290 1917 3345 acuit

334 3396 578 3446 sensum,
606 3380 840 3436 sineerat
866 3378 982 3452 (sic)
1010 3389 1263 3446 mentem,
1290 3382 1501 3453 mitigat
1522 3384 1676 3447 vitia,
1718 3383 1917 3455 frangit

330 3471 634 3537 libidinem,
660 3481 920 3542 propagat
948 3481 1301 3537 senectutem,
1321 3474 1527 3527 revelat
1546 3475 1710 3530 divini
1734 3491 1918 3530 sacra—

334 3564 502 3617 menti
526 3578 747 3622 arcana.
774 3572 934 3633 atque
974 3573 1205 3619 stantem
1257 3573 1310 3618 et
1355 3566 1407 3619 in
1434 3567 1683 3621 omnibus
1707 3575 1915 3623 castum

336 3651 610 3706 hominem
655 3650 804 3706 facit.
847 3652 1033 3722 Itaque
1062 3654 1115 3708 in
1148 3653 1396 3709 omnibus
1437 3654 1787 3710 exhibeamns
1818 3671 1916 3712 nos

334 3741 570 3806 sobrios,
607 3750 668 3796 ut
709 3742 974 3799 sobrietas
1012 3758 1110 3797 nos
1133 3757 1232 3813 per
1258 3744 1439 3798 omnia
1478 3745 1728 3800 exhibeat
1755 3732 1915 3801 sanos

333 3841 389 3887 et
409 3841 610 3889 castos.

888 3923 1116 3981 CAPUT
1151 3923 1355 3978 XLVII.

334 4006 397 4065 Si
426 4027 609 4065 omnes
633 4012 906 4083 wqualiter
946 4015 1238 4068 necessaria
1280 4014 1398 4067 vita:
1442 4013 1625 4067 debent
1659 4015 1911 4086 accipere.

400 4100 604 4156 Beatus
628 4102 794 4172 igitur
810 4102 1167 4173 Augustinus,
1196 4103 1279 4157 vir
1302 4118 1399 4172 per
1419 4104 1599 4157 omnia
1624 4103 1911 4169 discretus,

331 4189 447 4245 ait:
478 4190 669 4245 Victus
690 4199 746 4244 et
792 4199 1154 4260 tegumentum
1196 4208 1303 4247 non
1346 4193 1628 4263 :equaliter
1664 4194 1914 4250 omnibus

333 4280 623 4343 tribuatur,
656 4279 750 4334 sed
800 4281 978 4349 potius
1028 4280 1167 4335 sicut
1211 4280 1505 4351 unicuique
1546 4297 1682 4353 opus
1728 4281 1909 4338 fuerit.

334 4370 425 4426 Sic
439 4371 586 4425 enim
616 4371 813 4441 legitur
838 4372 893 4425 in
913 4370 1138 4426 Actibus
1169 4372 1571 4442 apostolorum:
1622 4372 1915 4427 Distribu-

332 4462 486 4516 batur
526 4462 750 4532 singulis
792 4471 946 4532 prout
975 4462 1253 4534 unicuique
1290 4480 1418 4534 opus
1464 4473 1621 4530 erat;
1659 4475 1706 4518 et
1732 4464 1910 4519 nullus
1939 4498 1987 4557 Β

332 4569 482 4623 egens
508 4562 626 4606 erat
651 4553 788 4606 inter
808 4551 926 4606 illos
954 4552 1092 4623 (Act.
1124 4568 1201 4619 tv,
1229 4553 1317 4616 54,
1344 4553 1456 4625 55).
1491 4552 1594 4609 Ubi
1641 4568 1747 4607 non
1779 4555 1911 4609 dici-

328 4658 445 4697 mus
471 4643 619 4711 quod
640 4656 993 4712 personarum
1017 4641 1088 4696 sit
1127 4643 1266 4711 apud
1309 4642 1477 4697 Deum
1522 4644 1781 4712 acceptio,
1817 4644 1911 4698 sed

328 4734 702 4788 inlirmitatum
754 4734 1159 4788 consideratio:
1212 4741 1272 4788 ut
1317 4734 1409 4803 qui
1456 4735 1633 4789 minus
1682 4735 1908 4806 indiget,

327 4824 534 4894 gratias
572 4831 698 4894 agat
722 4823 831 4878 Deo
856 4840 870 4889 ;
917 4825 1010 4893 qui
1042 4840 1171 4879 vero
1198 4824 1319 4894 plus
1345 4825 1568 4895 indiget,
1598 4824 1912 4879 ltumilietur

325 4929 422 4982 pro
446 4913 786 4980 infirmitate,
814 4922 868 4969 et
912 4931 1018 4970 non
1066 4916 1353 4971 extollatur
1376 4931 1474 4984 pro
1514 4917 1906 4983 misericordia,

327 5010 377 5056 et
405 5012 592 5059 tamen
640 5003 752 5083 D_eo
794 5005 999 5074 gratias
1046 5014 1189 5074 agat,
1239 5012 1506 5074 quatenus
1549 5006 1605 5058 in
1657 5006 1907 5061 omnibus

324 5092 681 5151 benedicatur
722 5095 882 5153 Deus.
933 5097 1047 5165 Qua
1077 5098 1145 5152 de
1170 5113 1229 5152 re
1274 5098 1329 5151 in
1374 5096 1764 5152 Collationibus
1802 5098 1905 5152 Pa-

328 5193 471 5241 trum
498 5185 606 5242 tale
634 5187 1146 5257 datur'exemplum,
1177 5194 1233 5240 et
1258 5186 1386 5242 licet
1414 5189 1487 5241 sit
1510 5187 1798 5258 prolixum,
1822 5194 1907 5241 est

327 5283 508 5333 tamen
534 5278 592 5332 in
618 5279 721 5334 hac
747 5292 808 5333 re
846 5279 1170 5347 proficuum.
1200 5286 1261 5333 ut
1301 5279 1434 5333 mihi
1480 5280 1708 5334 videtur.
1744 5278 1905 5333 Venit

326 5368 621 5439 aliquando
660 5369 878 5439 quidam
906 5370 1205 5424 monachus
1230 5369 1299 5423 ab
1327 5369 1461 5424 urbe
1491 5369 1681 5434 Roma,
1727 5369 1819 5438 qui
1846 5368 1901 5421 in

325 5456 529 5527 palatio
555 5471 809 5529 magnum
835 5457 1013 5513 locum
1058 5458 1261 5522 habuit,
1307 5466 1362 5512 et
1387 5457 1667 5513 habitabat
1691 5459 1744 5512 in
1774 5457 1908 5513 Sciti

325 5546 382 5604 in
404 5548 688 5605 vicinitate
724 5548 986 5605 ecclesiae.
1026 5550 1272 5609 Habebat
1312 5557 1495 5605 autem
1535 5563 1718 5605 secum
1744 5564 1910 5604 unum

324 5649 394 5694 ex
434 5638 614 5695 servis
667 5640 783 5697 suis
832 5641 926 5712 qui
976 5641 1318 5697 ministrabat
1368 5641 1441 5697 ei.
1486 5640 1688 5697 Videns
1730 5648 1911 5697 autem

326 5732 614 5807 presbyter
631 5731 876 5789 ecclesiae
899 5733 1263 5793 infirmitatem
1284 5734 1422 5805 ejus,
1446 5740 1499 5791 et
1520 5747 1912 5804 recognoscens

2019 1943 2107 1990 tus
2134 1933 2328 1989 fuisset
2352 1933 2637 2003 Egyptius
2661 1933 2957 1988 monachus
2985 1932 3038 1987 in
3064 1933 3200 2003 ipso,
3246 1942 3302 1988 et
3339 1934 3469 1988 dixit
3498 1935 3598 1988 mi-

2018 2023 2190 2079 nistro
2213 2037 2349 2078 suo:
2403 2021 2510 2076 Fac
2556 2021 2712 2076 nobis
2747 2022 2907 2077 hodie
2954 2029 3170 2092 propter
3217 2022 3465 2079 abbatem
3505 2025 3596 2094 qui

2016 2113 2166 2169 venit
2190 2113 2388 2168 bonam
2434 2112 2597 2166 diem.
2645 2110 2804 2165 Coxit
2849 2119 3029 2165 autem
3072 2126 3237 2181 parva
3284 2112 3432 2167 olera
3479 2128 3601 2183 qua:

2017 2203 2270 2269 habebat,
2296 2212 2351 2258 et
2395 2211 2679 2272 surgentes
2706 2203 2839 2257 hora
2875 2202 3203 2272 competenti
3231 2203 3598 2259 comederunt.

2016 2294 2215 2349 Habuit
2239 2294 2404 2348 etiam
2448 2294 2717 2348 modicum
2769 2292 2878 2347 vini
2920 2307 3082 2348 senex
3113 2301 3336 2364 propter
3374 2294 3604 2350 infirmi-

2016 2393 2182 2440 tatem
2215 2400 2388 2448 suam,
2421 2391 2475 2439 et
2503 2383 2633 2438 illud
2666 2384 2941 2438 biberunt.
2987 2383 3053 2437 Et
3079 2383 3204 2437 dum
3229 2384 3432 2439 factum
3457 2392 3601 2440 esset

2013 2490 2258 2545 vespere,
2304 2476 2560 2530 dixerunt
2596 2473 2876 2542 duodecim
2901 2474 3135 2545 psalmos
3162 2482 3216 2531 et
3244 2477 3595 2532 dormierunt.

2017 2565 2279 2621 Similiter
2299 2574 2354 2620 et
2380 2566 2435 2620 in
2466 2574 2641 2621 nocte.
2672 2564 2909 2635 Surgens
2931 2574 3107 2620 autem
3132 2582 3288 2621 mane
3313 2566 3598 2641 Egyptius

2016 2656 2107 2711 ille
2136 2657 2276 2710 dixit
2303 2656 2388 2711 ei:
2418 2654 2525 2711 Ora
2551 2670 2650 2726 pro
2687 2670 2794 2710 me.
2827 2655 2892 2708 Et
2922 2670 3169 2725 egressus
3206 2665 3291 2712 est
3330 2674 3437 2712 non
3467 2660 3598 2714 mdi—

2015 2746 2207 2801 ficatus
2233 2747 2285 2800 in
2313 2759 2397 2803 eo.
2427 2746 2496 2800 Et
2538 2761 2662 2802 cum
2708 2745 2986 2816 paululum
3026 2747 3383 2812 discessisset,
3414 2749 3600 2805 volens

2016 2853 2140 2893 eum
2171 2853 2335 2892 senex
2362 2836 2451 2893 ille
2480 2837 2757 2892 Romanus
2802 2852 3014 2903 sanare,
3047 2836 3193 2891 misit
3219 2846 3341 2907 post
3370 2838 3519 2892 illum
3546 2847 3602 2894 et

2014 2928 2290 2982 revocwit
2339 2943 2481 2983 eum.
2515 2927 2616 2994 Qui
2666 2942 2785 2982 cum
2815 2929 3070 2993 venisset,
3122 2928 3315 2982 iterum
3368 2930 3602 2998 suscepit

2016 3032 2139 3072 eum
2171 3033 2293 3072 cum
2325 3018 2540 3088 gaudio.
2587 3019 2652 3072 Et
2704 3019 3055 3088 interrogavit
3095 3033 3217 3072 eum
3258 3018 3477 3075 dicens:
3520 3020 3599 3074 Ex

2016 3123 2120 3177 qua
2151 3108 2426 3178 provincia
2455 3108 2558 3163 es?
2582 3108 2648 3162 Et
2679 3108 2766 3163 ille
2789 3109 3099 3178 respondit:
3140 3107 3425 3181 Egyptius
3453 3125 3594 3165 sum.

2016 3198 2084 3252 Et
2110 3198 2246 3252 dixit
2269 3216 2281 3251 :
2308 3196 2472 3266 Cujus
2500 3197 2776 3253 civitatis?
2801 3198 2870 3251 At
2902 3197 2991 3252 ille
3014 3198 3151 3252 dixit
3175 3216 3186 3251 :
3236 3198 3346 3269 Ego
3379 3198 3599 3254 omnino

2014 3303 2123 3342 non
2146 3286 2220 3341 fui
2244 3289 2310 3342 de
2334 3287 2573 3353 civitate,
2598 3303 2699 3343 nec
2718 3288 2953 3342 hahitavi
2987 3289 3040 3342 in
3062 3304 3146 3342 ea.
3179 3289 3245 3342 Et
3275 3302 3438 3343 senex
3466 3289 3602 3343 dixit

2014 3378 2063 3432 ei
2090 3398 2103 3432 :
2129 3378 2433 3448 Antequam
2478 3380 2773 3433 monachus
2812 3393 2983 3443 esses,
3030 3378 3158 3447 quid
3188 3378 3503 3445 operaharis
3546 3378 3600 3432 in

2011 3472 2352 3539 possessione
2415 3486 2520 3541 qua
2573 3469 2870 3523 manebas?
2920 3468 2985 3522 Et
3034 3468 3122 3522 ille
3159 3481 3173 3520 :
3212 3467 3405 3522 Custos
3446 3482 3596 3522 eram

2015 3575 2269 3630 agrorum
2312 3577 2325 3613 :
2380 3560 2447 3614 Et
2500 3560 2635 3613 dixit
2665 3559 2755 3613 ei:
2796 3557 2891 3611 llbi
2924 3556 3228 3612 dormiehas
3254 3558 3278 3609 ?
3305 3556 3602 3625 Respondit

2013 3649 2337 3720 Egyptius:
2379 3649 2435 3702 In
2481 3663 2630 3717 agro.
2664 3648 2729 3701 Et
2766 3646 3044 3701 Romanus
3069 3646 3145 3700 ait
3173 3663 3187 3699 :
3222 3645 3466 3701 Habebas
3502 3646 3601 3700 ali-

2012 3743 2156 3810 quod
2185 3739 2456 3795 stratum?
2500 3740 2566 3792 Et
2594 3738 2722 3793 ille:
2769 3738 2881 3808 Ego
2921 3738 2975 3792 in
3020 3751 3152 3806 agro
3193 3735 3352 3790 debui
3396 3735 3596 3791 habere

2012 3830 2343 3886 stramenta?
2372 3830 2439 3884 Et
2460 3844 2624 3884 senex
2646 3847 2659 3882 :
2682 3828 2963 3896 Quomodo
2986 3826 3331 3881 dormiebas?
3357 3826 3597 3896 Respon-

2018 3919 2092 3975 dit
2115 3919 2398 3991 Egyptius
2424 3938 2436 3973 :
2462 3919 2519 3973 In
2549 3927 2692 3973 terra
2721 3918 2882 3972 nuda.
2908 3917 2976 3971 Et
3006 3917 3283 3970 Romanus
3306 3916 3421 3969 ait:
3453 3915 3595 3982 Quid

2011 4009 2375 4064 manducabas
2405 4009 2458 4062 in
2486 4024 2636 4080 agro,
2685 4016 2779 4062 aut
2810 4007 2970 4078 quale
2996 4006 3180 4060 vinum
3224 4005 3487 4062 bibebas?
3529 4006 3598 4060 Et

2011 4101 2135 4156 ille:
2164 4101 2551 4156 Manducabam
2590 4116 2784 4171 panem
2828 4101 3053 4164 siccum,
3101 4105 3157 4153 et
3184 4100 3229 4153 si
3257 4096 3595 4153 inveniebam

2011 4192 2214 4262 aliquid
2244 4192 2312 4247 de
2336 4192 2702 4256 salsamentis,
2733 4199 2788 4245 et
2826 4190 3074 4245 bibebam
3113 4203 3326 4258 aquam.
3370 4189 3451 4243 Ad
3478 4188 3594 4245 hac

2012 4297 2173 4338 senex
2200 4284 2477 4337 Romanus
2502 4283 2638 4338 dixit
2660 4282 2709 4337 ei
2733 4300 2745 4335 :
2773 4281 3004 4336 Grandis
3030 4280 3128 4335 tibi
3167 4279 3321 4334 labor
3358 4288 3494 4335 erat.
3526 4279 3595 4334 Et

2011 4372 2245 4440 adjecit:
2298 4372 2427 4426 Erat
2468 4373 2563 4427 tibi
2609 4371 2693 4427 vel
2734 4370 2986 4425 balneum
3029 4370 3082 4423 in
3130 4370 3472 4438 possessione
3501 4371 3589 4425 ubi

2012 4463 2267 4518 lavares?
2297 4464 2363 4517 Et
2383 4464 2668 4534 Egyptius
2696 4480 2709 4516 :
2739 4462 2853 4516 Non
2879 4479 2893 4527 ;
2924 4462 3016 4517 sed
3035 4462 3088 4516 in
3111 4461 3329 4517 flumine
3348 4461 3590 4516 lavabam

2010 4556 2225 4625 quando
2253 4556 2519 4610 volebam.
2548 4555 2681 4608 Cum
2712 4570 2842 4625 ergo
2871 4554 2987 4608 lucc
3012 4553 3193 4607 omnia
3222 4567 3385 4607 senex
3431 4552 3499 4606 ab
3528 4569 3592 4607 eo

2011 4646 2323 4714 inquisisset
2347 4654 2402 4700 et
2440 4645 2779 4715 cognovisset
2824 4645 3042 4699 modum
3084 4643 3280 4713 prioris
3307 4645 3431 4697 vita:
3475 4641 3592 4709 ejus

2010 4745 2173 4806 atque
2204 4738 2432 4798 labores,
2486 4737 2669 4791 volens
2696 4752 2816 4791 eum
2851 4736 3134 4806 prolicere,
3167 4736 3407 4789 narravit
3437 4735 3486 4788 ei
3512 4735 3593 4788 vi-

2011 4836 2121 4882 tam
2170 4842 2321 4881 suam
2372 4826 2722 4895 praeteritam,
2777 4843 2936 4895 quam
2988 4827 3239 4888 habebat,
3289 4826 3413 4879 dum
3449 4832 3593 4879 esset

2011 4918 2303 4982 surcularis,
2328 4918 2513 4972 dicens
2538 4935 2551 4971 :
2585 4917 2667 4972 Me
2697 4918 2952 4971 miserum
2978 4931 3136 4986 quem
3174 4916 3342 4980 vides,
3373 4917 3438 4970 de
3477 4931 3592 4969 ma-

2013 5028 2112 5083 gna
2141 5012 2359 5066 civitate
2394 5010 2635 5065 Romana
2678 5024 2814 5069 sum,
2847 5008 3053 5062 habens
3091 5008 3143 5060 in
3190 5007 3391 5076 palatio
3422 5007 3592 5061 maxi-

2010 5117 2157 5156 mum
2206 5101 2381 5155 locum
2432 5099 2571 5169 apud
2616 5100 3014 5167 imperatorem.
3067 5095 3309 5165 Cumque
3353 5095 3592 5149 audisset

2008 5190 2295 5260 Egyptius
2328 5190 2482 5243 initia
2507 5190 2792 5242 verborum
2824 5186 2962 5256 ejus,
3011 5186 3195 5240 statim
3236 5196 3590 5254 compunctus

2007 5289 2113 5342 est,
2141 5288 2195 5333 et
2234 5279 2461 5334 sollicite
2485 5293 2603 5347 qum
2628 5276 2945 5330 dicebantur
2986 5274 3055 5328 ab
3093 5288 3180 5339 eo,
3230 5272 3586 5328 auscultabat.

2007 5372 2071 5426 Et
2100 5386 2266 5426 senex
2297 5369 2529 5438 adjecit:
2584 5368 2794 5438 Reliqui
2836 5380 2964 5438 ergo
3009 5366 3258 5431 Romam,
3304 5373 3360 5421 et
3384 5365 3505 5420 veni
3536 5364 3589 5418 in

2007 5460 2349 5516 solitudinem
2376 5459 2554 5513 istam.
2590 5458 2656 5512 Et
2682 5458 2879 5512 iterum
2906 5457 3077 5512 dixit:
3126 5455 3206 5511 Me
3232 5469 3392 5525 quem
3418 5455 3587 5520 vides,

2008 5550 2172 5608 habui
2210 5550 2398 5605 domos
2422 5547 2630 5618 amplas
2649 5557 2706 5603 et
2738 5563 2982 5618 magnas,
3004 5554 3062 5603 ct
3083 5547 3339 5617 pecunias
3369 5546 3589 5612 multas,

2009 5651 2064 5698 et
2092 5650 2445 5698 contemnens
2471 5653 2565 5695 eas
2614 5640 2758 5705 veni,
2808 5647 2864 5694 et
2906 5652 3101 5694 maneo
3130 5638 3185 5693 in
3229 5637 3329 5693 ista
3367 5634 3591 5707 parvula

2010 5746 2174 5789 curva
2219 5730 2375 5788 cella.
2429 5730 2566 5786 Audi
2619 5729 2835 5786 adhuc:
2877 5728 3050 5786 Habui
3104 5728 3267 5785 etiam
3318 5727 3487 5784 lectos
3519 5739 3587 5780 ex
