3974 6192
356 329 459 386 6H

988 326 1232 411 .CODEX
1273 327 1725 386 REGULARUM.
1767 361 1834 373 -—
1872 327 2052 382 PARS
2089 330 2153 385 ll.
2199 332 2500 390 REGULE
2543 337 2645 394 PP.
2689 337 2965 397 ORIENT.

3505 352 3615 407 Gii’.

357 444 565 497 sionem
596 438 859 494 vanitatis
880 439 1136 493 enutriat.
1172 440 1301 508 Quae
1328 441 1404 496 ita
1430 442 1502 497 sit
1523 443 1664 509 vilis,
1704 441 1931 498 utnulla
1962 443 2010 502 A
2037 447 2323 503 scretionis
2367 452 2595 506 tenenda
2639 462 2741 507 est.
2799 453 3079 513 Suﬂiciant
3128 473 3308 516 autem
3350 465 3431 518 eis
3465 475 3611 521 sua-

356 531 555 587 coloris
584 527 668 582 vel
697 526 1101 598 compositionis
1132 532 1371 586 novitate
1403 532 1545 587 inter
1574 542 1801 588 caeteros
1829 532 1939 587 fra-

351 635 472 679 tres
500 621 813 692 spirituales
839 619 1069 691 insignis
1094 623 1379 678 habeatur.
1410 624 1547 680 Hinc
1571 625 1807 680 Isidorus
1830 627 1935 679 ait:

360 712 691 767 Vestimenta
747 709 1118 765 solitariorum
1181 727 1284 766 nec
1341 713 1569 767 multum
1618 713 1789 778 vilia,
1837 729 1941 769 nec

353 802 582 858 multum
629 802 739 856 sint
789 801 1062 870 pretiosa:
1094 801 1221 871 quia
1272 802 1438 858 nimis
1483 803 1721 872 pretiosa
1768 803 1938 858 vestis

355 895 594 948 animum
635 891 702 946 ad
739 891 1018 946 lasciviam
1048 894 1346 961 pertraltit;
1373 895 1534 949 nimis
1571 895 1691 951 vilis
1719 904 1812 949 aut
1842 896 1939 950 do-

354 982 521 1036 lorem
554 979 735 1035 cordis
768 980 932 1049 parit,
976 992 1069 1034 aut
1111 981 1360 1053 morbum
1403 996 1556 1037 vana:
1597 983 1782 1054 gloriae
1807 998 1937 1038 con-

353 1072 542 1125 trahit.
622 1069 894 1124 llactenus
945 1070 1011 1124 de
1067 1071 1333 1140 qualitate
1381 1072 1614 1127 vestium
1665 1074 1932 1138 diximus,

352 1174 497 1213 nunc
519 1168 702 1213 autem
732 1167 789 1212 et
814 1158 879 1212 de
906 1158 1206 1227 quantitate
1234 1159 1434 1229 aliquid
1465 1160 1730 1215 dicamus.
1759 1161 1935 1216 Vesti-

353 1256 535 1303 menta
563 1248 762 1317 quippe
806 1262 913 1300 non
957 1247 1147 1312 multa,
1185 1263 1288 1302 nec
1314 1248 1585 1318 superﬂua
1608 1250 1719 1303 sint
1747 1249 1932 1303 solita-

349 1338 468 1401 riis,
500 1337 775 1391 imitantes
797 1335 1002 1390 dictum
1027 1337 1119 1391 Dei
1152 1338 1324 1392 nostri
1353 1338 1420 1392 ad
1449 1338 1742 1407 discipulos
1770 1353 1926 1394 suos:

352 1425 537 1496 Neque
558 1425 694 1478 duas
719 1425 924 1479 tunicas
951 1426 1188 1480 habeatis
1220 1426 1370 1498 (Luc.
1396 1445 1470 1493 lx,
1515 1429 1597 1500 ὅ).
1624 1428 1769 1496 Quas
1793 1429 1931 1484 duas

350 1520 561 1575 tunicas
589 1535 695 1573 non
716 1532 943 1574 numero
972 1520 1273 1590 intelligere
1304 1521 1584 1587 debemus,
1623 1523 1717 1577 sed
1750 1522 1795 1578 si
1822 1522 1928 1577 alia

346 1619 642 1683 gestamus,
682 1620 735 1666 et
768 1611 870 1665 alia
891 1626 1052 1666 causa
1093 1613 1335 1667 avaritia:
1367 1629 1667 1679 servamus,
1696 1614 1814 1669 lucc
1840 1629 1927 1669 su-

346 1699 552 1770 perﬂua
594 1708 738 1762 sunt,
780 1707 836 1754 et
875 1701 989 1755 haec
1028 1701 1356 1771 pauperibus
1396 1702 1525 1757 dare
1558 1702 1920 1772 praecipimur.

2038 546 2219 591 menta
2248 538 2533 607 lectorum,
2566 551 2735 598 matta
2764 553 2821 599 et
2849 546 3102 611 cilicium,
3136 564 3346 621 sagum,
3372 555 3456 609 vel
3487 564 3612 613 toxa

2038 636 2092 681 et
2144 631 2396 699 capitale.
2429 633 2620 688 Vcstiti
2648 651 2863 706 quoque
2905 638 3176 694 dormiant
3223 650 3279 696 ct
3324 645 3505 712 cincti,
3554 660 3615 703 ut

2037 732 2252 789 semper
2291 722 2401 776 sint
2440 725 2635 794 parati.
2682 725 3032 792 Quiescentes
3074 739 3253 785 autem
3303 734 3356 789 in
3399 735 3615 794 lectulis

2036 808 2151 863 suis
2193 809 2508 880 frequenter
2548 815 2834 870 dccantent
2874 833 2996 872 cum
3032 818 3302 891 Propheta
3346 842 3359 876 :
3403 824 3611 881 Lavabo

2033 913 2124 967 per
2151 900 2387 970 singulas
2412 913 2585 957 noctes
2610 903 2800 958 lectum
2823 923 3014 972 meum,
3053 907 3298 980 lacrymis
3328 916 3454 968 meis
3475 925 3614 970 stra-

2035 998 2144 1042 tum
2175 1006 2346 1045 meum
2372 994 2553 1063 rigabo
2576 995 2746 1067 (Psal.
2771 1011 2841 1060 v1,
2869 997 2942 1068 6).
2970 999 3037 1052 Et
3058 1000 3252 1056 iterum
3274 1022 3287 1057 :
3307 1003 3508 1059 Memor
3530 1007 3610 1075 fui

2033 1087 2181 1132 nocte
2223 1080 2448 1135 nominis
2477 1083 2578 1148 tui,
2609 1083 2848 1149 Domine,
2893 1097 2938 1140 et
2969 1091 3225 1144 custodivi
3264 1092 3425 1164 legem
3460 1106 3609 1152 tuam

2033 1165 2206 1238 (Psal.
2253 1185 2441 1236 cxvm,
2484 1172 2597 1245 55).
2636 1174 2705 1228 Et
2745 1176 2791 1230 si
2833 1186 2958 1231 ante
2992 1194 3099 1233 non
3132 1185 3487 1251 surrexerint,
3527 1190 3608 1244 vel

2030 1254 2174 1311 Iacto
2196 1259 2350 1329 signo
2372 1262 2577 1333 absque
2598 1281 2751 1319 mora
2774 1277 3079 1337 surgentes,
3103 1269 3361 1328 festinent
3387 1277 3453 1330 ad
3476 1293 3612 1348 Opus

2030 1346 2145 1410 Dei,
2191 1365 2314 1403 cum
2360 1353 2506 1405 omni
2556 1362 2735 1408 tamen
2774 1360 3037 1426 gravitate
3067 1368 3121 1413 et
3151 1364 3435 1418 modestia.
3475 1346 3609 1421 Cum

2029 1446 2211 1492 autem
2239 1443 2600 1508 surrexerint,
2627 1445 2861 1514 primum
2898 1448 3108 1519 signum
3135 1453 3317 1508 crucis
3341 1453 3611 1513 frontibus

2029 1526 2143 1581 suis
2190 1528 2525 1598 imprimant,
2583 1542 2638 1586 et
2682 1548 2806 1588 cum
2858 1537 3075 1602 silentio
3110 1541 3329 1597 dicant:
3357 1545 3520 1612 Deus,
3554 1550 3610 1603 in

2028 1616 2357 1686 adjutorium
2384 1636 2555 1674 meum
2578 1623 2789 1678 intende
2814 1642 2831 1679 :
2860 1627 3100 1695 Domine,
3144 1631 3213 1684 ad
3246 1634 3607 1703 adjuvandum

2027 1720 2109 1758 me
2123 1706 2314 1775 festina
2330 1706 2501 1779 (Psal.
2517 1727 2665 1778 LXIX,
2683 1713 2755 1781 l).
2776 1715 2842 1768 Et
2858 1716 2959 1769 hoc
2973 1725 3253 1775 cantantes
3269 1738 3393 1777 mox
3409 1726 3475 1778 ad
3489 1740 3609 1780 ora-

347 1788 503 1845 Unde
559 1798 784 1845 sanctus
833 1789 1193 1862 Hieronymus
1240 1791 1316 1845 ait
1346 1808 1359 1844 :
1384 1792 1650 1861 Quidquid
1695 1806 1924 1861 corpora
1954 1775 2000 1834 Β
2032 1799 2226 1852 torium
2263 1775 2514 1871 pergant,
2547 1812 2603 1857 et
2629 1775 2884 1874 prostrati
2919 1808 2973 1861 in
3001 1818 3145 1863 terra
3180 1775 3457 1869 humiliter
3486 1832 3607 1872 cum

349 1891 531 1937 nostra
566 1880 852 1936 defendere
877 1888 1072 1950 potest,
1108 1889 1165 1935 et
1199 1881 1450 1935 humana;
1489 1880 1924 1936 suecurrereim-

347 1971 648 2037 becillitati,
701 1972 806 2026 hoc
846 1988 952 2026 una
988 1971 1307 2041 appellanda
1334 1979 1419 2026 est
1452 1972 1663 2036 tunica;
1689 1979 1745 2026 et
1772 1971 1927 2040 quid-

348 2064 476 2134 quid
500 2065 552 2118 in
573 2063 933 2132 praesentibus
956 2061 1226 2116 alimentis
1247 2062 1617 2117 necessarium
1640 2070 1743 2127 est,
1765 2060 1926 2115 unius

346 2155 452 2210 diei
479 2155 654 2208 victus
680 2153 1000 2222 appellatur.
1035 2151 1186 2207 Unde
1211 2159 1267 2206 et
1295 2159 1623 2222 praeceptum
1646 2167 1676 2205 a
1697 2150 1925 2205 Domino

343 2253 429 2299 cst
473 2260 541 2298 ne
585 2245 884 2313 cogitemus
932 2243 999 2297 de
1043 2242 1304 2307 crastino,
1347 2242 1450 2297 hoc
1475 2249 1577 2306 est,
1630 2241 1698 2295 de
1744 2239 1925 2295 futuro

348 2344 608 2403 tempore.
641 2335 708 2388 Et
744 2333 1066 2402 Apostolus:
1094 2331 1380 2397 Habentes,
1416 2332 1611 2401 inquit,
1651 2332 1842 2385 victum
1874 2338 1922 2384 et

344 2428 737 2491 vestimentum,
790 2427 871 2481 Itis
909 2427 1136 2481 contenti
1180 2428 1363 2481 simus.
1412 2426 1555 2480 Nam
1609 2426 1699 2497 qui
1747 2424 1923 2479 volunt

345 2518 530 2572 divites
572 2517 721 2586 ﬁeri,
770 2518 1011 2573 incidant
1049 2519 1104 2573 in
1144 2519 1483 2572 tentationem
1509 2526 1557 2571 et
1599 2519 1656 2570 in
1679 2516 1924 2587 laqueum

343 2607 561 2670 diaboli,
587 2618 633 2661 et
660 2607 919 2662 desideria
942 2608 1130 2672 multa,
1153 2617 1201 2662 et
1227 2608 1458 2671 inutilia,
1491 2616 1539 2662 et
1569 2608 1774 2671 nociva,
1805 2623 1925 2677 qua:

341 2699 605 2752 hominem
629 2709 865 2769 mergunt
887 2700 943 2754 in
965 2700 1234 2753 interitum
1256 2709 1302 2753 et
1320 2700 1666 2771 perditionem
1702 2697 1756 2770 (1
1784 2697 1920 2752 Tim.

342 2803 417 2852 vr,
459 2788 536 2858 8).
578 2788 693 2855 Qua
741 2789 806 2843 de
848 2804 1012 2844 causa
1052 2788 1117 2844 ad
1166 2790 1424 2859 Regulam
1461 2790 1607 2845 beati
1651 2787 1923 2843 Benedicti

344 2881 698 2947 recurrimus,
728 2890 781 2936 et
802 2891 1064 2952 quantum
1089 2884 1204 2954 ipse
1228 2885 1496 2939 concessit
1522 2884 1802 2939 monachis
1828 2883 1926 2938 ba-

342 2972 471 3027 bere
511 2973 580 3027 de
618 2973 978 3038 vestimentis,
1006 2982 1062 3028 et
1091 2989 1190 3029 nos
1232 2974 1592 3029 concedamus
1621 2974 1920 3029 solitariis:

342 3062 396 3116 id
438 3069 544 3127 est,
592 3071 813 3132 propter
852 3071 1059 3128 noctes,
1107 3072 1162 3118 et
1205 3072 1430 3134 propter
1457 3064 1574 3133 ipsa
1600 3064 1922 3119 vestimenta

341 3155 572 3210 lavanda
609 3154 877 3219 habeant,
915 3156 962 3211 si
990 3157 1243 3211 monachi
1275 3165 1422 3221 sunt,
1456 3157 1590 3211 duas
1618 3155 1830 3211 tunicas
1864 3165 1921 3210 et

339 3249 477 3304 duas
507 3249 765 3304 cucullas.
814 3247 870 3302 Si
905 3263 1036 3303 vero
1078 3248 1316 3303 nondum
1356 3254 1764 3318 assumpserunt
1792 3262 1923 3317 pro-

334 3339 577 3408 positum
602 3337 938 3403 monachale,
969 3338 1209 3393 cucullas
1240 3353 1345 3393 non
1374 3339 1621 3404 induant,
1660 3339 1755 3393 sed
1789 3353 1919 3407 cap-

335 3446 466 3501 pas;
510 3432 568 3486 in
598 3438 787 3486 testate
822 3446 1037 3501 puram,
1068 3432 1121 3486 in
1152 3433 1331 3488 hieme
1367 3434 1634 3489 villosam.
1673 3433 1922 3489 Habeant

333 3522 480 3577 enim
530 3521 812 3592 pelliceam
844 3538 1010 3577 unam
1058 3523 1125 3578 de
1170 3524 1420 3594 pellibus,
1476 3533 1531 3580 et
1570 3527 1706 3579 duas
1741 3524 1923 3580 stami-

333 3630 490 3680 neas,
543 3621 598 3669 et
644 3614 750 3669 duo
796 3613 1093 3669 femoralia.
1147 3615 1512 3671 Femoralium
1566 3626 1744 3671 autem
1790 3631 1922 3670 usus

330 3706 590 3775 cuiquam
614 3706 1010 3775 permittendus
1034 3713 1135 3769 est,
1165 3714 1220 3761 et
1246 3707 1481 3761 maxime
1507 3706 1592 3760 bis
1616 3706 1709 3776 qui
1738 3705 1792 3760 in
1822 3706 1923 3760 mi-

330 3798 563 3853 nisterio
609 3796 796 3851 altaris
849 3797 1211 3867 implicantur.
1270 3797 1483 3866 Reliqui
1538 3811 1667 3851 vero
1718 3796 1920 3867 gradus

330 3896 516 3942 utrum
563 3902 628 3942 ea
666 3888 834 3942 velint
867 3895 1101 3958 gestare,
1144 3902 1212 3941 an
1258 3901 1384 3949 non,
1419 3887 1472 3941 in
1507 3887 1638 3956 ipsis
1670 3887 1760 3941 sit.
1800 3886 1921 3941 Sint

327 3979 496 4033 etiam
533 3979 639 4034 illis
670 3980 982 4035 indumenta
1014 3981 1231 4050 pedum,
1265 3979 1473 4050 caligm,
1511 3988 1567 4034 et
1593 3979 1836 4050 pedules,
1864 3988 1920 4036 et

327 4070 649 4125 subtelaria.
692 4070 817 4127 iltcc
849 4082 1028 4127 autem
1059 4073 1424 4129 consideratio
1464 4073 1517 4127 in
1563 4089 1750 4129 eorum
1785 4089 1919 4145 pen-

324 4158 454 4215 deat
500 4161 746 4225 arbitrio,
780 4170 841 4216 ut
879 4163 1172 4218 secundum
1206 4162 1524 4233 qualitatem
1544 4163 1788 4220 locorum
1816 4166 1910 4220 ubi

2028 1888 2283 1961 lacrymis
2311 1900 2367 1947 et
2394 1895 2594 1964 gemitu
2636 1908 2811 1951 orent.
2849 1899 3069 1969 Expleta
3116 1912 3297 1958 autem
3337 1908 3606 1975 oratione,

2028 1981 2335 2036 necessaria
2371 1999 2660 2054 corporum
2699 2002 2920 2042 suorum
2960 1992 3299 2060 provideant.
3355 1995 3483 2052 Inde
3524 2014 3610 2053 re-

2028 2081 2304 2130 vertentes
2353 2076 2496 2132 illico
2543 2089 2871 2134 nocturnum
2916 2081 3150 2138 oﬂicium
3199 2086 3511 2143 solemniter
3554 2099 3612 2145 et

2027 2163 2220 2220 devote
2248 2167 2529 2237 incipiant.
2563 2169 2768 2224 Euntes
2791 2180 2970 2224 autem
2998 2172 3180 2243 aliquo
3205 2175 3292 2229 vel
3322 2178 3610 2235 redeuntes

2026 2272 2240 2327 semper
2292 2275 2390 2315 ore
2442 2269 2499 2316 et
2554 2264 2717 2318 corde
2771 2264 2974 2335 aliquid
3021 2267 3287 2338 psallunt,
3343 2281 3610 2341 quatenus

2024 2364 2145 2403 cum
2184 2350 2450 2421 Propheta
2491 2354 2813 2409 ﬁducialiter
2855 2357 3039 2411 dicere
3078 2369 3281 2427 queant
3322 2379 3335 2415 :
3373 2361 3604 2417 Benedi-

2023 2457 2140 2495 cam
2176 2441 2458 2497 Dominum
2489 2445 2543 2498 in
2573 2446 2714 2499 omni
2750 2457 2997 2519 tempore,
3030 2466 3233 2521 semper
3261 2452 3379 2508 laus
3407 2454 3523 2525 ejus
3552 2455 3608 2509 in

2022 2546 2113 2585 ore
2132 2547 2246 2585 meo
2269 2530 2444 2603 (Psal.
2470 2550 2666 2601 xxxnt,
2695 2536 2767 2608 l).

2647 2625 2875 2683 CAPUT
2914 2627 3000 2682 LI.

2144 2709 2214 2764 Ut
2242 2721 2381 2766 certo
2409 2722 2638 2785 tempore
2664 2732 2773 2770 sese
2803 2722 3013 2786 rodant,
3041 2736 3102 2773 ne
3126 2721 3231 2776 sint
3265 2725 3472 2779 comati.

2093 2802 2150 2857 In
2192 2805 2375 2859 barbis
2420 2821 2634 2876 quoque
2680 2809 2937 2865 radendis
2970 2819 3025 2866 et
3059 2813 3267 2883 capillis
3318 2818 3603 2874 tondendis

2028 2894 2291 2948 tenendus
2320 2903 2405 2948 est
2431 2896 2594 2950 etiam
2640 2915 2668 2951 a
2713 2899 2971 2956 solitariis
3011 2905 3201 2959 modus
3237 2905 3603 2965 discretionis.

2027 2982 2185 3048 Nam,
2222 2985 2361 3039 sicut
2388 2985 2589 3056 legitur
2614 2988 2669 3043 in
2696 2988 2838 3045 Vitis
2866 2990 3111 3058 Patrum,
3150 2993 3252 3049 fuit
3281 2998 3497 3065 quidam
3523 3000 3608 3054 vir

2028 3081 2270 3140 sanctus,
2298 3077 2516 3131 nomine
2541 3076 2880 3148 Apollonius,
2905 3083 2997 3152 qui
3023 3097 3117 3138 eos
3139 3085 3295 3140 valde
3322 3090 3607 3158 reprehen-

2026 3165 2207 3231 debat,
2237 3166 2331 3235 qui
2369 3166 2591 3222 barbam
2622 3177 2679 3224 et
2705 3184 2914 3225 comam
2936 3173 3131 3242 capitis
3160 3175 3493 3230 nutriebant.
3520 3178 3605 3233 Di-

2022 3256 2183 3311 cebat
2219 3265 2398 3312 autem
2432 3277 2444 3312 :
2478 3257 2699 3315 Certum
2738 3270 2823 3316 est
2869 3265 3014 3332 quod
3047 3265 3137 3320 isti
3181 3267 3250 3321 ab
3290 3268 3605 3325 hominibus

2021 3345 2239 3400 laudem
2267 3357 2538 3417 quaerunt,
2570 3359 2626 3406 et
2651 3354 3031 3410 ostentationis
3060 3371 3225 3411 causa
3262 3357 3486 3414 barbam
3518 3361 3605 3414 vel

2021 3452 2234 3492 comam
2265 3440 2462 3509 capitis
2492 3443 2764 3508 nutriunt;
2803 3460 2925 3498 cum
2966 3448 3277 3501 mandatum
3320 3450 3393 3503 sit
3435 3452 3600 3506 etiam

2021 3527 2136 3596 ipsa
2167 3526 2370 3600 jejunia
2422 3530 2477 3585 in
2504 3532 2715 3587 occulto
2750 3533 3094 3601 celebranda,
3128 3545 3188 3590 ut
3218 3539 3329 3592 Deo
3358 3540 3456 3594 soli
3486 3542 3602 3596 sint

2021 3618 2260 3688 cognita,
2291 3620 2381 3687 qui
2416 3621 2563 3674 videt
2595 3637 2715 3689 qua:
2746 3622 2800 3675 in
2832 3624 3047 3679 occulto
3073 3635 3219 3693 sunt,
3255 3637 3311 3682 et
3339 3630 3517 3684 reddit
3548 3633 3602 3686 in

2022 3706 2218 3776 palam.
2252 3706 2359 3763 Sed
2389 3717 2448 3763 ut
2494 3710 2624 3765 mihi
2666 3713 2897 3777 videtur,
2940 3714 3029 3769 isti
3070 3732 3177 3771 non
3209 3729 3333 3773 sunt
3365 3724 3604 3779 contenti

2021 3795 2139 3864 ejus
2170 3800 2610 3855 remuneratione
2637 3802 2727 3871 qui
2757 3803 2905 3860 videt
2930 3805 2985 3858 in
3016 3807 3251 3874 occulto,
3292 3810 3387 3865 sed
3426 3814 3603 3867 mani-

2020 3884 2208 3941 festari
2257 3903 2315 3943 se
2354 3891 2497 3959 apud
2544 3892 2794 3948 homines
2839 3895 3047 3950 volunt.
3113 3897 3266 3952 Unde
3325 3900 3487 3955 etiam
3537 3903 3603 3956 ad

2023 3977 2312 4047 quemdam
2348 3979 2652 4037 Romanum
2693 3983 2865 4041 fertur
2907 3986 3111 4042 dixisse
3152 3989 3344 4045 beatus
3393 3990 3601 4063 Grego-

2020 4070 2134 4125 rius
2156 4071 2299 4126 istud
2323 4075 2666 4142 proverbium
2694 4095 2706 4129 :
2736 4074 2793 4131 Si
2822 4079 3101 4146 sanctitas,
3133 4080 3326 4151 inquit,
3354 4083 3406 4137 in
3432 4085 3599 4139 barba

2017 4167 2123 4225 est,
2155 4168 2281 4217 tunc
2311 4176 2471 4219 nemo
2498 4167 2739 4222 sanctior
2763 4176 2849 4223 est
2878 4170 3050 4224 hirco.
3084 4171 3599 4245 Quapropterjnxta

327 4249 579 4317 habitant
615 4259 669 4305 et
706 4268 889 4307 aerum
930 4254 1245 4323 temperiem
1294 4255 1617 4310 vestimenta
1652 4254 1913 4320 habeant,
2019 4253 2508 4309 considerationem
2546 4256 2772 4312 rationis
2807 4260 3043 4315 arbitror
3071 4275 3369 4333 congruum
3399 4265 3515 4320 fore
3542 4274 3602 4321 ut

327 4342 456 4414 quia
486 4342 545 4396 in
575 4343 786 4414 frigidis
816 4346 1125 4410 regionibus
1173 4347 1403 4418 amplius
1447 4348 1719 4420 indigetur
1747 4365 1909 4420 quam

2024 4341 2269 4409 solitarii,
2321 4353 2376 4399 et
2418 4347 2690 4417 praecipue
2733 4349 2810 4403 illi
2848 4351 2938 4419 qui
2981 4366 3136 4406 sacra
3180 4357 3435 4425 mysteria
3467 4371 3595 4410 con-

327 4432 382 4488 in
410 4433 624 4489 calidis.
666 4435 931 4490 melerea
976 4451 1191 4507 quoque
1237 4438 1545 4495 sacerdotes
1587 4441 1910 4508 vestimenta
1936 4457 1990 4517 Ι)
2020 4442 2277 4500 trcctant,
2321 4435 2390 4491 de
2435 4439 2793 4510 quadraginta
2833 4442 2885 4494 in
2923 4442 3277 4513 quadraginta
3313 4446 3504 4499 diebus
3537 4464 3591 4502 St.

327 4523 693 4580 sacerdotalia
732 4533 787 4582 et
820 4526 1009 4582 altaris
1044 4527 1335 4583 linteamina
1380 4546 1502 4585 cum
1541 4546 1749 4585 summa
1793 4533 1914 4587 dili-

325 4616 507 4683 gentia
539 4625 867 4671 conservent
900 4617 1101 4683 nitida;
1135 4616 1188 4671 id
1217 4628 1319 4683 est,
1357 4620 1731 4689 unusquisque
1758 4637 1916 4676 casu-

329 4703 432 4758 lam
457 4720 648 4771 unam,
686 4705 836 4761 albas
872 4707 1030 4773 duas,
1077 4708 1312 4763 amictus
1360 4709 1515 4775 duos,
1564 4711 1732 4766 stolas
1779 4713 1913 4768 duas

326 4811 448 4851 cum
487 4797 801 4866 manipulis,
838 4799 974 4854 duos
1008 4800 1174 4854 etiam
1204 4800 1534 4870 corporales,
1562 4809 1618 4855 et
1647 4802 1784 4859 duos
1812 4803 1913 4859 lin-

327 4895 440 4939 tces
487 4901 709 4956 semper
756 4888 991 4945 habeant
1038 4890 1263 4953 nitidos,
1318 4890 1459 4945 sicut
1504 4900 1712 4947 tantum
1755 4895 1911 4950 decet

329 4976 708 5032 mfnisterium.

951 5071 1180 5128 CAPUT
1215 5072 1278 5128 L.

706 5160 784 5218 De
811 5162 1140 5219 lectisterniis
1175 5162 1556 5220 solitariorum.

392 5252 633 5309 Solitarii
662 5263 843 5309 autem
869 5262 1009 5310 sicut
1035 5253 1088 5308 in
1111 5255 1342 5322 caeteris,
1366 5256 1444 5310 ita
1474 5258 1638 5312 etiam
1666 5257 1719 5312 in
1750 5256 1905 5313 lecti-

324 5342 544 5398 sterniis
583 5345 802 5399 modum
849 5351 1037 5400 tenere
1079 5345 1275 5401 debent
1320 5346 1685 5411 discretionis,
1722 5348 1775 5403 id
1798 5357 1901 5414 est,

322 5448 427 5489 non
447 5436 689 5505 pretiosa
732 5435 901 5491 velint
945 5438 1145 5493 habere
1194 5437 1464 5505 lectualia,
1494 5440 1589 5495 sed
1619 5441 1743 5496 vilia
1773 5460 1785 5495 :
1814 5456 1905 5498 ve-

322 5524 581 5581 stimenta
619 5527 820 5598 quippe
861 5534 919 5583 et
962 5527 1350 5596 calceamenta,
1398 5529 1487 5585 vel
1531 5530 1780 5586 lectualia
1811 5548 1903 5590 eo-

323 5627 464 5679 rum,
512 5629 616 5670 nec
664 5614 832 5670 nitida
875 5615 1124 5680 nimium,
1173 5631 1274 5673 nec
1320 5616 1530 5686 abiecta
1578 5619 1685 5674 sint
1732 5620 1903 5692 pluri-

325 5716 494 5758 mum.
539 5702 688 5760 Inter
716 5711 1007 5775 utrumque
1036 5706 1201 5773 enim,
1243 5713 1303 5762 ut
1332 5706 1588 5774 diximus,
1621 5709 1794 5765 virtus
1820 5712 1899 5767 di-

2016 4526 2229 4590 radant,
2261 4536 2327 4582 .et
2363 4529 2587 4599 capillos
2630 4532 2909 4598 tondeant,
2941 4541 3000 4587 ut
3029 4532 3183 4602 juxta
3229 4535 3543 4606 Apostolum
3576 4558 3588 4591 :

2013 4616 2385 4688 Exspatianles
2417 4636 2511 4673 nos
2542 4630 2762 4676 veterem
2803 4624 3059 4678 hominem
3088 4641 3204 4677 cum
3231 4627 3434 4680 acribus
3462 4631 3592 4691 suis,

2010 4705 2295 4760 induamus
2321 4722 2441 4761 eum
2475 4710 2566 4779 qui
2599 4720 2878 4765 renovatur
2905 4713 2963 4765 in
2990 4713 3305 4781 agnitionem
3336 4715 3430 4768 Dei
3471 4716 3595 4787 (Co-

2011 4793 2136 4849 loss.
2167 4811 2250 4861 tn,
2280 4796 2356 4867 5).
2394 4797 2451 4851 ld
2478 4807 2582 4864 est,
2618 4800 2936 4856 criminibus
2962 4804 3142 4857 Carnis
3181 4814 3399 4869 nostraz,
3435 4792 3603 4873 quasi:

2015 4886 2262 4941 crinibus
2287 4888 2481 4957 capitis
2506 4902 2791 4955 exuamur,
2819 4902 2981 4962 atque
3013 4894 3138 4948 inde
3164 4895 3433 4951 innovatis
3473 4913 3595 4952 sen-

2014 4977 2168 5033 sibus
2212 4980 2597 5036 enitescamus.
2641 4981 2813 5049 Quam
2858 4986 3267 5042 renovationem
3316 4988 3368 5044 in
3414 4998 3593 5047 mente

2012 5076 2229 5139 oportet
2278 5070 2417 5137 ﬁeri,
2464 5072 2559 5126 sed
2598 5071 2653 5125 in
2689 5072 2868 5141 capite
2907 5072 3287 5140 demonstrari,
3343 5078 3437 5152 ubi
3476 5080 3591 5149 ipsa

2011 5172 2166 5214 mens
2194 5160 2440 5215 noscitur
2475 5161 2741 5216 habitare.
2775 5161 3022 5216 Habeant
3051 5164 3216 5219 etiam
3247 5165 3389 5221 infra
3424 5169 3593 5226 cellu-

2012 5248 2120 5303 lam
2146 5251 2468 5305 retrusionis
2494 5251 2723 5318 dolium,
2755 5259 2809 5307 et
2837 5254 3050 5321 quoties
3071 5257 3309 5327 expedit,
3340 5260 3592 5316 sacerdo-

2009 5348 2091 5396 tes
2111 5355 2210 5411 pro
2231 5343 2493 5397 munditia
2514 5344 2759 5414 corporis
2778 5344 3091 5401 balneorum
3115 5349 3300 5404 usibus
3316 5348 3586 5408 fruantur.

2012 5432 2120 5488 Sed
2164 5431 2399 5489 fortasse
2447 5433 2613 5504 aliqui
2648 5435 2831 5490 dicent
2860 5455 2873 5491 :
2908 5436 3145 5494 Sanctus
3166 5438 3434 5498 Antonius
3457 5456 3590 5498 nun-

2009 5541 2171 5595 quam
2203 5542 2262 5581 se
2287 5525 2581 5580 balneavit.
2626 5525 2834 5593 Quibus
2875 5527 3112 5583 breviter
3154 5531 3587 5601 respondendum

2007 5626 2130 5673 est:
2162 5615 2219 5672 Si
2267 5628 2490 5671 sanctus
2539 5615 2809 5672 Antonius
2858 5633 3134 5689 nunquam
3188 5635 3247 5675 se
3290 5620 3583 5686 balneavit,

2009 5722 2107 5763 nec
2125 5717 2374 5780 'unqttam
2418 5707 2642 5765 missam
2683 5710 2958 5776 cantavit;
2999 5710 3228 5782 ideoque
3269 5712 3586 5769 balneorum
