3974 6192
374 310 474 368 643

1366 306 1427 363 S.
1467 301 1831 362 BENEDICTI
1871 301 2166 357 ABBATIS
2202 298 2613 356 ANIANENSIS

3511 298 3610 355 GH

372 440 505 479 usus
540 424 594 477 in
638 420 979 477 sacerdotum
1019 417 1342 488 relinquitur
1382 416 1631 480 arbitrio,
1670 424 1731 470 ut
1760 414 1943 469 mundi
1970 415 2017 477 Α
2048 410 2415 482 responsionis
2454 411 2766 483 porrigatur
2806 409 2999 466 bonus.
3040 409 3192 466 Sicut
3220 411 3477 481 scriptum
3504 426 3615 472 est:

372 525 429 572 et
447 515 592 593 digni
622 514 925 569 habeantur
954 526 1111 565 sacra
1143 509 1403 581 mysteria
1437 507 1735 564 celebrare.

967 599 1194 655 CAPUT
1239 598 1350 654 ιιι.

373 695 453 749 De
499 691 769 763 discipulis
810 689 1191 754 solitariorum,
1229 699 1277 743 et
1317 688 1382 742 de
1420 704 1597 742 eorum
1631 686 1946 740 obedientia.

445 782 700 852 Discipuli
726 796 856 851 ergo
888 780 1252 835 solitariorum
1280 794 1421 847 saepe
1449 775 1773 833 admonendi
1800 784 1946 840 sunt,

374 885 435 929 ut
463 875 543 928 sic
566 874 768 936 vivant,
807 881 1074 939 quatenus
1099 870 1222 924 aliis
1250 870 1453 924 bonum
1486 865 1789 935 exemplum
1818 880 1953 935 pra:-

375 964 571 1027 beant,
618 969 674 1017 et
716 961 994 1016 humiliter
1045 959 1426 1029 magistrorum
1478 955 1719 1024 imperiis
1773 952 1952 1025 suhja-

377 1062 552 1109 ccant.
592 1053 715 1106 Mox
748 1067 878 1120 ergo
919 1058 979 1104 ut
1022 1050 1225 1119 aliquid
1272 1050 1355 1104 eis
1403 1048 1727 1116 imperatum
1761 1062 1793 1099 a
1836 1061 1951 1100 ma-

377 1144 561 1213 gistris
589 1142 770 1205 fuerit,
817 1156 879 1195 ac
909 1140 953 1196 si
985 1139 1245 1194 divinitus
1280 1139 1576 1207 imperetur
1602 1150 1807 1190 moram
1838 1134 1949 1204 pati

378 1234 623 1289 nesciant
663 1232 717 1286 in
759 1231 1024 1285 faciendo.
1070 1229 1176 1284 Sed
1211 1230 1324 1299 ipsa
1359 1227 1665 1282 obedientia
1706 1235 1835 1280 tunc
1862 1242 1951 1280 ac-

379 1324 658 1395 ceptabilis
687 1323 793 1376 erit
832 1323 964 1387 Deo,
1010 1330 1065 1375 et
1107 1321 1282 1375 dulcis
1327 1318 1658 1382 hominibus,
1711 1318 1758 1371 si
1808 1315 1950 1385 quod

371 1414 612 1484 jubetur,
659 1427 766 1467 non
815 1411 983 1476 tarde,
1029 1426 1137 1465 non
1179 1410 1356 1480 tepide
1394 1417 1488 1463 aut
1522 1422 1644 1463 cum
1692 1421 1952 1477 responso

380 1504 615 1561 nolentis
651 1502 943 1566 efﬁciatur;
998 1501 1126 1570 quia
1174 1499 1480 1555 obedientia
1512 1513 1631 1567 qua:
1659 1494 1953 1564 majoribus

376 1596 677 1667 praebetur,
729 1593 838 1647 Deo
881 1592 1201 1656 exhibetur;
1251 1590 1368 1661 ipse
1424 1589 1571 1644 enim
1618 1589 1756 1644 dixit
1796 1606 1809 1642 :
1849 1587 1954 1654 Qui

378 1703 467 1741 eos
492 1686 661 1751 audit,
716 1701 797 1739 me
844 1685 1018 1749 audit,
1068 1692 1173 1738 etc.
1225 1682 1377 1752 (Luc.
1418 1697 1474 1746 ιι,
1514 1680 1624 1752 ili).
1663 1680 1798 1734 Nam
1828 1695 1952 1734 cum

2049 504 2231 561 Sermo
2277 504 2444 559 bonus
2490 520 2646 573 super
2689 503 2873 557 datum
2922 503 3176 573 optimum
3222 500 3415 574 (Eecli.
3464 522 3619 571 xvm,

2050 594 2137 659 16,
2171 593 2280 665 i7).
2314 592 2505 648 Omnia
2534 600 2714 647 autem
2743 607 2873 647 vasa
2902 606 3089 646 eorum
3116 600 3476 662 cunctamque
3497 596 3623 649 sub-

2049 685 2305 739 stantiam
2332 699 2394 738 ac
2416 684 2462 738 si
2483 683 2673 737 altaris
2695 697 2821 736 vasa
2844 690 3059 736 sacrata
3089 682 3447 753 conspiciant.
3479 683 3623 740 Nihil

2049 774 2246 828 ducant
2290 773 2691 843 negligendum,
2742 786 2917 842 neque
2955 773 3197 827 avaritia:
3228 774 3498 840 studeant,
3529 791 3627 830 ne-

2049 879 2156 934 que
2192 864 2303 919 sint
2339 864 2568 934 prodigi,
2612 870 2666 917 et
2706 864 3095 932 exstirpatores
3142 864 3458 920 substantive
3499 865 3626 921 illo-

2049 972 2204 1021 rum;
2253 954 2346 1010 sed
2396 954 2577 1010 omnia
2622 962 2932 1008 mensurate
2992 951 3215 1020 faciant,
3247 963 3301 1008 et
3327 954 3628 1010 secundum

2042 1044 2341 1115 iussionem
2388 1046 2790 1117 magistrorum.
2845 1044 2967 1125 Non
3012 1046 3158 1100 enim
3201 1046 3369 1101 velint
3423 1048 3629 1103 habere

2051 1139 2280 1194 solitarii
2310 1140 2493 1210 plures
2522 1140 2834 1210 discipulos,
2872 1139 2998 1208 quia
3026 1154 3368 1209 nequaquam
3404 1139 3630 1194 vincere

2052 1231 2337 1286 avaritiam
2375 1238 2601 1300 possunt
2656 1231 2873 1301 quando
2909 1231 2979 1286 ad
3022 1229 3316 1284 multorum
3359 1237 3633 1284 sustenta-

2054 1321 2253 1376 tionem
2278 1321 2582 1376 intendunt.
2612 1320 2821 1376 Habeat
2844 1329 3024 1375 autem
3045 1321 3414 1389 unusquisque
3435 1336 3631 1384 unum,

2054 1417 2149 1464 aut
2171 1410 2327 1475 duos,
2373 1410 2458 1464 vel
2507 1411 2576 1465 ad
2616 1411 2906 1480 plurimum
2935 1419 3049 1465 tres
3076 1409 3386 1479 discipulos.
3416 1409 3634 1465 Paucos

2053 1510 2235 1556 tamen
2279 1501 2678 1572 condiscipulos
2717 1503 2786 1558 ad
2824 1503 3217 1558 convivendum
3258 1510 3314 1556 et
3347 1500 3526 1571 plures
3561 1503 3637 1558 ad

2055 1590 2377 1646 docendum.
2426 1590 2545 1647 Non
2592 1600 2771 1649 tamen
2814 1593 3047 1648 dicimus
3070 1600 3131 1647 ut
3155 1592 3370 1648 scholas
3404 1608 3637 1663 genera-

2055 1684 2180 1740 liter
2207 1693 2466 1749 teneant;
2507 1686 2756 1755 quamvis
2795 1685 2977 1752 liceat,
3026 1702 3135 1742 non
3173 1694 3357 1742 tamen
3390 1687 3634 1756 expedit.

379 1778 522 1833 malo
547 1777 729 1831 animo
754 1776 801 1830 si
829 1775 1045 1830 obediat
1071 1772 1388 1842 discipulus,
1418 1779 1474 1826 et
1500 1786 1608 1825 non
1632 1770 1804 1824 solum
1833 1784 1948 1833 ore,
1981 1771 2028 1830 B
2058 1775 2212 1832 Unde
2249 1774 2580 1845 Apostolus:
2608 1774 2824 1841 Omnia,
2870 1776 3063 1846 inquit,
3112 1776 3242 1830 mihi
3283 1774 3458 1842 licent,
3508 1774 3637 1829 licet

380 1870 475 1923 sed
505 1868 667 1923 etiam
698 1867 862 1921 corde
903 1865 948 1919 si
989 1861 1425 1925 murmuraverit,
1458 1859 1708 1929 quamvis
1736 1858 1957 1928 impleat

375 1958 671 2028 jussionem
698 1956 966 2027 magistri,
999 1963 1178 2009 tamen
1209 1953 1537 2022 acccptabile.
1562 1967 1668 2006 non
1690 1951 1799 2005 erit
1821 1951 1946 2019 Deo,

380 2050 473 2119 qui
507 2064 603 2105 cor
631 2049 855 2119 respicit
877 2048 1285 2103 murmurantis.
1328 2046 1396 2101 Et
1417 2062 1518 2116 pro
1550 2046 1641 2101 tali
1669 2045 1812 2101 facto
1836 2046 1958 2100 nul-

378 2142 488 2195 lam
519 2139 873 2208 consequitur
912 2138 1168 2208 gratiam,
1214 2138 1325 2192 imo
1359 2151 1574 2207 poenam
1611 2150 1959 2191 murmuran-

380 2231 515 2287 tium
540 2230 796 2294 incurrit,
823 2228 869 2283 si
896 2243 1005 2282 non
1029 2244 1152 2283 cum
1172 2227 1543 2282 satisfactione
1565 2225 1952 2291 emendaverit.

383 2325 725 2395 QuaprOpter
773 2324 829 2378 bi
876 2322 1423 2392 tales,relinquentes
1469 2321 1653 2376 statim
1695 2335 1816 2389 quae
1857 2334 1956 2373 sua

381 2426 532 2484 sunt,
560 2427 618 2472 et
640 2417 970 2472 voluntatem
998 2418 1270 2487 propriam
1297 2416 1628 2481 deserentes,
1659 2416 1955 2470 secundum

384 2507 598 2562 Domini
642 2506 963 2572 sententiam
991 2505 1084 2575 qui
1114 2506 1247 2559 dixit
1278 2524 1291 2558 :
1328 2505 1452 2559 Non
1493 2506 1606 2560 ueni
1640 2503 1955 2559 voluntatem

381 2612 549 2650 meam
580 2595 771 2665 facere,
812 2595 904 2648 sed
940 2595 1055 2665 ejus
1093 2597 1184 2666 qui
1224 2595 1366 2648 misit
1406 2612 1485 2649 me
1519 2594 1699 2663 (Joan.
1732 2610 1809 2659 Vl,
1838 2593 1951 2663 '58);

380 2700 504 2739 mox
540 2685 884 2754 exoccupatis
921 2686 1192 2750 manibus,
1227 2693 1281 2739 et
1312 2686 1454 2753 quod
1497 2684 1730 2755 agebant
1757 2684 1957 2753 imper-

380 2773 581 2828 fectum
608 2773 996 2843 relinquentes,
1038 2774 1216 2828 vicino
1252 2772 1572 2830 obedientize
1602 2772 1738 2841 pede
1760 2770 1956 2840 juben—

382 2866 455 2919 tis
483 2880 667 2921 vocem
710 2864 871 2919 factis
916 2872 1232 2934 sequantur.
1282 2863 1436 2918 Unde.
1479 2862 1533 2916 in
1569 2861 1956 2917 Collationibus

382 2956 605 3011 Patrum
647 2957 754 3010 tale
792 2956 952 3010 datur
989 2954 1295 3025 exemplum
1325 2953 1544 3008 :Abbas
1569 2951 1830 3023 Sylvanus
1861 2953 1958 3007 ha-

381 3047 501 3102 buit
527 3045 848 3115 discipulum
889 3046 1199 3114 quemdam,
1241 3044 1460 3099 nomine
1496 3042 1757 3109 Marcum,
1786 3051 1841 3097 et
1866 3042 1955 3099 hic

2059 1882 2163 1920 non
2190 1865 2367 1919 omnia
2394 1865 2675 1936 expediunt
2707 1864 2759 1935 (Ι
2790 1863 2912 1920 Cor.
2940 1881 3016 1931 vt,
3041 1863 3149 1937 12).

2639 1976 2868 2033 CAPUT
2908 1977 3037 2032 Llll.

2128 2069 2206 2125 De
2233 2068 2343 2124 zelo
2372 2069 2505 2124 bona
2539 2084 2690 2140 quem
2723 2067 2922 2141 debent
2957 2067 3145 2123 habere
3173 2066 3400 2123 solitarii
3435 2085 3565 2141 erga

2698 2137 3002 2208 discipulos.

2129 2230 2202 2287 Ut
2228 2241 2409 2286 autem
2441 2230 2517 2285 ait
2554 2239 2776 2286 sanctus
2810 2230 3151 2296 Benedictus,
3195 2231 3335 2286 sicut
3366 2240 3450 2286 est
3482 2230 3644 2288 zelus

2056 2321 2233 2377 bonus
2256 2321 2349 2391 qui
2371 2328 2587 2392 separat
2612 2320 2884 2375 hominem
2904 2334 2934 2373 a
2954 2319 3103 2374 vitiis
3124 2328 3180 2375 et
3203 2319 3353 2375 ducit
3375 2320 3443 2375 ad
3462 2319 3641 2376 Deum

2056 2418 2115 2467 et
2159 2410 2227 2465 ad
2266 2411 2435 2464 vitam
2468 2419 2749 2473 mternam,
2782 2409 2854 2462 ita
2882 2418 2967 2463 est
2990 2415 3045 2463 et
3079 2408 3229 2463 zelus
3254 2409 3641 2465 amaritudinis

2055 2501 2150 2570 qui
2194 2507 2409 2569 separat
2437 2515 2467 2552 a
2499 2499 2609 2554 Deo
2637 2506 2695 2553 et
2720 2498 2869 2556 ducit
2902 2499 2970 2553 ad
2998 2498 3292 2552 infernum.
3319 2498 3473 2554 Hunc
3498 2514 3639 2570 ergo

2057 2590 2230 2659 zelum
2275 2590 2366 2659 qui
2397 2589 2465 2643 ad
2497 2590 2661 2643 vitam
2702 2588 2852 2642 ducit
2895 2597 3179 2653 aeternam,
3230 2587 3641 2644 ferventissimo

2056 2694 2243 2734 amore
2279 2687 2572 2735 exerceant
2618 2676 2848 2732 solitarii
2899 2692 3028 2748 erga
3080 2676 3394 2747 discipulos,
3437 2678 3492 2732 id
3520 2688 3637 2745 εει,

2057 2778 2119 2824 ιιι
2146 2770 2494 2825 infirmitates
2523 2767 2735 2822 illorum
2764 2755 3210 2837 sive'corporum,
3243 2768 3356 2822 sive
3394 2783 3639 2835 morum,

2056 2861 2448 2931 patientissime
2478 2860 2729 2924 tolerent,
2781 2866 2835 2913 et
2876 2858 2920 2913 si
2962 2857 3100 2913 forte
3144 2858 3348 2928 aliquid
3394 2858 3643 2929 delique-

2060 2954 2193 3018 rint,
2220 2968 2343 3008 cum
2374 2951 2522 3007 omni
2554 2950 2921 3006 moderatione
2956 2964 3051 3004 eos
3088 2949 3401 3019 corripiant.
3428 2950 3486 3005 ln
3516 2950 3643 3019 ipsa

2059 3055 2241 3100 autem
2285 3044 2630 3114 correptione
2666 3043 2961 3113 prudenter
3005 3050 3202 3112 agant,
3251 3051 3306 3097 et
3354 3042 3475 3113 plus
3518 3053 3646 3099 stu-

384 3135 561 3190 fuerat
608 3107 815 3203 magnae
855 3107 1212 3200 obedientiaa,
1273 3135 1472 3203 quique
1517 3134 1682 3188 etiam
1720 3107 1957 3202 scriptor
1982 3107 2027 3169 C
2059 3134 2225 3189 deant
2269 3107 2464 3189 amari-
2489 3107 2903 3204 quam-timeri.
2952 3132 3020 3187 Et
3042 3107 3134 3187 ine
3160 3133 3289 3203 quid
3342 3107 3523 3198 nimis,
3570 3149 3644 3189 ne

384 3233 522 3281 erat.
555 3225 820 3294 Diligebat
864 3232 1045 3278 autem
1073 3240 1197 3279 eum
1225 3239 1389 3278 senex
1431 3232 1651 3294 propter
1693 3224 1954 3279 obedien-

381 3316 515 3370 tiam
541 3331 714 3371 suam.
744 3314 988 3371 Habebat
1012 3324 1191 3369 autem
1214 3314 1347 3369 alios
1370 3315 1618 3370 undecim
1642 3315 1956 3384 discipulos,

383 3406 474 3475 qui
508 3405 971 3460 contristabantur
1003 3418 1101 3475 pro
1134 3418 1200 3459 eo
1233 3405 1375 3474 quod
1409 3419 1534 3459 cum
1563 3404 1808 3475 diligeret
1836 3404 1958 3473 plus

380 3496 484 3551 eis.
518 3495 671 3564 Quod
696 3511 818 3550 cum
850 3496 1127 3551 audissent
1162 3495 1325 3550 vicini
1373 3496 1639 3561 seniores,
1683 3496 1807 3564 quia
1837 3495 1958 3565 plus

385 3601 510 3642 eum
535 3587 749 3643 caeteris
790 3587 904 3642 suis
937 3585 1217 3656 discipulis
1255 3586 1525 3658 diligeret,
1560 3586 1787 3642 moleste
1815 3587 1957 3643 tule-

383 3686 528 3734 runt.
557 3678 673 3735 Una
700 3687 881 3734 autem
918 3679 1004 3734 die
1039 3687 1306 3734 venerunt
1342 3678 1410 3733 ad
1448 3693 1571 3733 eum
1600 3697 1613 3732 :
1643 3693 1782 3749 quos
1807 3694 1960 3735 assu-

383 3784 539 3825 mens
580 3785 763 3825 secum
806 3768 974 3824 abbas
1018 3768 1308 3841 Sylvanus,
1343 3784 1595 3840 egressus
1629 3770 1794 3839 coepit
1840 3770 1955 3824 sin-

384 3856 630 3928 gulorum
674 3856 1057 3927 discipulorum
1105 3873 1331 3913 suorum
1376 3857 1543 3913 cellas
1592 3857 1830 3929 pulsare,
1878 3858 1960 3912 di-

386 3965 516 4006 cens
541 3967 555 4003 :
581 3948 795 4016 Frater,
832 3951 981 4016 veni,
1010 3951 1137 4020 quia
1165 3966 1300 4021 opus
1331 3958 1382 4005 te
1408 3951 1614 4017 habeo;
1648 3958 1706 4006 et
1728 3968 1867 4007 unus
1891 3967 1960 4007 ex

384 4039 465 4093 eis
490 4054 598 4092 non
647 4046 732 4092 est
776 4053 898 4092 mox
928 4047 1147 4094 secutus
1169 4055 1314 4095 eum.
1347 4037 1509 4093 Venit
1548 4048 1731 4094 autem
1759 4040 1827 4094 ad
1855 4040 1959 4095 cel-

382 4128 494 4181 lam
539 4126 728 4189 Marci,
770 4133 826 4180 et
873 4126 1008 4180 dixit
1056 4127 1146 4181 ei:
1179 4128 1335 4192 Veni,
1364 4127 1557 4193 frater,
1584 4129 1710 4198 quia
1744 4144 1880 4199 opus
1907 4137 1961 4184 te

382 4215 573 4271 habeo.
606 4214 698 4269 ille
733 4221 910 4270 autem
954 4214 1246 4280 scribebat,
1288 4223 1344 4271 et
1391 4231 1497 4270 non
1539 4217 1768 4286 perfecit
1808 4217 1958 4272 litte-

386 4321 500 4359 ram
547 4301 613 4370 Ο,
652 4312 706 4359 et
750 4305 918 4360 venit.
961 4305 1029 4360 Et
1074 4306 1328 4361 dixerunt
1353 4321 1514 4361 senes
1545 4326 1557 4361 :
1589 4308 1746 4373 Vere,
1797 4309 1956 4375 abba,

385 4411 548 4466 quem
573 4406 628 4451 tu
659 4396 853 4466 diligis,
897 4396 1190 4468 diligimus,
1220 4396 1475 4466 quoniam
1504 4405 1558 4452 et
1587 4397 1849 4453 Dominus
1880 4399 1960 4453 di-

384 4485 504 4557 ligit
527 4501 671 4542 eum.
698 4487 823 4542 Ideo
846 4488 989 4542 istud
1023 4487 1114 4542 hic
1137 4487 1289 4557 posui
1311 4486 1637 4557 exemplum,
1664 4497 1725 4542 ut
1747 4489 1960 4545 discant

386 4577 634 4646 discipuli
671 4592 833 4648 agerc
865 4577 1230 4632 obedientiam
1259 4578 1378 4632 sine
1413 4592 1583 4633 mora.
1612 4578 1715 4648 lpsi
1746 4596 1960 4650 quoque

386 4667 633 4738 discipuli
658 4684 764 4723 non
792 4668 901 4723 sint
920 4669 1158 4740 superbi,
1182 4685 1289 4724 non
1317 4670 1476 4735 tardi,
1509 4686 1616 4726 non
1645 4671 1957 4740 turbulenti,

385 4775 494 4816 non
525 4760 802 4827 vinolenti,
841 4777 951 4816 non
996 4761 1223 4816 multum
1263 4763 1483 4827 edaces;
1527 4763 1620 4818 sed
1657 4764 1767 4819 sint
1796 4765 1962 4820 mori-

382 4851 485 4907 bus
521 4852 763 4916 honesti,
806 4868 869 4907 ac
904 4852 1070 4907 Deum
1113 4852 1387 4909 timentes.
1420 4853 1522 4919 Qui
1553 4855 1717 4909 etiam
1744 4871 1809 4910 ea
1838 4872 1960 4926 quae

386 4940 529 4997 Deus
554 4942 765 4996 dederit
785 4950 1026 5012 tempore
1049 4950 1353 5013 opportuno
1375 4944 1662 5014 diligenter
1687 4945 1960 5016 magistris

388 5032 788 5098 administrent,
829 5042 883 5089 et
912 5034 966 5088 in
994 5033 1352 5088 ministrando
1380 5032 1688 5089 nullatenus
1714 5050 1809 5089 eos
1833 5051 1964 5090 con-

390 5125 635 5189 tristent;
666 5139 932 5179 memores
962 5139 1177 5194 semper
1202 5123 1370 5178 divini
1410 5124 1699 5189 sermonis,
1728 5124 1818 5179 ubi
1845 5124 1920 5178 ait
1944 5142 1957 5178 :

388 5215 494 5282 Qui
543 5215 977 5270 scandalizaverit
1020 5231 1184 5270 unum
1230 5215 1295 5270 de
1338 5215 1582 5287 pusillis,
1631 5217 1721 5286 qui
1769 5217 1826 5270 in
1880 5232 1960 5270 me

383 5308 622 5381 credunt,
653 5316 757 5364 etc.
790 5305 1004 5379 (Matth.
1042 5323 1197 5373 xvm,
1223 5308 1302 5381 6.)
1349 5308 1483 5364 illud
1523 5309 1689 5364 etiam
1735 5310 1805 5365 ad
1847 5324 1960 5364 me—

382 5400 610 5453 moriam
656 5407 911 5455 revocent
948 5400 1095 5469 quod
1123 5400 1199 5455 ait
1222 5399 1513 5469 Apostolus
1540 5418 1553 5454 :
1586 5398 1690 5465 Qui
1715 5400 1841 5455 bene
1862 5401 1953 5454 mi-

382 5492 592 5555 nistrat,
628 5492 852 5562 gradum
891 5492 1081 5547 bonum
1120 5491 1222 5548 sibi
1251 5493 1473 5563 acquirit
1501 5491 1585 5564 (II
1615 5490 1738 5547 Cor.
1768 5508 1843 5557 tx,
1880 5492 1946 5567 7).

382 5580 450 5637 Et
500 5595 749 5643 rursum:
782 5580 1024 5637 Hilarem
1076 5579 1314 5636 datorem
1352 5581 1525 5653 diligit
1573 5581 1711 5636 Deus
1765 5579 1949 5652 (Ibid)

384 5673 482 5731 Cui
512 5680 691 5726 autem
723 5674 1024 5729 substantia
1064 5689 1168 5728 non
1197 5682 1278 5727 est
1301 5688 1420 5743 qum
1450 5672 1737 5740 tribuatur,
1779 5688 1971 5743 sermo

2056 3227 2186 3281 dum
2234 3225 2398 3281 nimis
2439 3225 2666 3283 eradere
2713 3225 2937 3294 cupiunt
2982 3224 3305 3295 rubiginem,
3355 3222 3657 3295 frangatur

2056 3330 2184 3383 vas;
2227 3330 2492 3385 suamque
2539 3313 2892 3386 fragilitatem
2939 3328 3153 3384 semper
3200 3316 3437 3384 suspecti
3485 3317 3640 3384 sint;

2060 3405 2516 3474 meminerintque
2555 3405 2826 3460 calamum
2868 3412 3181 3474 quassatum
3211 3420 3319 3459 non
3352 3415 3644 3462 conteren-

2058 3496 2203 3552 dum.
2233 3494 2291 3549 ln
2320 3495 2518 3565 quibus
2548 3508 2655 3549 non
2699 3494 2933 3554 dicimus
2974 3501 3035 3548 ut
3072 3493 3393 3564 permittant
3437 3496 3645 3550 nutriri

2058 3584 2210 3648 vitia,
2240 3599 2417 3655 neque
2442 3582 2780 3638 dissimulent
2814 3592 3036 3654 peccata
3067 3583 3515 3652 delinquentium,
3545 3586 3645 3640 sed

2060 3691 2185 3731 mox
2209 3684 2271 3731 ut
2290 3677 2423 3732 oriri
2444 3676 2735 3746 cmperint,
2755 3684 3018 3746 quantum
3042 3673 3357 3756 praevalent,
3382 3673 3647 3729 radicitus

2060 3780 2123 3821 ea
2155 3774 2475 3835 amputent;
2522 3780 2792 3821 memores
2828 3779 3040 3833 semper
3074 3764 3202 3833 quia
3231 3762 3348 3818 lleli
3383 3762 3646 3818 sacerdos

2059 3870 2159 3925 pro
2208 3856 2437 3911 ﬁliorum
2488 3855 2775 3925 iniquitate
2823 3856 3112 3911 damnatus
3164 3861 3248 3910 est
3293 3852 3345 3925 (I
3384 3852 3514 3924 Reg.
3550 3853 3643 3923 ιι).

2061 3947 2403 4018 Quapropter
2460 3957 2681 4002 teneant
2732 3946 3019 4002 consilium
3063 3944 3309 4015 Apostoli
3367 3942 3646 3999 dicentis:

2060 4037 2256 4108 Argue,
2292 4037 2528 4103 obsecra,
2569 4039 2781 4107 increpa
2809 4037 2864 4091 in
2891 4036 3032 4090 omni
3057 4035 3309 4107 patientia
3330 4043 3376 4088 et
3400 4035 3644 4089 doctrina

2064 4126 2115 4197 (I
2155 4126 2293 4181 Tim.
2335 4126 2430 4198 tv).
2478 4126 2537 4181 Id
2582 4135 2690 4194 est,
2744 4125 3169 4196 indisciplinatos
3206 4124 3396 4180 durius
3442 4139 3643 4196 argue,

2062 4220 2378 4275 obedientes
2404 4228 2461 4275 et
2487 4220 2669 4286 mites,
2712 4227 2772 4275 ut
2810 4220 2865 4274 in
2903 4219 3095 4274 melius
3135 4218 3441 4288 proﬁciant,
3482 4218 3647 4273 obse—

2062 4325 2184 4377 cra;
2231 4311 2567 4384 negligentes
2605 4320 2661 4366 et
2700 4320 3107 4367 contemnentes
3153 4311 3405 4379 increpa;
3458 4309 3644 4364 omnia

2064 4412 2243 4458 tamen
2273 4419 2393 4458 cum
2422 4403 2703 4474 patientia.
2745 4402 3021 4475 Improbos
3056 4411 3258 4469 autem,
3288 4411 3342 4457 et
3371 4403 3560 4468 duros,
3588 4412 3645 4457 et

2062 4497 2344 4567 superbos,
2391 4495 2475 4551 vel
2519 4493 2913 4560 inobedientes,
2951 4496 2997 4551 si
3036 4502 3171 4550 tetas
3197 4494 3408 4562 siverit,
3452 4495 3645 4549 verbe-

2063 4603 2182 4643 rum
2217 4587 2571 4658 castigatione
2599 4595 2653 4642 et
2682 4601 2971 4656 corporum
3002 4585 3291 4641 aﬂlictione
3327 4593 3641 4651 coerceant,

2061 4680 2202 4735 sicut
2251 4679 2514 4749 scriptum
2543 4685 2664 4733 est:
2695 4675 2918 4731 Percute
2967 4676 3139 4746 ﬁlium
3183 4686 3330 4731 tuum
3385 4677 3555 4746 virga,
3592 4684 3644 4730 et

2061 4774 2295 4826 animam
2323 4771 2435 4841 ejus
2468 4770 2532 4825 de
2560 4770 2766 4840 inferno
2806 4769 3052 4824 liberabis
3106 4768 3289 4840 (Prov.
3325 4784 3485 4834 xxm,
3529 4767 3638 4839 ll).

2062 4860 2178 4917 Hoc
2223 4875 2565 4931 summopere
2613 4859 3009 4930 perpendentes
3051 4869 3111 4914 ut
3140 4858 3295 4928 juxta
3324 4860 3642 4930 qualitatem

2062 4952 2343 5006 vulnerum
2383 4953 2675 5007 exhibeant
2716 4951 2956 5006 fomenta
2996 4952 3361 5007 curationum.
3404 4951 3645 5007 Caveant

2064 5052 2247 5101 autem
2281 5052 2363 5110 ut,
2404 5045 2531 5099 dum
2568 5043 2704 5099 alios
2733 5044 2801 5099 de
2826 5043 3283 5099 admonitionibus
3312 5046 3425 5100 suis
3453 5060 3642 5100 emcn-

2062 5132 2191 5188 dare
2216 5140 2534 5204 procurant,
2575 5134 2679 5205 ipsi
2708 5134 2776 5189 ab
2803 5134 3058 5190 omnibus
3082 5134 3233 5190 vitiis
3258 5135 3532 5190 emendati
3560 5136 3641 5190 in-

2063 5223 2382 5288 veuiantur;
2413 5238 2483 5277 ne
2511 5222 2653 5278 forte
2673 5223 2794 5278 aliis
2812 5224 3189 5293 prmdicantes,
3211 5224 3311 5296 ipsi
3338 5225 3507 5299 (quod
3539 5226 3636 5281 ab-

2066 5315 2156 5386 sit)
2186 5315 2398 5385 reprobi
2423 5312 2748 5371 eiiiciantur.

2653 5404 2882 5462 CAPUT
2918 5405 3051 5461 LIV.

2305 5493 2579 5562 Quomodo
2603 5496 2854 5568 jejunare
2893 5496 3111 5551 debeant
3151 5496 3404 5554 solitarii.

2137 5580 2228 5637 Sic
2255 5585 2398 5639 enim
2435 5585 2749 5642 necessaria
2782 5584 2941 5640 nobis
2976 5594 3105 5640 sunt
3125 5584 3332 5655 jejunia
3359 5585 3499 5640 sicut
3525 5583 3640 5641 vul-

2065 5676 2286 5731 neribus
2314 5676 2605 5745 medicina,
2635 5679 2708 5733 ita
2744 5685 2922 5733 tamen
2943 5687 3001 5733 ut
3027 5676 3251 5732 duarum
3282 5692 3462 5733 rerum
3498 5676 3639 5733 testi-
