3974 6192
331 272 431 326 625

963 271 1189 329 CODEX
1234 272 1688 328 REGULARL'M.
1728 304 1795 312 —
1835 273 2014 328 ΡΠὶὲ
2054 273 2114 329 ll.
2162 276 2465 335 REGULE
2503 281 2606 336 PP.
2650 282 2922 339 ORIZNT.

3481 296 3593 352 6W

328 382 510 437 mouio
537 381 976 449 comprobantur,
1004 383 1054 437 id
1078 392 1180 447 est,
1213 380 1458 440 oratione
1477 395 1532 440 et
1551 385 1910 456 clecmosyna.
1944 392 1989 449 Λ
2020 385 2281 453 Quoniam
2314 391 2429 461 ipsa
2472 402 2597 448 sunt
2634 411 2754 464 quae
2795 396 3000 453 faciunt
3026 403 3301 458 humiliari
3331 410 3586 467 animam.

334 474 481 529 Unde
524 473 714 526 beatus
761 470 1095 542 Augustinus
1124 475 1239 528 ait:
1272 476 1478 529 Donum
1519 484 1603 530 est
1635 476 1905 545 jejunare,

330 566 422 620 sed
448 562 643 618 melius
666 570 750 616 est
777 562 1175 635 elcemosynam
1205 566 1354 619 dare.
1382 565 1737 636 Eleemosyna
1763 566 1907 619 enim

335 654 531 711 sufﬁcit
552 654 672 709 sine
692 652 918 723 jejunio,
946 655 1210 725 jejunium
1255 672 1385 712 vero
1407 674 1513 711 non
1558 657 1753 711 sullicit
1791 657 1911 711 sine

324 748 687 818 eleemosyna.
719 746 847 800 Tale
873 755 952 800 est
975 746 1241 816 jejunium
1265 748 1383 803 sine
1408 749 1748 820 eleemosyua
1775 764 1912 819 qua-

326 840 391 893 lis
420 847 509 893 est
547 838 665 892 sine
692 836 811 891 oleo
854 835 1096 891 lucerna.
1134 837 1202 891 Et
1234 837 1373 893 sicut
1397 838 1764 909 lucernaqua:
1791 840 1909 893 sine

322 931 442 985 oleo
472 928 806 993 accenditur,
846 926 1111 999 fumigare
1138 938 1334 999 potest,
1368 929 1540 984 lucem
1567 930 1769 986 habere
1799 947 1907 985 non

324 1028 535 1089 potest;
570 1019 646 1072 ita
676 1016 940 1086 jejunium
976 1019 1092 1072 sine
1126 1019 1488 1089 eleemosyna,
1532 1020 1908 1093 carnem‘qui-

323 1110 445 1163 dem
495 1108 739 1171 cruciat,
791 1107 885 1161 sed
930 1107 1217 1162 charitatis
1264 1107 1468 1161 lumine
1512 1108 1748 1161 animam
1797 1122 1906 1162 non

322 1201 584 1255 illustrat.
610 1198 717 1254 Sed
739 1199 1087 1268 qumrendum
1111 1198 1265 1253 nobis
1285 1206 1367 1252 est
1385 1198 1657 1268 quomodo
1677 1197 1906 1251 solitarii

322 1293 725 1362 elcemosynam
756 1291 888 1346 dare
912 1289 1191 1359 jubentur,
1221 1292 1310 1361 qui
1340 1307 1444 1346 non
1471 1291 1644 1346 solum
1680 1291 1911 1346 faculta-

322 1392 425 1447 tes,
461 1384 557 1437 sed
585 1382 750 1437 etiam
793 1383 1003 1451 seipsos
1051 1382 1280 1437 Domino
1311 1381 1545 1437 ﬁdeliter
1571 1380 1904 1436 obtulerunt.

320 1472 401 1526 Ad
448 1473 565 1526 haec
612 1486 719 1525 non
764 1486 885 1540 ego,
916 1471 1010 1526 sed
1054 1470 1314 1528 Dominus
1336 1486 1435 1541 per
1459 1471 1776 1541 prophetam
1820 1486 1909 1524 re-

322 1561 566 1631 spondit,
597 1560 817 1615 diccns:
854 1558 1064 1630 Frange
1092 1560 1343 1614 esurienti
1372 1577 1560 1631 panem
1592 1570 1762 1624 tuum,
1794 1570 1902 1615 etc.

321 1652 480 1723 (Isai.
511 1668 667 1716 Lvnt,
694 1650 770 1721 7).
805 1650 920 1705 Non
943 1651 1089 1706 enim
1110 1651 1246 1705 dixit
1273 1667 1288 1705 :
1319 1650 1396 1705 Da
1432 1650 1693 1705 esurienti
1730 1656 1903 1704 totum

2017 479 2167 534 Unde
2191 481 2405 537 dicebat
2430 483 2596 539 David
2629 504 2640 539 :
2673 485 3030 543 Humiliabam
3062 493 3114 546 in
3134 494 3341 564 jejunio
3360 500 3588 556 animan-

2011 588 2217 638 meam;
2264 576 2436 629 oratio
2470 593 2586 630 mea
2633 578 2687 631 in
2727 579 2849 633 sinu
2890 598 3003 635 meo
3042 595 3367 641 convertetur
3417 589 3587 662 (Psal.

2010 678 2165 728 xun,
2202 664 2310 734 15).
2343 665 2477 719 Nam
2502 664 2635 734 justi
2666 676 2720 721 et
2753 671 3030 739 prophetae
3072 676 3266 740 nostri,
3314 681 3529 746 quando
3557 696 3587 735 a

2010 749 2123 805 Deo
2168 751 2370 821 aliquid
2414 753 2707 823 impetrare
2748 758 3022 823 volebant,
3058 759 3264 830 jejunio
3294 779 3352 818 se
3383 766 3591 838 afﬂige-

2009 840 2170 904 bant;
2210 849 2266 894 ct
2292 842 2371 896 sic
2402 843 2545 910 quod
2580 845 2942 912 postulabant,
2987 849 3279 919 impetrare
3308 870 3365 909 se
3393 857 3588 926 gaude~

2010 927 2159 982 bant.
2192 928 2269 981 Ita
2303 939 2356 982 et
2386 944 2484 983 nos
2509 929 2804 998 jejunando
2852 936 3197 995 humiliemus
3245 944 3453 999 animas
3496 962 3591 1001 no-

2008 1022 2169 1077 stras,
2219 1026 2276 1069 et
2322 1024 2452 1071 tunc
2483 1017 2623 1087 quod
2654 1023 3082 1090 poposcerimus,
3114 1041 3144 1079 a
3175 1028 3284 1083 Deo
3330 1031 3588 1101 impetra-

2008 1104 2205 1159 bimus.
2252 1104 2367 1161 Non
2404 1121 2534 1177 ergo
2560 1123 2660 1163 nos
2690 1110 3040 1178 praeferamus
3064 1115 3145 1170 eis
3171 1119 3262 1187 qui
3285 1120 3472 1189 jejunii
3504 1140 3591 1178 no-

2009 1193 2105 1246 stri
2146 1208 2254 1247 non
2289 1195 2469 1249 valent
2509 1197 2756 1253 oblinere
2790 1215 3123 1269 mensuram,
3173 1221 3242 1261 ne
3287 1207 3427 1263 forte
3473 1213 3592 1280 plus

2008 1281 2333 1338 humilitatis
2375 1285 2717 1356 aliarumque
2756 1288 3022 1345 virtutum
3069 1294 3308 1349 habeant
3342 1295 3418 1351 illi
3450 1299 3592 1353 unde

2000 1372 2126 1442 jure
2154 1376 2312 1430 nobis
2342 1375 2716 1446 jejunantibus
2758 1387 2813 1433 et
2853 1382 3251 1440 abstinentibus
3294 1386 3591 1454 praeferan-

2007 1472 2114 1519 tur.
2177 1464 2364 1535 Neque
2428 1469 2574 1523 enim
2636 1469 2781 1525 istud
2835 1470 3100 1539 jejunium
3164 1478 3445 1546 corporale
3520 1480 3588 1534 ad

2004 1556 2390 1626 perfectionem
2435 1559 2591 1613 nobis
2628 1561 2874 1629 proficit,
2926 1564 3030 1617 nisi
3078 1564 3241 1621 fuerit
3293 1568 3420 1623 huic
3473 1571 3591 1624 ani-

2005 1662 2109 1701 ma:
2161 1662 2374 1717 quoque
2428 1646 2694 1718 jejunium
2740 1652 3073 1721 capulatum.
3126 1653 3300 1712 Habet
3353 1673 3590 1729 namque

317 1760 514 1814 panem
540 1752 714 1808 tuum,
744 1743 837 1798 sed
860 1743 974 1797 ait:
1005 1741 1216 1813 Frange
1240 1742 1489 1796 esurienti
1512 1757 1701 1813 panem
1729 1749 1898 1796 tuum.
1930 1737 1980 1796 B
2007 1737 2187 1791 anima
2257 1753 2385 1793 suos
2452 1740 2647 1794 noxios
2696 1742 2846 1795 cibos
2867 1782 2882 1807 ,
2933 1758 2964 1796 a
3009 1746 3206 1814 quibus
3257 1748 3590 1820 impinguata

319 1833 477 1889 Unde
522 1831 855 1902 Apostolus:
889 1831 1037 1897 Non,
1074 1832 1270 1901 inquit,
1309 1841 1365 1885 ut
1410 1832 1532 1886 aliis
1569 1834 1637 1886 sit
1687 1832 1906 1903 refrige-

316 1928 480 1988 rium,
509 1923 648 1979 vobis
671 1933 843 1976 autem
872 1922 1159 1976 tribulatio.
1189 1921 1296 1977 Sed
1320 1938 1385 1976 ex
1409 1921 1710 1994 atqualitate
1733 1930 1903 1976 vestra

314 2014 647 2069 abundantia
686 2013 912 2068 aliorum
951 2022 1196 2067 sustentet
1224 2014 1495 2083 inopiam;
1527 2022 1581 2066 ut
1613 2023 1660 2067 et
1687 2012 1907 2066 illorum

314 2104 650 2158 abundantia
691 2110 871 2156 vestra:
909 2103 1101 2173 inopiae
1127 2102 1192 2156 sit
1222 2100 1633 2172 supplementum
1665 2101 1755 2173 (II
1775 2100 1902 2155 Cor.

315 2192 558 2264 vm,l3).
586 2191 651 2245 Et
674 2190 808 2244 alias
834 2190 1094 2260 scriptum
1117 2197 1203 2244 est
1229 2207 1242 2243 :
1275 2188 1333 2245 Si
1352 2189 1575 2243 multum
1601 2190 1694 2243 tibi
1716 2190 1902 2260 fuerit,

313 2285 541 2339 multum
577 2283 785 2348 tribue;
823 2284 869 2338 si
907 2293 1080 2338 autem
1121 2283 1368 2354 exiguum
1398 2283 1576 2353 fuerit,
1605 2286 1761 2338 etiam
1792 2286 1905 2339 exi-

311 2392 478 2449 guum
515 2375 585 2429 da
616 2374 768 2447 (Tob.
802 2390 877 2440 tv,
901 2374 978 2445 8).
1024 2374 1151 2429 Tria
1192 2383 1318 2428 sunt
1355 2374 1501 2429 cnim
1534 2390 1730 2444 genera
1758 2375 1902 2430 elec-

313 2482 669 2539 mosynarum
693 2483 813 2537 quae
838 2466 1206 2521 indesinenter
1229 2482 1388 2537 agere
1411 2467 1705 2529 debemus,
1733 2484 1900 2521 unum

310 2557 631 2627 corporale,
680 2557 858 2628 egenti
908 2557 1040 2610 dare
1082 2555 1342 2626 quidquid
1393 2556 1694 2625 poterimus
1725 2575 1737 2609 :
1766 2556 1905 2612 alte-

312 2664 437 2702 rum
470 2647 733 2719 spiritale,
765 2646 1040 2702 dimittere
1069 2661 1099 2699 a
1136 2661 1244 2716 quo
1290 2645 1402 2699 laesi
1451 2644 1748 2712 fuerimus;
1795 2654 1904 2701 ter-

312 2739 481 2803 tium,
530 2737 909 2807 delinquentes
947 2736 1236 2807 corrigere,
1286 2745 1341 2790 ct
1376 2743 1622 2791 errantes
1661 2739 1715 2791 in
1757 2736 1901 2791 viam

310 2829 566 2884 veritatis
611 2828 889 2883 reducere.
934 2827 1015 2881 Ad
1051 2828 1166 2882 haec
1195 2835 1377 2881 autem
1408 2826 1671 2898 jungatur
1699 2827 1900 2894 oratio,

310 2929 364 2974 et
395 2918 504 2973 erit
527 2916 793 2988 jejunium
830 2915 1155 2986 perfectum.
1191 2914 1344 2971 Unde
1371 2916 1573 2970 dictum
1601 2924 1683 2970 est
1709 2934 1721 2968 :
1747 2914 1901 2970 Bona

308 3016 390 3061 est
410 3007 585 3061 oratio
609 3021 728 3060 cum
749 3005 956 3075 jejunio
984 3003 1136 3075 (Tob.
1164 3019 1264 3068 xu,
1289 3004 1366 3072 8).
1393 3002 1497 3058 Per
1515 3001 1724 3072 jejunia
1749 3004 1895 3057 enim

2005 1827 2168 1882 etiam
2196 1828 2312 1882 sine
2340 1844 2590 1885 escarum
2617 1830 2948 1886 abundantia
2971 1836 3038 1888 ad
3061 1835 3291 1892 luxuriae
3314 1850 3588 1911 praerupta

2006 1920 2328 1975 devolvitur.
2373 1921 2509 1976 Nam
2551 1922 2827 1992 superbia,
2876 1938 3015 1979 vana
3060 1927 3250 1995 gloria,
3301 1931 3587 1998 detractio,

2004 2020 2060 2066 et
2084 2012 2305 2079 invidia,
2334 2021 2390 2067 et
2420 2022 2616 2069 cmtera
2641 2014 2768 2068 talia
2795 2015 2947 2070 cibus
2971 2017 3089 2087 ejus
3120 2029 3266 2074 sunt.
3290 2020 3433 2077 Nihil
3459 2038 3589 2094 ergo

2005 2101 2161 2156 nobis
2188 2102 2408 2170 prodest
2440 2103 2508 2157 ab
2532 2103 2674 2157 escis
2709 2104 3017 2160 camalihus
3054 2108 3352 2176 abstinere,
3385 2119 3441 2165 et
3469 2113 3593 2167 tali-

2003 2190 2106 2245 bus
2132 2190 2279 2245 vitiis
2306 2199 2496 2259 pectus
2524 2191 2753 2261 replere.
2787 2191 3052 2259 Quocirca
3082 2196 3128 2250 si
3158 2196 3406 2255 volumus
3431 2202 3589 2257 nobis

2005 2282 2391 2336 abstinentiam
2416 2281 2730 2353 jejuniaque
2764 2284 3055 2355 prolicere,
3084 2289 3152 2342 ab
3177 2288 3264 2344 his
3290 2298 3347 2345 et
3373 2291 3442 2345 ab
3469 2294 3590 2349 aliis

2005 2372 2271 2426 omnibus:
2302 2373 2451 2428 vitiis
2494 2375 2651 2429 nobis
2696 2390 3007 2443 caveamus,
3055 2386 3111 2434 ct
3157 2380 3226 2435 ad
3269 2390 3583 2439 sanctarum

2004 2460 2215 2515 culmen
2241 2463 2524 2521 virtutum.
2557 2464 2740 2518 divina
2769 2465 3072 2534 opitulante
3112 2470 3310 2537 gratia,
3351 2472 3591 2528 nitamur
3673 2502 3676 2506 λ

2003 2552 2386 2606 conscendere.

2613 2640 2842 2699 CAPUT
2880 2641 2989 2697 LV.

2100 2730 2255 2795 Quod
2282 2729 2511 2784 solitarii
2537 2748 2632 2800 pro
2661 2732 2951 2803 [cespitibus
2967 2735 3236 2804 jejunium
3265 2738 3490 2795 solvant.

2074 2820 2152 2875 De
2195 2821 2537 2891 susceptione
2581 2822 2766 2891 itaque
2811 2825 3307 2892 supervenientium
3351 2827 3583 2887 fratrum

2002 2912 2073 2967 ob
2123 2927 2341 2967 causam
2389 2912 2675 2967 charitatis
2719 2914 2911 2969 beatus
2946 2914 3181 2985 Prosper
3215 2919 3288 2973 ita
3326 2919 3583 2990 loquitur,

2000 3007 2188 3062 dicens
2216 3025 2228 3061 :
2262 3007 2308 3061 si
2336 3007 2481 3061 enim
2515 3015 2736 3078 prepter
2763 3008 3032 3077 quoslibet
3063 3011 3416 3070 advenientes
3442 3014 3584 3087 jeju-

307 3109 365 3154 et
388 3098 670 3154 orationes
707 3096 916 3153 occulta
960 3095 1338 3166 mysteriorum
1389 3096 1692 3152 caelestium
1747 3111 1899 3150 reve-
1926 3087 1969 3149 C
2003 3097 2093 3151 nio
2130 3097 2444 3152 intermisso
2483 3097 2694 3164 reﬁcio,
2729 3113 2835 3153 non
2867 3099 3014 3155 solvo
3037 3098 3327 3172 jejunium,
3360 3105 3456 3160 sed
3484 3106 3588 3161 im-

309 3190 517 3254 lantur,
544 3188 819 3258 divinique
847 3187 1175 3242 sacramenti
1197 3201 1394 3240 arcana
1416 3186 1746 3255 panduntur.
1776 3185 1895 3242 Non

308 3280 458 3334 enim
497 3278 766 3348 quispiam
808 3284 990 3348 potest
1037 3276 1293 3330 virtutem
1335 3275 1683 3346 perfectionis
1728 3277 1898 3331 attin-

309 3387 463 3445 gere,
496 3371 602 3427 nisi
633 3371 786 3442 prius
816 3370 1022 3426 ventris
1043 3368 1379 3426 edomaverit
1405 3368 1714 3439 ingluviem.
1745 3367 1894 3438 Jeju-

311 3470 399 3524 nia
447 3467 649 3538 quippe
696 3465 977 3520 moderata
1008 3464 1207 3519 debent
1232 3477 1376 3528 esse,
1418 3477 1488 3516 ne
1513 3461 1678 3517 nimis
1708 3461 1896 3518 debili-

313 3566 427 3614 tent
453 3555 819 3620 stomachum,
848 3555 975 3624 quia
1006 3554 1249 3609 modicus
1279 3560 1335 3608 et
1372 3559 1703 3623 temperatus
1739 3554 1896 3608 cibus

310 3648 462 3703 utilis
480 3654 569 3701 est
594 3645 806 3716 corpori
829 3652 886 3699 et
912 3643 1128 3699 animae.
1153 3642 1515 3709 Quaerendum
1544 3650 1630 3697 est
1653 3643 1821 3698 etiam
1847 3643 1894 3697 si

308 3730 549 3798 triduana
580 3754 646 3794 ac
676 3738 923 3793 triduana
964 3736 1170 3807 jejuuia
1212 3735 1392 3791 facere
1425 3743 1677 3806 oporteat
1712 3734 1896 3791 solita-

310 3832 442 3888 rios.
480 3831 571 3887 Ad
602 3831 747 3901 quod
774 3829 965 3886 beatus
998 3828 1363 3901 Hieronymus
1389 3830 1747 3899 respondens,
1775 3830 1852 3884 ait
1877 3848 1890 3883 :

308 3926 518 3983 Parcus
567 3926 724 3980 cibus
764 3932 823 3979 et
862 3932 1055 3979 venter
1101 3938 1317 3995 semper
1354 3922 1603 3978 esuriens
1629 3922 1896 3977 triduanis

303 4016 526 4087 jejuniis
554 4015 858 4086 przefertur,
883 4014 1163 4084 multoque
1192 4013 1386 4068 melius
1416 4021 1501 4067 est
1533 4012 1776 4082 quotidie
1800 4026 1898 4080 pa-

307 4125 428 4164 rum
451 4107 761 4173 comedere,
787 4121 948 4177 quam
978 4121 1102 4160 raro
1138 4105 1271 4160 satis
1306 4118 1541 4159 sumere.
1576 4102 1766 4158 Pluvia
1801 4102 1896 4157 illa

306 4201 514 4272 optima
544 4206 630 4253 est
671 4212 791 4267 qute
828 4197 1031 4253 sensim
1071 4196 1350 4252 descendit
1390 4195 1445 4249 in
1493 4202 1726 4260 terram;
1769 4207 1896 4248 nam

306 4291 524 4348 subitus
549 4299 607 4344 et
630 4289 794 4344 nimis
836 4289 1011 4343 imber
1039 4287 1094 4341 in
1136 4300 1379 4358 praeceps
1422 4301 1553 4342 arva
1607 4285 1892 4340 subvertit.

306 4383 425 4451 Qua
454 4382 523 4438 de
557 4396 619 4436 re
650 4380 705 4436 in
733 4379 1125 4436 Collationibus
1169 4377 1391 4432 Patrum
1432 4376 1507 4430 ita
1550 4376 1784 4447 legitur:
1809 4375 1895 4428 ln-

309 4474 626 4545 terrogavit,
654 4472 847 4541 inquit,
894 4470 1066 4525 abbas
1094 4466 1293 4537 Joseph
1321 4466 1572 4521 abbatem
1612 4466 1894 4521 Pastorem

305 4567 536 4633 dicens;
567 4565 847 4632 Quomodo
877 4578 1013 4633 opus
1041 4569 1126 4617 est
1157 4558 1441 4630 jejunare?
1468 4559 1537 4613 Et
1574 4558 1854 4627 respondit
1878 4575 1892 4611 :

305 4657 517 4714 Bonum
548 4665 634 4711 est
657 4664 720 4711 ut
758 4655 1060 4711 monachus
1106 4652 1190 4708 vel
1232 4650 1510 4707 solitarius
1541 4649 1782 4719 quotidie
1806 4664 1901 4705 co-

305 4750 514 4815 medat,
545 4755 602 4803 et
628 4746 905 4818 paululum
944 4745 1235 4800 subtrahat
1267 4742 1370 4798 sibi
1399 4741 1466 4796 de
1495 4740 1620 4796 cibo
1648 4756 1718 4795 ne
1744 4730 1904 4796 satie-

307 4848 412 4894 tur.
457 4839 530 4894 Et
564 4838 700 4893 dixit
744 4838 911 4891 abbas
954 4834 1195 4905 Ioseph:
1229 4833 1372 4904 Ergo
1422 4832 1641 4902 quando
1679 4832 1896 4903 juvenis

304 4943 449 4993 eras,
488 4942 603 4983 non
641 4923 929 4994 jejunabas
963 4924 1270 4979 biduanas:
1305 4921 1453 4975 Dixit
1489 4935 1653 4977 senex
1680 4939 1694 4976 :
1720 4920 1895 4977 Crede

304 5021 465 5087 mihi,
506 5018 637 5089 quia
666 5028 724 5072 et
759 5016 1042 5073 triduaaas
1081 5023 1139 5070 et
1174 5013 1610 5079 hebdomadam;
1650 5012 1745 5068 sed
1775 5014 1893 5068 htec

304 5114 489 5168 omnia
542 5112 912 5183 probaverunt
971 5123 1130 5164 senes
1181 5106 1396 5178 magni,
1453 5114 1509 5161 et
1566 5107 1894 5162 invenerunt

303 5206 431 5276 quia
480 5205 688 5259 bonum
723 5210 809 5257 est
837 5201 1079 5272 quotidie
1120 5199 1471 5263 manducare,
1501 5204 1557 5251 et
1580 5211 1794 5266 parum,
1830 5203 1892 5249 ut

301 5299 376 5353 sit
405 5296 651 5368 quotidie
674 5295 904 5350 esuries.
946 5292 1097 5348 Hanc
1127 5292 1273 5347 enim
1302 5290 1449 5344 viam
1478 5290 1681 5359 regiam
1717 5288 1890 5343 levem

302 5390 464 5446 nobis
504 5400 632 5444 esse
671 5387 1201 5443 demonstraverunt.
1251 5380 1386 5437 Nam
1435 5381 1668 5436 biduana
1705 5388 1761 5435 et
1791 5380 1895 5434 tri-

301 5483 483 5538 duana
517 5479 725 5551 jejunia
753 5493 955 5535 vanam
991 5477 1217 5549 gloriam
1246 5474 1558 5531 ostendunt.
1593 5472 1747 5527 Alius
1776 5471 1895 5541 qui-

302 5576 431 5628 dam
479 5572 656 5629 frater
700 5569 1060 5638 interrogavit
1104 5568 1330 5624 dicens:
1362 5563 1573 5634 Jejunia
1609 5571 1664 5618 et
1698 5562 1896 5633 vigilia

305 5681 443 5736 quas
492 5663 623 5720 facit
672 5663 859 5731 homo,
893 5661 1022 5731 quid
1063 5657 1383 5730 proficiunt?
1414 5656 1557 5711 Dixit
1589 5656 1638 5709 ei
1679 5670 1844 5709 senex
1876 5669 1890 5709 τ

1996 3187 2122 3256 pleo
2161 3187 2444 3242 charitatis
2486 3187 2744 3244 cilicium.
2789 3187 3057 3244 Caeterum
3096 3191 3143 3246 si
3188 3200 3414 3264 propter
3465 3193 3587 3250 abs-

2000 3279 2287 3334 tinentiam
2326 3279 2411 3334 vel
2443 3277 2709 3348 jejunium
2755 3294 2937 3335 meum
2992 3281 3303 3351 spirituales
3361 3282 3583 3351 fratres,

1997 3383 2135 3438 quos
2163 3369 2287 3424 novi
2333 3383 2454 3424 mea
2478 3369 2804 3425 remissione
2831 3370 3108 3436 delectari,
3140 3372 3430 3439 contristo,
3467 3375 3587 3430 abso

1998 3467 2227 3521 liuentia
2272 3482 2393 3521 mea
2432 3483 2540 3523 non
2585 3476 2671 3522 est
2716 3468 2894 3523 virtus
2938 3468 3190 3535 dicenda,
3220 3471 3314 3525 sed
3365 3471 3580 3525 vitium.

1998 3558 2264 3624 Quoniam
2316 3558 2534 3627 quidem
2584 3557 2701 3627 ipsa
2751 3558 3078 3614 abstinentia
3135 3572 3199 3613 ac
3252 3557 3580 3628 jejuniorum

1997 3646 2355 3711 continuatio,
2401 3647 2505 3701 nisi
2552 3645 2734 3711 fuerit,
2783 3647 3001 3716 quando
3025 3663 3116 3703 res
3143 3649 3333 3720 exigit,
3365 3659 3585 3720 przeter-

1996 3737 2185 3802 missa,
2215 3744 2270 3791 ct
2293 3751 2380 3791 me
2410 3737 2583 3803 inﬂat,
2614 3746 2671 3792 et
2699 3736 2926 3791 fratrem
2967 3753 3167 3805 meum,
3209 3740 3295 3794 cui
3341 3741 3580 3797 charitas

1990 3829 2145 3899 jubet
2166 3829 2394 3894 servire,
2426 3829 2744 3894 contristat;
2778 3828 2864 3883 vel
2894 3837 3044 3885 certe
3071 3830 3205 3885 mihi
3237 3831 3373 3885 nihil
3399 3832 3581 3888 inesse

1996 3920 2284 3977 charitatis
2311 3933 2561 3989 supernae
2590 3918 2950 3974 demonstrat.
2993 3919 3127 3975 Hinc
3157 3930 3380 3977 sanctus
3411 3921 3579 3977 Bene»

1997 4011 2176 4066 dictus
2202 4009 2280 4064 ait
2307 4027 2320 4062 :
2348 4007 2552 4064 Omnes
2580 4008 3030 4078 supervenientes
3059 4009 3301 4080 hospites
3324 4018 3581 4081 tanquam

1996 4102 2245 4159 Christus
2285 4101 2674 4172 suscipiantur,
2704 4101 2832 4171 quia
2879 4100 2995 4171 ipse
3034 4101 3279 4157 dicturus
3320 4110 3406 4158 est
3429 4121 3442 4157 :
3469 4101 3586 4158 Ho-

1995 4210 2109 4265 spes
2137 4193 2240 4264 fui,
2264 4202 2313 4248 et
2337 4193 2639 4264 suscepistis
2666 4209 2768 4246 me.
2799 4191 2867 4246 Et
2894 4192 3144 4247 omnibus
3178 4207 3451 4262 congruas
3484 4193 3584 4249 ho-

1999 4301 2101 4341 nor
2125 4286 2469 4353 exhibeatur,
2503 4284 2742 4340 maxime
2770 4282 3082 4338 domesticis
3112 4283 3233 4338 fidei
3264 4294 3320 4339 et
3342 4284 3584 4355 peregri-

1998 4377 2105 4432 nis.
2156 4378 2225 4433 Et
2268 4386 2393 4447 post
2430 4391 2603 4447 pauca
2631 4372 2955 4444 :jejunium,
3007 4373 3203 4443 inquit,
3242 4373 3528 4443 frangatur
3554 4389 3584 4430 a

1998 4472 2267 4529 monacho
2307 4470 2392 4524 vel
2431 4469 2673 4524 solitario
2716 4474 2940 4538 propter
2981 4466 3270 4535 hospitem,
3311 4466 3415 4520 nisi
3440 4464 3583 4521 forte

1995 4562 2302 4635 praecipuus
2323 4562 2395 4615 sit
2415 4560 2532 4614 dies
2549 4556 2744 4627 jejunii
2769 4557 2861 4627 qui
2885 4571 2991 4612 non
3013 4557 3186 4627 possit
3208 4555 3423 4611 violari.
3445 4555 3582 4610 Aliis

1997 4667 2128 4707 vero
2172 4649 2512 4719 temporibus
2560 4647 2983 4704 consuetudines
3025 4644 3353 4716 jejuniorum
3396 4659 3587 4715 prose-

1998 4749 2256 4812 quantur.
2295 4739 2600 4809 Paupernm
2629 4752 2781 4804 vero,
2807 4743 2863 4791 et
2887 4735 3295 4807 peregrinorum
3323 4734 3581 4800 maxime,

2000 4847 2132 4887 cura
2177 4829 2408 4885 sollicite
2450 4828 2799 4892 exhibentur,
2828 4827 2956 4895 quia
2985 4824 3040 4879 in
3069 4824 3203 4894 ipsis
3228 4824 3400 4894 magis
3426 4823 3585 4879 Chri-

2000 4931 2118 4976 stus
2147 4918 2459 4989 suscipitur.
2506 4914 2643 4969 Nam
2672 4915 2900 4969 divitum
2937 4921 3112 4968 terror
3139 4913 3256 4982 ipse
3283 4911 3385 4967 sibi
3417 4912 3605 4983 exigit'

1998 5013 2282 5069 honorem.
2307 5011 2424 5078 Qua
2453 5009 2520 5064 de
2542 5022 2601 5063 re
2623 5008 2676 5061 in
2692 5005 3083 5062 Collatiouihus
3103 5003 3328 5058 Patrum
3354 5004 3463 5058 tale
3484 5004 3583 5059 da-

2001 5115 2089 5160 tur
2109 5102 2439 5173 exemplum.
2471 5100 2652 5155 Abbas
2689 5097 2977 5168 Sylvanus,
3008 5095 3135 5150 dum
3171 5108 3296 5149 cum
3320 5093 3584 5164 discipulo

1999 5210 2100 5250 suo
2142 5192 2411 5248 Zacharia
2460 5191 2530 5246 ad
2569 5188 2839 5260 quoddam
2884 5185 3274 5241 monasterium
3325 5184 3583 5253 visitandi

2000 5283 2175 5355 gratia
2230 5280 2602 5352 pervenisset,
2658 5275 2908 5331 fecerunt
2947 5288 3042 5330 eos
3087 5271 3375 5340 monachi,
3430 5281 3587 5328 ante-

1997 5388 2160 5446 quam
2194 5370 2604 5443 egrederentur,
2633 5366 2917 5424 charitatis
2948 5380 3113 5422 causa
3144 5363 3390 5420 reﬁcere.
3414 5363 3584 5419 Erant

1998 5474 2180 5521 autem
2227 5463 2342 5519 dies
2376 5458 2586 5532 jejunii.
2615 5459 2908 5529 Postquam
2953 5465 3133 5513 autem
3184 5455 3388 5527 egressi
3432 5464 3582 5523 sunt,

1998 5555 2206 5613 invenit
2241 5550 2541 5622 discipulus
2579 5549 2698 5621 ejus
2742 5565 2937 5621 aquam
2967 5550 3021 5605 in
3052 5548 3163 5614 via,
3201 5554 3259 5603 et
3291 5545 3461 5601 voluit
3494 5545 3579 5599 hi-

1996 5651 2165 5715 bere;
2210 5653 2265 5701 et
2293 5643 2595 5715 respiciens
2632 5645 2801 5698 abbas
2851 5641 3119 5713 Sylvanus
3146 5639 3220 5694 ait
3251 5657 3263 5693 :
3292 5634 3583 5708 Zacharia,
