3974 6192
344 322 449 378 647

1341 299 1399 354 S.
1443 291 1803 351 DENEDICTI
1834 286 2125 345 ABBATIS
2166 279 2574 340 ANIANENSIS

3495 273 3602 330 διε

347 435 459 490 noli
497 429 703 490 bibere,
736 440 804 480 an
845 421 1022 478 nescis
1049 418 1174 489 quia
1200 412 1464 486 jejunium
1504 420 1588 466 est
1630 406 1823 462 hodie?
1853 404 1923 458 At
1950 406 1997 466 Α
2024 402 2092 457 lis
2117 402 2241 456 vita:
2274 396 2516 453 extendit
2556 392 2832 449 exercitia.
2881 389 3054 473 Credo
3088 386 3234 443 enim
3277 386 3419 456 quod
3466 388 3611 443 inter

349 523 437 578 ille
463 518 599 575 dixit
622 535 635 570 :
661 511 911 581 Nunquid
937 523 1043 565 non
1070 502 1515 561 manducavimus
1533 498 1713 560 hodie,
1744 495 1923 555 Pater,

349 611 418 664 ad
464 603 853 662 monasterium
896 606 952 653 et
996 592 1272 651 bibimus?
1335 590 1484 644 Dixit
1535 600 1699 642 senex
1738 602 1750 636 :
1789 581 1927 637 Illud

351 697 679 752 manducare
703 687 987 745 charitatis
1013 682 1147 747 fuit;
1200 695 1300 735 nos
1344 686 1525 732 autem
1550 683 1831 728 teneamus
1847 668 1928 738 je-

350 789 559 858 iunium
594 793 860 845 nostrum,
894 778 991 831 ﬁli.
1024 775 1162 829 IIinc
1194 777 1446 843 patenter
1469 762 1778 821 ostenditur
1803 760 1929 830 quia

355 895 477 936 cum
500 876 827 932 discretione
850 877 1141 933 utrumque
1175 874 1464 932 possumus
1499 869 1687 926 agere,
1724 860 1930 907 etcum

355 963 860 1040 supervenientibus
918 956 1221 1027 hospitibus
1278 948 1563 1006 charitatis
1615 957 1778 1000 causa
1835 941 1933 995 ali—

355 1030 569 1132 quando
612 1055 860 1115 reticere,
894 1056 950 1103 et
981 1044 1172 1116 jejunii
1202 1040 1443 1111 regulam
1474 1051 1581 1092 non
1608 1030 1935 1105 praetermit-

361 1124 495 1205 tere.
527 1147 714 1215 Itaque
742 1147 961 1196 sanctus
992 1135 1284 1191 Cassianus
1313 1130 1381 1185 de
1410 1128 1598 1183 eadem
1623 1139 1682 1179 re
1706 1124 1936 1177 interro-

360 1238 505 1310 gavit
527 1212 813 1305 quemdam
843 1242 1048 1291 senem,
1073 1226 1259 1280 dicens
1287 1240 1300 1276 :
1332 1219 1442 1274 Cur
1464 1218 1543 1272 sic
1568 1212 1939 1271 indifferenter

361 1301 502 1400 apud
527 1301 621 1381 vos
642 1321 955 1395 quotidiana
967 1317 1172 1387 jejunia
1190 1328 1288 1384 pro
1310 1309 1612 1379 hospitibus
1633 1301 1938 1361 solvuntur?

366 1399 664 1487 Respondit
711 1424 872 1467 senex
919 1425 932 1461 :
985 1404 1256 1475 Jejunium
1304 1413 1516 1468 semper
1567 1408 1779 1449 mecum
1813 1399 1935 1446 est:

366 1511 476 1565 Vos
504 1514 686 1560 autem
710 1499 967 1556 continuo
1004 1494 1327 1549 dimissurus
1364 1503 1505 1552 sum,
1543 1494 1599 1539 et
1619 1498 1831 1538 mecum
1850 1480 1942 1549 Ju-

362 1601 502 1671 giter
529 1605 714 1650 tenere
753 1606 859 1646 non
887 1594 1109 1659 potero;
1152 1584 1274 1639 ideo
1308 1578 1598 1635 charitatis
1621 1572 1854 1631 ollicium
1886 1572 1944 1627 in

364 1665 516 1744 vobis
544 1683 760 1754 impleo,
799 1689 849 1736 et
890 1676 1086 1746 adjecit
1131 1674 1353 1730 dicens:
1386 1668 1501 1723 Non
1556 1665 1703 1720 enim
1728 1669 1944 1735 possunt

2027 496 2160 549 istos
2212 498 2433 547 sanctos
2486 486 2682 542 fratres
2731 492 2851 540 erat
2898 470 3137 552 perfecta
3177 478 3438 542 Charitas,
3481 479 3613 549 quia

2028 601 2187 640 nemo
2214 599 2283 638 ex
2312 582 2392 637 eis
2417 579 2695 650 querebat
2735 589 2854 645 qua:
2880 588 2979 628 sua
3009 576 3156 635 sunt,
3199 569 3293 625 sed
3334 584 3454 638 quae
3478 568 3617 622 alte-

2029 678 2161 732 rius.
2195 675 2366 729 Tanta
2396 678 2481 726 est
2507 671 2653 725 enim
2680 669 2853 722 virtus
2881 662 3183 727 charitatis,
3221 661 3366 716 sicut
3386 658 3621 730 Aposto.

2028 766 2114 820 lus
2157 771 2390 819 testatur
2420 758 2507 831 (ΙΙ
2535 757 2658 813 Cor.
2704 755 2825 827 χιιι)
2848 796 2863 820 ,
2908 761 2969 808 ut
3001 768 3103 808 nec
3132 750 3473 820 martyrium,
3515 765 3625 805 nec

2032 854 2213 910 saeculi
2241 858 2601 919 contemptus,
2634 861 2733 901 nec
2764 845 3232 913 eleemosynarum
3260 839 3473 911 largitio
3500 839 3626 894 sine

2032 947 2152 1016 ipsa
2181 944 2475 1014 quidquam
2518 939 2711 1010 prosit.
2743 935 3008 1003 Quocirca
3051 933 3099 988 si
3149 931 3396 986 volumus
3427 929 3492 983 ad
3527 943 3629 983 su-

2034 1049 2257 1107 pernam
2280 1032 2511 1103 patriam
2535 1029 2763 1085 feliciter
2787 1024 3090 1095 pervenire,
3108 1021 3430 1077 charitatem
3450 1018 3545 1073 Dei
3568 1025 3631 1073 et

2034 1125 2272 1198 proximi
2295 1123 2606 1179 Studeamus
2629 1118 2900 1175 veraciter
2922 1114 3124 1169 habere
3148 1130 3161 1167 :
3185 1112 3315 1182 quia
3340 1111 3482 1165 sicut
3509 1110 3631 1165 sine

2036 1217 2123 1272 via
2152 1229 2312 1271 neruo
2340 1221 2520 1284 potest
2541 1208 2825 1282 pervenire
2866 1221 2976 1275 quo
3017 1202 3206 1267 tendit,
3240 1201 3313 1256 ita
3348 1200 3469 1254 sine
3496 1199 3633 1255 clla.

2038 1308 2223 1371 ritate,
2257 1319 2376 1373 quae
2402 1303 2547 1358 dicta
2582 1310 2666 1355 est
2708 1298 2818 1363 via,
2863 1310 2973 1351 non
3001 1292 3280 1348 ambulare
3314 1304 3634 1361 possumus,

2039 1398 2135 1454 sed
2161 1410 2370 1452 errare.
2417 1392 2607 1448 Omnis
2650 1390 2871 1457 insuper
2896 1385 3109 1441 bonitas
3151 1398 3220 1438 ex
3265 1382 3530 1437 charitate
3575 1386 3637 1434 et

2042 1489 2348 1546 humilitate
2394 1483 2661 1557 procedit.
2711 1481 2781 1535 Et
2825 1480 2967 1535 sicut
3014 1476 3155 1546 ignis
3198 1474 3317 1528 sine
3357 1471 3540 1527 calore
3580 1479 3641 1525 et

2045 1577 2335 1649 splendore
2358 1588 2479 1630 esse
2506 1586 2611 1626 nou
2641 1575 2839 1640 potest,
2870 1568 2942 1620 ita
2974 1572 3029 1620 et
3053 1563 3292 1618 charitas
3312 1561 3429 1616 sine
3455 1559 3642 1614 humi-

2044 1648 2197 1723 litate
2220 1674 2273 1719 et
2300 1678 2428 1719 vera
2463 1658 2771 1716 obedientia
2800 1670 2921 1711 esse
2949 1669 3055 1709 non
3094 1659 3293 1722 potest.
3339 1648 3640 1705 Sciendum

366 1778 464 1847 ﬁlii
496 1739 674 1847 sponsi
703 1739 972 1843 jejunare,
1010 1763 1244 1836 quamliu
1287 1776 1402 1814 cum
1438 1756 1547 1847 illis
1586 1764 1659 1809 est
1691 1766 1944 1847 sponsus:
1974 1763 2022 1822 Β
2048 1766 2132 1815 εει
2164 1764 2347 1811 autem
2374 1752 2500 1823 quia
2537 1748 2813 1805 humilitas
2858 1753 2915 1801 et
2959 1742 3369 1799 obedientia-ac
3413 1739 3646 1809 reliqua:

367 1841 727 1923 Cum'autem
773 1855 1089 1919 discesserit,
1137 1862 1260 1905 tunc
1292 1841 1945 1919 jejunabunt(Matth.tx,

369 1959 480 2028 15).
528 1957 606 2011 Ita
638 1963 694 2009 et
723 1968 822 2007 nos
871 1949 1028 2004 vobis
1071 1942 1309 1999 dimissis
1350 1940 1499 1995 licite
1540 1935 1732 2009 jejunii
1777 1932 1951 1989 nostri

370 2048 613 2118 regulam
646 2041 1080 2102 observabimus.

910 2127 1183 2187 CAPUT
1242 2123 1401 2182 LVI.

964 2221 1041 2276 De
1076 2220 1352 2275 charitate.

447 2316 697 2375 Charitas
722 2320 804 2370 est
827 2310 1043 2367 dilectio
1074 2308 1167 2363 Dei
1207 2317 1261 2363 et
1287 2304 1517 2377 proximi
1556 2304 1610 2358 in
1653 2308 1767 2357 toto
1792 2298 1957 2356 corde

374 2415 431 2463 et
459 2407 511 2460 in
540 2412 650 2459 tota
681 2409 880 2456 mente.
905 2398 1052 2454 Inter
1079 2405 1303 2452 caeteras
1329 2394 1526 2465 quippe
1564 2392 1791 2447 virtutes
1824 2389 1956 2444 cha-

297 2550 302 2556 .
376 2497 513 2559 ritas
539 2494 746 2549 obtinet
772 2490 1137 2562 principatum
1164 2504 1176 2539 :
1210 2485 1323 2540 sine
1355 2485 1471 2553 ipsa
1497 2480 1715 2551 quidem
1745 2477 1814 2532 ad
1837 2490 1961 2547 per-

376 2583 625 2640 fectionis
650 2581 863 2637 culmen
889 2593 1050 2633 nemo
1072 2575 1435 2630 conscendere
1455 2572 1615 2625 valet.
1643 2569 1794 2625 Tunc
1817 2568 1960 2623 enim

378 2678 540 2732 homo
579 2671 849 2744 perfectus
898 2677 1001 2735 est,
1047 2666 1262 2738 quando
1311 2664 1576 2720 charitate
1616 2661 1808 2731 plenus
1855 2666 1959 2725 est,

380 2783 542 2837 quam
573 2779 673 2819 nos
700 2763 901 2817 habere
922 2757 1211 2830 Apostolus
1238 2754 1500 2827 prmcipit,
1531 2753 1717 2807 dicens
1745 2768 1759 2804 :
1792 2748 1965 2819 Super

380 2856 557 2911 omnia
596 2864 771 2914 autem
814 2850 1122 2904 charitatem
1164 2846 1365 2911 habete,
1400 2843 1538 2915 quod
1580 2850 1655 2896 est
1696 2837 1964 2895 uinculum

381 2944 712 3018 perfectionis
765 2939 903 3013 (Col.
959 2955 1043 3005 ιιι,
1091 2936 1199 3008 id).
1249 2936 1318 2990 Et
1358 2937 1602 2989 iterum:
1644 2931 1966 2985 Charitatem

385 3034 732 3108 fraternitatis
774 3032 989 3085 invicem
1023 3028 1292 3099 diligentes
1321 3024 1497 3096 (Rom.
1548 3038 1645 3089 xu,
1677 3022 1787 3093 i0).
1827 3019 1968 3076 Hinc

2050 1847 2283 1903 virtutes
2331 1857 2453 1899 cum
2500 1851 2727 1908 corpore
2772 1835 3076 1904 incipiunt,
3123 1843 3179 1886 et
3232 1845 3356 1885 cum
3410 1841 3649 1898 corpore

2052 1936 2305 1994 deﬁciunt
2333 1973 2348 1997 ,
2400 1939 2458 1988 et
2503 1939 2680 1984 tamen
2729 1939 2939 1981 merces
2995 1936 3182 1977 earum
3237 1926 3519 1989 permanet
3592 1917 3648 1970 in

2053 2036 2347 2090 teternum;
2379 2022 2622 2079 charitas
2646 2033 2776 2074 vero
2804 2017 2857 2071 in
2898 2013 3154 2086 praesenti
3195 2009 3381 2080 incipit
3416 2008 3653 2071 saeculo,

2055 2125 2111 2173 et
2134 2116 2189 2171 in
2215 2113 2396 2168 futuro
2429 2116 2711 2182 permanet
2732 2121 2855 2161 cum
2882 2105 3012 2158 Deo.

2632 2198 2857 2257 CAPUT
2897 2195 3049 2251 LVII.

2635 2290 2714 2344 De
2739 2286 3055 2365 humilitate.

2128 2387 2211 2442 Ad
2241 2384 2515 2455 fastigium
2544 2396 2672 2452 ergo
2701 2395 2845 2434 verae
2873 2375 3196 2434 humilitatis
3221 2389 3319 2429 suo
3346 2387 3447 2428 nos
3466 2370 3657 2426 Domi.

2059 2494 2163 2534 nus
2198 2475 2445 2544 exemplo
2479 2485 2776 2544 provocare
2820 2470 3074 2540 dignatus
3115 2475 3222 2531 est,
3265 2464 3454 2520 dicens
3494 2482 3509 2518 :
3561 2462 3661 2516 Di-

2060 2571 2187 2625 scite
2205 2586 2238 2622 a
2269 2584 2350 2622 me
2377 2567 2503 2638 quia
2530 2566 2672 2619 mitis
2699 2579 2837 2628 sum,
2879 2570 2927 2614 et
2956 2558 3171 2614 humilis
3198 2558 3387 2624 corde;
3429 2566 3477 2610 et
3507 2556 3661 2610 inve-

2063 2659 2214 2715 uictis
2252 2656 2478 2727 requiem
2504 2654 2780 2708 animabus
2811 2652 2991 2707 uestris
3018 2650 3236 2722 (Matth.
3264 2665 3341 2713 ιιι,
3370 2646 3484 2717 29).
3511 2645 3663 2700 Hinc

2064 2750 2262 2805 Petrus
2290 2746 2568 2818 apostolus
2599 2745 2677 2800 ait
2703 2760 2717 2799 :
2753 2742 3123 2799 Humiliamini
3147 2741 3242 2795 sub
3266 2741 3464 2812 potenti
3488 2755 3662 2793 manu

2062 2843 2162 2898 Dei
2188 2851 2238 2897 et
2262 2839 2513 2895 exaltabit
2557 2855 2641 2892 vos
2683 2835 2735 2909 (1
2767 2834 2911 2889 Petr.
2950 2849 3004 2899 v,
3037 2833 3112 2906 6).
3155 2832 3291 2887 Hinc
3316 2832 3461 2886 enim
3490 2830 3666 2885 datur

2066 2932 2314 3003 intelligi,
2344 2932 2472 3001 quia
2501 2940 2703 3000 quanto
2740 2927 2966 2997 quisque
3006 2939 3066 2980 se
3097 2939 3197 2995 pro
3237 2921 3441 2978 Christi
3467 2935 3667 2977 amore

2069 3025 2296 3083 inclinat
2323 3025 2392 3078 ad
2421 3024 2552 3089 ima,
2584 3029 2736 3076 tanto
2762 3017 2979 3090 prolicit
3007 3018 3061 3072 in
3093 3015 3336 3080 excelso;
3367 3023 3422 3070 et
3449 3024 3666 3084 quanto

384 3126 579 3181 Petrus
613 3122 888 3194 apostolus
916 3121 993 3176 ait
1030 3136 1045 3172 :
1083 3121 1215 3172 Ante
1242 3115 1418 3171 omnia
1448 3123 1624 3169 autem
1658 3111 1966 3166 charitatem
1994 3109 2040 3171 C
2072 3117 2339 3187 superbus
2388 3112 2672 3184 gloriosior
2719 3116 2947 3180 apparet
2995 3107 3138 3162 inter
3188 3106 3455 3171 homines,
3505 3113 3667 3159 tanto

386 3218 443 3272 in
483 3214 858 3284 nobismetipsis
903 3211 1202 3267 continuam
1247 3208 1519 3273 habentes,
1564 3206 1690 3276 quia
1737 3204 1968 3259 charitas

388 3307 551 3379 operit
587 3302 975 3359 multitudinem
1007 3308 1337 3372 peccatorum
1371 3296 1422 3368 (I
1448 3295 1592 3350 Petr.
1632 3310 1705 3360 tv,
1727 3292 1804 3365 8).
1832 3291 1970 3347 Hinc

390 3396 629 3452 Joannes
655 3393 931 3464 apostolus
955 3393 1031 3447 ait
1060 3409 1073 3444 :
1106 3390 1247 3443 Deus
1282 3388 1509 3442 charitas
1538 3394 1635 3451 est,
1656 3395 1704 3438 et
1744 3385 1834 3455 qui
1861 3400 1972 3437 ma-

390 3498 474 3543 net
500 3488 554 3541 in
579 3487 833 3541 charitate
858 3485 914 3539 in
950 3483 1057 3538 Deo
1084 3489 1279 3547 manet,
1309 3488 1354 3533 et
1382 3478 1520 3533 Deus
1543 3478 1595 3532 in
1623 3493 1682 3530 eo
1720 3475 1772 3546 (Ι
1807 3474 1968 3529 Joan.

391 3595 466 3647 tv,
499 3581 575 3651 8).
602 3576 965 3645 Quamobrem
1013 3570 1243 3629 tenenda
1268 3577 1353 3626 est
1381 3570 1450 3624 ab
1478 3568 1729 3623 omnibus
1768 3564 1974 3620 sanctis

394 3677 529 3732 viris
550 3675 731 3729 unitas
754 3670 1059 3736 charitatis,
1086 3676 1144 3723 et
1167 3666 1436 3737 praecipue
1466 3678 1497 3717 a
1524 3660 1812 3726 solitariis;
1846 3658 1972 3728 quia

395 3776 597 3840 quanto
637 3782 695 3821 se
722 3764 1048 3820 subtrahunt
1087 3759 1307 3824 mundo,
1340 3763 1490 3811 tanto
1527 3766 1749 3809 necesse
1792 3757 1877 3805 est
1916 3758 1976 3803 ut

396 3860 632 3914 habeant
659 3855 1000 3910 dilectionem
1029 3853 1083 3907 in
1114 3850 1225 3905 Deo
1270 3856 1327 3903 et
1366 3845 1649 3917 proximo;
1696 3851 1822 3896 tunc
1862 3854 1978 3894 ser-

394 3958 525 4005 vant
547 3949 600 4003 in
628 3962 688 4002 se
726 3945 1068 4001 dilectionem
1114 3940 1232 4005 Dei,
1260 3937 1474 4008 quando
1498 3951 1535 3989 a
1565 3933 1836 3990 cbaritate
1868 3944 1976 3985 non

397 4041 708 4098 dividuntur
742 4035 997 4107 proximi.
1028 4032 1184 4089 Unde
1212 4031 1327 4100 ipsa
1365 4027 1578 4084 Veritas
1615 4024 1693 4078 ait
1725 4040 1738 4076 :
1772 4020 1842 4076 In
1879 4021 1977 4075 hoe

398 4136 704 4201 cognoscent
732 4141 909 4179 omnes
932 4125 1058 4194 quia
1094 4122 1193 4174 mei
1223 4120 1343 4173 estis
1375 4113 1641 4186 discipuli,
1668 4113 1713 4166 si
1736 4109 1977 4165 dilectio-

400 4234 519 4273 nem
543 4213 828 4269 habueritis
855 4211 923 4267 ad
958 4210 1172 4264 invicem
1204 4206 1383 4278 (Joan.
1411 4219 1532 4268 xm,
1562 4200 1675 4272 '55).
1713 4200 1979 4267 Quantam

402 4309 548 4364 enim
587 4305 907 4362 charitatem
946 4301 1123 4359 sancti
1153 4298 1343 4354 Patres
1385 4295 1556 4350 nostri
1602 4292 1877 4347 habebant
1913 4289 1982 4344 ad

403 4399 662 4463 invicem,
714 4394 769 4450 in
817 4392 1072 4466 praesenti
1118 4387 1367 4459 exemplo
1415 4384 1795 4441 manifestatur
1839 4381 1985 4451 quod

676 4503 690 4540 :
719 4450 963 4551 Quddam
998 4490 1241 4550 tempore
1272 4450 1417 4532 venit
1465 4473 1684 4544 quidam
1719 4450 1888 4526 frater
1921 4470 1986 4525 ad
2011 4450 2065 4510 D

404 4588 650 4637 sanctum
699 4573 1014 4637 Macarium,
1063 4579 1119 4626 et
1158 4568 1355 4624 obtulit
1399 4566 1449 4622 ei
1490 4579 1655 4620 causa
1703 4560 1988 4617 charitatis

405 4685 567 4726 uvam
596 4681 783 4723 unam.
816 4664 909 4719 Ille
939 4670 1121 4717 autem
1148 4659 1350 4730 gratias
1387 4657 1497 4728 egit
1520 4655 1633 4709 Deo
1673 4668 1773 4724 pro
1801 4650 1988 4706 fratris

408 4759 613 4824 cilicio;
657 4754 842 4811 statim
891 4752 958 4807 ad
1006 4750 1172 4805 alium
1213 4748 1460 4813 fratrem,
1502 4745 1595 4815 qui
1640 4744 1690 4798 ci
1723 4742 1989 4799 inﬁrmior

408 4849 714 4912 videbatur,
761 4842 1059 4899 secundum
1107 4838 1429 4895 charitatem
1460 4835 1654 4893 detulit
1693 4849 1843 4899 eam;
1893 4833 1989 4891 sed

410 4948 466 4994 et
512 4939 627 5010 ipse
674 4933 1022 4991 nihilominus
1054 4931 1174 5001 plus
1230 4929 1298 4985 de
1330 4929 1578 4999 proximo
1612 4941 1778 4996 quam
1807 4924 1875 4980 de
1908 4939 1994 4981 se-

411 5034 643 5103 tnetipso
670 5029 933 5098 cogitans,
966 5025 1035 5080 ad
1065 5022 1231 5079 alium
1259 5020 1481 5076 fratrem
1521 5018 1713 5074 detulit
1749 5016 1993 5072 eamdem

412 5136 573 5176 uvam
601 5138 614 5173 :
644 5127 700 5174 et
728 5117 818 5172 ille
852 5117 1045 5172 iterum
1070 5113 1142 5169 ad
1174 5112 1339 5167 alium
1369 5109 1561 5167 detulit
1598 5123 1752 5173 eam;
1795 5115 1852 5162 et
1881 5122 1997 5160 rur-

413 5224 507 5269 sus
551 5208 640 5263 ille
684 5206 751 5260 ad
780 5205 976 5271 alium;
1018 5212 1076 5259 et
1116 5204 1199 5258 sic
1242 5216 1340 5271 per
1367 5214 1556 5255 omnes
1590 5196 1834 5262 cellulas,
1875 5211 1997 5265 quae

415 5301 576 5374 longe
600 5300 811 5371 lateque
839 5314 938 5371 per
960 5312 1201 5354 eremum
1239 5301 1394 5350 erant
1439 5293 1718 5363 dispersas,
1750 5292 1865 5362 ipsa
1892 5303 1995 5344 uva

417 5391 837 5464 circumportata
877 5396 981 5455 est,
1030 5385 1407 5459 ignorantibus
1439 5382 1689 5440 omnibus
1720 5381 1842 5453 quis
1876 5395 1997 5436 eam

419 5482 627 5551 primus
655 5481 912 5539 misisset.
946 5478 1237 5535 Gratulans
1263 5487 1441 5533 autem
1481 5482 1701 5535 sanctus
1733 5473 1997 5530 Macarius

421 5570 566 5639 quod
594 5578 799 5625 tantam
824 5570 1031 5626 videret
1059 5569 1113 5624 in
1139 5569 1397 5625 fratribus
1420 5567 1743 5623 charitatem
1767 5574 1997 5622 tantam-

420 5673 528 5728 gue
556 5659 960 5727 continentiam,
991 5661 1056 5715 ad
1087 5658 1344 5732 ampliora
1374 5658 1722 5727 semetipsum
1752 5657 2001 5727 spiritua-

2072 3207 2337 3280 dejectior
2362 3205 2468 3261 erit
2496 3211 2622 3259 ante
2656 3201 2847 3256 Deum.
2900 3199 3056 3255 Unde
3085 3198 3225 3252 idem
3255 3196 3514 3251 Dominus
3538 3196 3664 3249 ait:

2071 3299 2255 3356 Omnis
2279 3297 2369 3369 qui
2403 3312 2457 3350 se
2484 3293 2681 3348 exultat
2712 3291 3093 3356 humiliabitur,
3138 3299 3187 3343 et
3221 3290 3311 3359 qui
3332 3304 3388 3342 se
3412 3286 3667 3342 humiliat

2069 3392 2391 3449 multabitur
2419 3388 2570 3461 (Luc.
2616 3402 2774 3452 mn,
2825 3386 2936 3456 14).
2985 3383 3121 3438 Nam
3169 3397 3293 3437 cum
3343 3382 3459 3436 hac
3504 3380 3669 3445 dicit,

2070 3484 2307 3543 ostendit
2354 3482 2512 3538 nobis
2535 3493 2751 3536 omnem
2782 3476 3162 3533 cxaltationem
3194 3490 3367 3546 genus
3397 3487 3518 3527 esse
3568 3488 3670 3527 su-

2070 3577 2292 3649 perbiat.
2326 3574 2471 3629 Deus
2500 3572 2646 3627 enim
2672 3570 2894 3626 humilis
2924 3569 3099 3624 factus
3128 3578 3213 3623 est
3246 3575 3445 3621 nostra;
3469 3565 3673 3621 salutis

2075 3683 2238 3723 causa
2267 3684 2280 3720 :
2312 3664 2598 3720 erubescat
2631 3664 2795 3717 homo
2836 3661 3101 3731 superbus
3144 3672 3284 3722 esse,
3319 3657 3468 3726 quia,
3498 3665 3563 3709 ut
3596 3655 3672 3709 ait

2077 3758 2352 3821 Salomon,
2385 3756 2473 3810 ubi
2507 3754 2665 3824 fuerit
2708 3752 2973 3824 superbia,
3009 3751 3080 3805 ibi
3104 3748 3200 3804 erit
3238 3758 3287 3803 et
3314 3746 3670 3810 contumelia;

2076 3850 2167 3905 ubi
2216 3857 2392 3904 autem
2444 3844 2734 3911 humilitas,
2774 3844 2846 3898 ibi
2900 3853 2947 3897 et
2981 3840 3237 3912 sapientia
3265 3836 3448 3911 (Prov.
3476 3851 3557 3900 ιι,
3590 3836 3669 3909 2).

2078 3939 2167 4003 Ει,
2197 3937 2374 4007 Super
2398 3950 2521 3990 eum
2552 3933 2856 4002 requiescet
2880 3931 3117 4000 Spiritus
3141 3936 3380 3982 sanctus.
3412 3924 3566 3979 Unde
3596 3926 3677 3978 ait

2081 4028 2346 4084 Dominus
2364 4041 2463 4096 per
2485 4026 2801 4096 prophetam
2828 4040 2842 4076 :
2868 4020 3041 4090 Super
3059 4033 3212 4090 quem
3234 4016 3516 4086 requiescet
3546 4012 3676 4084 Spi-

2082 4120 2214 4172 ritus
2241 4132 2408 4181 meus,
2433 4115 2533 4169 nisi
2554 4129 2710 4185 super
2734 4110 3004 4174 humilem,
3028 4117 3075 4163 et
3097 4106 3349 4173 quietum,
3377 4114 3425 4158 et
3447 4111 3679 4158 tremen-

2083 4218 2185 4262 tem
2210 4206 2362 4261 verba
2386 4221 2501 4259 mea
2530 4203 2666 4274 (Isa.
2696 4217 2842 4266 stt,
2872 4199 2964 4273 2)?
2995 4198 3336 4267 Quapmpter
3362 4193 3677 4264 quicunque

2084 4298 2305 4354 humilis
2323 4305 2377 4352 et
2396 4296 2611 4366 quietus
2638 4310 2749 4350 non
2776 4293 2904 4359 erit,
2933 4306 3040 4347 non
3062 4296 3243 4361 potest
3261 4288 3314 4341 in
3335 4301 3403 4341 eo
3424 4285 3677 4340 habitare

2090 4393 2261 4465 gratia
2292 4390 2530 4461 Spiritus
2556 4388 2751 4444 sancti.
2782 4385 2860 4441 Illi
2889 4391 3069 4439 autem
3102 4381 3410 4451 panduntur
3436 4384 3676 4441 secreta,

2092 4492 2148 4540 et
2171 4482 2315 4553 quod
2337 4481 2468 4535 latet
2497 4479 2553 4534 in
2576 4478 2775 4533 divinis
2799 4474 3163 4536 sermonibus,
3192 4470 3287 4540 qui
3310 4466 3676 4524 humilitatem

2093 4582 2243 4632 tenet
2262 4574 2319 4628 in
2338 4570 2600 4627 moribus.
2632 4568 2858 4637 Semper
2884 4572 3065 4620 autem
3109 4558 3440 4617 conscientia
3488 4556 3680 4615 solita-

2093 4666 2298 4720 riorum
2342 4660 2563 4716 humilis
2611 4658 2773 4713 debet
2798 4670 2920 4712 esse
2950 4663 3005 4709 et
3029 4652 3221 4715 tristis,
3251 4648 3457 4705 scilicet
3496 4656 3558 4701 ut
3582 4660 3678 4716 per

2094 4753 2454 4811 humilitatem
2482 4765 2590 4805 non
2616 4746 2913 4817 superbiat,
2940 4752 2997 4799 et
3019 4758 3118 4813 per
3156 4741 3345 4796 utilem
3385 4750 3678 4792 maerorem

2094 4864 2192 4905 cor
2230 4847 2299 4901 ad
2343 4843 2619 4900 lasciviam
2664 4856 2771 4895 non
2823 4836 3103 4892 dissolvat.
3160 4832 3266 4888 Per
3316 4829 3679 4886 humilitatem

2093 4939 2260 4995 etiam
2311 4935 2535 5005 spiritus
2584 4927 2845 4986 immundi
2898 4927 2994 4982 Dei
3051 4924 3227 4980 servis
3295 4920 3676 4989 subjiciuntur.

2097 5027 2253 5084 Unde
2301 5026 2356 5080 in
2403 5020 2794 5079 Collationibus
2834 5018 3056 5073 Patrum
3100 5016 3175 5070 ita
3215 5014 3452 5082 legitur:
3492 5009 3668 5065 Homo

2095 5116 2186 5187 qui
2212 5113 2532 5169 adaemonio
2568 5110 2883 5172 vexabatur,
2931 5115 2989 5162 et
3014 5104 3227 5161 fortiter
3270 5101 3584 5173 spumabat,
3608 5098 3681 5152 vi-

2095 5207 2176 5262 dit
2203 5203 2489 5275 quemdam
2518 5215 2703 5256 senem
2748 5197 3074 5260 solitarium,
3119 5202 3175 5250 et
3204 5193 3422 5249 elevans
3461 5201 3681 5247 manum

2098 5295 2371 5368 percussit
2394 5307 2519 5350 eum
2543 5293 2598 5347 in
2624 5289 2871 5355 maxilla;
2903 5302 3067 5344 senes
3092 5300 3222 5341 vero
3249 5282 3553 5343 secundum
3578 5280 3681 5334 Do.
3732 5275 3741 5279 ’

2101 5386 2234 5443 mini
2258 5391 2583 5457 praeceptum
2612 5380 2881 5438 convertit
2915 5378 2968 5435 ei
2990 5377 3239 5433 alterum.
3283 5373 3480 5432 Statim
3506 5379 3682 5429 autem

2102 5478 2311 5533 daemon
2335 5491 2443 5532 non
2472 5474 2655 5531 ferens
2697 5462 3005 5530 incendium
3031 5466 3352 5525 humilitatis
3380 5465 3548 5528 illius,
3578 5460 3682 5516 cla-

2101 5583 2258 5627 mane
2285 5575 2340 5622 et
2362 5564 2573 5635 eiulans
2606 5564 2855 5621 discessit
2880 5563 2948 5617 ab
2993 5576 3076 5616 eo.
3107 5559 3228 5615 Alio
3268 5557 3502 5627 denique
3532 5561 3681 5608 ‘tem-

2101 5671 2234 5729 pore
2268 5656 2538 5714 transiens
2586 5654 2756 5712 abbas
2796 5652 3063 5707 Macarius
3108 5664 3207 5722 per
3249 5659 3517 5711 eremum,
3563 5652 3683 5697 ecca
