3974 6192
285 347 393 400 (ΗΞ)

925 345 1151 400 CODEX
1195 344 1649 402 REGULARUM.
1690 377 1758 386 —
1795 345 1979 400 PARS
2014 345 2075 400 ll.
2121 345 2426 401 REGULJS
2467 346 2571 401 PP.
2615 345 2893 402 ORIENT.

3431 359 3532 410 6730

283 461 522 520 occurrit
545 459 593 516 ei
623 458 866 515 diabolus
907 461 958 514 in
990 462 1075 514 via
1107 478 1226 516 cum
1273 461 1408 516 falce
1441 461 1720 516 messoria.
1755 459 1861 513 Vo-
1888 462 1939 519 Α
1964 459 2134 513 valde.
2181 460 2380 514 Videns
2424 466 2601 513 autem
2634 476 2755 514 eum
2797 461 2961 516 abbas
3013 465 3242 533 tristem,
3274 468 3410 524 dixit
3450 473 3498 526 ei
3526 493 3537 527 :

286 552 388 606 luit
415 560 593 606 autem
625 549 771 604 illum
803 559 1085 619 percutere
1125 551 1191 605 de
1233 551 1368 605 falce
1414 551 1522 616 illa,
1552 560 1602 606 et
1641 567 1745 606 non
1771 567 1865 622 po-

289 644 409 697 tuit.
442 642 507 694 Et
537 640 677 694 dixit
722 640 928 693 dznmon
962 658 974 692 :
1005 640 1224 694 Multam
1273 643 1582 697 violentiam
1630 644 1864 716 patiora

291 743 362 796 te,
391 749 425 787 ο
453 730 677 794 Macari,
712 730 836 800 quia
868 746 972 784 non
1013 746 1228 799 possum
1266 733 1557 801 praevalere
1580 734 1864 787 adversum

289 835 360 880 te.
402 824 542 878 Ecce
582 822 724 877 enim
769 822 1027 892 quidquid
1063 832 1115 876 tu
1158 825 1314 888 facis,
1347 834 1402 879 et
1436 841 1534 896 ego
1577 826 1735 880 facio.
1785 827 1865 880 Tu

283 916 518 986 jejunas,
551 932 650 987 ego
694 917 830 971 nihil
878 917 1130 981 comedo;
1179 927 1234 971 tu
1266 918 1477 988 vigilas,
1519 933 1618 987 ego
1647 919 1898 984 omnino,

290 1026 392 1063 non
423 1009 653 1063 dormio.
701 1008 878 1063 Unum
923 1017 1007 1064 est
1034 1017 1212 1064 autem
1234 1010 1404 1064 solum
1442 1011 1494 1064 in
1523 1026 1630 1080 quo
1666 1027 1752 1066 me
1779 1028 1868 1066 su-

288 1112 467 1167 peras.
501 1098 569 1150 Et
611 1098 746 1152 dixit
790 1098 840 1152 ei
880 1098 1047 1152 abbas
1079 1099 1345 1154 Macarius
1374 1117 1386 1151 :
1420 1098 1557 1166 Quid
1589 1108 1670 1154 est
1698 1099 1868 1176 illud?

287 1195 339 1240 et
370 1187 649 1256 respondit
677 1187 952 1242 diabolus:
978 1187 1264 1244 Humilitas
1296 1199 1386 1243 tua
1410 1205 1496 1243 me
1523 1190 1712 1253 vincit,
1742 1205 1868 1258 pro-

288 1286 408 1346 pter
436 1293 599 1346 quam
626 1294 731 1332 non
759 1279 1024 1348 przevaleo
1063 1280 1350 1334 adversum
1386 1287 1456 1334 te.
1491 1279 1535 1336 Ο
1560 1289 1757 1349 quanta
1787 1289 1871 1336 est

288 1368 461 1422 virtus
492 1368 830 1431 humilitatis,
869 1384 987 1438 qua:
1027 1385 1135 1424 non
1186 1371 1359 1425 solum
1402 1372 1646 1427 homines
1676 1373 1864 1439 salvat,

289 1460 380 1513 sed
408 1460 572 1514 etiam
595 1461 865 1516 daemones
888 1463 1135 1530 superat!
1161 1461 1370 1528 Quanta
1393 1470 1573 1518 autem
1600 1464 1670 1518 sit
1699 1465 1870 1519 virtus

289 1549 611 1604 humilitatis
635 1549 830 1604 iterum
860 1551 1051 1606 beatus
1076 1550 1339 1606 Antonius
1360 1553 1612 1616 ostendit,
1641 1554 1824 1608 dicens
1853 1573 1865 1608 :

290 1640 412 1694 Vidi
438 1656 630 1697 omnes
669 1640 892 1712 laqueos
923 1641 1138 1697 Satanae
1188 1651 1370 1698 tensos
1409 1645 1460 1698 in
1498 1653 1659 1710 terra,
1695 1654 1750 1699 et
1785 1646 1869 1699 in-

289 1731 593 1800 gemiscens
620 1731 727 1786 dixi
757 1750 770 1785 :
803 1731 933 1796 Quis
966 1740 1123 1801 putas
1153 1734 1380 1788 transiet
1407 1734 1575 1788 istos?
1607 1743 1660 1788 et
1689 1735 1867 1790 audivi

288 1837 478 1875 vocem
515 1822 782 1876 dicentem
809 1822 941 1876 mihi
975 1842 986 1876 :
1015 1823 1319 1879 llumilitas.
1349 1825 1613 1892 Quocirca
1641 1828 1870 1883 incline-

289 1926 410 1964 mus
456 1912 720 1966 cervicem
759 1913 939 1968 cordis
983 1913 1039 1967 in
1079 1930 1206 1970 vera
1250 1916 1571 1982 humilitate,
1603 1925 1664 1973 ut
1688 1935 1874 1976 omnes

287 2002 515 2070 laqueos
542 2003 755 2058 Satanae
783 2005 1052 2073 possimus
1092 2007 1242 2062 illaesi
1269 2009 1522 2064 transire.
1555 2009 1706 2066 Tune
1729 2013 1873 2066 enim

287 2109 477 2148 veram
510 2096 867 2151 humilitatem
913 2098 1256 2164 habebimus,
1301 2100 1346 2155 si
1375 2103 1590 2170 quando
1618 2118 1874 2172 peccave-

287 2185 360 2237 rit
387 2185 440 2238 in
483 2200 580 2240 nos
610 2185 778 2241 frater
805 2197 1010 2254 noster,
1038 2197 1325 2258 antequam
1367 2191 1454 2245 ille
1483 2193 1760 2260 paeniteat,
1794 2194 1875 2247 in-

287 2274 616 2329 dulserimus
645 2277 713 2330 ei.
745 2277 810 2330 Et
836 2285 964 2333 tunc
989 2294 1170 2333 veram
1201 2280 1561 2335 humilitatem
1587 2283 1870 2348 habemus,

286 2363 632 2431 quando-nec
660 2365 769 2420 laesi
801 2367 1103 2431 irascimur,
1137 2383 1238 2423 nec
1275 2369 1410 2425 alios
1455 2371 1612 2425 irasci
1646 2373 1870 2441 permit-

287 2454 485 2518 timus;
529 2455 622 2510 sed
669 2456 848 2524 potius
873 2472 970 2526 pro
999 2458 1131 2526 ipSis
1167 2473 1230 2514 ex
1261 2460 1423 2514 corde
1453 2476 1692 2515 oramus.
1732 2461 1874 2525 Prae-

286 2554 441 2598 terea
473 2561 688 2615 quoque
715 2547 759 2600 si
790 2548 875 2603 cui
904 2548 968 2602 de
997 2547 1298 2604 humilitate
1329 2550 1489 2605 altius
1512 2551 1729 2604 libuerit
1751 2569 1874 2621 per-

286 2637 560 2701 scrutari,
605 2638 671 2692 ad
721 2637 980 2708 Regulam
1040 2641 1212 2693 sancti
1279 2640 1554 2695 Benedicti
1598 2649 1870 2705 recurrat,

287 2728 475 2796 ibique
504 2729 787 2784 duodecim
814 2731 1136 2786 humilitatis
1180 2733 1379 2802 gradus
1418 2733 1547 2787 satis
1576 2733 1875 2789 luculenter

286 2822 567 2891 expositos
597 2822 850 2878 inveniet.

797 2955 1068 3012 CAPUT
1131 2957 1364 3012 LVlll.

870 3067 947 3122 De
989 3067 1299 3122 obedientia.

363 3177 679 3235 Obedientia
714 3178 894 3249 itaque
920 3179 1118 3233 dicitur
1154 3178 1600 3249 obtemperantia,
1635 3195 1700 3235 eo
1730 3181 1874 3250 quod
1902 3146 1950 3210 Ο

287 3269 570 3325 humiliter
613 3270 735 3339 quis
787 3269 1004 3324 ohediat
1049 3269 1133 3324 vel
1185 3270 1522 3340 obtemperet
1566 3271 1873 3341 imperanti.

288 3361 457 3416 Recte
485 3361 631 3415 enim
676 3361 762 3414 ille
799 3361 1054 3415 obediens
1079 3370 1324 3426 vocatur,
1357 3363 1447 3432 qui
1492 3377 1590 3432 per
1621 3363 1878 3420 obedien-

289 3452 377 3505 tizr
405 3451 765 3508 humilitatem
797 3455 906 3509 Deo
942 3469 1000 3509 se
1051 3465 1163 3510 toto
1211 3455 1390 3510 animo
1439 3458 1638 3522 subdit,
1678 3465 1732 3512 et
1761 3457 1877 3526 ejus

289 3552 559 3612 praecepta
582 3543 882 3600 humilitate
903 3545 1105 3614 implet.
1129 3546 1220 3600 Ille
1245 3548 1410 3602 etiam
1442 3556 1590 3602 recte
1617 3548 1876 3605 obediens

291 3645 537 3698 vocatur,
572 3634 664 3703 qui
692 3643 956 3703 praecepta
982 3637 1226 3704 magistri
1249 3635 1402 3704 juxta
1429 3638 1574 3692 vires
1599 3637 1876 3692 humiliter

291 3723 516 3792 implere
553 3725 750 3778 studet.
783 3723 915 3778 Nam
948 3724 1197 3780 Christus
1246 3725 1504 3782 Dominus
1554 3733 1740 3780 noster
1780 3727 1875 3796 qui

291 3824 574 3883 peccatum
606 3831 712 3868 non
745 3815 892 3880 fecit,
935 3832 1035 3872 nec
1086 3817 1333 3871 inventus
1369 3824 1452 3871 est
1487 3815 1640 3870 dolus
1681 3816 1734 3869 in
1779 3831 1875 3870 ore

291 3905 428 3974 ejus,
461 3904 638 3960 factus
669 3913 753 3960 est
795 3907 1048 3961 obediens
1089 3923 1187 3977 pro
1234 3906 1389 3960 nobis
1416 3905 1563 3961 Patri
1610 3921 1779 3976 usque
1808 3908 1876 3962 ad

292 4007 546 4061 mortem,
575 3996 730 4050 nobis
762 3998 1071 4067 relinquens
1107 3995 1435 4066 exemplum,
1477 4004 1538 4050 ut
1584 4011 1878 4064 sequamur

293 4088 520 4157 vestigia
544 4087 680 4157 ejus.
708 4087 939 4158 Ideoque
965 4103 1122 4142 omne
1149 4089 1291 4157 quod
1311 4087 1553 4142 solitario
1575 4087 1875 4157 injunctum

293 4177 455 4232 fuerit
484 4179 555 4232 ab
582 4178 764 4247 aliquo
792 4179 1066 4250 religionis
1107 4179 1303 4250 gratia,
1350 4178 1578 4233 libenter
1605 4179 1878 4250 obtempe-

297 4286 375 4330 ret
405 4275 697 4344 imperanti
722 4293 735 4328 :
767 4285 822 4330 et
845 4275 889 4330 si
922 4274 1060 4330 forte
1098 4275 1277 4344 aliqua
1305 4275 1487 4346 gravia
1515 4283 1607 4328 aut
1631 4274 1877 4343 impossi-

293 4367 420 4422 bilia
464 4367 516 4421 ei
547 4365 919 4438 injunguntur,
964 4365 1196 4419 libenter
1239 4365 1453 4434 quidem
1482 4373 1537 4418 et
1571 4379 1692 4418 cum
1729 4364 1876 4418 omni

295 4458 705 4512 mansuetudine
722 4456 966 4525 jubentis
1008 4457 1293 4526 imperium
1321 4457 1595 4526 suscipiat.
1642 4456 1792 4522 Quod
1829 4456 1874 4510 si
1900 4491 1954 4550 Β

295 4551 516 4606 omnino
554 4550 747 4604 virium
781 4564 1000 4604 suarum
1036 4563 1344 4604 mensuram
1384 4547 1487 4602 hoc
1530 4548 1671 4616 quod
1705 4548 1752 4602 ei
1795 4548 1878 4600 in-

293 4641 539 4714 jungitur
565 4642 763 4696 viderit
790 4641 1074 4706 excedere,
1097 4657 1203 4695 non
1235 4640 1536 4694 resistendo
1571 4640 1698 4694 illud
1729 4656 1877 4710 sper-

297 4745 412 4800 nat,
459 4735 557 4790 sed
605 4750 820 4789 causam
875 4733 1321 4802 impossibilitatis
1365 4748 1474 4787 suae
1521 4734 1572 4787 ei
1628 4733 1717 4802 qui
1774 4733 1876 4787 sibi

299 4824 610 4895 injunxerat
649 4822 923 4878 humiliter
955 4831 1010 4878 et
1041 4823 1307 4892 patienter
1346 4829 1582 4887 enarret,
1615 4830 1880 4891 quatenus

298 4913 412 4982 ejus
435 4913 805 4968 moderamine
832 4913 975 4983 quod
1004 4912 1076 4966 illi
1099 4927 1389 4968 onerosum
1414 4912 1590 4977 fuerit,
1631 4913 1878 4968 subleve-

303 5015 407 5071 tur,
452 5013 516 5060 ut
557 5004 1002 5059 contradictionis
1030 5004 1162 5058 vitio
1199 5014 1400 5059 careat.
1456 5003 1638 5059 Sancti
1667 5019 1883 5076 quoque

299 5096 489 5152 Patres
527 5097 700 5151 nostri
725 5111 824 5166 per
850 5097 1171 5151 obedientia:
1199 5097 1437 5152 laborem
1461 5100 1527 5152 ad
1551 5098 1882 5153 celsitudinis

301 5189 690 5258 perfectionem
715 5196 1094 5257 pervenerunt.
1119 5188 1195 5242 De
1219 5189 1462 5257 pluribus
1491 5199 1671 5244 autem
1691 5206 1878 5256 unum,

303 5280 454 5334 mira:
497 5278 814 5333 obedientia:
867 5279 1074 5343 virum,
1125 5279 1214 5332 hic
1262 5279 1502 5334 inserere
1549 5281 1878 5335 Studeamus.

304 5369 534 5438 Quidam
581 5370 724 5425 enim
771 5370 1047 5424 saecularis
1089 5370 1250 5424 homo
1290 5370 1619 5424 renuntiavit
1661 5371 1876 5435 smculo,

304 5470 361 5514 et
389 5461 541 5516 venit
568 5461 634 5514 ad
662 5461 1066 5521 monasterium,
1095 5459 1407 5529 relinquens
1449 5468 1558 5514 tres
1591 5459 1730 5515 ﬁlios
1755 5476 1883 5514 suos

307 5550 362 5604 in
395 5550 646 5614 civitate;
678 5557 882 5604 etcum
931 5546 1148 5602 fecisset
1183 5555 1293 5603 tres
1335 5562 1503 5602 annos
1528 5548 1582 5602 in
1608 5556 1880 5603 monaste-

306 5641 410 5705 rio,
439 5647 724 5709 coeperunt
765 5639 814 5692 ei
845 5637 1197 5705 cogitationes
1237 5653 1348 5692 sua:
1388 5637 1524 5693 ﬁlios
1567 5638 1633 5692 ad
1674 5653 1882 5692 memo-

310 5732 445 5788 riam
472 5733 784 5802 frequenter
807 5727 1094 5790 adducere,
1126 5735 1182 5782 et
1221 5731 1645 5785 contristabatur
1681 5747 1777 5800 pro
1807 5731 1886 5783 eis

753 5821 1024 5879 Ρλτιιοιη
1070 5816 1234 5882 Clll.

1897 1793 1944 1850 B

1966 550 2104 616 Quid
2134 551 2298 605 babes
2324 551 2466 619 quod
2491 551 2665 605 tristis
2704 553 2800 606 es?
2843 554 2908 606 Et
2937 557 3177 611 narravit
3204 560 3254 613 ei
3277 562 3402 630 quia
3434 571 3541 618 tres

1967 641 2106 694 ﬁlios
2128 640 2350 695 haberet
2373 640 2425 693 in
2455 641 2696 706 civitate,
2729 650 2781 695 et
2807 642 2928 711 quia
2964 643 3123 698 vellet
3149 661 3243 701 eos
3265 650 3333 702 ad
3355 667 3540 705 mona-

1967 730 2188 784 sterium
2217 730 2505 784 adducere.
2546 729 2809 800 Praecepit
2837 741 3013 787 autem
3056 736 3104 789 ei
3139 737 3304 792 abbas
3349 752 3406 794 ut
3451 744 3548 796 ad-

1965 819 2186 874 duceret
2212 835 2324 875 eos.
2354 819 2600 886 Quicum
2628 823 2954 890 perrexisset
2986 825 3040 878 in
3065 827 3360 895 civitatem,
3392 831 3543 887 inve-

1967 911 2048 964 nit
2071 911 2204 965 duos
2229 927 2295 966 ex
2321 912 2406 964 his
2431 911 2542 979 jam
2576 912 2741 967 fuisse
2771 913 3071 982 defunctos,
3111 934 3276 974 unum
3307 925 3548 978 vero’so—

1966 999 2238 1054 lummodo
2299 1001 2642 1054 remansisse.
2713 1001 2884 1068 Quem
2957 1020 3237 1062 assumens
3289 1012 3437 1064 venit
3481 1013 3548 1067 ad

1967 1091 2373 1146 monasterium.
2403 1091 2534 1145 Erat
2569 1099 2748 1146 autem
2779 1093 2943 1148 abbas
2989 1097 3056 1149 ad
3097 1097 3404 1166 pistrinum.
3455 1101 3548 1157 Ille

1967 1199 2096 1238 vero
2125 1184 2316 1240 tollens
2345 1184 2512 1238 tilium
2549 1200 2705 1239 suum
2749 1201 2909 1255 quem
2959 1189 3274 1255 adduxerat,
3308 1193 3441 1248 abiit
3481 1196 3550 1248 ad

1969 1273 2220 1328 abbatem
2243 1276 2295 1328 in
2321 1277 2641 1346 pistrinum;
2671 1285 2726 1331 et
2747 1279 2933 1334 videns
2972 1295 3094 1334 eum
3123 1282 3288 1338 abbas
3325 1286 3548 1340 venien-

1972 1371 2077 1416 tem
2105 1364 2378 1431 salutavit,
2409 1375 2464 1420 et
2507 1376 2697 1423 tenens
2735 1367 3016 1433 infantem,
3043 1387 3201 1439 quem
3230 1375 3546 1438 adduxerat,

1968 1452 2304 1523 amplexatus
2330 1463 2413 1511 est
2440 1472 2564 1511 eum
2608 1465 2662 1512 et
2699 1459 3059 1512 osculabatur.
3105 1461 3179 1515 -Ει
3225 1463 3360 1517 dixit
3409 1469 3548 1534 patri

1967 1541 2082 1609 ejus
2111 1560 2122 1595 :
2155 1542 2322 1598 Amas
2349 1546 2510 1600 eum?
2534 1545 2602 1598 Et
2642 1545 2729 1600 ille
2759 1548 3033 1616 respondit
3066 1565 3078 1600 :
3108 1549 3302 1604 Etiam.
3339 1554 3405 1606 Et
3430 1571 3550 1608 rur-

1968 1648 2060 1686 sus
2089 1633 2224 1686 dixit
2251 1635 2300 1687 ei
2347 1652 2360 1687 :
2408 1635 2639 1690 Omnino
2686 1637 2859 1706 diligis
2907 1639 3067 1692 eum?
3109 1640 3177 1692 Et
3235 1645 3551 1712 respondit:

1971 1724 2167 1779 Etiam.
2198 1725 2324 1780 Haec
2353 1727 2576 1782 audiens
2606 1729 2792 1792 abbas,
2822 1729 2956 1782 dixit
2993 1731 3042 1783 ei
3079 1747 3090 1782 :
3126 1731 3274 1786 Tolle
3319 1749 3468 1804 ergo,
3506 1737 3552 1790 si

1975 1830 2125 1869 amas
2145 1830 2290 1880 eum,
2319 1824 2373 1870 et
2397 1817 2551 1870 mitte
2581 1817 2634 1870 in
2664 1817 2880 1870 furnum
2925 1818 3003 1872 sic
3033 1821 3191 1874 modo
3217 1821 3345 1875 dum
3377 1823 3548 1878 ardet.

1974 1905 2042 1959 Et
2065 1915 2253 1960 tenens
2291 1922 2412 1961 eum
2458 1916 2614 1975 pater
2651 1923 2780 1962 suus
2800 1905 3025 1975 jactavit
3069 1925 3190 1964 eum
3240 1912 3291 1965 in
3339 1913 3551 1968 clibano

1973 1998 2180 2062 ardenti
2213 2017 2225 2051 :
2260 1999 2442 2052 statim
2479 2007 2658 2053 autem
2692 1999 2865 2054 factus
2893 2008 2974 2054 est
2997 2001 3242 2057 clibanus
3264 2004 3410 2058 velut
3439 2022 3550 2060 ros.

1974 2089 2052 2144 Ex
2080 2105 2185 2158 qua
2208 2105 2267 2143 re
2290 2089 2578 2158 acquisivit
2605 2089 2831 2160 gloriam
2869 2091 2920 2144 in
2958 2099 3198 2161 tempore
3229 2094 3337 2160 illo,
3367 2111 3556 2164 quem-

1973 2180 2260 2235 admodum
2307 2181 2622 2250 patriarcha
2661 2181 2956 2237 Abraham.
3005 2181 3048 2238 Ο
3096 2199 3258 2252 quam
3305 2203 3554 2257 magnam

1973 2271 2331 2325 obedientiam
2362 2271 2548 2325 habuit
2573 2272 2673 2326 iste
2700 2282 2920 2328 sanctus
2953 2274 3052 2336 vir,
3086 2274 3176 2343 qui
3209 2291 3305 2330 nec
3334 2278 3556 2346 proprio

1975 2363 2082 2417 tilio
2118 2377 2214 2416 suo
2252 2364 2513 2432 pepercit,
2568 2363 2662 2418 sed
2711 2365 2777 2418 ad
2804 2365 2961 2420 unius
3001 2364 3298 2433 jussionem
3345 2367 3556 2422 abbatis

1975 2451 2188 2521 ignibus
2213 2467 2336 2505 eum
2373 2452 2624 2506 tradidit!
2673 2452 2807 2507 Puto
2837 2455 2979 2508 enim
3008 2455 3134 2525 quia
3171 2457 3215 2510 si
3260 2457 3332 2510 illi
3355 2472 3556 2527 prace-

1973 2545 2142 2614 pissct
2167 2544 2332 2598 abbas
2361 2545 2676 2599 obedientize
2720 2562 2880 2602 causa
2922 2549 2975 2601 in
3021 2550 3289 2604 clibanum
3328 2552 3554 2616 intrare,

1976 2637 2233 2691 intrasset
2277 2637 2484 2706 utique.
2533 2637 2642 2693 Nos
2690 2655 2817 2710 ergo
2857 2641 2948 2709 qui
2993 2656 3089 2710 per
3137 2643 3552 2697 inobedientiam

1975 2729 2352 2792 mandatorum
2378 2730 2473 2785 Dei
2505 2745 2570 2785 ac
2601 2740 2913 2788 sanctorum
2947 2731 3082 2800 ejus,
3121 2750 3325 2789 necnon
3361 2745 3415 2790 et
3444 2752 3556 2790 ma-

1977 2818 2264 2888 gistrorum
2307 2829 2636 2886 nostrorum,
2678 2823 2999 2879 recessimus
3043 2840 3075 2878 a
3116 2823 3246 2890 Deo,
3294 2841 3389 2895 per
3429 2828 3557 2882 obe-

1977 2907 2190 2962 dientim
2211 2908 2447 2964 laborem
2474 2911 2756 2966 redeamus
2782 2912 2847 2966 ad
2870 2913 3041 2980 illum,
3063 2916 3152 2983 qui
3177 2915 3313 2968 dixit
3336 2934 3349 2969 :
3381 2914 3557 2971 Venite

1977 2999 2048 3054 ad
2075 3018 2174 3067 me,
2208 3018 2382 3055 omnes
2413 3004 2500 3074 qui
2545 3002 2797 3058 laboratis
2849 3015 2896 3058 et
2943 3008 3144 3060 onerati
3191 3008 3328 3071 estis,
3369 3017 3417 3062 et
3465 3026 3556 3080 ego

1979 3089 2212 3159 reﬁciam
2241 3107 2327 3144 eos
2350 3089 2564 3161 (Matth.
2594 3109 2669 3158 x1,
2701 3093 2816 3164 ΞΒ).

2570 3204 2796 3260 CAPUT
2836 3205 2972 3261 LIX.

2462 3273 2536 3327 De
2567 3275 2752 3329 virtute
2789 3277 3068 3346 patientiw.

2048 3362 2313 3417 Patientia
2344 3363 2486 3417 enim
2517 3378 2642 3417 vera
2668 3371 2772 3429 est,
2804 3365 2857 3418 in
2899 3368 3148 3434 praesenti
3194 3367 3419 3435 injurias
3446 3369 3558 3424 for-

1979 3454 2103 3507 titer
2131 3455 2417 3519 sustinere,
2447 3464 2501 3507 et
2526 3455 2579 3508 in
2623 3454 2803 3508 futuro
2841 3455 3133 3511 vindictam
3159 3475 3262 3512 non
3293 3475 3557 3528 quaerere,

1978 3545 2070 3598 sed
2092 3560 2158 3598 ex
2185 3546 2346 3601 corde
2367 3546 2414 3598 ei
2442 3546 2534 3613 qui
2558 3544 2694 3598 mala
2719 3546 2922 3615 irrogat
2951 3548 3242 3616 ignoscere.
3270 3549 3402 3604 Nam
3433 3562 3560 3606 sunt

1977 3634 2216 3688 nonnulli
2245 3635 2336 3703 qui
2383 3636 2501 3689 ideo
2541 3649 2639 3703 per
2673 3634 2886 3704 aliquod
2919 3636 3149 3704 spatium
3184 3641 3440 3707 temporis
3468 3657 3561 3710 pa-

1977 3723 2176 3777 tienter
2201 3721 2463 3777 sufferunt
2513 3721 2786 3790 injuriam,
2819 3731 2877 3777 ut
2910 3723 3302 3793 subsequenter
3347 3729 3558 3783 facilius

1976 3811 2252 3865 vindicare
2289 3825 2347 3865 se
2393 3818 2636 3880 queant:
2680 3810 2767 3864 isti
2802 3809 2936 3864 tales
2982 3827 3166 3866 veram
3206 3829 3313 3868 non
3357 3817 3560 3871 habent

1978 3899 2311 3971 patientiam.
2344 3899 2436 3954 llle
2465 3899 2608 3953 enim
2637 3915 2762 3954 vere
2786 3901 2995 3970 patiens
3038 3910 3141 3968 est,
3168 3905 3259 3973 qui
3287 3914 3342 3960 et
3382 3907 3556 3975 ipsum

1979 3996 2122 4043 amat
2162 4004 2321 4057 quem
2347 3995 2566 4057 portat:
2596 4004 2720 4042 nam
2768 3989 2997 4045 tolerare
3025 3999 3079 4044 et
3107 3992 3285 4048 odisse
3324 4011 3431 4050 non
3473 4005 3558 4051 est

1979 4079 2151 4133 virtus
2198 4079 2647 4142 mansuetudinis,
2691 4081 2783 4133 sed
2829 4080 3189 4135 velamentum
3237 4083 3455 4140 furoris.
3499 4087 3554 4140 In

1978 4167 2236 4239 patientia
2267 4168 2410 4222 enim
2459 4169 2746 4236 quaerenda
2792 4176 2874 4224 est
2911 4170 3085 4226 virtus
3131 4174 3560 4242 mansuetudinis

1978 4266 2032 4311 et
2065 4258 2374 4328 ignoscendi
2421 4256 2668 4324 facultas,
2697 4275 2803 4312 non
2829 4259 3136 4315 vindicandi
3160 4265 3554 4331 opportunitas.

1980 4350 2134 4406 Sicut
2161 4350 2303 4404 enim
2337 4351 2606 4418 patienter
2645 4347 2868 4404 suﬂ‘crre
2913 4350 3169 4406 debemus
3215 4353 3442 4422 injurias
3489 4357 3558 4410 ab

1979 4441 2098 4496 aliis
2133 4441 2186 4495 in
2217 4456 2316 4496 nos
2344 4439 2537 4504 illatas,
2583 4439 2658 4494 ita
2693 4448 2748 4492 et
2781 4439 3155 4495 tribulatioues
3183 4441 3557 4499 inﬁrmitatem

1978 4549 2100 4604 quae
2136 4533 2291 4587 nobis
2319 4533 2574 4586 eveniunt
2601 4531 2869 4601 patienter
2914 4529 3138 4586 sull'erre
3186 4547 3405 4587 necesse
3453 4541 3556 4586 est.

1978 4621 2307 4678 Probabitur
2336 4621 2480 4675 enim
2504 4621 2664 4673 homo
2693 4618 2917 4690 ﬂagellis
2942 4618 3058 4685 Dei,
3087 4635 3192 4688 quo
3211 4620 3391 4674 animo
3421 4622 3560 4676 bene

1979 4713 2161 4778 faciat,
2212 4721 2268 4766 et
2295 4728 2399 4782 qua
2444 4710 2758 4766 fortitudine
2808 4713 3129 4766 tentationes
3168 4711 3267 4765 sibi
3307 4725 3561 4781 superve-

1979 4806 2188 4859 nientes
2234 4801 2472 4857 sufferat.
2524 4802 2675 4857 Unde
2723 4802 2799 4855 ait
2843 4801 3170 4871 Apostolus:
3205 4800 3388 4855 Tentat
3421 4802 3558 4856 enim

1980 4913 2066 4950 eos
2097 4895 2254 4957 Deus,
2286 4903 2342 4946 ut
2367 4894 2498 4945 sciat
2519 4894 2565 4946 si
2591 4891 2821 4962 diligatis
2842 4909 2960 4946 eum
2981 4892 3156 4962 (Deut.
3182 4907 3302 4956 xm,
3326 4892 3402 4963 5).
3439 4891 3560 4945 Tri-

1976 4991 2077 5044 bus
2106 4988 2248 5042 enim
2274 4987 2447 5042 modis
2475 4987 2649 5042 solent
2680 4986 2926 5042 accidere
2966 4987 3290 5042 tentationes
3318 4987 3414 5042 Dei
3441 5002 3558 5041 ser-

1978 5079 2076 5133 vis.
2112 5077 2230 5132 Uno
2268 5077 2426 5132 modo
2471 5083 2746 5131 tentantur
2790 5091 2820 5129 a
2873 5075 2985 5131 Deo
3030 5091 3128 5144 per
3166 5075 3403 5147 ﬂagel'a;
3452 5077 3558 5130 alio

1980 5170 2138 5224 modo
2162 5185 2194 5222 a
2223 5168 2436 5224 diabolo
2472 5185 2569 5239 per
2614 5167 2890 5222 illusiones
2920 5175 2975 5222 et
3003 5167 3244 5222 diversas
3280 5169 3559 5223 machina-

1980 5264 2182 5328 tiones;
2211 5264 2369 5317 tertio
2398 5264 2556 5318 modo
2583 5268 2856 5317 tentantur
2882 5277 2913 5316 a
2942 5262 3186 5332 proximo
3217 5275 3312 5330 per
3335 5262 3554 5323 damna,

1980 5361 2036 5406 et
2064 5353 2417 5408 contumelias
2446 5369 2508 5408 ac
2535 5353 2955 5422 persecutiones.
2997 5349 3102 5406 Sed
3140 5351 3228 5406 ille
3257 5353 3448 5408 beatus
3475 5362 3558 5406 est

1983 5445 2071 5512 qui
2102 5447 2217 5500 haec
2253 5445 2431 5499 omnia
2477 5444 2740 5514 patienter
2781 5443 2993 5509 tulerit;
3032 5442 3098 5498 de
3145 5442 3235 5497 tali
3267 5443 3411 5498 enim
3438 5439 3558 5497 viro

1983 5541 2113 5595 dicit
2148 5539 2423 5610 Scriptura
2453 5557 2464 5592 :
2498 5538 2692 5592 Beatus
2732 5538 2809 5592 vir
2840 5538 2929 5608 qui
2974 5534 3158 5605 διήγετε
3200 5536 3555 5602 tentationem,

1984 5643 2088 5687 etc.
2121 5631 2260 5702 (Jac.
2295 5647 2354 5696 ιι,
2389 5630 2495 5701 15).

2058 5724 2185 5778 Sine
2210 5722 2351 5779 ferro
2380 5732 2556 5778 autem
2593 5731 2858 5793 martyres
2888 5734 3005 5779 esse
3032 5733 3336 5788 possumus,
3374 5717 3418 5772 si
3459 5731 3552 5786 pa-
