3974 6192
382 320 470 375 (iiii

1376 300 1432 352 S.
1475 295 1834 352 ΒΕΝΕῘΗΕἸΊ
1874 290 2161 348 ABBATIS
2199 286 2605 344 ANIANENSIS

3513 278 3608 333 631

382 434 622 492 tientiam
650 424 911 479 veraciter
951 421 1002 473 in
1048 418 1226 470 animo
1263 427 1559 468 servamus.
1591 411 1762 464 Tanto
1805 409 1948 462 enim
1979 388 2153 475 Agilo
2204 404 2342 458 sicut
2392 400 2784 453 vestimentum.
2830 393 2887 449 Si
2940 392 3222 464 diligenter
3274 391 3623 445 tractabimus

385 526 611 597 quisque
658 517 836 571 minus
884 509 1186 566 ostenditur
1243 508 1464 570 doctus,
1520 511 1721 575 quanto
1780 501 1956 554 minus

382 593 723 675 convincitur
749 608 977 681 patiens.
1010 602 1162 660 Unde
1203 616 1299 671 per
1336 598 1675 653 Salomonem
1716 593 1953 649 dicitur:

390 710 638 767 Doctrina
659 707 753 759 viri
782 719 873 774 per
891 697 1196 772 patientiam
1222 694 1454 748 noscitur
1492 689 1673 762 (Prov.
1712 702 1826 750 ιιι,
1857 683 1957 755 x1).

391 796 755 872 Superomnia
778 801 956 847 autem
972 787 1321 845 contumelias
1347 779 1738 838 detrahentium
1756 776 1962 847 patien-

393 866 837 958 tia‘superemus;
868 880 1092 950 sagittas
1113 874 1449 931 contumelize
1474 869 1747 941 patientia:
1775 866 1962 937 clypeo

395 982 735 1050 frangamus;
765 979 953 1028 contra
982 970 1173 1037 lingute
1196 965 1429 1034 gladium
1450 958 1722 1031 patientia:
1752 962 1963 1011 scutum

392 1048 743 1142 pnnbeamus.
786 1063 854 1117 Et
893 1060 939 1116 si
966 1058 1088 1128 quis
1117 1055 1270 1111 nobis
1307 1050 1546 1108 intulerit
1572 1048 1733 1112 mala,
1765 1058 1966 1113 nequa-

394 1137 565 1232 quam
585 1159 881 1213 irascamur
919 1158 1107 1206 contra
1147 1148 1322 1211 illum;
1358 1144 1453 1199 sed
1479 1141 1658 1213 potius
1692 1137 1966 1193 doleamus

398 1230 494 1321 pro
536 1249 649 1312 illo,
694 1244 820 1315 quia
866 1242 1009 1295 Deus
1052 1238 1127 1292 illi
1170 1235 1440 1291 irascitur.
1472 1230 1762 1284 Videamus
1789 1232 1968 1279 autem

394 1311 649 1411 quantam
691 1311 1008 1405 patientiam
1037 1328 1135 1381 iste
1163 1331 1380 1379 sanctus
1418 1334 1580 1373 senex
1620 1313 1874 1374 habebat,
1904 1311 1970 1365 de

394 1402 502 1504 quo
528 1430 616 1484 hic
639 1402 868 1481 locuturi
898 1434 1105 1475 sumus.
1148 1416 1280 1469 Erat
1304 1413 1356 1467 in
1390 1424 1572 1464 eremo
1598 1419 1822 1476 magnus
1846 1402 1968 1471 qui-

397 1496 520 1577 dam
546 1534 733 1582 senex,
764 1515 854 1584 qui
883 1514 948 1568 de
972 1511 1155 1565 labore
1178 1519 1431 1561 manuum
1468 1514 1687 1556 suarum
1712 1496 1928 1551 vivebat
1957 1512 1968 1546 :

386 1622 455 1667 'et
475 1617 593 1667 erat
617 1608 756 1663 alius
781 1604 950 1659 frater
976 1601 1185 1655 vicinus
1212 1596 1283 1661 ei,
1331 1595 1421 1665 qui
1464 1605 1604 1661 saepe
1642 1584 1976 1658 ingredieba-

403 1714 506 1767 tur,
531 1708 586 1755 et
607 1696 850 1767 rapiebat
879 1689 1135 1762 quidquid
1165 1702 1328 1742 senex
1359 1681 1588 1739 habebat
1615 1679 1667 1733 in
1696 1675 1852 1732 cella.
1877 1673 1971 1728 Vi-

2058 494 2206 559 illud,
2234 492 2428 555 stabit;
2460 491 2542 545 sin
2590 495 2792 551 autem,
2829 486 2881 539 in
2912 497 3077 554 parvo
3115 491 3353 550 tempore
3392 490 3623 534 corruet.

2055 586 2323 640 Prmterea
2347 596 2557 652 quoque
2597 576 2907 649 supervenit
2928 575 3145 644 quidam
3181 572 3520 627 venationem
3546 570 3631 624 fa-

2060 675 2206 730 ciens
2228 674 2280 728 in
2304 673 2437 727 silva
2470 669 2758 741 agrestium
2787 664 3116 728 animalium,
3144 654 3203 719 et
3227 663 3362 717 vidit
3387 661 3635 716 abbatem

2059 764 2350 818 Antonium
2380 761 2701 833 gaudentem
2729 773 2851 813 cum
2876 755 3156 820 fratribus,
3179 762 3233 808 et
3255 753 3524 822 displicuit
3556 753 3631 806 ei.

2062 851 2259 907 Volens
2287 857 2468 906 aut‘em
2514 850 2564 903 ei
2602 862 2764 903 senex
2810 847 3094 901 ostendere
3134 845 3258 912 quia
3303 851 3516 912 oportet
3544 841 3642 896 ali-

2062 942 2278 1012 quando
2323 938 2754 995 condescendere
2795 935 3074 999 fratribus,
3118 933 3256 986 dixit
3300 933 3351 987 ei
3396 950 3409 986 :
3458 931 3639 995 Pone,

2063 1048 2264 1101 qumso,
2293 1031 2543 1100 sagittam
2573 1029 2625 1082 in
2648 1043 2776 1082 arcu
2799 1033 2981 1091 tuo,et
3005 1026 3177 1078 trahe.
3204 1024 3273 1077 Et
3293 1022 3421 1077 fecit
3449 1023 3546 1076 sic.
3574 1021 3644 1075 Et

2065 1122 2406 1176 dixititerum
2424 1136 2438 1173 :
2457 1119 2664 1184 Trahe;
2690 1116 2940 1172 ettraxit.
2957 1115 3134 1170 Trahe
3155 1115 3360 1179 adhuc;
3381 1122 3436 1168 et
3455 1114 3643 1168 traxit.

2067 1212 2275 1266 Dixitei
2302 1218 2526 1264 venator
2549 1227 2563 1263 :
2594 1207 2651 1263 Si
2674 1222 2836 1278 super
2859 1220 3162 1261 mensuram
3186 1214 3426 1270 traxere,
3441 1203 3649 1273 frange-

2070 1311 2157 1355 tur
2186 1316 2366 1355 arcns.
2398 1300 2544 1354 Dixit
2574 1300 2622 1353 ei
2650 1298 2814 1352 abbas
2832 1296 3098 1351 Antonius
3127 1315 3140 1350 :
3168 1295 3246 1350 Ita
3277 1304 3361 1350 est
3390 1296 3441 1348 in
3468 1294 3653 1365 operi-

2069 1393 2170 1447 bus
2195 1392 2319 1456 Dei;
2348 1392 2392 1445 si
2414 1390 2532 1460 plus
2550 1403 2578 1442 a
2603 1402 2854 1443 mensura
2878 1387 3167 1452 tendimus,
3186 1385 3379 1440 fratres
3399 1385 3508 1439 cito
3525 1382 3656 1439 deﬁ-

2072 1481 2236 1536 cient.
2263 1479 2493 1549 Expedit
2522 1492 2650 1549 ergo
2675 1476 2761 1532 vel
2791 1477 2856 1531 ad
2882 1485 3209 1531 momentum
3237 1474 3483 1529 relaxare
3506 1473 3656 1544 rigo-

2075 1587 2186 1627 rem
2234 1585 2442 1625 eorum.
2485 1569 2611 1623 Haec
2639 1569 2863 1623 audiens
2894 1576 3117 1622 venator
3145 1574 3498 1638 compunctus
3523 1573 3655 1628 est;

2074 1671 2129 1718 et
2149 1663 2374 1717 multum
2407 1661 2694 1732 proﬁciens
2723 1661 3055 1715 in-sermone
3099 1660 3245 1713 senis
3273 1657 3520 1714 discessit
3550 1675 3568 1711 :
3604 1664 3661 1712 et

401 1745 560 1848 deb'a,
587 1745 767 1843 aufem
809 1745 933 1840 em},
977 1745 1160 1845 se'nex’
1212 1786 1267 1833 et
1311 1791 1415 1830 non
1462 1771 1780 1841 obiurgabat
1818 1781 1966 1829 eum;
2001 1745 2048 1803 B
2076 1754 2277 1809 fratres
2301 1752 2603 1808 conﬁrmati
2631 1759 2744 1806 tum
2781 1750 2984 1806 reversi
3013 1759 3139 1805 sunt
3170 1751 3239 1805 ad
3270 1750 3444 1804 locum
3473 1763 3658 1803 suum.

403 1880 496 1936 sed
525 1874 880 1947 extorquebat
908 1871 1009 1927 sibi
1035 1869 1154 1940 plus
1182 1867 1339 1922 solito
1364 1863 1609 1918 manibus
1638 1857 1867 1929 operari,
1897 1856 1975 1910 di-

405 1986 532 2026 cens
567 1987 579 2021 :
628 1966 822 2030 Credo,
865 1978 1000 2032 opus
1042 1961 1203 2015 habet
1254 1957 1359 2011 ille.
1406 1951 1754 2022 Astringebat
1794 1956 1975 2001 autem

402 2067 643 2113 ventrem
658 2069 834 2117 suum,
853 2060 907 2106 et
927 2065 1050 2105 cum
1071 2045 1362 2118 indigentia
1386 2041 1741 2097 manducabat
1757 2051 1972 2108 panem.

406 2152 540 2204 Cum
569 2154 748 2201 autem
778 2143 913 2198 mori
952 2140 1205 2211 cmpisset
1253 2150 1418 2192 senex
1471 2133 1580 2197 ille,
1612 2131 1979 2186 circumstete-

412 2248 532 2295 runt
555 2254 675 2293 eum
705 2235 918 2300 fratres,
942 2241 996 2287 et
1024 2229 1317 2300 respiciens
1340 2227 1396 2281 in
1417 2240 1541 2280 eum
1559 2223 1651 2294 qui
1677 2220 1975 2283 furabatur,

407 2332 541 2387 dixit
565 2329 614 2384 ei
641 2347 653 2382 :
677 2326 849 2398 iunge
874 2333 927 2379 te
957 2325 1063 2379 huc
1092 2321 1160 2376 ad
1192 2334 1308 2384 me;
1342 2325 1399 2372 et
1434 2316 1605 2370 tenuit
1627 2326 1817 2368 manus
1842 2309 1976 2380 ejus,

408 2431 465 2476 et
486 2417 761 2476 osculatus
787 2424 870 2471 est
889 2429 1003 2480 eas,
1031 2412 1215 2467 dicens
1242 2428 1253 2463 :
1287 2406 1499 2464 Gratias
1527 2420 1626 2477 ago
1653 2403 1773 2459 istis
1808 2399 1981 2455 mani-

410 2513 528 2576 bus,
559 2509 743 2573 frater,
773 2505 898 2578 quia
920 2511 1137 2575 propter
1161 2502 1291 2556 istas
1312 2499 1449 2553 vado
1477 2497 1546 2552 ad
1571 2508 1794 2562 regnum
1825 2490 1984 2547 coelo-

412 2616 552 2657 rum.
575 2599 668 2655 llle
688 2605 888 2662 autem,
930 2598 1284 2662 compunctus
1314 2597 1368 2644 et
1402 2583 1772 2658 paenitentiam
1795 2595 1979 2650 agens,

412 2690 587 2745 factus
607 2695 689 2744 est
704 2688 865 2742 etiam
889 2685 1001 2754 ipse
1022 2682 1276 2753 probatus
1298 2676 1614 2739 monachus,
1630 2669 1874 2740 exempla
1895 2683 1985 2722 su-

413 2793 566 2834 mens
593 2777 658 2833 de
679 2776 885 2832 actibus
911 2770 1089 2841 magni
1136 2768 1280 2824 illius
1322 2765 1485 2820 senis.
1517 2760 1678 2817 Valde
1703 2758 1848 2813 enim
1875 2755 1987 2809 lau-

410 2867 605 2924 dabilis
624 2874 708 2922 est
728 2863 985 2936 patientia
1028 2861 1143 2930 ejus
1191 2856 1362 2912 sancti
1402 2851 1674 2916 monachi,
1709 2849 1804 2904 sed
1833 2846 1988 2901 valde

408 2955 735 3013 laudabilior
761 2961 841 3008 est
876 2950 1136 3021 patientia
1167 2945 1385 3002 Christi.
1420 2944 1600 2999 Senex
1629 2941 1733 2995 iste
1776 2937 1980 3007 rapien-

416 3057 525 3102 tem
552 3044 777 3098 fratrem
806 3040 939 3096 vidit
956 3045 1011 3092 et
1037 3037 1234 3102 tacuit;
1259 3034 1507 3090 Christus
1526 3045 1654 3086 vero
1681 3027 1987 3099 opprobria,

2077 1844 2203 1900 Haac
2239 1858 2369 1912 ergo
2414 1843 2623 1913 aliaque
2675 1843 2980 1897 testimonia
3029 1841 3371 1896 discretionis
3413 1839 3666 1895 conside-

2077 1924 2244 1989 randa
2265 1942 2391 1989 sunt
2415 1948 2445 1988 a
2471 1933 2757 1999 solitariis;
2791 1939 2845 1988 et
2867 1933 2946 1987 sic
2964 1932 3144 1987 omnia
3170 1937 3469 2000 temperent
3491 1938 3662 1999 atque

2079 2025 2409 2089 discernant,
2455 2031 2515 2078 ut
2544 2023 2646 2093 ipsi
2694 2022 2857 2077 nimis
2886 2020 3091 2091 fatigati
3146 2035 3254 2075 non
3296 2018 3573 2083 deficiant,
3613 2026 3669 2072 et

2080 2118 2172 2173 alii
2198 2132 2229 2172 a
2258 2123 2435 2187 empto
2461 2116 2653 2172 itinere
2682 2129 2789 2169 non
2817 2111 3105 2183 refugiant.

2666 2222 2893 2279 CAPUT
2931 2210 3068 2276 LXI.

2630 2293 2704 2348 De
2740 2293 3116 2347 taciturnitate.

2155 2385 2524 2440 Taciturnitas
2551 2391 2732 2438 autem
2776 2382 2951 2436 virtus
2991 2390 3075 2436 est
3106 2377 3425 2434 humilitatis
3451 2384 3503 2431 et
3529 2375 3675 2431 indi-

2086 2478 2230 2533 cium
2255 2475 2557 2548 gravitatis,
2574 2471 2757 2527 nutrix
2778 2471 3039 2525 virtutum
3056 2476 3110 2524 et
3131 2476 3313 2523 custos
3337 2466 3672 2521 animarum.

2087 2568 2505 2631 ﬂinc,Salomon
2534 2566 2609 2619 ait
2638 2582 2650 2618 :
2681 2563 2784 2629 Qui
2809 2563 3032 2617 custodit
3072 2577 3129 2615 os
3168 2576 3321 2614 suum
3348 2566 3396 2613 et
3424 2558 3669 2628 linguam

2086 2678 2260 2726 suam,
2287 2659 2510 2714 custodit
2536 2657 2599 2713 ab
2624 2657 2883 2728 angustiis
2903 2656 3132 2709 animam
3158 2668 3307 2708 suam
3336 2650 3518 2723 (Prov.
3547 2664 3674 2709 xxI,

2087 2751 2199 2823 23).
2238 2750 2447 2816 Quanto
2481 2749 2644 2820 igitur
2672 2746 2898 2817 quisque
2924 2746 3024 2801 sub
3058 2743 3270 2801 silentio
3306 2740 3556 2812 deprimit
3590 2753 3676 2804 se,

2092 2851 2245 2897 tanto
2273 2838 2701 2910 compunctionis
2729 2837 2899 2892 aciem
2944 2837 2998 2891 in
3041 2835 3180 2889 cmlo
3210 2833 3355 2905 ﬁgit;
3379 2840 3433 2887 et
3464 2840 3681 2902 quanto

2092 2932 2475 2988 taciturnitatis
2527 2930 2683 2987 freno
2729 2926 3048 2998 constringit
3084 2925 3356 2996 linguam,
3408 2932 3557 2977 tanto
3609 2922 3681 2978 ad

2094 3025 2335 3080 coelestia
2359 3024 2519 3096 erigit
2551 3030 2786 3100 mentem
2820 3037 2993 3077 suam.
3021 3020 3253 3091 Ideoque
3283 3019 3555 3075 solitarius
3598 3028 3684 3074 ta-

416 3132 792 3196 contumelias,
823 3129 1125 3193 irrisiones,
1173 3126 1372 3195 alapas,
1406 3130 1582 3192 sputa,
1612 3085 1840 3190 ﬂagella,
1880 3117 1990 3187 spi-
2017 3085 2063 3149 C
2093 3085 2472 3173 citumitateni
2487 3096 2694 3186 diligat,
2732 3123 2787 3171 et
2818 3130 2849 3168 a
2892 3112 3036 3168 malo
3078 3128 3142 3168 ac
3166 3085 3366 3183 pravo,
3396 3111 3479 3166 vel
3521 3110 3682 3165 omni

412 3239 578 3280 neam
599 3236 855 3278 coronam
882 3229 1205 3286 crucemque
1228 3213 1502 3278 sustinuit,
1527 3220 1700 3266 etnec
1715 3216 1992 3264 contume-

410 3318 616 3371 liosum
657 3311 906 3379 cuiquam
932 3307 1155 3362 verbum
1187 3303 1480 3374 respondit.
1506 3302 1611 3356 Iste
1636 3300 1780 3355 enim
1810 3306 1991 3369 rapto-

422 3407 497 3461 ris
531 3415 722 3459 manus
750 3396 1068 3455 deosculans
1111 3395 1314 3467 gratias
1360 3392 1499 3464 egit;
1543 3390 1792 3446 Christus
1815 3397 1996 3442 autem

422 3498 476 3550 in
504 3508 664 3550 cruce
689 3492 899 3562 positus
933 3503 1034 3559 pro
1058 3485 1491 3558 persecutoribus
1515 3481 1780 3539 exoravit.
1809 3478 1917 3534 Sed
1942 3480 1998 3532 in

426 3586 510 3640 his
560 3581 810 3640 omnibus
860 3577 1162 3648 exemplum
1215 3573 1490 3647 patientize
1547 3572 1701 3627 nobis
1759 3568 1994 3638 reliquit.

424 3678 761 3744 Quapropter
801 3670 1114 3726 Studeamus
1153 3666 1419 3737 patientes
1465 3678 1586 3719 esse
1630 3662 1696 3717 ad
1727 3674 1915 3717 omnes
1945 3666 2001 3715 et

417 3767 481 3819 in
508 3763 710 3828 omnia,
738 3760 886 3831 quia,
923 3765 986 3813 ut
1021 3757 1098 3812 ait
1134 3755 1404 3821 Christus,
1445 3753 1513 3808 In
1552 3752 1803 3823 patientia
1832 3758 2000 3805 uestra

426 3848 751 3924 possidebitis
792 3849 996 3904 animas
1039 3854 1235 3901 vestras
1289 3842 1439 3914 (Luc.
1498 3857 1610 3907 xxi,
1659 3840 1769 3911 19).
1822 3839 2003 3895 Simus

429 3939 720 4005 mansueti,
748 3938 896 4008 quia,
923 3943 984 3990 ut
1022 3936 1099 3989 ait
1138 3933 1446 4004 Propheta:
1480 3930 1743 3984 Mansueti
1779 3927 2000 3983 heredi-

422 4030 613 4084 tabunt
634 4038 849 4092 terram,
890 4034 939 4080 et
979 4023 1372 4078 delectabantur
1408 4024 1464 4076 in
1492 4020 1823 4076 multitudine
1855 4021 1999 4091 pacis

422 4117 603 4189 (Psal.
630 4131 818 4179 xxxvi,
852 4114 961 4184 11).
987 4113 1242 4181 Quisquis
1271 4112 1434 4182 igitur
1472 4112 1625 4175 leuis,
1656 4111 1801 4165 mitis
1828 4118 1883 4165 et
1909 4124 2004 4179 pa-

428 4208 573 4261 tiens
592 4212 696 4269 est,
723 4202 820 4258 Dei
845 4201 938 4256 lilii
967 4201 1204 4255 imitator
1228 4209 1328 4255 est.
1359 4200 1425 4253 Et
1450 4200 1692 4269 quisquis
1723 4198 2005 4268 amplecti-

434 4308 523 4352 tur
545 4310 733 4368 pacem
754 4296 808 4350 in
837 4295 1033 4351 mentis
1057 4309 1166 4349 sua:
1189 4293 1440 4362 hOSpitio,
1488 4292 1819 4347 mansionem
1859 4290 1912 4343 in
1947 4302 2005 4343 se

433 4395 699 4461 praeparat
723 4386 959 4451 Christo,
991 4385 1116 4455 quia
1164 4383 1412 4438 Christus
1456 4396 1557 4452 pax
1601 4389 1685 4435 est
1709 4389 1764 4434 et
1793 4381 1846 4434 in
1873 4394 2006 4450 pace

438 4478 778 4550 requiescere
802 4476 1099 4531 consuevit.

1044 4561 1269 4619 CAPUT
1291 4561 1405 4617 LX.

998 4654 1073 4709 Dc
1110 4655 1436 4708 discretione.

505 4752 771 4809 Discretio
809 4763 1043 4818 namque
1066 4756 1150 4802 est
1173 4752 1345 4801 mater
1372 4745 1612 4800 omnium
1639 4744 1919 4811 virtutum,
1954 4749 2010 4799 et

440 4844 560 4897 ideo
593 4842 646 4895 in
675 4839 926 4895 omnibus
956 4845 1066 4891 tam
1105 4833 1473 4906 spiritualibus
1516 4850 1678 4906 quam
1720 4834 2010 4904 corporali-

439 4935 541 4988 bus
585 4931 838 5002 operibus
881 4928 1110 4985 tenenda
1153 4936 1236 4983 est
1286 4943 1316 4981 a
1359 4927 1614 4993 solitariis
1658 4926 2008 4996 temperantia

441 5021 802 5087 discretionis,
847 5036 916 5076 ne
954 5018 1218 5090 superﬂue
1261 5018 1570 5074 laborantes
1602 5017 1766 5072 corde
1805 5017 2012 5087 pariter

436 5121 499 5171 et
532 5127 759 5185 corpore
811 5111 1085 5168 detlciant.
1135 5110 1242 5165 Sed
1293 5110 1371 5165 sic
1415 5109 1593 5164 omnis
1629 5122 1817 5163 eorum
1871 5108 2013 5163 actio

443 5210 790 5272 temperetur,
839 5209 1103 5271 quatenus
1149 5199 1315 5254 alacri
1365 5198 1547 5253 animo
1592 5196 1712 5267 plus
1748 5211 1807 5250 se
1835 5195 2012 5250 adhuc

441 5292 664 5363 cupiant
692 5289 748 5344 in
779 5288 937 5344 bouis
968 5287 1221 5357 operibus
1266 5299 1540 5341 exercere.
1584 5283 1711 5338 Sive
1735 5283 1879 5338 enim
1905 5283 2015 5339 sint

443 5380 657 5451 vigilite,
687 5376 801 5434 sive
833 5375 1058 5448 jejunia,
1091 5376 1203 5431 sive
1233 5374 1578 5439 abstinentia,
1608 5380 1662 5428 et
1696 5382 1892 5428 czetera
1930 5371 2015 5427 his

446 5470 661 5535 similia,
710 5469 791 5525 sic
836 5475 1216 5537 temperentur,
1255 5473 1316 5518 ut
1343 5477 1443 5519 nec
1485 5462 1651 5518 animi
1690 5462 1861 5517 virtus
1895 5475 2016 5516 suc-

449 5560 683 5624 cumbat,
714 5573 814 5614 nec
839 5557 1083 5627 corporis
1114 5553 1371 5610 fortitudo
1407 5553 1683 5609 lassescat.
1718 5550 1871 5607 Unde
1896 5550 2014 5620 qui-

452 5651 573 5705 dam
599 5651 817 5707 Patrum
856 5648 1107 5705 dicebat:
1138 5645 1344 5715 Corpus
1386 5652 1628 5699 nostrum
1663 5642 1743 5699 sic
1787 5650 1871 5695 est
1906 5640 2015 5694 fra-

2093 3204 2423 3275 stultiloquio
2468 3205 2705 3276 linguam
2753 3219 2907 3259 suam
2955 3211 3202 3257 coerceat
3248 3202 3495 3270 dicatque
3546 3216 3682 3256 cum

2093 3294 2401 3364 Propheta:
2434 3292 2581 3360 Dixi,
2607 3291 2911 3347 Custodiam
2943 3292 3055 3345 vias
3078 3308 3243 3356 meas,
3284 3300 3340 3344 ut
3380 3307 3481 3345 non
3506 3291 3685 3346 delin-

2095 3401 2252 3456 quam
2286 3386 2341 3438 in
2374 3384 2555 3455 lingua
2589 3402 2702 3438 mea
2750 3382 2921 3454 (Psal.
2954 3399 3182 3449 xxxviii,
3209 3382 3283 3456 1).
3326 3383 3392 3437 Et
3436 3384 3681 3438 iterum:

2100 3478 2265 3534 Posui
2292 3479 2370 3531 ori
2396 3493 2508 3531 meo
2546 3477 2835 3531 custodiam
2863 3474 3069 3547 (Ibid.).
3102 3474 3168 3528 Et
3197 3491 3409 3530 rursum
3434 3489 3449 3528 :
3484 3473 3686 3528 Obmu-

2099 3569 2176 3621 tui
2200 3577 2249 3623 ct
2278 3567 2584 3621 humiliatus
2630 3583 2766 3631 sum,
2809 3573 2857 3619 et
2901 3565 3025 3619 silui
3053 3581 3085 3618 a
3122 3564 3268 3619 bonis
3301 3564 3488 3635 (Ibid.,
3519 3580 3568 3618 υ.
3602 3565 3683 3634 3).

2098 3659 2192 3715 Ille
2219 3659 2361 3715 enim
2383 3657 2518 3713 bene
2539 3657 2655 3711 vias
2690 3671 2838 3721 suas,
2881 3656 2935 3711 id
2974 3663 3059 3711 est
3085 3663 3241 3710 actus
3266 3656 3389 3709 vitae
3416 3671 3545 3719 suae,
3578 3672 3683 3711 cu-

2101 3751 2288 3816 stodit,
2314 3749 2406 3820 qui
2438 3749 2492 3803 in
2522 3748 2703 3819 lingua
2729 3747 2949 3802 minime
2973 3745 3211 3801 offendit.
3238 3744 3330 3801 Ille
3355 3746 3520 3800 etiam
3540 3746 3688 3802 bene

2101 3842 2183 3896 ori
2227 3853 2325 3896 suo
2352 3839 2650 3895 custodiam
2683 3837 2852 3907 ponit,
2879 3836 3036 3906 cujus
3077 3835 3259 3908 lingua
3302 3850 3403 3891 nec
3445 3835 3499 3889 in
3530 3836 3689 3890 mali—

2103 3930 2360 4000 loquium,
2390 3943 2490 3983 nec
2531 3928 2586 3982 in
2628 3926 3015 3996 vaniloquium,
3054 3940 3157 3981 nec
3187 3924 3243 3979 in
3282 3923 3686 3994 multiloquium

2100 4019 2402 4091 procaciter
2446 4016 2582 4073 ﬂuit.
2642 4017 2719 4073 Ne
2765 4031 2894 4088 ergo
2942 4018 2997 4070 in
3054 4014 3422 4084 maliloquium
3470 4012 3689 4069 labatur

2103 4112 2304 4183 lingua,
2347 4119 2511 4182 ponat
2541 4110 2907 4179 unusquisque
2947 4115 3193 4185 nostrum
3234 4107 3315 4161 ori
3354 4120 3452 4161 suo
3491 4114 3685 4161 custo-

2104 4202 2271 4267 diam,
2308 4210 2362 4257 et
2400 4201 2682 4271 diligenter
2707 4199 2945 4254 attendat
2986 4198 3114 4267 quid
3143 4197 3209 4251 de
3233 4194 3373 4251 male
3412 4194 3690 4264 loquenti-

2105 4294 2208 4348 bus
2231 4293 2375 4346 dicat
2394 4290 2661 4359 Propheta
2687 4306 2700 4342 :
2731 4286 3028 4359 Disperdat,
3056 4286 3250 4355 inquit,
3283 4284 3541 4338 Dominus
3569 4284 3692 4338 uni-

2031 4414 2083 4474 D
2106 4398 2259 4474 versa
2289 4381 2429 4435 labia
2468 4378 2670 4442 dolosa,
2700 4388 2750 4433 et
2791 4377 3023 4447 linguam
3072 4373 3457 4445 magniloquam
3504 4371 3685 4442 (Psal.

2110 4491 2187 4541 xi,
2234 4473 2312 4544 4).
2367 4472 2503 4539 Quid
2546 4471 2708 4526 etiam
2738 4469 2804 4525 de
2833 4467 3168 4537 multiloquio
3215 4465 3469 4520 Salomon
3516 4464 3686 4529 dicat,

2112 4566 2392 4620 audiamus
2419 4581 2431 4616 :
2464 4562 2531 4616 In
2569 4560 2919 4632 multiloquio,
2970 4558 3162 4627 inquit,
3195 4572 3299 4610 non
3326 4554 3543 4624 eﬁ'ugies
3571 4569 3692 4623 pec-

2112 4664 2286 4708 catum
2304 4670 2322 4716 ;
2340 4662 2388 4707 et
2411 4651 2501 4722 qui
2524 4650 2701 4705 multis
2721 4651 2888 4703 utitur
2906 4647 3089 4712 verbis,
3111 4645 3255 4700 (redit
3279 4645 3515 4698 animam
3532 4657 3688 4696 uasat

2114 4744 2292 4816 (Prov.
2338 4759 2394 4808 x,
2437 4740 2544 4813 19).
2585 4739 2722 4795 Hinc
2763 4738 2959 4794 iterum
2997 4736 3265 4805 Propheta
3298 4751 3312 4787 :
3345 4732 3405 4788 Si
3433 4733 3551 4804 quis
3577 4730 3689 4786 vult

2112 4851 2286 4892 veram
2311 4845 2359 4888 et
2383 4843 2681 4905 perpetuam
2720 4830 2907 4884 habere
2942 4829 3120 4892 vitam,
3145 4836 3194 4880 et
3222 4826 3362 4895 cupit
3380 4824 3491 4878 dies
3510 4823 3690 4878 videre

2115 4926 2294 4991 bonos,
2316 4933 2547 4979 coerceat
2569 4922 2801 4992 linguam
2823 4934 2973 4974 suam
2994 4935 3027 4971 a
3053 4915 3225 4982 malo;
3252 4926 3298 4969 et
3323 4913 3463 4969 labia
3480 4913 3601 4983 ejus
3624 4929 3691 4967 ne

2114 5014 2396 5084 loquantur
2427 5012 2605 5066 dolum
2628 5008 2798 5080 (Psal.
2833 5023 3031 5073 xxxut,
3073 5006 3183 5076 14).
3221 5005 3358 5060 Hinc
3397 5003 3692 5074 Apostolus

2116 5103 2228 5156 ait:
2260 5101 2318 5156 Si
2345 5103 2459 5173 quis
2483 5110 2631 5171 putat
2674 5116 2730 5153 se
2771 5097 3071 5168 religiosum
3112 5111 3240 5161 esse,
3268 5110 3371 5149 non
3412 5093 3691 5162 refrenari:
3766 5094 3775 5099 ”

2116 5191 2349 5262 linguam
2369 5206 2539 5255 suam,
2561 5189 2650 5243 sed
2675 5189 2925 5243 seducens
2961 5203 3053 5241 cor
3070 5200 3246 5250 suum,
3269 5183 3429 5254 hujus
3452 5198 3587 5237 vana
3613 5190 3689 5235 est

2118 5280 2298 5350 religio
2323 5280 2460 5350 (Jac.
2494 5295 2533 5344 ι,
2558 5277 2673 5350 26).
2714 5277 2853 5333 Hinc
2887 5277 3077 5332 beatus
3099 5273 3418 5329 Ambrosius
3444 5272 3524 5326 ait
3549 5288 3565 5326 :
3592 5269 3691 5326 Est

2116 5371 2279 5426 homo
2321 5370 2414 5440 qui
2462 5368 2735 5424 silentium
2763 5367 2980 5437 quidem
3018 5362 3250 5429 affectat,
3292 5362 3387 5417 sed
3433 5374 3533 5415 cor
3572 5356 3689 5426 ejus

2115 5459 2341 5514 multum
2369 5473 2428 5513 se
2456 5458 2816 5513 condemnat:
2848 5455 2951 5512 iste
2985 5453 3109 5510 talis
3152 5452 3381 5507 multum
3418 5448 3683 5519 loquitur;

2117 5560 2174 5607 et
2199 5559 2284 5607 est
2311 5550 2448 5605 alius
2473 5551 2563 5619 qui
2594 5563 2625 5604 a
2657 5563 2817 5603 mane
2842 5561 3012 5616 usque
3034 5545 3102 5601 ad
3128 5556 3410 5613 vesperam
3430 5538 3685 5608 loquitur,

2117 5650 2173 5697 et
2198 5655 2319 5696 cum
2342 5639 2689 5704 discretione,
2709 5636 2982 5693 silentium
3008 5644 3261 5705 magnum
3291 5627 3546 5685 custodit.
3576 5622 3689 5679 Hoc
