3974 6192
348 353 446 406 655

348 474 522 522 autem
561 465 771 520 dicebat
799 465 862 518 de
903 465 994 519 illo
1023 466 1115 535 qui
1144 467 1260 520 sine
1307 466 1538 520 utilitate
1581 464 1913 518 audientium
1947 473 1992 527 Α

351 566 619 623 nunquam
663 551 920 621 loquitur.
979 553 1073 608 Ille
1124 554 1267 608 enim
1304 556 1443 609 bene
1494 554 1921 608 taciturnitatem

349 641 602 705 custodit,
633 640 724 710 qui
771 655 942 710 usque
978 641 1046 696 ad
1084 641 1565 710 interrogationem
1612 655 1716 693 non
1748 640 1923 708 loqui-

350 743 452 785 tur.
508 731 849 803 Quapropter
902 727 1450 786 solitarius‘modum
1508 731 1757 800 loquendi
1812 745 1920 784 non

348 831 618 885 transeat;
669 831 889 877 maneat
937 823 992 878 in
1040 823 1206 877 verbo
1252 824 1370 894 ejus
1415 837 1689 887 mensura,
1725 822 1776 875 in
1812 836 1922 876 ser-

346 931 503 971 mone
528 923 752 970 statera.
801 913 1031 984 Semper
1058 915 1222 970 verba
1250 916 1369 985 ejus
1406 915 1517 969 sint
1544 917 1839 978 moderata,
1867 923 1921 967 et

344 1006 462 1074 plus
488 1004 676 1072 diligat
703 1018 921 1074 semper
948 1004 1141 1060 audire
1165 1020 1328 1074 quam
1368 1004 1544 1072 loqui;
1576 1012 1632 1058 et
1675 1018 1742 1057 ne
1771 1003 1922 1073 prius

347 1095 667 1164 respondeat
713 1094 935 1148 verbum
983 1107 1146 1162 quam
1196 1094 1404 1149 audiat.
1457 1093 1610 1149 Unde
1662 1093 1920 1162 scriptum

343 1193 424 1239 est
457 1202 470 1236 :
505 1182 610 1248 Qui
631 1191 751 1236 ante
774 1182 1046 1252 respondet
1078 1200 1235 1253 quam
1258 1183 1462 1248 audiat,
1496 1181 1711 1237 stultum
1736 1201 1789 1237 se
1812 1200 1922 1237 esse

343 1274 666 1326 demonstrat
691 1270 872 1342 (Prov.
899 1287 1054 1338 xvut,
1093 1272 1204 1343 15).
1236 1271 1373 1326 Nam
1416 1271 1563 1341 loqui
1603 1279 1660 1327 et
1703 1272 1921 1338 docere,

346 1376 403 1420 ut
431 1367 507 1421 ait
549 1373 769 1420 sanctus
796 1365 1142 1429 Benedictus,
1177 1364 1500 1436 magistrum
1529 1365 1808 1432 condecet,
1839 1373 1922 1419 ta-

345 1470 468 1510 cere
522 1464 578 1510 et
622 1455 810 1510 audire
859 1455 1124 1525 discipulo
1169 1454 1442 1510 convenit.
1482 1454 1548 1508 Et
1585 1454 1629 1508 si
1665 1469 1772 1523 qua
1801 1461 1927 1509 sunt

346 1544 670 1614 requirenda
722 1558 752 1597 a
803 1543 1086 1614 magistro,
1134 1558 1260 1598 cum
1313 1542 1462 1598 omni
1518 1542 1825 1598 humilitate
1871 1550 1927 1596 et

344 1632 677 1702 subjectione
745 1633 1060 1686 reverentiae
1123 1633 1489 1702 requirantur.
1555 1632 1926 1687 Scurrilitates

343 1740 493 1790 vero,
522 1724 608 1779 vel
643 1724 807 1779 verba
858 1723 1033 1779 otiosa
1075 1731 1132 1778 et
1171 1724 1340 1778 risum
1387 1723 1678 1787 moventia,
1721 1731 1925 1778 aeterna

971 352 1201 408 CODEX
1241 351 1694 406 REGULMIUM.
1736 383 1802 391 —
1847 351 2020 406 PARS
2059 353 2118 405 II.
2161 351 2464 407 REGUL/E
2501 355 2603 408 PP.
2645 356 2915 411 OIIIENT.

3482 364 3586 419 635

2586 469 2810 526 CAPUT
2840 470 3014 525 LXIII.

2231 557 2528 612 Consolatio
2558 561 2911 616 solitariorum
2939 564 3002 617 de
3038 566 3372 623 detractione.

2091 651 2206 705 Non
2235 667 2364 721 ergo
2400 653 2624 708 solitarii
2665 655 2890 710 multum
2947 659 3258 714 contristari
3290 662 3508 731 debent,
3543 667 3586 718 si

2020 741 2159 796 forte
2186 742 2254 796 ab
2291 742 2560 810 aliquibus
2596 747 2777 812 pravis
2815 747 3122 802 hominibus
3151 749 3268 805 sine
3306 752 3463 821 culpa
3493 756 3593 810 de-

2021 831 2340 896 trahantur;
2371 833 2499 900 quia
2524 833 2577 886 in
2601 835 2962 892 consolatione
2985 846 3187 903 nostra,
3218 855 3312 894 sua
3336 841 3595 900 Dominus

2019 920 2307 989 opprobria
2328 921 2592 976 adducere
2619 923 2866 992 dignatus
2887 935 2992 990 est,
3021 928 3204 982 dicens
3234 947 3246 982 :
3280 927 3338 984 Si
3366 941 3593 1000 patrem-

2021 1011 2251 1081 familias
2279 1011 2562 1066 Beelzebub
2587 1024 2909 1081 vocaverunt,
2934 1027 3127 1085 quanto
3155 1021 3320 1090 magis
3351 1021 3599 1076 domesti-

2021 1121 2108 1158 cos
2144 1104 2259 1173 ejus
2302 1103 2515 1174 (Matth.
2555 1122 2608 1170 x,
2635 1106 2765 1172 25)?
2799 1107 2868 1161 Et
2910 1109 3104 1162 iterum
3139 1127 3152 1162 :
3190 1110 3252 1165 Si
3289 1113 3354 1166 de
3399 1115 3594 1167 mundo

2022 1193 2272 1262 fuissetis,
2305 1193 2530 1247 mundus
2563 1196 2700 1264 quod
2726 1213 2878 1250 suum
2905 1207 3015 1250 erat
3047 1197 3316 1268 diligeret;
3344 1201 3434 1253 sed
3474 1204 3599 1270 quia

2022 1282 2086 1335 de
2153 1281 2349 1335 mundo
2393 1299 2496 1335 non
2540 1284 2696 1349 estis,
2745 1295 3014 1355 propterea
3068 1287 3173 1339 odit
3237 1304 3327 1342 vos
3370 1291 3598 1344 mundus

2025 1367 2206 1440 (Joan.
2234 1385 2322 1432 xv,
2351 1369 2456 1439 l9).
2481 1369 2618 1425 Ilinc
2651 1373 2940 1441 Apostolus
2977 1374 3052 1428 ait
3082 1389 3096 1427 :
3137 1374 3315 1430 Nolite
3337 1379 3521 1432 mirari
3551 1380 3598 1432 si

2025 1460 2132 1513 odit
2158 1477 2244 1514 vos
2271 1461 2498 1514 mundus
2527 1461 2579 1533 (I
2608 1462 2769 1516 Joan.
2798 1480 2881 1528 ιιι,
2915 1465 3026 1535 15).
3057 1465 3194 1519 Sunt
3218 1476 3397 1521 autem
3423 1469 3595 1538 pluri-

2026 1551 2096 1604 mi
2128 1551 2220 1621 qui
2264 1550 2429 1604 vitam
2470 1552 2832 1607 solitariorum
2881 1554 3108 1610 fortasse
3163 1557 3391 1624 amplius
3435 1573 3596 1626 quam

2026 1640 2240 1705 debent,
2274 1640 2522 1708 laudant;
2557 1650 2699 1697 etne
2723 1644 2799 1698 eis
2829 1645 2894 1699 de
2941 1645 3098 1700 laude
3126 1646 3288 1700 elatio
3315 1649 3598 1718 subripiat.

2026 1730 2292 1798 permittit
2313 1731 2654 1800 omnipotens
2678 1733 2819 1789 Deus
2854 1735 3022 1790 malos
3050 1736 3105 1789 in
3129 1735 3522 1793 obtrectatione
3547 1751 3602 1794 et

344 1815 594 1869 clausura
623 1814 676 1868 in
707 1813 959 1870 omnibus
1001 1813 1133 1869 locis
1182 1815 1525 1879 damnamus,
1575 1822 1630 1867 et
1677 1813 1747 1867 ad
1795 1813 1921 1868 talia
1951 1813 1998 1872 B
2026 1821 2396 1893 objurgatione
2417 1839 2794 1896 prorumpere;
2824 1835 2884 1880 ut
2903 1826 2947 1882 si
2974 1842 3076 1896 qua
3101 1828 3255 1897 culpa
3279 1829 3345 1884 ab
3367 1845 3460 1885 ore
3487 1829 3601 1885 lau-

342 1904 560 1975 cloquia
590 1904 912 1974 discipulum
939 1919 1002 1958 os
1032 1904 1244 1973 aperire
1267 1919 1376 1959 non
1404 1903 1790 1973 permittimus.

918 2037 1145 2092 CAPUT
1181 2037 1335 2092 LXII.

345 2171 420 2225 De
450 2171 682 2252 cavenda
698 2171 1050 2252 detractione,
1075 2178 1124 2225 et
1156 2171 1297 2252 quod
1331 2170 1534 2252 duobus
1565 2169 1733 2252 modis
1760 2177 1924 2236 potest

520 2242 709 2312 aliquis
737 2241 848 2295 sine
876 2249 1085 2310 peccato
1115 2239 1272 2295 alieni
1299 2248 1513 2311 peccata
1552 2239 1741 2293 dicere.

411 2371 734 2442 Quanquam
778 2370 926 2425 enim
973 2369 1162 2425 beatus
1204 2369 1566 2441 Hieronymus
1613 2369 1762 2424 dicat
1797 2369 1926 2438 quia

345 2482 456 2520 non
477 2474 563 2520 est
597 2465 884 2520 detrahere
910 2478 1096 2518 verum
1127 2463 1329 2528 dicere,
1370 2471 1551 2517 tamen
1584 2460 1820 2517 cavenda
1844 2469 1928 2515 est

343 2554 676 2609 omnimodis
719 2553 984 2608 detractio
1030 2568 1059 2606 a
1117 2551 1413 2617 solitariis,
1465 2560 1719 2606 monente
1765 2549 1928 2605 beato

344 2645 550 2700 Iacobo
599 2643 843 2714 apostolo
885 2661 898 2697 :
951 2641 1150 2708 Nolite,
1201 2643 1398 2712 inquit,
1452 2642 1724 2697 detrahere
1770 2639 1928 2694 alter-

345 2738 550 2802 utrum',
576 2735 765 2805 fratres
803 2735 924 2800 mei,
963 2735 1087 2805 quia
1108 2735 1197 2805 qui
1225 2733 1453 2788 detrahit
1500 2733 1678 2803 fratri,
1721 2741 1811 2786 aut
1839 2731 1929 2802 qui

342 2832 553 2900 iudicat
578 2831 794 2902 fratrem
834 2845 1006 2890 suum,
1055 2827 1279 2882 detrahit
1313 2825 1413 2895 legi
1449 2835 1496 2880 et
1528 2825 1735 2895 judicat
1767 2823 1928 2894 legem

348 2921 494 2990 (Jac.
540 2936 617 2986 tv,
649 2918 760 2991 11).
792 2917 930 2973 IIinc
981 2916 1234 2972 Salomon
1280 2917 1400 2970 ait:
1445 2915 1666 2969 Remove
1712 2931 1744 2967 a
1787 2923 1835 2968 te
1871 2930 1928 2967 os

345 3028 592 3082 pravum,
619 3021 666 3066 et
691 3010 1018 3065 detrahentia
1054 3008 1193 3062 labia
1221 3006 1403 3078 procul
1437 3007 1537 3060 sint
1585 3023 1617 3059 a
1657 3014 1704 3058 te
1745 3003 1926 3077 (Prov.

350 3119 430 3167 tv,
453 3101 566 3173 Ἡ).
596 3101 664 3155 Ει
693 3101 886 3155 iterum
915 3116 928 3151 :
964 3097 1095 3153 Cum
1138 3096 1516 3150 detractoribus
1561 3112 1662 3149 non
1691 3095 1931 3148 commis-

2027 1915 2268 1968 dantium
2296 1915 2350 1968 in
2367 1917 2529 1971 corde
2553 1915 2917 1971 solitariorum
2940 1919 3195 1982 nascitur,
3220 1936 3317 1990 per
3337 1922 3604 1975 obtrecta-

2027 2004 2226 2058 tionem
2267 2005 2528 2060 malorum
2567 2007 2634 2060 ad
2684 2007 3057 2075 pccnitentiam
3110 2018 3449 2064 revocentur.
3494 2010 3602 2066 Sed

2025 2095 2168 2149 inter
2193 2096 2308 2150 htcc
2348 2097 2512 2150 verba
2555 2095 2883 2150 laudantium
2927 2096 3040 2151 sive
3088 2098 3505 2166 vituperantium
3535 2101 3602 2153 ad

2027 2193 2263 2240 mentem
2292 2199 2503 2255 semper
2528 2200 2810 2240 recurrere
2843 2187 3131 2252 debemus;
3163 2193 3218 2240 et
3249 2187 3292 2241 si
3318 2187 3371 2240 in
3404 2203 3466 2243 ea
3493 2205 3599 2242 non

2028 2274 2298 2330 invenitur
2327 2277 2528 2332 bonum
2552 2277 2694 2344 quod
2712 2276 2779 2331 de
2801 2275 2958 2331 nobis
2982 2277 3194 2342 dicitur,
3220 2292 3412 2348 magna
3439 2279 3605 2332 tristi-

2028 2365 2099 2419 tia
2123 2366 2370 2436 generari
2397 2365 2575 2422 debet.
2611 2367 2677 2420 Et
2712 2381 2925 2422 rursum
2961 2367 3006 2420 si
3035 2366 3089 2421 in
3111 2381 3175 2422 ea
3204 2381 3310 2422 non
3336 2367 3605 2423 invenitur

2029 2456 2228 2511 malum
2253 2459 2395 2526 quod
2430 2459 2496 2513 de
2524 2459 2681 2514 nobis
2719 2460 2966 2515 homines
2988 2460 3297 2534 loquuntur,
3331 2461 3385 2516 in
3411 2477 3603 2532 magna

2029 2548 2214 2604 laetitia
2235 2550 2484 2619 prosilire
2506 2551 2785 2606 debemus.
2829 2551 2976 2606 Unde
3000 2551 3192 2606 beatus
3216 2549 3316 2607 Job
3344 2554 3556 2608 dicebat
3588 2572 3598 2606 :

2031 2642 2166 2696 Ecce
2195 2643 2331 2696 enim
2352 2644 2407 2697 in
2438 2643 2564 2698 caelo
2605 2645 2748 2698 testis
2791 2660 2954 2709 meus,
2985 2654 3032 2697 et
3079 2645 3314 2698 conscius
3360 2661 3504 2698 meus
3546 2646 3601 2698 in

2030 2734 2245 2788 excelsis
2282 2734 2426 2804 (Job,
2452 2751 2562 2801 xvr,
2593 2735 2706 2806 20).
2748 2736 2849 2804 Qui
2895 2736 3038 2791 enim
3067 2737 3191 2790 vitae
3239 2751 3348 2790 suae
3373 2737 3426 2789 in
3465 2737 3604 2791 etelu

2032 2834 2224 2881 testem
2252 2827 2434 2892 habet,
2470 2826 2831 2884 detractiones
2871 2827 3145 2883 hominum
3179 2829 3230 2882 in
3265 2836 3410 2883 terra
3437 2829 3605 2898 perti-

2033 2931 2276 2972 mescere
2297 2933 2402 2973 non
2429 2917 2602 2973 debet.
2636 2917 2772 2972 Hinc
2803 2917 2998 2972 Paulus
3032 2918 3106 2971 ait
3136 2936 3148 2970 :
3199 2916 3380 2972 Gloria
3427 2927 3606 2972 nostra

2033 3009 2143 3064 haec
2185 3020 2283 3076 est,
2334 3011 2685 3065 testimonium
2715 3009 3039 3064 conscientia:
3086 3017 3276 3062 nostrw
3307 3007 3392 3078 (ΙΙ
3419 3007 3541 3062 Cor.
3567 3024 3606 3071 ι,

2036 3099 2145 3171 12).
2175 3100 2288 3156 Nisi
2312 3101 2456 3156 enim
2483 3100 2714 3157 fuissent
2759 3101 2850 3171 qui
2892 3099 3064 3156 eidem
3112 3099 3368 3170 Apostolo
3411 3099 3606 3153 malam

350 3195 543 3256 rearis,
594 3193 842 3264 quoniam
891 3199 1095 3260 repente
1147 3195 1419 3258 consurget
1467 3185 1688 3256 perditio
1751 3200 1930 3238 eorum
1959 3180 2003 3242 C
2035 3190 2232 3246 famam
2265 3193 2622 3262 imponerent,
2653 3200 2709 3248 et
2729 3191 3065 3247 seductorem
3094 3199 3369 3255 vocarent,
3397 3204 3605 3258 nequa-

351 3285 539 3357 (Prov.
599 3298 709 3346 xw,
747 3279 859 3352 2i).
910 3279 1048 3334 Hinc
1091 3277 1450 3348 Hieronymus
1497 3274 1574 3328 ait
1611 3291 1624 3327 :
1673 3272 1816 3328 Cave
1861 3287 1932 3326 ne

350 3376 595 3446 linguam
639 3379 732 3426 aut
778 3384 936 3425 aures
973 3369 1175 3424 habeas
1219 3368 1544 3438 prurientes,
1595 3365 1648 3419 id
1683 3372 1784 3430 est,
1824 3379 1932 3418 nou

354 3466 470 3536 ipse
515 3463 792 3527 detrahas,
839 3467 931 3514 aut
977 3458 1112 3514 alios
1163 3457 1508 3513 detrahentes
1548 3455 1764 3520 audias;
1807 3453 1934 3522 quia

351 3559 450 3629 qui
504 3556 760 3622 detrahit,
817 3561 872 3610 et
925 3552 1017 3622 qui
1066 3551 1434 3606 detrahentem
1482 3549 1713 3603 libenter
1762 3545 1932 3610 audit,

356 3648 604 3717 utrisque
640 3659 806 3700 unum
850 3643 1056 3698 crimen
1103 3649 1205 3695 est.
1258 3639 1395 3693 Hine
1443 3637 1681 3692 Isidorus
1708 3637 1823 3690 ait:
1857 3634 1936 3689 Ne

356 3738 618 3794 detrahas
645 3733 912 3806 peccanti,
951 3730 1044 3787 sed
1080 3728 1332 3794 condole;
1365 3735 1421 3782 et
1459 3726 1602 3796 quod
1631 3725 1684 3778 in
1708 3724 1813 3778 alio
1839 3724 1933 3778 de-

358 3830 534 3884 trahis
555 3829 609 3883 in
643 3836 696 3882 te
719 3826 898 3897 potius
934 3822 1275 3895 pertimesco.
1325 3818 1463 3872 Hinc
1491 3817 1670 3894 uetiam
1713 3815 1768 3869 in
1804 3814 1936 3870 Vitis

360 3921 585 3974 Patrum
615 3918 848 3974 dicitur:
882 3914 1069 3970 Melius
1098 3919 1201 3976 est,
1227 3908 1420 3979 inquit,
1453 3897 1692 3977 quotidie
1716 3917 1935 3960 carnem

359 4011 646 4066 comedere
695 4017 749 4064 et
798 4008 986 4062 vinum
1037 4005 1240 4068 bibere,
1271 4016 1434 4071 quam
1477 3999 1721 4054 lacerare
1746 4011 1937 4052 carnes

359 4104 591 4157 fratrum
631 4102 685 4155 in
719 4099 1129 4155 obtrectatione.
1182 4093 1442 4164 Denique,
1491 4099 1552 4146 ut
1597 4091 1675 4146 ait
1718 4097 1939 4146 sanctus

363 4193 614 4258 Basilius,
662 4191 868 4246 duobus
913 4189 1084 4243 modis
1119 4199 1405 4256 possumus
1451 4183 1568 4239 sine
1605 4180 1940 4237 detractione

361 4287 592 4338 aliorum
633 4290 855 4353 peccata
893 4280 1092 4343 dicere,
1141 4276 1226 4332 vel
1273 4282 1590 4331 retractare.
1643 4272 1700 4327 1d
1745 4282 1850 4334 est,
1893 4270 1938 4325 si

347 4376 580 4446 quando
613 4387 837 4429 necesse
873 4379 956 4426 est
991 4385 1114 4426 cum
1157 4367 1366 4423 caeteris
1407 4365 1691 4421 consilium
1740 4362 1941 4418 habere

361 4465 636 4537 quomodo
661 4463 948 4533 corrigitur
996 4461 1043 4516 is
1081 4459 1172 4529 qui
1205 4457 1470 4528 peccavit,
1503 4462 1629 4509 tunc
1657 4466 1942 4522 possumus

365 4512 536 4628 ipsius
556 4564 780 4626 peccata
806 4512 863 4608 in
893 4512 1127 4607 medium
1153 4512 1420 4604 adducere
1447 4553 1503 4601 et
1519 4543 1795 4615 publicare
1821 4541 1943 4596 abs-
1967 4512 2019 4571 D

365 4665 473 4719 que
497 4649 854 4705 detractione.
893 4645 961 4700 Et
987 4659 1224 4708 rursum,
1251 4642 1296 4696 si
1337 4640 1551 4712 quando
1594 4651 1819 4693 necesse
1859 4643 1944 4691 est

367 4739 666 4810 przevenire
691 4746 746 4793 et
773 4751 1117 4793 commonere
1147 4734 1402 4802 aliquem,
1436 4745 1505 4785 ne
1534 4729 1672 4784 forte
1704 4730 1944 4783 incurrat

367 4832 422 4884 in
445 4829 722 4885 consortio
742 4827 825 4881 vel
860 4827 1118 4882 societate
1141 4823 1366 4894 alicujus
1383 4813 1512 4876 mali
1537 4819 1788 4884 hominis,
1817 4826 1945 4872 tunc

365 4921 531 4974 etiam
559 4932 846 4988 possumus
875 4916 994 4970 sine
1027 4911 1360 4969 detractione
1389 4909 1530 4965 illius
1567 4914 1789 4977 peccata
1829 4919 1946 4960 ma-

367 5008 644 5068 nifestare.
678 5005 832 5074 Quod
859 5013 915 5060 et
938 5005 1112 5074 ipsum
1138 5001 1456 5072 Apostolum
1501 4997 1694 5052 fecisse
1731 4996 1944 5050 iuveni-

370 5115 510 5164 tnus,
552 5099 681 5154 dum
704 5097 838 5154 dicit
864 5097 931 5150 ad
964 5095 1304 5150 Timotheum
1333 5105 1350 5146 :
1391 5089 1685 5146 Alexander
1725 5085 1946 5140 aerarius

367 5187 534 5241 multa
580 5187 724 5240 mala
766 5187 892 5241 mihi
937 5185 1181 5249 ostendit,
1215 5198 1368 5254 quem
1398 5189 1455 5234 tu
1493 5195 1694 5250 quoque
1733 5177 1945 5232 devita:

370 5277 520 5331 valde
557 5277 695 5330 enim
726 5276 908 5330 restiit
937 5273 1260 5329 sermonibus
1293 5270 1441 5324 meis.
1485 5268 1680 5322 Reddet
1705 5265 1785 5320 illi
1809 5265 1948 5320 Deus

367 5366 657 5420 secundum
687 5379 843 5435 apera
876 5380 974 5417 sua
1014 5360 1158 5416 mala
1188 5359 1271 5432 (II
1303 5357 1437 5412 Tim.
1474 5372 1549 5420 tv,
1593 5353 1704 5425 14).
1749 5353 1950 5408 Prteter

372 5456 680 5526 huiusmodi
725 5463 907 5510 autem
947 5453 1296 5508 necessitates
1329 5450 1635 5520 quicunque
1679 5445 1815 5500 dixit
1854 5443 1952 5497 ali-

370 5549 501 5616 quid
530 5548 788 5602 adversus
824 5546 1008 5610 alium,
1055 5555 1116 5599 ut
1156 5542 1240 5599 vel
1280 5542 1502 5612 deroget
1541 5538 1610 5600 ei,
1642 5536 1727 5591 vel
1769 5535 1950 5590 obtre-

370 5645 500 5701 ctet,
528 5637 656 5692 illud
680 5646 784 5702 est,
814 5638 1116 5701 detrahere,
1139 5633 1353 5691 etiamsi
1373 5632 1658 5689 videantur
1678 5643 1804 5682 vera
1830 5641 1950 5683 esse

369 5743 438 5780 ea
465 5744 594 5799 quae~
613 5729 764 5783 dicit.

2034 3299 2198 3354 quam
2233 3283 2477 3338 diceret:
2511 3282 2618 3338 Per
2657 3282 2936 3351 infamiam
2979 3290 3026 3336 et
3075 3281 3259 3336 bonam
3281 3283 3511 3351 famam;
3549 3290 3605 3334 ut

2034 3380 2352 3441 seductores,
2382 3384 2430 3429 et
2471 3390 2675 3430 veraces
2721 3372 2807 3445 (ΙΙ
2848 3371 2969 3428 Cor.
3018 3387 3092 3438 Vt,
3137 3372 3213 3434 8).
3252 3370 3358 3426 Sed
3379 3372 3508 3441 quid
3540 3372 3607 3425 de

2037 3466 2394 3535 Rcdemptore
2425 3474 2609 3520 nostro
2647 3463 2874 3534 agimus,
2905 3462 2994 3532 qui
3019 3477 3048 3515 a
3070 3461 3270 3516 ludatis
3309 3461 3603 3515 daemonia-

2037 3573 2155 3622 cus,
2178 3565 2233 3612 et
2255 3556 2623 3625 blasphemus,
2666 3560 2826 3621 atque
2867 3557 3180 3622 persecutor
3217 3558 3442 3605 vocatus
3485 3551 3609 3604 est?

2036 3648 2236 3703 Beatus
2257 3660 2468 3715 quoque
2491 3643 2800 3712 Arnulphus
2823 3656 2944 3697 cum
2992 3648 3136 3696 esset
3161 3641 3464 3710 episcopus,
3488 3656 3612 3710 pos-

2037 3745 2123 3792 tea
2155 3735 2427 3792 solitarius
2474 3733 2667 3799 factus,
2713 3731 3072 3787 detractiones
3105 3745 3394 3802 pravorum
3439 3731 3614 3786 homi—

2038 3840 2164 3880 num
2196 3823 2572 3895 {equanimiter
2599 3821 2864 3876 toleravit.
2890 3819 3042 3876 Unde
3069 3821 3123 3874 in
3151 3828 3301 3890 gesta
3333 3820 3503 3889 ipsius
3535 3819 3609 3873 ita

2039 3917 2270 3988 legitur:
2300 3914 2527 3982 Quidam
2558 3927 2787 3981 namque
2800 3912 2980 3976 homo,
3009 3910 3226 3965 nomine
3247 3909 3453 3973 Noddo,
3487 3924 3612 3964 cum

2039 4004 2388 4076 complicibus
2439 4002 2551 4058 suis
2603 4002 2780 4057 eidem
2839 4001 2996 4057 beato
3035 3999 3312 4068 Arnulpbo
3350 3999 3612 4070 derogare

2038 4112 2205 4152 ausus
2236 4105 2338 4152 est.
2374 4094 2598 4150 Dicebat
2642 4100 2822 4147 autem
2864 4091 3010 4146 illum
3053 4105 3161 4144 non
3207 4104 3328 4146 esse
3354 4089 3615 4146 cultorem

2040 4190 2160 4256 Dei,
2195 4189 2289 4245 sed
2329 4188 2508 4258 potius
2555 4185 2827 4242 hominem
2874 4183 3135 4253 voluptati
3167 4183 3428 4238 deditum.
3453 4181 3616 4239 Cum-

2042 4296 2147 4352 que
2172 4281 2314 4336 idem
2341 4280 2614 4334 detractor
2637 4283 2865 4331 stratum
2895 4289 3000 4329 una
3029 4289 3152 4327 cum
3183 4273 3502 4328 detrahente
3529 4286 3616 4327 so-

2043 4372 2129 4427 cio
2152 4370 2413 4442 petiisset,
2437 4366 2660 4436 iubente
2690 4365 2819 4430 Deo,
2844 4362 3025 4418 omnia
3051 4360 3377 4416 vestimenta
3399 4361 3614 4414 illorum

2044 4459 2258 4514 ﬂamma
2288 4456 2628 4513 circumdans
2659 4453 2894 4509 vallavit.
2915 4449 3062 4506 Illico
3079 4449 3392 4505 exsilientes
3420 4463 3615 4518 aquam

2044 4551 2360 4622 urgentibus
2409 4547 2630 4604 vocibus
2684 4545 3066 4616 deposcebant,
3096 4541 3190 4598 sed
3238 4555 3376 4611 aqua
3422 4539 3617 4608 injecta

2044 4643 2316 4698 ﬂammam
2339 4640 2598 4695 divinitus
2620 4639 2838 4693 missam
2869 4653 2976 4692 non
3005 4635 3401 4706 exstinguebat.
3443 4631 3618 4687 Arde-

2044 4736 2175 4789 bant
2220 4741 2398 4787 autem
2425 4731 2673 4800 nequiter
2699 4731 2844 4784 circa
2872 4738 3028 4784 nates
3062 4729 3149 4783 vel
3199 4726 3452 4799 genitalia
3500 4725 3617 4780 loca

2045 4825 2282 4881 camisia:
2343 4823 2580 4888 illorum,
2633 4838 2735 4878 nec
2795 4838 2826 4876 a
2883 4837 2942 4878 se
3002 4821 3246 4877 ardentia
3295 4821 3618 4876 vestimenta

2046 4932 2245 4972 exuere
2288 4915 2667 4986 prazvalebant.
2697 4914 2837 4981 Quid
2877 4913 3069 4983 plura?
3095 4913 3231 4980 Quia
3254 4912 3397 4968 aliud
3440 4911 3620 4968 facere

2050 5025 2158 5064 non
2187 5016 2459 5080 poterant,
2487 5005 2740 5061 exsiliunt
2769 5005 2934 5071 foras,
2963 5014 3017 5061 et
3039 5006 3104 5060 ad
3130 5007 3302 5061 instar
3331 5021 3618 5076 porcorum

2053 5101 2105 5154 in
2147 5099 2427 5154 volutabro
2465 5097 2562 5152 luti
2602 5111 2720 5152 sese
2764 5095 3123 5151 vociferantes
3169 5096 3492 5151 involvunt:
3527 5097 3620 5151 sed

2053 5191 2225 5261 magis
2250 5205 2313 5244 ac
2339 5189 2512 5258 magis
2562 5187 2813 5257 genitalia
2869 5186 3106 5254 ipsorum
3161 5187 3300 5257 ignis
3348 5187 3622 5242 immissus

2053 5279 2346 5332 cremabat.
2375 5277 2527 5330 Tune
2551 5276 2767 5345 quippe,
2793 5283 2850 5329 ut
2875 5290 3018 5341 reor,
3047 5275 3326 5346 impletum
3349 5285 3432 5331 est
3459 5291 3623 5346 super

2054 5371 2172 5426 illos
2189 5370 2331 5439 quod
2358 5369 2617 5437 scriptum
2647 5377 2731 5422 est
2747 5385 2759 5421 :
2778 5367 3144 5422 Detrahentem
3167 5366 3363 5422 occulte
3383 5369 3621 5438 proximo

2051 5480 2168 5526 suo,
2222 5462 2360 5515 hunc
2416 5459 2758 5529 persequebar
2809 5457 2983 5527 (Psal.
3012 5458 3161 5529 c,5).
3194 5457 3393 5528 Sicque
3439 5458 3625 5514 divina

2051 5567 2278 5608 censura
2307 5551 2528 5622 jubente
2549 5558 2728 5604 actum
2749 5547 2870 5615 fuit,
2891 5555 2952 5604 ut
2980 5549 3046 5604 de
3072 5551 3267 5619 quibus
3290 5551 3467 5604 virum
3497 5564 3623 5605 san-

2051 5652 2194 5697 ctum
2246 5640 2604 5702 detraxerant,
2651 5638 2705 5693 in
2745 5639 2877 5708 ipsis
2916 5652 3132 5708 poenam
3184 5639 3467 5696 sentirent.
3507 5639 3624 5706 Ipse

2052 5747 2264 5802 quoque
2300 5739 2518 5785 sanctus
2561 5732 2842 5800 episeOpus
2886 5737 3048 5800 atque
3094 5731 3364 5787 solitarius
3397 5744 3497 5784 nec
3524 5742 3623 5799 pro
