3974 6192
349 363 466 417 ’655

1351 355 1406 409 S.
1453 353 1808 410 BENEDICTI
1846 351 2133 407 ABBA'I‘IS
2175 351 2583 408 ANIANENSIS

3517 357 3619 415 635

361 473 692 530 detractione
721 475 928 527 illorum
969 471 1065 525 fuit
1099 471 1320 532 tristior,
1351 486 1449 523 nec
1471 486 1566 538 pro
1593 469 1823 522 vindicta
1849 468 1929 522 di-
1961 473 2010 528 A
2037 467 2157 521 scit.
2196 468 2258 520 Et
2281 467 2415 520 dixit
2440 483 2602 520 senex
2636 485 2646 519 :
2681 467 2956 522 Neminem
3007 472 3239 524 amicum
3284 473 3450 528 habes
3478 476 3619 531 illic?

362 567 562 622 vinitus
602 565 740 618 facta
775 563 981 617 exstitit
1015 561 1215 625 laetior;
1270 560 1364 614 sed
1398 561 1596 628 potius,
1615 557 1770 626 juxta
1799 574 1935 626 prie-

360 671 575 729 ccptum
597 655 828 718 Domini,
857 670 949 708 eos
967 654 1174 715 dilexit,
1200 661 1361 722 atque
1383 668 1479 722 pro
1500 653 1580 706 eis
1606 651 1801 706 oravit.
1834 650 1931 706 Ubi

359 765 455 803 nos
481 747 684 817 pariter
708 744 963 799 docemur
991 759 1098 797 non
1122 743 1431 796 contristari
1455 757 1551 811 pro
1579 742 1932 804 detractione,

358 841 451 894 sed
479 839 647 909 magis
669 837 902 906 gaudere
926 835 992 890 de
1015 835 1376 898 contumeliis,
1403 834 1810 888 reminiscentes
1834 834 1935 887 hoc

356 933 497 1000 quod
519 931 777 998 scriptum
811 936 932 983 est:
967 925 1101 992 Quia
1144 927 1287 979 ibant
1329 924 1551 996 apostoli
1586 925 1867 994 gaudentes
1903 941 1935 978 a

355 1032 627 1093 conspectu
659 1019 886 1082 concilii,
917 1017 1162 1087 quoniam
1186 1016 1330 1085 digni
1357 1016 1520 1068 habiti
1548 1025 1669 1069 sunt
1721 1031 1814 1084 pro
1838 1031 1934 1067 no-

357 1115 493 1167 mine
513 1111 643 1165 Jesu
670 1107 1038 1163 contumeliam
1085 1107 1194 1175 pati
1240 1104 1377 1175 (Act.
1406 1121 1458 1169 v,
1489 1105 1602 1176 41).
1633 1105 1692 1160 Si
1721 1107 1794 1160 illi
1826 1121 1934 1160 non

355 1199 814 1254 contristabantur
842 1196 907 1250 de
931 1193 1270 1249 contumeliis
1305 1201 1359 1247 et
1398 1193 1735 1258 verberibus,
1762 1208 1936 1262 neque

359 1305 452 1344 nos
470 1287 781 1344 contristari
809 1285 1066 1340 debemus
1105 1285 1170 1338 de
1192 1283 1372 1337 verbis
1398 1291 1559 1352 atque
1590 1283 1934 1337 detractioni-

356 1384 474 1436 bus.
496 1380 633 1447 Quid
654 1393 784 1448 ergo
809 1376 953 1430 aliud
982 1374 1188 1428 faciunt
1213 1374 1580 1436 detrahentes,
1609 1372 1712 1426 nisi
1740 1373 1794 1426 in
1819 1373 1936 1441 pul-

356 1489 534 1527 verem
555 1470 788 1534 sufﬂant,
817 1477 978 1537 atque
997 1469 1049 1522 in
1077 1465 1263 1520 oculos
1284 1482 1411 1520 suos
1433 1475 1632 1520 terram
1661 1466 1938 1520 excitant?

359 1564 590 1621 Vocandi
615 1572 792 1616 tamen
823 1568 947 1613 sunt
992 1566 1046 1612 et
1093 1558 1363 1625 patienter
1402 1555 1731 1624 increpandi,
1776 1555 1932 1623 juxta

355 1661 678 1726 praeceptum
719 1649 949 1715 Domini,
1003 1650 1094 1719 qui
1144 1650 1324 1704 dixit:
1356 1647 1411 1703 Si
1462 1649 1746 1718 peccaverit
1797 1649 1850 1702 in
1887 1657 1936 1702 te

354 1752 516 1816 frater
540 1756 682 1809 tuus,
710 1746 920 1814 increpa
945 1741 1114 1795 illum.
1142 1741 1207 1794 Et
1256 1743 1301 1794 si
1328 1741 1538 1803 dixerit,
1574 1739 1791 1793 Paenitet
1829 1756 1928 1802 me,

2039 557 2105 609 Et
2134 557 2408 623 respondit
2433 573 2443 607 :
2474 555 2650 609 Unum
2678 559 3047 612 tantummodo
3081 558 3306 616 fratrem
3333 563 3502 619 habeo
3526 546 3644 631 ibi,‘

2037 647 2123 700 vel
2158 648 2271 715 ipse
2303 646 2446 701 solus
2483 645 2614 700 mihi
2645 648 2967 715 acquiescit;
3001 658 3054 701 et
3099 652 3315 718 quando
3339 669 3431 708 me
3457 657 3623 719 videt,

2038 739 2369 792 convertitur
2395 738 2541 791 velut
2564 746 2773 791 ventus.
2811 738 2986 793 Senex
3038 756 3164 796 vero
3189 742 3326 797 dixit
3361 745 3452 798 ei:
3477 747 3622 812 Quo-

2036 830 2198 884 modo
2244 839 2470 883 vocatur
2505 828 2674 882 frater
2715 829 2838 884 ille?
2889 830 3187 900 Respondit
3218 852 3230 887 :
3261 835 3621 893 Theoctistus.

2037 920 2104 974 Et
2133 936 2256 974 cum
2283 921 2399 975 haec
2420 921 2661 983 dixisset,
2694 921 2928 974 transiit.
2973 921 3211 993 Surgens
3248 933 3428 979 autem
3459 928 3627 983 abbas

2038 1008 2306 1064 Macarius
2351 1011 2591 1078 perrexit
2645 1011 2712 1065 ad
2748 1010 2964 1066 fratres.
3009 1012 3111 1078 Qui
3159 1030 3282 1069 cum
3326 1018 3621 1083 audissent,

2036 1113 2362 1172 acceperunt
2404 1119 2582 1158 ramos
2605 1103 2912 1173 palmarum
2962 1113 3016 1158 et
3057 1119 3413 1163 occurrerunt
3441 1112 3491 1164 ei
3531 1114 3624 1166 ob-

2035 1195 2210 1259 viam;
2244 1203 2298 1248 et
2321 1197 2588 1264 parabant
2613 1196 2808 1265 singuli
2842 1211 3029 1250 eorum
3058 1198 3218 1253 cellas
3257 1215 3401 1266 suas,
3433 1202 3622 1257 incerti

2036 1286 2174 1354 apud
2203 1301 2362 1353 quem
2395 1285 2712 1340 declinaret.
2745 1285 2918 1339 Senex
2947 1295 3128 1341 autem
3157 1288 3465 1358 inquirebat
3502 1294 3625 1361 quis

2037 1373 2176 1427 inter
2207 1387 2302 1428 eos
2329 1375 2674 1429 Theoctistus
2712 1375 3034 1440 vocabatur;
3067 1385 3120 1430 et
3163 1378 3442 1434 inveniens
3475 1396 3622 1442 eum.

2036 1465 2258 1518 intravit
2304 1466 2356 1518 in
2405 1467 2592 1522 cellam
2641 1468 2777 1537 ejus.
2821 1469 3164 1525 Theoctistus
3206 1487 3338 1542 ergo
3387 1477 3626 1543 suscepit

2035 1573 2156 1611 cum
2186 1557 2444 1625 gaudens.
2489 1558 2623 1612 Cum
2662 1568 2842 1613 autem
2886 1562 3178 1630 cmpissent
3209 1573 3419 1618 secrete
3449 1565 3618 1634 loqui,

2035 1649 2170 1704 dixit
2197 1649 2246 1703 ei
2270 1665 2435 1704 senex
2468 1668 2479 1702 :
2513 1651 2790 1716 Quomodo
2824 1652 2966 1706 circa
3008 1663 3060 1708 te
3104 1663 3186 1709 est
3217 1654 3417 1710 frater?
3441 1658 3508 1710 Et
3539 1657 3623 1711 ille

2036 1739 2169 1793 dixit
2203 1754 2216 1791 :
2247 1738 2594 1794 Orationibus
2623 1741 2731 1794 tuis
2767 1740 3166 1811 adjuvantibus,
3192 1745 3349 1800 bene.
3376 1745 3444 1798 Et
3483 1746 3622 1800 dixit

353 1839 556 1892 dimitte
586 1836 667 1890 illi
693 1849 710 1886 :
733 1845 779 1888 et
803 1835 846 1887 si
877 1833 1060 1902 septies
1082 1834 1137 1885 in
1162 1832 1246 1884 die
1275 1831 1555 1901 peccaverit
1577 1831 1630 1883 in
1654 1840 1722 1894 te,
1750 1839 1798 1883 et
1819 1846 1934 1899 sep-
1962 1821 2008 1879 B
2036 1842 2200 1881 senex
2226 1846 2238 1880 ;
2262 1827 2377 1882 Non
2408 1829 2725 1898 impugnant
2747 1838 2800 1883 te
2829 1831 3187 1899 cogitationes
3210 1834 3351 1886 tute?
3381 1834 3623 1905 Respon-

352 1931 447 1982 lies
473 1928 685 1990 dixerit,
719 1923 940 1979 Paenitet
978 1939 1076 1986 me,
1109 1923 1310 1975 dimitte
1344 1921 1422 1975 illi
1472 1921 1623 1992 (Luc.
1670 1937 1805 1986 xvu,
1851 1922 1926 1991 5).

355 2017 606 2088 Quisquis
671 2017 836 2085 igitur
902 2014 1004 2067 hoc
1067 2011 1273 2075 fecerit,
1336 2019 1391 2065 et
1465 1999 1700 2079 seipsnm
1759 2009 1931 2065 salva-

354 2107 450 2170 bit,
475 2115 528 2161 et
557 2105 928 2160 detrahentem
955 2100 1260 2171 proximum
1288 2100 1352 2154 de
1376 2099 1583 2170 peccati
1620 2098 1773 2155 fovea
1795 2098 1929 2154 libe-

356 2199 518 2253 rabit.

923 2285 1148 2342 CAPUT
1182 2285 1359 2339 LXIV.

519 2380 592 2434 De
626 2379 1025 2449 cogitationibus
1047 2388 1093 2431 et
1116 2377 1387 2430 diabolicis
1416 2375 1766 2429 illusionibus.

425 2474 574 2529 Sicut
606 2471 749 2526 enim
781 2486 810 2523 a
847 2470 1003 2524 malis
1021 2469 1274 2538 operibus
1312 2476 1368 2522 et
1411 2467 1680 2536 perversis
1703 2465 1929 2520 locutio-

355 2565 515 2619 nihus
543 2569 754 2633 oportet
777 2561 1047 2616 solitarios
1073 2560 1366 2623 abstinere,
1400 2559 1474 2613 ita
1499 2559 1662 2613 etiam
1692 2573 1722 2611 a
1751 2558 1932 2627 pravis

351 2654 767 2727 cogitationibus
806 2653 1004 2707 debent
1053 2666 1110 2706 se
1164 2651 1328 2705 corda
1371 2649 1584 2704 illorum
1638 2649 1928 2704 custodire.

353 2745 506 2800 Unde
526 2745 718 2799 beatus
738 2741 1096 2812 Hieronymus
1110 2740 1362 2794 admonet
1388 2739 1570 2793 dicens
1596 2755 1611 2792 :
1642 2736 1762 2791 Non
1788 2739 1934 2792 sinas

351 2834 708 2904 cogitationes
729 2831 898 2885 malas
937 2831 1187 2885 invcorde
1227 2839 1319 2884 tuo
1349 2842 1615 2883 crescere.
1651 2827 1718 2880 Et
1753 2827 1879 2881 alibi
1916 2847 1928 2880 :

349 2925 524 2994 Caput
575 2911 918 2993 cogitationis
963 2922 1208 2985 exclude,
1248 2930 1303 2976 et
1353 2930 1549 2975 caetera
1587 2927 1928 2988 superantur.

352 3015 466 3069 Non
493 3016 638 3069 enim
663 3022 840 3082 potest
864 3013 1139 3081 corntmpi
1167 3028 1386 3081 corpus,
1416 3013 1521 3068 nisi
1573 3012 1722 3082 prius
1747 3027 1934 3065 corru-

351 3115 475 3173 ptus
499 3105 568 3159 sit
594 3105 837 3168 animus;
868 3111 925 3157 et
949 3103 1080 3156 nihil
1100 3112 1277 3172 potest
1299 3103 1482 3158 facere
1503 3119 1631 3159 caro
1655 3103 1759 3157 nisi
1789 3104 1931 3171 quod

2035 1921 2113 1974 dit
2150 1921 2343 1975 iterum
2370 1939 2382 1973 :
2414 1920 2560 1975 Bene
2581 1936 2699 1975 sum
2733 1939 2744 1974 :
2780 1923 3134 1976 erubescebat
3164 1925 3309 1978 enim
3334 1926 3520 1980 dicere
3549 1927 3618 1980 ei.

2033 2010 2101 2063 Et
2131 2011 2262 2065 dicit
2282 2012 2331 2064 ei
2354 2027 2518 2066 senex
2551 2027 2564 2065 :
2599 2013 2735 2067 Ecce
2762 2022 2893 2083 quot
2916 2029 3086 2068 annos
3112 2015 3286 2070 habeo
3315 2017 3370 2070 in
3392 2033 3622 2072 conver-

2033 2101 2240 2155 satione
2267 2101 2369 2156 loci
2401 2101 2574 2166 istius,
2606 2111 2662 2156 et
2685 2118 2874 2158 omnes
2913 2104 3180 2158 honorant
3206 2121 3309 2171 me,
3343 2116 3397 2160 et
3435 2117 3618 2164 tamen

2033 2190 2086 2244 in
2115 2191 2217 2245 hac
2237 2200 2514 2245 senectute
2541 2190 2767 2246 infestus
2789 2201 2871 2246 est
2895 2193 3028 2246 mihi
3057 2194 3277 2262 spiritus
3299 2195 3621 2252 fornicatio-

2032 2280 2137 2334 nis.
2168 2279 2234 2334 Et
2258 2281 2918 2351 reSponditheoctistus,
2958 2285 3142 2340 dicens
3183 2304 3196 2338 :
3235 2287 3425 2353 Crede,
3454 2289 3616 2355 abba,

2033 2373 2158 2441 quia
2191 2381 2245 2428 et
2289 2373 2441 2427 mihi.
2492 2373 2670 2428 Senex
2719 2385 2896 2430 autem
2947 2376 3235 2431 simulabat
3263 2379 3427 2433 etiam
3485 2381 3620 2436 alias

2032 2466 2390 2535 cogitationes
2420 2466 2522 2520 sibi
2571 2483 2690 2521 esse
2724 2468 2999 2534 molestas,
3029 2470 3203 2525 donec
3254 2471 3461 2527 faceret
3496 2490 3618 2528 eum

2033 2555 2296 2610 confiteri.
2345 2555 2546 2608 Deinde
2596 2556 2766 2610 dicit:
2806 2555 3087 2622 Quomodo
3126 2557 3374 2626 jejunas?
3410 2561 3476 2614 Et
3534 2561 3620 2615 ille

2032 2647 2203 2702 dixit:
2230 2646 2312 2700 Ad
2343 2662 2560 2700 nonam.
2603 2647 2749 2700 Dixit
2793 2647 2844 2700 ei
2883 2662 3048 2702 senex
3077 2665 3089 2702 :
3119 2647 3309 2718 Jejuna
3343 2665 3522 2719 usque
3556 2652 3620 2705 ad

2031 2751 2335 2807 vesperam,
2359 2745 2413 2789 et
2442 2737 2674 2799 abstine,
2710 2746 2763 2790 et
2816 2736 2933 2806 lege
2981 2738 3294 2808 Evangelia,
3325 2750 3385 2793 ut
3414 2756 3621 2795 memo-

2032 2833 2166 2886 riter
2188 2831 2438 2884 retineas.
2467 2827 2576 2882 Sed
2600 2838 2656 2882 et
2681 2829 2814 2883 alias
2853 2845 2921 2883 ex
2953 2831 3134 2884 animo
3182 2832 3441 2886 meditare
3475 2832 3622 2887 Scri-

2029 2932 2249 2990 pturas;
2283 2928 2338 2972 et
2389 2919 2433 2972 si
2487 2916 2580 2971 tibi
2625 2918 2932 2972 ascenderit
2984 2919 3238 2989 cogitatio
3283 2921 3446 2984 mala,
3482 2937 3623 2974 nun-

2031 3026 2192 3080 quam
2237 3009 2487 3064 deorsum
2528 3008 2792 3075 aspicias,
2849 3008 2942 3062 sed
3005 3024 3221 3078 semper
3265 3025 3511 3075 sursum,
3569 3020 3622 3064 et

2030 3098 2210 3152 statim
2239 3106 2288 3150 te
2315 3097 2573 3151 Dominus
2596 3093 2888 3162 adjuvabit.
2921 3097 2987 3150 Et
3010 3098 3285 3167 corrigens
3310 3111 3477 3152 senex
3518 3098 3622 3152 fra-

352 3193 582 3248 volucrit
611 3193 854 3246 animus.
874 3192 1078 3246 Idcirco
1107 3193 1301 3246 munda
1340 3194 1488 3261 prius
1522 3209 1553 3246 a
1582 3194 1765 3262 pravis
1787 3194 1932 3262 cogi-
1957 3172 2002 3234 Ο
2035 3200 2172 3246 trem
2194 3190 2367 3255 illum,
2392 3204 2646 3244 reversus
2667 3198 2747 3243 est
2773 3189 2827 3243 in
2855 3191 3196 3245 solitudinem
3211 3208 3383 3246 suam.
3409 3194 3475 3246 Et
3500 3210 3618 3249 cum

357 3281 930 3344 uitionibusanimum,
954 3293 1006 3334 et
1035 3297 1161 3336 caro
1183 3298 1287 3336 non
1309 3283 1553 3351 peccabit
1579 3283 1634 3336 in
1650 3292 1931 3338 aeternum.

351 3375 516 3429 Bonae
537 3382 726 3429 autem.
747 3373 1097 3443 cogitationes
1129 3387 1343 3442 semper
1386 3390 1416 3427 a
1449 3375 1558 3429 Deo
1614 3374 1932 3446 procedunt,

354 3464 509 3519 make
559 3464 918 3536 cogitationes
964 3476 1093 3517 vero
1132 3463 1416 3531 aliquoties
1460 3479 1490 3516 a
1535 3463 1935 3532 nobismetipsis

353 3555 594 3620 veniunt,
619 3562 676 3610 et
715 3553 999 3622 aliquoties
1051 3552 1310 3606 instinctu
1356 3553 1552 3607 diaboli
1605 3553 1931 3607 excitantur.

352 3645 523 3701 Nemo
544 3645 688 3700 enim
712 3653 891 3714 potest
917 3661 947 3698 a
973 3643 1187 3697 diabolo
1214 3642 1412 3712 decipi,
1442 3643 1542 3696 nisi
1569 3642 1613 3696 is
1638 3643 1729 3712 qui
1751 3643 1801 3697 ei
1825 3659 1935 3697 sua:

355 3738 648 3793 voluntatis
673 3751 953 3792 assensum
995 3738 1233 3805 praebere
1285 3735 1531 3790 voluerit.
1566 3734 1622 3788 Si
1655 3735 1801 3788 enim
1857 3750 1937 3788 re-

354 3842 656 3897 pugnamus
684 3827 754 3891 ei,
782 3825 950 3895 fugiet
999 3842 1028 3878 a
1059 3826 1236 3880 nobis.
1285 3825 1436 3881 Unde
1476 3824 1667 3880 beatus
1703 3823 1936 3878 Jacobus

353 3918 628 3988 apostolus
655 3936 665 3971 :
695 3916 956 3983 Resistite,
986 3917 1183 3985 inquit,
1209 3915 1437 3979 diabolo,
1467 3925 1514 3970 et
1557 3915 1718 3986 fugiet
1742 3933 1772 3968 a
1797 3915 1934 3968 vobis

357 4006 499 4078 (Jac.
527 4024 604 4072 tv,
636 4006 709 4077 7).
743 4007 858 4072 Qua
901 4007 966 4061 de
1002 4022 1163 4061 causa
1208 4007 1280 4060 ita
1319 4007 1374 4060 in
1409 4005 1796 4061 Collationibus
1829 4004 1932 4058 Pa-

355 4109 498 4152 trum
518 4099 717 4168 legitur
746 4115 758 4149 :
787 4098 1028 4162 Quodam
1060 4107 1300 4166 tempore
1333 4099 1522 4153 beatus
1545 4098 1811 4152 Macarius
1837 4098 1933 4152 ha-

355 4187 562 4241 bitabat
592 4188 644 4240 in
682 4186 798 4240 loco
825 4187 1040 4240 deserto
1065 4187 1229 4250 solus,
1253 4196 1307 4240 et
1327 4198 1443 4241 erat
1483 4203 1648 4258 prope
1675 4188 1781 4242 alia
1808 4188 1934 4242 soli-

356 4279 484 4334 tudo
528 4279 580 4334 in
627 4294 731 4348 qua
784 4279 1099 4334 habitabant
1145 4279 1359 4348 plurimi
1416 4277 1633 4333 fratres.
1685 4279 1751 4332 Et
1801 4280 1936 4333 vidit

358 4384 523 4424 senex
575 4368 830 4425 Satanam
877 4370 1180 4425 venientem
1246 4370 1299 4422 in
1347 4369 1532 4424 habitu
1586 4369 1842 4434 hominis,
1879 4377 1938 4422 ut

2035 3282 2365 3345 observaret,
2390 3281 2525 3334 vidit
2551 3280 2748 3334 iterum
2774 3281 3071 3334 diemonem
3101 3281 3270 3347 illum,
3297 3291 3352 3336 et
3371 3283 3516 3338 dixit
3542 3285 3618 3338 ei:

2036 3373 2151 3438 Quo
2174 3371 2326 3424 vadis
2354 3370 2588 3424 iterum?
2611 3371 2680 3424 Et
2702 3370 2789 3424 ille
2813 3371 3123 3440 respondit:
3149 3373 3382 3426 Visitare
3395 3373 3620 3436 fratres,

2035 3474 2089 3518 et
2117 3462 2267 3516 abiit.
2312 3463 2449 3515 Dum
2500 3471 2679 3515 autem
2716 3470 3098 3527 reverteretur,
3129 3462 3268 3517 dixit
3315 3464 3364 3517 ei
3411 3478 3616 3518 senex:

2035 3551 2312 3618 Quomodo
2352 3559 2475 3604 sunt
2525 3549 2722 3604 fratres
2747 3550 2856 3603 illi?
2891 3550 2955 3604 Et
2987 3552 3261 3620 respondit
3288 3565 3302 3604 :
3335 3551 3499 3606 Male.
3529 3555 3621 3608 Se-

2034 3655 2138 3694 nex
2170 3649 2350 3695 autem
2383 3640 2632 3706 :Quare?
2664 3641 2730 3695 Et
2759 3640 2847 3694 ille
2872 3642 3147 3711 respondit
3178 3640 3348 3708 :Quia
3373 3643 3474 3696 toti
3502 3660 3622 3697 san-

2035 3731 2108 3784 cti
2128 3739 2252 3784 sunt
2285 3738 2378 3786 :et
2408 3731 2578 3800 magis
2613 3730 2835 3795 malum,
2868 3731 2992 3800 quia
3037 3746 3202 3784 unum
3246 3746 3404 3800 quem
3453 3733 3618 3786 habui

2035 3823 2267 3878 amicum
2289 3833 2342 3878 et
2364 3824 2724 3890 obedientem,
2749 3825 2880 3877 mihi
2897 3825 3057 3878 etiam
3084 3825 3220 3892 ipse,
3247 3825 3430 3879 nescio
3456 3827 3618 3891 unde,

2035 3915 2326 3970 subversus
2370 3925 2456 3971 est
2483 3933 2496 3968 :
2526 3931 2628 3970 nec
2675 3916 2791 3985 ipse
2845 3917 2976 3970 mihi
3028 3907 3142 3984 jam
3183 3919 3504 3985 acquiescit,
3528 3919 3620 3972 sed

2033 4009 2286 4063 omnibus
2309 4009 2550 4064 sanctior
2580 4007 2756 4064 factus
2776 4018 2878 4074 est,
2908 4017 2964 4063 et
3011 4019 3296 4079 propterea
3327 4009 3512 4077 juravi
3540 4026 3621 4064 me

2026 4096 2139 4166 jam
2164 4101 2269 4152 non
2293 4098 2503 4152 calcare
2543 4099 2610 4154 ad
2656 4099 2806 4153 illum
2854 4099 3052 4165 locum,
3088 4100 3189 4154 nisi
3233 4108 3356 4169 post
3401 4101 3622 4170 longum

2039 4202 2264 4264 tempus.
2327 4194 2452 4248 Haec
2495 4195 2682 4248 dicens
2747 4195 2984 4258 transiit,
3031 4195 3340 4264 relinquens
3410 4207 3617 4246 senem.

2037 4283 2267 4338 Sanctus
2297 4298 2426 4336 vero
2449 4298 2612 4338 senex
2637 4285 2858 4338 intravit
2901 4285 3092 4339 cellam
3123 4299 3274 4339 suam
3304 4284 3543 4336 adorans
3567 4295 3623 4334 et

2036 4375 2240 4446 gratias
2271 4390 2436 4444 agens
2459 4375 2586 4429 Deo.
2623 4374 2720 4430 llic
2751 4377 2910 4430 datur
2956 4376 3176 4445 intelligi
3203 4375 3328 4443 quia
3362 4374 3467 4427 nisi
3501 4374 3620 4442 quis

357 4461 614 4518 transiret
636 4478 732 4533 per
758 4462 948 4517 cellam
976 4461 1111 4530 ejus.
1152 4462 1380 4516 Videbat
1416 4470 1598 4517 autem
1626 4478 1748 4517 eum
1780 4463 1931 4531 quasi
1959 4503 2012 4561 Β
2038 4466 2404 4520 voluntatibus
2419 4466 2615 4521 diaboli
2640 4483 2698 4522 se
2721 4477 2912 4536 sponte
2942 4469 3262 4530 subdiderit,
3295 4475 3619 4536 potestatem

355 4552 534 4608 tunica
564 4554 642 4608 uti
663 4553 815 4608 linea
833 4553 1060 4608 omnino
1085 4562 1316 4618 vetusta,
1349 4562 1405 4606 et
1448 4569 1544 4623 per
1578 4554 1759 4607 omnia
1792 4553 1933 4608 fora-

356 4643 500 4697 mina
529 4642 644 4712 ejus
680 4642 985 4711 pendebant
1041 4641 1304 4711 ampullas.
1349 4643 1418 4696 Et
1442 4643 1578 4696 dixit
1617 4645 1668 4698 ei
1721 4659 1883 4698 senex
1915 4662 1928 4698 :

355 4732 474 4799 Quo
492 4732 678 4787 vadis?
701 4731 768 4786 Et
805 4731 896 4786 ille
948 4732 1226 4800 respondit
1261 4749 1273 4785 :
1309 4733 1457 4787 Vade
1510 4747 1933 4788 commemorare

356 4823 568 4878 fratres.
605 4821 784 4878 Senex
812 4829 991 4876 autem
1018 4822 1156 4876 dixit
1189 4841 1201 4876 :
1243 4823 1311 4877 Et
1336 4824 1520 4893 utquid
1546 4825 1640 4879 tibi
1670 4825 1932 4892 ampullas

357 4916 520 4970 istas?
550 4915 615 4969 Et
657 4915 792 4970 dixit
833 4932 847 4970 :
901 4913 1127 4970 Gustum
1180 4914 1438 4970 fratribus
1490 4926 1664 4987 porto.
1700 4918 1842 4972 Dixit
1884 4919 1933 4971 ei

359 5020 519 5061 senex
549 5025 561 5060 :
592 5007 756 5062 Totas
783 5007 1060 5062 istascum
1089 5016 1253 5077 gustu
1275 5009 1496 5076 portas?
1521 5009 1586 5062 Et
1611 5010 1888 5076 respondit
1918 5029 1929 5062 :

358 5099 567 5164 Etiam;
598 5107 658 5154 ut
682 5100 727 5155 si
750 5116 917 5155 unum
939 5100 1099 5155 alicui
1143 5115 1248 5154 non
1281 5099 1477 5169 placet,
1509 5099 1730 5154 offeram
1759 5099 1932 5164 aliud;

355 5189 404 5244 si
429 5197 609 5246 autem
635 5189 900 5255 nccillud,
927 5191 1064 5245 dabo
1094 5190 1336 5255 tertium,
1362 5198 1417 5244 et
1447 5190 1517 5243 ita
1541 5205 1640 5259 per
1665 5189 1931 5255 ordinem,

353 5287 418 5334 ut
438 5281 658 5336 omnino
693 5279 776 5335 vel
810 5295 976 5334 unum
1022 5295 1090 5334 ex
1125 5279 1206 5334 eis
1235 5280 1447 5350 placeat
1473 5278 1543 5331 ei.
1576 5277 1643 5332 Et
1675 5293 1796 5332 cum
1822 5280 1936 5333 lucc

357 5369 607 5436 dixisset,
658 5371 891 5425 transiit.
925 5371 993 5425 Et
1039 5371 1362 5425 observabat
1398 5385 1586 5434 senex,
1628 5369 1936 5424 custodiens

357 5458 496 5522 vias,
529 5462 699 5514 donec
720 5460 809 5514 ille
828 5467 1111 5514 remearet.
1134 5458 1351 5514 Etcum
1375 5459 1582 5514 videret
1601 5473 1720 5513 eum
1752 5474 1934 5522 senex,

361 5547 495 5602 dixit
528 5549 579 5602 ei
615 5567 628 5602 :
663 5548 838 5604 Sanus
862 5549 954 5604 sis.
986 5549 1055 5603 Et
1081 5549 1360 5624 respondit
1388 5567 1399 5602 :
1439 5549 1539 5605 Ubi
1586 5549 1716 5604 mihi
1757 5549 1939 5604 salus?

357 5636 430 5692 Et
465 5636 604 5690 dixit
648 5651 814 5696 senex
853 5656 868 5691 :
908 5635 1120 5704 Quare?
1163 5638 1230 5692 Et
1278 5639 1591 5710 respondit?
1638 5637 1935 5706 Quiamihi

359 5729 524 5788 modo
547 5742 734 5785 omnes
761 5726 1082 5798 sanlctilicati
1111 5739 1254 5796 sunt,
1283 5741 1336 5785 et
1373 5745 1530 5785 nemo
1558 5731 1690 5786 mihi
1721 5732 1938 5801 acquie-

2039 4556 2296 4610 adversus
2330 4556 2599 4610 hominem
2625 4573 2730 4611 non
2775 4557 2952 4613 habet.
2983 4558 3049 4612 Et
3090 4559 3229 4612 sicut
3257 4557 3510 4626 superius
3530 4573 3621 4626 pa-

2039 4643 2298 4700 tefactum
2329 4653 2434 4708 est,
2477 4645 2648 4700 nescit
2684 4645 2914 4700 Satanas
2940 4663 2971 4699 a
3005 4661 3109 4714 qua
3139 4645 3389 4715 passione
3434 4645 3614 4698 anima

2039 4735 2326 4789 seducatur
2363 4752 2375 4786 :
2408 4742 2464 4789 et
2497 4735 2618 4788 ideo
2673 4736 2905 4789 seminat
2947 4736 3162 4804 quidem
3207 4735 3261 4787 in
3295 4749 3357 4787 ea
3408 4733 3617 4787 zizania

2039 4842 2156 4890 sua,
2203 4825 2490 4895 aliquando
2537 4826 2741 4896 spargit
2789 4827 2993 4881 semina
3035 4826 3474 4889 fornicationum,
3524 4824 3621 4878 ali-

2039 4916 2252 4984 quando
2286 4917 2678 4972 detractionum
2700 4925 2754 4971 et
2781 4925 3097 4972 caaterorum
3136 4919 3421 4980 vitiorum,
3469 4918 3618 4971 simi—

2041 5005 2164 5058 liter
2190 5005 2490 5073 passiones,
2519 5016 2571 5059 et
2600 5006 2652 5059 in
2684 5021 2788 5074 qua
2821 5007 3072 5074 passione
3096 5006 3240 5060 videt
3260 5006 3503 5070 animum
3530 5006 3610 5058 de-

2040 5095 2265 5157 clinare,
2297 5095 2437 5148 hanc
2455 5096 2505 5148 ei
2527 5097 2921 5150 subministrat.
2965 5096 3106 5150 Nihil
3149 5097 3294 5151 enim
3340 5097 3421 5150 sic
3463 5105 3615 5150 exue-

2040 5185 2153 5240 tliat
2177 5185 2496 5250 daemonem,
2526 5189 2794 5254 quomodo
2815 5188 2859 5241 si
2883 5187 3193 5243 revelentur
3217 5187 3619 5241 stimulationcs

2042 5273 2158 5341 cjus
2188 5294 2200 5328 :
2227 5284 2281 5330 et
2301 5275 2433 5330 nihil
2462 5290 2584 5330 eum
2614 5277 2693 5332 sic
2733 5277 2988 5341 laetiﬁcat,
3013 5278 3284 5347 quomodo
3311 5279 3356 5331 si
3387 5276 3608 5332 abscon-

2045 5367 2238 5419 dantur
2260 5366 2613 5434 cogitationes
2641 5366 2778 5434 ejus.
2801 5367 2936 5434 Quia
2975 5383 3102 5436 ergo
3131 5368 3392 5421 Dominus
3436 5374 3615 5420 noster

2038 5456 2196 5510 Jesus
2220 5457 2468 5512 Christus
2499 5457 2645 5512 dedit
2684 5459 2838 5512 nobis
2894 5467 3218 5527 potestatem
3265 5457 3614 5512 calcandisu-

2039 5564 2135 5618 per
2163 5560 2440 5620 serpentes
2465 5559 2521 5606 et
2569 5551 2898 5619 scorpiones,
2933 5552 3036 5605 hoc
3062 5561 3165 5615 est,
3215 5549 3386 5603 malas
3411 5548 3613 5615 cogitn-

2035 5642 2234 5707 tiones,
2266 5644 2587 5700 mundemus
2612 5658 2708 5712 per
2735 5643 2994 5698 humilem
3029 5641 3424 5697 confessionem
3445 5645 3610 5693 conta

2042 5742 2245 5799 nostra,
2277 5742 2331 5788 et
2368 5735 2620 5804 parvulos
2668 5735 2934 5805 cogitatus
2963 5743 3177 5790 nostros
3229 5732 3509 5787 allidamus
3545 5725 3613 5780 ad
