3974 6192
405 345 506 400 657

1047 339 1272 395 CODEX
1316 339 1767 396 RECUARUM.
1811 369 1879 378 ——
1915 338 1951 391 P

2058 337 2094 390 S
2129 336 2187 389 ll.
2232 335 2532 390 ΙῖΕΟΙΪΙηΕ
2576 335 2676 389 ΡΡ.
2719 335 2991 391 ORIEN'I‘.

3553 339 3658 392 6ῢὸ

393 456 690 515 Christum,
718 460 986 520 quatenus
1018 450 1082 504 de
1123 451 1284 504 nobis
1311 451 1522 504 dicatur
1552 451 1657 523 hoc
1677 448 1818 518 quod
1845 449 1978 503 scri-
2004 452 2053 509 Α
2082 461 2272 501 versus
2313 446 2514 500 inimici
2561 448 2904 501 tentationes.
2944 445 3233 502 lnii'rmitas
3282 456 3450 503 totum
3500 459 3651 506 tuum

369 529 539 618 .ptum
563 552 650 599 est
681 561 694 596 :
723 542 918 598 Beatus
951 543 1040 614 qui
1065 544 1275 607 tenebit,
1309 552 1355 597 et
1384 541 1563 597 allidet
1589 541 1831 612 parvulos
1853 557 1975 594 suos

394 636 464 689 ad
498 644 697 704 petram
745 631 918 704 (Psal.
973 647 1196 696 cxxxvr,
1253 632 1328 700 6).
1376 632 1444 686 Ει
1497 647 1710 686 rursum
1763 650 1774 683 :
1824 629 1974 684 Beati

392 724 586 778 mundo
617 724 808 788 corde,
839 723 1086 794 quoniam
1126 724 1226 793 ipsi
1271 723 1433 776 Deum
1475 723 1713 777 videbunt
1756 721 1970 793 (Matth.

390 831 441 881 v,
471 814 558 885 8).

965 900 1192 958 CAPUT
1231 902 1388 956 LXV.

618 991 697 1048 De
721 993 936 1048 diversis
963 993 1335 1048 tentationibus
1361 992 1736 1046 solitariorum.

457 1067 640 1135 Multis
669 1097 798 1152 ergo
820 1081 1186 1138 calamitatum
1225 1081 1615 1135 tentationibus
1645 1090 1854 1136 mentes
1879 1098 1967 1136 so-

385 1169 689 1235 litariorum
719 1171 772 1225 in
825 1173 924 1227 hac
972 1171 1082 1225 vita
1131 1170 1434 1242 pulsantur,
1462 1171 1555 1224 sed
1587 1187 1692 1226 non
1738 1171 1968 1241 amplius

385 1269 560 1315 tentat
615 1276 714 1315 eos
757 1260 1001 1315 diabolus
1042 1277 1205 1330 quam
1238 1260 1331 1314 Dei
1384 1259 1631 1314 voluntas
1678 1260 1962 1330 permittit.

383 1353 667 1410 Tentando
684 1362 886 1419 autem,
910 1369 1096 1408 eorum
1112 1353 1386 1424 profectus
1405 1354 1612 1418 erudit;
1636 1353 1739 1407 etsi
1755 1352 1961 1417 nolens,

383 1451 563 1498 tamen
597 1459 783 1498 eorum
823 1442 1042 1496 utilitati
1091 1442 1338 1497 diabolus
1385 1443 1575 1506 servit,
1601 1441 1816 1512 quando
1845 1453 1962 1496 ten—

379 1534 678 1589 tationibus
707 1533 818 1588 suis
845 1548 950 1588 non
979 1532 1198 1601 decipit,
1236 1529 1329 1586 sed
1379 1531 1556 1602 potius
1586 1533 1792 1597 erudit;
1829 1531 1965 1586 inul-

379 1626 452 1679 tis
479 1625 624 1679 enim
671 1624 864 1689 modis,
925 1630 986 1676 ut
1033 1621 1288 1688 diximus,
1344 1633 1553 1676 mentes
1596 1621 1962 1677 solitariorum

377 1713 627 1768 diabolus
681 1721 876 1767 tentat.
923 1709 1118 1766 Tentat
1159 1719 1339 1766 autem
1393 1727 1486 1768 eos
1530 1710 1817 1780 aliquando
1866 1727 1963 1781 per

2081 552 2276 606 corpus
2301 538 2478 591 tenet?
2506 538 2599 591 sed
2649 538 2891 592 interiori
2933 538 3136 592 homini
3171 539 3374 594 sanitas
3435 544 3653 598 crescit.

2078 626 2219 680 Nihil
2243 627 2385 680 enim
2413 627 2557 681 aliud
2585 635 2676 681 est
2695 628 2958 696 tegritudo
2989 630 3232 698 corporis
3255 647 3418 700 quam
3452 635 3658 688 sanitas

2077 717 2298 771 mentis.
2324 716 2380 770 Si
2415 717 2702 771 infirmitas
2736 718 2830 772 tibi
2863 719 2986 773 talis
3034 718 3217 786 fuerit,
3243 730 3315 774 ut'
3346 739 3450 777 non
3481 726 3656 793 possis

2075 820 2222 866 stare
2249 811 2317 866 ad
2373 813 2637 867 orandum
2670 821 2723 867 et
2760 813 3113 882 psallendum,
3163 831 3269 868 non
3319 819 3656 875 contristeris

2073 915 2172 968 pro
2203 916 2286 964 eo,
2311 902 2436 970 quia
2466 903 2752 956 inﬁrmitas
2781 913 2904 957 orat
2931 919 3030 972 pro
3075 913 3148 960 te.
3186 905 3241 960 Si
3275 904 3516 974 jejunas,
3548 925 3652 964 non

2073 989 2168 1043 tibi
2198 990 2440 1044 invenias
2468 991 2837 1056 occasionem,
2863 994 3121 1048 dicendo:
3146 997 3271 1064 quia
3301 999 3654 1054 exacerbatus

2072 1077 2126 1131 in
2157 1079 2528 1148 :egritudinem
2560 1080 2836 1135 incurristi
2869 1099 2883 1135 :
2917 1084 3172 1151 quoniam
3195 1093 3249 1138 et
3268 1086 3359 1154 qui
3391 1102 3496 1140 non
3521 1086 3655 1156 jeju-

2071 1176 2220 1233 nant,
2274 1170 2478 1226 similes
2525 1171 2874 1242 aegritudines
2924 1173 3226 1228 incurrunt.
3254 1175 3523 1232 lnchoasti
3555 1179 3654 1233 ali-

2069 1263 2195 1331 quid
2220 1263 2382 1317 boni?
2404 1279 2512 1317 non
2536 1264 2809 1318 revoceris
2844 1280 2942 1334 per
2998 1265 3381 1334 impedimenta
3412 1269 3647 1333 inimici;

2068 1354 2321 1422 quoniam
2350 1353 2556 1423 jejunia
2610 1364 2665 1408 et
2711 1355 2922 1410 labores
2975 1356 3133 1410 nobis
3185 1358 3482 1410 constituta
3527 1370 3653 1413 sunt

2066 1451 2289 1514 propter
2320 1453 2505 1514 turpes
2529 1445 2934 1500 delectationes.
2961 1446 3084 1501 Hrec
3126 1449 3306 1502 omnia
3341 1450 3496 1504 nobis
3521 1466 3650 1519 pro-

2065 1532 2336 1588 ficiuntad
2367 1534 2692 1588 destruenda
2722 1537 2966 1604 corporis
2986 1536 3271 1592 desideria.
3307 1538 3525 1593 Tentari
3556 1556 3651 1592 au-

2064 1631 2172 1680 tem
2194 1633 2404 1695 oportet
2428 1625 2656 1694 justum,
2677 1629 2770 1682 sed
2801 1630 3095 1683 tentatione
3123 1630 3308 1700 plagae,
3345 1647 3450 1685 non
3479 1642 3650 1687 tenta-

2063 1715 2210 1770 tione
2243 1715 2487 1769 luxuriae.
2544 1715 2886 1786 Quapropter
2922 1717 3096 1772 discat
3135 1734 3244 1772 non
3283 1735 3648 1787 murmurare,

377 1803 629 1858 stimulos
670 1803 1004 1874 paupertatis
1035 1821 1046 1855 :
1081 1818 1205 1856 nam
1241 1818 1364 1857 cum
1400 1818 1496 1871 per
1534 1802 1779 1856 stimulos
1824 1818 1958 1872 pau-
1986 1795 2033 1852 B
2060 1804 2152 1872 qui
2181 1803 2321 1857 mala
2353 1804 2576 1873 patitur,
2604 1805 2816 1859 etiamsi
2850 1806 3063 1872 ignorat
3101 1823 3198 1861 cur
3240 1809 3380 1863 mala
3425 1811 3647 1878 patitur.

377 1896 606 1966 pertatis
629 1911 733 1949 non
762 1901 939 1964 potest
975 1909 1069 1948 eos
1113 1908 1352 1958 movere,
1381 1892 1594 1946 divitias
1635 1892 1854 1946 adhibet
1891 1893 1960 1946 ad

374 1987 762 2044 seducendum.
793 1986 858 2039 Et
888 1986 1013 2039 dum
1055 2001 1151 2056 per
1180 1985 1532 2039 contumelias
1575 1992 1632 2038 et
1670 1985 1957 2054 opprobria

374 2093 482 2131 non
506 2075 780 2146 praevalet,
805 2075 989 2129 laudes
1027 2084 1081 2129 et
1111 2074 1336 2145 gloriam
1395 2073 1634 2127 adhibet.
1662 2071 1717 2126 Si
1746 2089 1842 2142 per
1872 2089 1958 2126 sa-

373 2167 544 2222 lutem
590 2168 833 2236 corporis
885 2183 991 2221 non
1040 2176 1235 2237 potest,
1277 2165 1625 2237 :egritudiues
1671 2165 1855 2218 mittit.
1890 2164 1958 2218 Et

370 2256 501 2310 dum
524 2272 624 2326 per
653 2257 1036 2312 delectationes
1074 2258 1329 2311 seducere
1369 2272 1463 2312 eos
1496 2272 1604 2310 non
1634 2263 1831 2325 potest,
1858 2270 1956 2324 per

373 2345 675 2410 molestias,
699 2361 819 2414 qua:
841 2355 1026 2400 contra
1072 2355 1254 2401 votum
1304 2346 1578 2410 eveniunt,
1603 2361 1697 2400 eos
1728 2354 1957 2400 conatur

369 2445 641 2492 evertere.
673 2437 1019 2494 lnfirmitates
1049 2439 1211 2494 etiam
1242 2437 1502 2507 quasdam
1541 2452 1733 2508 graves
1759 2435 1952 2490 adver-

367 2543 468 2582 sus
492 2541 586 2582 eos
617 2529 707 2596 qui
737 2529 974 2583 tentandi
999 2538 1125 2584 sunt
1153 2528 1390 2593 adhibet,
1418 2535 1478 2581 ut
1497 2542 1592 2596 per
1617 2541 1708 2580 eas
1732 2524 1954 2594 pusilla—

369 2617 550 2672 nimes
570 2616 777 2672 faciens
797 2619 1091 2684 solitarios,
1116 2618 1407 2673 conturbet
1426 2617 1749 2671 charitatem
1769 2630 1954 2668 eorum

369 2725 536 2778 quam
564 2709 766 2763 habent
796 2710 862 2763 ad
889 2709 1192 2764 Dominum.
1222 2707 1327 2763 Sed
1370 2707 1614 2777 quamvis
1641 2705 1957 2760 concidatur

369 2812 593 2867 corpus,
622 2805 677 2852 et
711 2795 951 2853 febribus
982 2797 1328 2852 validissimis
1377 2795 1766 2860 inﬂammetur,
1809 2794 1958 2847 insu-

296 2871 308 2879 ’
364 2901 468 2954 per
489 2888 652 2941 etiam
681 2889 726 2942 si
751 2888 1073 2944 intolerabili
1116 2888 1441 2942 contritione
1485 2885 1784 2955 aiiligatur,
1812 2884 1959 2954 quis-

367 2977 494 3045 quis
519 2992 578 3032 es
614 2978 704 3046 qui
755 2979 871 3032 haec
918 2979 1182 3041 sustines,
1234 2978 1518 3032 recordare
1564 2975 1730 3031 futuri
1772 2974 1953 3030 saeculi

365 3082 580 3137 pmnas,
609 3076 663 3122 et
692 3076 950 3123 aeternum
974 3070 1172 3138 ignem,
1208 3083 1273 3123 ac
1293 3077 1550 3138 perpetua
1574 3076 1861 3132 tormenta,
1895 3075 1953 3120 nt

369 3159 488 3212 hzee
513 3159 756 3228 cogitans
785 3174 888 3212 non
936 3159 1158 3214 deficias
1209 3161 1276 3213 ad
1326 3174 1388 3212 ea
1431 3176 1550 3230 quae
1597 3160 1648 3214 in
1698 3157 1950 3229 przesenti

367 3249 709 3320 contingunt.
748 3251 970 3320 Insuper
1022 3252 1184 3306 etiam
1225 3252 1396 3322 gaude
1445 3251 1571 3321 quia
1622 3249 1858 3304 visitavit
1901 3256 1952 3303 te

367 3339 545 3407 Deus;
592 3349 647 3394 et
691 3339 820 3396 illud
871 3341 1289 3396 famosissimum
1329 3342 1528 3396 dictum
1561 3341 1612 3394 in
1645 3341 1826 3410 lingua
1856 3339 1952 3393 ha-

366 3430 514 3495 beto,
567 3430 621 3484 id
654 3439 738 3486 est
765 3449 777 3484 :
807 3429 1082 3502 Castigans
1133 3432 1404 3502 castigavit
1452 3448 1532 3485 me
1579 3430 1866 3493 Dominus,
1901 3438 1948 3482 et

364 3519 528 3573 morti
582 3536 685 3573 non
731 3519 948 3572 tradidit
999 3519 1268 3591 nte(Psal.
1324 3536 1491 3584 cxvu,
1525 3519 1632 3591 l8).
1661 3519 1727 3573 Et
1773 3519 1946 3572 illud:

365 3611 536 3677 Quem
569 3612 706 3664 enim
726 3611 899 3681 diligit
931 3610 1204 3672 Dominus,
1237 3612 1484 3681 corripit;
1521 3609 1752 3680 ﬂagellat
1775 3618 1949 3662 autem

370 3717 570 3754 omnem
610 3699 779 3769 ﬁlium
806 3717 958 3772 quem
990 3702 1165 3771 recipit
1192 3701 1376 3770 (Hebr.
1422 3716 1518 3764 xu,
1557 3697 1632 3769 6).
1659 3699 1717 3752 Si
1747 3698 1948 3753 ferrum

367 3807 450 3857 es,
501 3799 625 3862 post
670 3793 966 3847 adhibitum
1022 3793 1118 3848 tibi
1166 3794 1341 3863 ignem
1392 3791 1606 3846 emittes
1631 3791 1943 3859 aeruginem.

364 3881 503 3947 Quia
531 3881 579 3936 si
602 3881 780 3950 justus
809 3897 886 3947 es,
917 3890 971 3936 et
1002 3884 1116 3937 bzec
1150 3883 1377 3951 pateris,
1405 3881 1471 3935 de
1499 3881 1709 3949 magnis
1733 3880 1798 3933 ad
1830 3895 1946 3933 ma-

359 3972 480 4042 jora
509 3974 840 4043 provocaris.
877 3973 1083 4028 Aurum
1114 3990 1191 4038 es,
1226 3975 1318 4028 sed
1342 3989 1441 4044 per
1463 3973 1641 4042 ignem
1669 3971 1948 4042 probatior

365 4064 493 4118 eris.
524 4064 694 4120 Datus
723 4073 808 4120 est
843 4065 937 4119 tibi
973 4065 1195 4136 angelus
1222 4064 1454 4130 Satanae,
1485 4063 1736 4119 stimulus
1766 4064 1947 4118 carnis

366 4165 500 4220 tuae;
551 4156 761 4210 exsulta
817 4157 1007 4211 videns
1053 4157 1139 4211 cui
1193 4156 1384 4211 similis
1430 4156 1604 4211 factus
1645 4171 1736 4218 es,
1782 4154 1947 4209 Paulo

365 4245 610 4314 apostolo
635 4245 810 4300 simile
831 4246 1029 4300 donum
1048 4246 1292 4316 accipere
1311 4247 1578 4300 meruisti.
1604 4244 1742 4298 Audi
1759 4260 1946 4314 quem-

367 4337 658 4392 admodum
719 4339 1051 4409 gloriabatur
1086 4339 1374 4408 Apostolus
1431 4341 1485 4394 in
1541 4338 1947 4393 infirmitatibus

364 4427 498 4491 suis,
525 4427 598 4481 ita
624 4435 680 4482 et
726 4435 783 4482 tu
834 4428 1068 4495 gloriare
1107 4429 1291 4484 dicens
1335 4446 1347 4482 :
1383 4428 1625 4482 Libenter
1651 4429 1811 4498 igitur
1838 4426 1948 4498 glo-

366 4517 544 4571 riabor
578 4519 632 4570 in
660 4517 1056 4585 inﬁrmitatibus
1085 4520 1236 4584 meis,
1269 4529 1325 4572 ut
1363 4519 1612 4572 inhabitet
1638 4520 1694 4572 in
1735 4535 1816 4572 me
1845 4519 1945 4572 vir-

365 4615 448 4660 tus
479 4603 674 4661 Christi
705 4607 789 4679 (II
829 4607 952 4662 Cor.
975 4625 1074 4674 xu,
1111 4609 1164 4674 5,
1200 4607 1274 4680 9).
1313 4609 1380 4662 Et
1425 4625 1640 4662 rursum
1676 4628 1688 4659 :
1719 4608 1944 4673 Quando

364 4696 498 4748 enim
527 4696 787 4765 inﬁrmor,
812 4707 936 4752 tunc
955 4699 1142 4769 fortior
1153 4716 1268 4753 sum
1282 4708 1329 4752 et
1354 4707 1532 4768 potens
1555 4697 1604 4770 (1
1611 4697 1740 4764 bid.,
1760 4715 1809 4752 υ.
1830 4698 1939 4769 10).

368 4785 422 4840 Si
446 4785 708 4853 febribus,
740 4790 784 4843 si
815 4790 996 4860 rigore
1021 4789 1238 4861 frigoris
1267 4790 1573 4859 castigaris,
1597 4803 1804 4842 memor
1824 4796 1942 4843 esto

365 4880 491 4946 quid
509 4879 790 4948 Scriptura
813 4881 944 4935 dicit
971 4899 984 4934 :
1012 4881 1366 4935 Transivimus
1389 4899 1480 4951 per
1500 4883 1726 4951 ignemet
1749 4897 1938 4952 aquam

368 4964 539 5037 (Psal.
570 4986 694 5035 va,
726 4969 844 5042 12);
881 4971 1154 5026 residuum
1179 4979 1262 5026 est
1305 4979 1364 5024 ut
1398 4972 1672 5027 inducaris
1701 4971 1755 5024 in
1780 4971 1937 5025 refri-

367 5059 592 5126 gerium.
623 5059 805 5114 Clama
831 5063 995 5116 etiam
1021 5078 1143 5117 cum
1173 5063 1438 5132 Propheta
1468 5076 1482 5114 :
1518 5061 1582 5114 In
1606 5061 1939 5116 tribulatione

365 5147 602 5203 dilatasti
631 5151 758 5205 mihi
782 5149 953 5221 (Psal.
980 5168 1052 5218 IV,
1088 5152 1160 5222 l).
1188 5151 1467 5206 Perfectus
1513 5152 1659 5206 enim
1688 5153 1798 5206 eris
1843 5167 1938 5221 per

365 5237 670 5307 hujusmodi
704 5239 1096 5295 tribulationes.
1125 5239 1182 5294 Si
1213 5239 1350 5294 forte
1371 5241 1572 5295 amittis
1600 5239 1803 5304 oculos,
1831 5253 1935 5293 non

364 5325 508 5384 feras
540 5331 798 5401 graviter,
828 5331 1153 5386 extollenlia:
1190 5332 1330 5386 enim
1355 5332 1769 5386 instrumentum
1805 5331 1938 5384 ami-

365 5419 505 5486 sisti,
537 5420 630 5476 sed
667 5423 1017 5478 interioribus
1054 5423 1226 5478 oculis
1264 5422 1487 5493 gloriam
1535 5423 1630 5477 Dei
1678 5421 1940 5491 speculari

366 5511 539 5565 stude.
571 5510 780 5566 Surdus
819 5513 990 5568 factus
1020 5529 1100 5576 es,
1128 5528 1235 5566 non
1289 5513 1658 5577 contristeris;
1691 5513 1814 5583 quia
1847 5528 1941 5566 au-

366 5599 533 5654 ditum
556 5617 752 5656 vanum
787 5604 1035 5658 amisisti.
1061 5603 1247 5658 Manus
1276 5611 1380 5657 tute
1401 5617 1465 5656 ex
1493 5603 1668 5672 aliqua
1691 5603 1938 5673 passione

368 5689 655 5747 debilitatae
689 5695 850 5748 sunt?
895 5694 988 5748 scd
1040 5693 1324 5748 interiores
1364 5701 1582 5761 paratas
1619 5695 1816 5749 habeas
1853 5693 1938 5745 ad—

2065 1896 2131 1948 Et
2149 1910 2247 1965 per
2264 1894 2525 1964 hocjuste
2553 1910 2613 1950 se
2639 1896 2749 1965 pati
2783 1895 3108 1964 arbitretur,
3133 1901 3276 1969 quod
3297 1897 3365 1954 ab
3397 1901 3489 1955 illo
3507 1901 3650 1970 judi-

2061 1995 2218 2041 catur
2246 1987 2400 2056 cujus
2435 1987 2934 2057 nunquamjudicia
2973 1989 3169 2057 injuste
3210 2003 3354 2046 sunt.
3386 1992 3486 2060 Qui
3519 2009 3650 2064 ergo

2059 2077 2112 2131 in
2136 2077 2359 2148 flagellis
2389 2086 2711 2142 murmurat,
2743 2079 3013 2148 justitiam
3055 2079 3365 2149 judicandis
3396 2093 3646 2149 accusat;

2058 2167 2148 2235 qui
2184 2182 2312 2220 vero
2344 2166 2492 2237 juste
2548 2182 2606 2221 se
2650 2169 2986 2238 recognoscit
3041 2183 3070 2221 a
3115 2170 3261 2239 justo
3305 2171 3486 2238 judice
3538 2176 3649 2242 pati

2057 2257 2199 2324 qthtl
2233 2258 2492 2321 sustinet,
2541 2257 2752 2310 etiamsi
2786 2271 2949 2327 super
3000 2274 3106 2328 quo
3161 2261 3364 2330 patitur
3412 2264 3646 2334 ignorat,

2057 2359 2154 2413 per
2181 2345 2282 2399 hoc
2305 2344 2418 2413 jam
2444 2346 2778 2416 justificatur
2803 2362 2900 2417 per
2928 2349 3072 2419 quod
3109 2352 3460 2422 semetipsum
3489 2369 3650 2408 accu-

2059 2442 2162 2495 sat,
2195 2442 2249 2487 et
2290 2435 2382 2488 Dei
2423 2433 2688 2502 justitiam
2716 2435 2918 2491 laudat.
2952 2438 3149 2494 Beatus
3181 2442 3273 2511 qui
3311 2443 3425 2498 haec
3463 2443 3644 2497 omnia

2060 2526 2242 2580 tulerit
2262 2527 2550 2597 patienter.
2969 2543 2984 2552 '

2628 2617 2855 2674 CAPUT
2887 2618 3068 2674 LXVI.

2443 2707 2521 2762 De
2557 2710 2888 2762 tentamentis
2910 2710 3252 2764 somniorum.

2128 2794 2449 2864 Plerumque
2479 2796 2752 2850 daamones
2796 2797 2850 2850 in
2877 2797 3129 2852 noctibus
3159 2797 3418 2853 sollt'ariis
3453 2815 3641 2855 occur-

2057 2893 2262 2950 rentes,
2296 2893 2354 2938 ut
2403 2884 2780 2940 formidolosos
2805 2901 2898 2940 eos
2954 2886 3174 2951 faciant,
3235 2903 3335 2957 per
3390 2904 3640 2960 soporem

2055 2976 2406 3040 conturbant;
2438 2983 2494 3029 et
2515 2991 2649 3046 quos
2676 2976 2960 3047 vigilantes
2991 2977 3137 3032 intus
3163 2985 3395 3045 tentant,
3423 2994 3523 3034 nec
3553 2996 3642 3035 su-

2053 3075 2266 3138 perant,
2298 3067 2626 3122 dormientes
2656 3068 2860 3123 acriter
2881 3069 3218 3140 impugnant.
3243 3069 3640 3142 Nonnunquam

1978 3137 2022 3198 C
2054 3137 2234 3212 autem
2264 3166 2317 3212 et
2347 3167 2533 3228 aperta
2589 3137 2995 3230 impugnatione
3037 3137 3348 3232 grassantes
3404 3137 3639 3218 humana

2051 3262 2280 3316 corpora
2307 3247 2616 3313 verberant,
2669 3248 2809 3303 sicut
2861 3250 3022 3304 beato
3073 3250 3312 3308 Antonio
3363 3252 3632 3308 fecerunt.

2051 3337 2203 3404 Quod
2237 3346 2438 3404 tamen,
2471 3339 2582 3393 Deo
2629 3340 2998 3410 permittente,
3044 3341 3307 3397 malorum
3341 3343 3401 3397 ﬁt
3421 3345 3488 3398 ad
3516 3343 3638 3398 vin-

2050 3429 2267 3494 dictam,
2291 3428 2560 3496 justorum
2599 3445 2728 3483 vero
2778 3431 2844 3484 ad
2886 3430 3227 3486 tolerantiam
3286 3442 3341 3488 et
3385 3433 3633 3503 gloriam.

2047 3519 2372 3588 Plerumque
2410 3520 2670 3574 immundi
2709 3521 2932 3588 spiritus
2956 3536 3050 3576 eos
3077 3537 3212 3590 quos
3245 3523 3558 3579 incumbere
3583 3525 3633 3578 in

2049 3609 2229 3664 saeculi
2261 3623 2442 3662 amore
2471 3609 2832 3678 conspiciunt,
2863 3609 3194 3665 dormientes
3243 3611 3476 3681 quadam
3496 3627 3632 3666 vana

2048 3699 2161 3768 spei
2192 3699 2552 3768 prosperitate
2583 3698 2832 3764 illudunt,
2861 3699 3001 3752 sicut
3041 3698 3234 3769 legitur
3283 3699 3336 3753 in
3387 3701 3636 3770 Dialogo-

2048 3805 2168 3842 rum
2197 3789 2334 3842 libro
2362 3789 2574 3842 cuidam
2605 3789 2924 3858 contigisse;
2958 3789 3046 3857 qui
3074 3791 3200 3844 dum
3229 3791 3438 3845 somnia
3461 3791 3627 3846 vehe-

2047 3887 2258 3932 menter
2277 3878 2595 3942 attenderet,
2631 3879 2680 3932 ei
2709 3893 2808 3948 per
2833 3879 3102 3933 somnium
3130 3879 3288 3952 longa
3325 3881 3499 3951 spatia
3531 3882 3630 3936 hu-

2042 3968 2132 4039 jus
2154 3967 2276 4021 vitre
2330 3968 2594 4036 promissa
2644 3974 2789 4021 sunt.
2844 3966 3088 4037 Cumque
3120 3969 3321 4023 multas
3371 3971 3630 4039 pecunias

2047 4074 2144 4129 pro
2177 4058 2437 4128 longioris
2472 4051 2602 4129 vita!
2626 4058 2909 4128 stipendiis
2953 4059 3276 4130 collegisset,
3303 4062 3374 4115 ita
3409 4072 3631 4132 repente

2048 4148 2334 4205 defunctus
2363 4156 2460 4212 est,
2494 4157 2554 4202 ut
2579 4149 2810 4203 intactas
2839 4163 3029 4204 omnes
3058 4150 3408 4220 relinqueret,
3433 4159 3487 4206 et
3517 4152 3629 4224 ipse

2049 4255 2231 4295 secum
2263 4239 2393 4293 nihil
2422 4254 2490 4294 ex
2534 4239 2678 4294 bono
2706 4254 2868 4309 opere
2916 4248 3178 4310 portaret.
3233 4239 3627 4312 Nonnunquam

2048 4332 2210 4384 etiam
2236 4330 2465 4386 Satanas
2491 4331 2544 4385 in
2565 4331 2812 4402 angelum
2836 4331 2974 4386 lucis
3021 4347 3141 4387 sese
3170 4349 3276 4388 non
3305 4335 3476 4388 solum
3507 4335 3629 4390 dor-

2049 4423 2285 4488 miendo,
2315 4425 2409 4479 sed
2433 4425 2595 4479 etiam
2626 4424 2897 4495 vigilando
2944 4423 3313 4491 transformat,
3350 4435 3409 4480 ut
3437 4443 3627 4496 quem-

2048 4513 2182 4568 libet
2203 4514 2381 4583 aliqua
2409 4515 2612 4569 erroris
2647 4513 2833 4569 fraude
2864 4514 3125 4584 decipiat;
3165 4515 3305 4569 sicut
3333 4516 3532 4585 legitur
3571 4518 3623 4571 in

2045 4603 2432 4660 Collationibus
2453 4605 2671 4659 Patrum
2699 4605 2763 4660 de
2784 4606 3015 4676 quodam
3044 4619 3192 4668 sene,
3223 4605 3315 4675 qui
3349 4606 3543 4661 sedens
3572 4608 3624 4660 in

2045 4691 2177 4746 cella
2209 4709 2304 4746 sua
2341 4701 2395 4747 et
2425 4695 2701 4748 sustinens
2727 4695 3078 4758 tentationes,
3110 4695 3326 4749 videbat
3353 4695 3624 4751 daemones

2044 4782 2348 4847 manifeste,
2381 4790 2438 4836 et
2465 4785 2842 4838 contemnebat
2866 4800 2979 4839 eos.
3007 4783 3141 4838 CUm
3168 4792 3348 4839 autem
3375 4784 3624 4839 diabolus

2042 4872 2252 4927 videret
2275 4889 2333 4927 se
2369 4874 2516 4929 vinci
2544 4891 2573 4928 a
2600 4890 2745 4940 sene,
2778 4877 2926 4930 venit
2961 4887 3015 4931 et
3049 4876 3286 4931 ostendit
3323 4891 3381 4930 se
3421 4876 3470 4930 ei
3493 4916 3508 4940 ,
3542 4876 3621 4930 di-

2047 4976 2175 5018 cens
2209 4980 2221 5015 :
2263 4963 2356 5018 Vis
2401 4963 2585 5017 videre
2631 4962 2945 5019 Christum?
2981 4965 3048 5018 Et
3090 4965 3418 5034 respondens
3457 4979 3617 5019 senex

2047 5051 2183 5104 dixit
2217 5070 2229 5105 ε
2267 5051 2682 5107 Anathem-atizo
2729 5062 2801 5117 te,
2830 5062 2884 5108 et
2925 5069 3048 5108 eum
3093 5054 3158 5109 de
3183 5070 3290 5123 quo
3325 5055 3489 5120 dicis;
3522 5069 3621 5125 ego

2047 5149 2225 5195 autem
2274 5141 2492 5196 Christo
2533 5157 2654 5196 meo
2699 5145 2862 5198 credo
2911 5143 3112 5198 dicenti
3151 5163 3164 5198 :
3205 5143 3264 5200 Si
3308 5147 3424 5215 quis
3477 5145 3619 5200 vobis

2047 5233 2234 5285 dixerit
2265 5232 2439 5285 :Ecce
2458 5233 2542 5286 hic
2572 5231 2811 5286 Christus
2836 5242 2884 5286 et
2918 5249 3032 5287 ecce
3056 5232 3198 5299 illic;
3228 5234 3384 5287 nolite
3411 5234 3620 5288 credere

2049 5323 2259 5395 (Matth.
2292 5341 2439 5391 xxiv,
2459 5325 2572 5393 25).
2600 5325 2666 5378 Et
2691 5325 2829 5380 dixit
2863 5326 3108 5382 diabolus
3139 5346 3150 5382 :
3183 5327 3294 5398 Ego
3320 5343 3437 5382 sum
3465 5327 3619 5382 Chri-

2042 5423 2177 5469 stus.
2213 5417 2412 5469 Videns
2449 5424 2630 5471 autem
2681 5431 2846 5471 senex
2892 5416 3086 5471 clausit
3133 5417 3320 5473 oculos
3368 5433 3514 5472 suos.
3550 5418 3619 5472 Et

2043 5507 2178 5561 dixit
2205 5507 2255 5561 ei
2304 5507 2796 5574 diabolus:Quare
2841 5508 3085 5563 clausisti
3135 5508 3321 5563 oculos
3369 5509 3524 5564 tuos?
3550 5509 3614 5562 Et

2041 5599 2174 5654 dixit
2218 5615 2378 5654 senex
2408 5616 2421 5653 :
2455 5599 2566 5670 Ego
2594 5601 2685 5655 hic
2726 5599 3000 5655 Christum
3040 5601 3164 5655 nolo
3188 5601 3406 5664 videre,
3438 5600 3531 5656 sed
3558 5601 3609 5652 in

2042 5690 2148 5742 vita
2191 5690 2364 5744 beata.
2421 5688 2543 5744 Hzec
2592 5690 2814 5745 audiens
2856 5689 3101 5747 diabolus
3141 5692 3386 5748 discessit
3428 5691 3496 5745 ab
3523 5704 3609 5743 eo.
