3974 6192
373 285 472 342 639

1358 279 1413 332 S.
1457 275 1816 332 BENEDICTI
1856 274 2148 329 ABBATIS
2184 274 2586 330 ANIANENSIS

3501 276 3596 328 C60

370 397 470 451 Hic
487 409 615 465 ergo
637 402 883 464 patenter
944 389 1242 454 ostenditur
1271 389 1488 458 quantis
1535 388 1936 442 machinamen-
1963 391 2015 450 Α
2040 401 2134 442 eos
2163 387 2254 456 qui
2277 387 2429 457 signa
2451 395 2505 441 et
2530 385 2793 440 mirabilia
2822 386 3088 450 fecerunt,
3118 388 3210 441 sed
3251 388 3476 444 humiles
3497 390 3602 459 spi-

369 493 440 547 tis
464 491 560 546 Dei
597 506 782 545 servos
814 495 1039 543 conatur
1069 485 1318 554 decipere
1341 481 1612 535 inimicus.
1653 477 1731 531 llli
1752 486 1932 532 autem

365 583 456 653 qui
487 591 580 637 aut
623 582 804 646 nullis,
825 579 908 633 vel
950 577 1088 631 raris
1129 573 1328 630 conscii
1379 580 1512 638 sunt
1561 569 1796 634 delictis,
1839 575 1934 623 aut

365 685 637 742 nunquam
662 676 754 723 aut
789 681 912 722 raro
947 663 1246 720 terroribus
1286 661 1581 732 fatigantur
1603 658 1882 716 nocturnis
1917 677 1928 712 :

364 759 488 814 etsi
516 759 583 813 ad
607 767 935 812 momentum
981 754 1287 826 huiusmodi
1319 759 1776 815 commoveantur,
1807 765 1931 804 mox

367 861 547 904 tamen
600 848 914 920 evigilantes
952 846 1265 900 illusionum
1305 843 1570 897 vanitates
1628 842 1932 910 despiciunt

366 937 823 1006 iutentionemque
847 950 998 990 suam
1025 935 1090 988 ad
1115 935 1278 988 Deum
1301 941 1636 988 convertunt.
1658 931 1930 987 Interdum

363 1025 524 1079 etiam
555 1025 797 1094 quaedam
830 1039 1025 1078 arcana
1071 1039 1134 1077 ac
1183 1023 1407 1092 mystica
1439 1023 1534 1076 Dei
1561 1021 1701 1075 servi
1726 1035 1822 1090 per
1847 1022 1928 1075 vi-

363 1113 570 1168 sionem
605 1114 788 1168 videre
836 1113 1025 1168 solent.
1055 1112 1095 1165 E
1126 1121 1314 1166 contra
1344 1125 1474 1165 vero
1505 1118 1814 1180 peccatores
1840 1112 1929 1180 qui

362 1207 527 1261 corda
553 1222 650 1261 sua
677 1204 1012 1276 gravioribus
1039 1205 1182 1259 vitiis
1225 1204 1559 1275 polluerunt,
1589 1203 1930 1259 conscientiae

363 1311 561 1365 pavore
603 1295 743 1351 illusi
782 1299 986 1366 species
1021 1296 1328 1350 tremendas
1365 1295 1666 1364 aspiciunt;
1700 1302 1754 1348 et
1794 1309 1930 1364 quos

364 1386 648 1456 vigilantes
675 1385 914 1440 diabolus
952 1384 1113 1438 traxit
1159 1385 1224 1438 ad
1264 1384 1416 1446 vitia,
1445 1383 1776 1437 dormientes
1805 1381 1927 1436 fati-

364 1483 474 1545 gat,
508 1483 566 1529 ut
593 1489 862 1543 nunquam
889 1487 983 1527 eos
1004 1473 1342 1541 requiescere
1368 1472 1527 1525 sinat.
1556 1471 1612 1525 In
1641 1471 1813 1527 oculis
1841 1487 1929 1526 au-

363 1571 470 1619 tem
513 1573 856 1634 peccatorum
899 1564 1141 1619 diabolus
1189 1564 1443 1618 terribilis
1488 1573 1602 1630 est;
1657 1565 1708 1618 in
1757 1563 1928 1619 oculis

362 1665 538 1708 autem
593 1652 862 1722 justorum
907 1662 1082 1709 terror
1131 1653 1247 1722 ejus
1299 1655 1420 1710 vilis
1482 1663 1582 1710 est.
1635 1654 1923 1710 Sciendum

2036 476 2166 540 ritu,
2213 487 2562 541 mansuetos,
2606 475 2850 546 lugentes
2901 485 2956 530 et
3015 475 3378 544 hujuscemodi
3441 493 3600 549 Opera

2033 577 2410 637 exsequentes.
2447 567 2724 637 Nusquam
2762 568 2817 621 in
2847 568 3120 637 signorum
3147 583 3309 638 Opere
3332 569 3605 625 beatitudo

2031 659 2268 727 ponitur,
2321 659 2416 713 sed
2467 659 2524 712 in
2562 657 2869 727 expletione
2905 656 3284 711 mandatorum
3335 658 3450 713 Dei.
3481 660 3602 716 Vita

2033 748 2177 802 enim
2204 750 2364 812 bona,
2392 755 2555 818 atque
2579 756 2732 802 actus
2763 747 2951 817 probi,
2978 747 3139 802 etiam
3177 747 3294 801 sine
3335 747 3502 817 signis
3552 760 3605 803 et

2033 837 2371 892 mirabilibus
2410 844 2688 890 merentur
2719 850 3004 899 coronam;
3059 835 3239 904 iniqua
3267 843 3445 889 autem
3475 851 3600 890 con-

2030 928 2287 992 versatio,
2320 928 2531 982 etiamsi
2565 927 2719 998 signa
2744 935 2801 980 et
2843 925 3084 997 prodigia
3107 926 3319 990 fecerit,
3349 927 3602 997 supplicia

2031 1035 2136 1074 non
2167 1019 2364 1074 evadit.
2390 1019 2457 1072 Et
2482 1020 2602 1073 ideo
2627 1017 2893 1089 superﬂue
2926 1019 3040 1073 haec
3068 1027 3400 1089 qumruntur,
3429 1019 3535 1072 imo
3554 1028 3607 1072 et

2029 1109 2350 1177 periculose.
2374 1109 2478 1163 Per
2496 1107 2909 1163 ostentationem
2954 1123 3084 1163 vero
3115 1108 3248 1163 nihil
3279 1107 3482 1163 faciant
3517 1124 3602 1163 so-

2032 1198 2213 1254 litarii.
2248 1199 2382 1253 Nam
2420 1207 2680 1268 quantum
2704 1199 2904 1254 malum
2945 1200 3017 1254 sit
3043 1214 3143 1269 per
3189 1200 3605 1254 ostentationem

2031 1289 2232 1359 aliquid
2259 1306 2438 1360 agerc,
2465 1305 2702 1360 prmsens
2727 1289 3029 1359 exemplum
3053 1290 3308 1354 ostendit,
3333 1305 3456 1343 cum
3485 1289 3605 1344 sub-

2030 1378 2178 1432 ditur
2209 1398 2220 1432 :
2260 1379 2383 1433 Fuit
2409 1379 2627 1449 quidam
2661 1378 2880 1448 juvenis
2911 1381 3228 1444 monachus,
3257 1379 3348 1449 qui
3377 1395 3502 1434 cum
3529 1379 3605 1432 vi-

2029 1469 2198 1523 disset
2251 1470 2510 1538 quosdam
2559 1485 2718 1526 senes
2768 1471 2872 1526 iter
2929 1479 3185 1543 agentes,
3229 1472 3606 1527 ostentationis

2028 1575 2189 1615 causa
2214 1561 2375 1632 jussit
2405 1564 2623 1634 onagris
2642 1563 2850 1628 venire,
2879 1571 2937 1618 ut
2992 1573 3273 1634 portarent
3292 1578 3407 1629 eos,
3438 1563 3606 1619 donec

2027 1652 2378 1721 pervenirent
2404 1653 2470 1708 ad
2501 1669 2580 1709 se.
2606 1653 2685 1709 Illi
2714 1665 2894 1709 autem
2919 1670 3076 1711 senes
3109 1656 3489 1712 indicaverunt
3507 1656 3606 1711 hoc

361 1748 555 1817 quippe
581 1755 664 1802 est
691 1747 816 1816 quia
846 1748 1069 1802 diversae
1107 1756 1231 1802 sunt
1264 1748 1550 1816 qualitates
1573 1750 1926 1806 somniorum.
1957 1731 2005 1790 Β
2032 1743 2191 1798 beato
2234 1744 2490 1800 Antonio.
2535 1745 2601 1798 Et
2647 1746 2782 1800 dixit
2833 1747 3002 1802 abbas
3045 1747 3309 1802 Antonius
3338 1765 3350 1801 :
3382 1747 3606 1802 Videtur

359 1835 656 1904 Aliquando
693 1851 925 1905 namque
951 1851 1017 1890 ex
1042 1837 1245 1891 ventris
1281 1837 1613 1906 plenitudine
1640 1839 1726 1894 vel
1757 1840 1928 1894 inani-

363 1935 472 1981 tate
498 1927 708 1981 somnia
751 1935 1103 1997 generantur;
1161 1927 1448 1997 aliquando
1482 1943 1611 1982 vero
1636 1941 1702 1982 ex
1731 1929 1932 2000 cogita-

361 2017 504 2074 tione
529 2019 800 2084 accidunt,
824 2019 962 2073 sicut
989 2019 1248 2088 scriptum
1285 2028 1368 2073 est
1397 2036 1410 2072 :
1448 2017 1645 2072 Multas
1674 2035 1829 2073 curas
1853 2037 1931 2073 se—

357 2119 590 2176 quuntur
613 2109 817 2163 somnia
852 2107 1020 2180 (Eccl.
1054 2125 1106 2175 v,
1147 2109 1224 2180 2).
1254 2108 1389 2164 Nam
1415 2125 1557 2180 saepe
1593 2125 1712 2180 qua:
1752 2112 1805 2164 in
1844 2112 1931 2166 die

360 2201 679 2269 cogitamus,
727 2200 780 2254 in
834 2201 1080 2257 noctibus
1121 2202 1576 2271 recognoscimus.
1628 2201 1931 2272 Aliquando

360 2297 540 2344 autem
579 2305 643 2345 ex
680 2289 924 2345 illusione
968 2291 1365 2346 immundorum
1417 2291 1704 2362 spirituum
1747 2293 1932 2348 oriun-

359 2388 466 2444 tur,
495 2380 707 2436 dicente
735 2380 1025 2438 Salomone
1060 2400 1072 2435 :
1103 2381 1301 2437 Multos
1330 2399 1506 2437 errare
1529 2383 1762 2453 fecerunt
1790 2401 1931 2438 som-

359 2472 448 2525 nia
481 2480 530 2525 et
559 2470 830 2526 illusioncs
876 2489 1054 2527 vacum
1099 2473 1268 2543 (Eccl.
1308 2489 1492 2540 xxxrv,
1523 2473 1601 2546 2).
1628 2477 1930 2546 Aliquando

357 2560 556 2630 quippe
575 2576 641 2616 ex
669 2562 995 2618 revelatione
1018 2565 1335 2632 procedunt,
1363 2565 1501 2619 sicut
1522 2565 1717 2636 legitur
1738 2569 1790 2622 in
1816 2569 1930 2640 lege

358 2653 423 2708 de
448 2651 646 2724 Ioseph
668 2653 777 2710 tilio
798 2653 979 2718 Jacob,
1005 2656 1096 2725 qui
1124 2657 1334 2712 somnio
1354 2657 1610 2713 fratribus
1633 2658 1927 2728 praeferen-

357 2744 458 2799 dus
492 2745 824 2814 praedicitur.
866 2745 960 2801 Vel
1014 2747 1154 2802 sicut
1190 2747 1245 2802 in
1297 2748 1591 2819 Evangelio
1617 2751 1683 2805 de
1728 2750 1928 2820 Ioseph

357 2847 554 2900 sponso
588 2835 759 2890 beata:
801 2836 1001 2901 Mariae,
1042 2837 1134 2906 qui
1170 2847 1230 2892 ut
1275 2836 1486 2910 fugeret
1515 2855 1636 2894 cum
1675 2857 1843 2912 puero
1872 2843 1926 2896 in

358 2922 670 2995 JEgyptum,
704 2928 914 2983 somnio
941 2929 1275 2984 admonetur.
1304 2929 1607 3000 Aliquando
1639 2948 1834 3002 nempe
1861 2947 1926 2986 ex

357 3013 681 3069 revelatioue
715 3016 872 3070 simul
901 3025 954 3071 et
987 3018 1311 3088 cogitatione
1339 3029 1687 3090 generantur,
1717 3021 1927 3077 dicente

360 3100 577 3155 Danielc
607 3119 620 3154 :
661 3099 760 3167 Tu,
794 3119 904 3165 rex,
929 3104 1156 3174 cogitare
1181 3106 1376 3176 ccepisti
1407 3107 1461 3161 in
1490 3117 1656 3162 strato
1680 3119 1770 3163 tuo
1801 3111 1926 3181 quid

359 3196 488 3242 esset
517 3187 752 3257 futurum
778 3200 892 3260 post
911 3191 1021 3245 Ita’c
1043 3209 1061 3255 ;
1090 3202 1138 3246 et
1155 3194 1243 3264 qui
1268 3194 1456 3249 revelat
1486 3199 1730 3266 mysteria
1755 3209 1928 3253 osten-

359 3277 436 3331 dit
459 3276 551 3330 tibi
572 3293 688 3348 qua:
731 3289 946 3333 uentura
984 3291 1106 3334 sunt
1149 3281 1310 3352 (Dan.
1357 3300 1420 3349 tt,
1459 3285 1536 3354 9).
1564 3285 1718 3355 Swpe
1764 3291 1926 3342 etiam

359 3368 631 3422 daemones
651 3368 953 3438 deceptoria
979 3369 1166 3427 fraude
1192 3373 1356 3428 multa
1388 3375 1560 3431 solent
1580 3391 1709 3431 vera
1733 3379 1927 3447 praedi-

357 3473 502 3524 cere,
527 3464 587 3512 ut
607 3458 674 3513 ad
697 3467 997 3514 extremum
1036 3461 1251 3518 valeant
1273 3466 1506 3520 animam
1528 3482 1596 3522 ex
1619 3467 1796 3538 aliqua
1827 3469 1927 3524 fal-

357 3549 515 3603 sitate
548 3549 796 3619 decipere
816 3550 898 3605 vel
924 3551 1233 3622 illaqueare.
1262 3554 1368 3611 Sed
1399 3558 1646 3626 quamvis
1673 3560 1926 3616 nonnulla

361 3653 485 3693 vera
509 3639 617 3694 sint
637 3639 868 3706 somnia,
897 3639 1053 3697 facile
1098 3650 1276 3700 tamen
1304 3660 1411 3700 non
1459 3654 1673 3715 oportet
1705 3649 1928 3705 credere

357 3729 469 3793 illa,
495 3744 564 3784 ne
576 3730 712 3786 forte
731 3731 1019 3801 aliquando
1041 3748 1106 3788 ex
1121 3734 1365 3792 illusione
1387 3736 1586 3792 diaboli
1607 3739 1923 3807 procedant,

356 3829 411 3874 et
447 3821 768 3891 simplicium
813 3824 975 3878 corda
1022 3824 1320 3894 decipiant,
1352 3827 1652 3884 recolentes
1688 3829 1928 3885 testimo-

361 3911 516 3970 nium
555 3911 847 3984 Scriptnrte
891 3915 1122 3971 dicentis
1157 3934 1168 3970 :
1201 3915 1259 3971 Si
1289 3917 1519 3972 dixerint
1555 3919 1716 3984 vobis,
1767 3930 1814 3974 et
1853 3922 1926 3976 ita

355 4001 599 4066 evenerit,
623 4002 780 4056 nolite
802 4005 1008 4058 credere
1029 4005 1241 4076 (Matth.
1270 4023 1396 4072 xxv,
1413 4005 1526 4079 23).
1553 4009 1770 4064 Somnia
1783 4013 1924 4067 enim

357 4090 550 4143 similia
573 4101 697 4146 sunt
723 4094 983 4162 auguriis,
1006 4103 1061 4148 et
1077 4097 1168 4162 qui
1186 4098 1264 4151 eis
1286 4097 1590 4165 intendunt,
1621 4117 1808 4156 revera
1834 4117 1928 4157 au-

358 4193 555 4248 gurare
573 4191 887 4237 noscuntur.
928 4183 1164 4238 Solitarii
1187 4195 1367 4241 autem
1399 4189 1540 4244 inter
1556 4192 1832 4247 illusiones
1861 4209 1925 4249 ac

363 4271 715 4327 revelationes
741 4273 970 4329 discreta
995 4275 1476 4346 circumspectione
1507 4282 1840 4348 discernant,
1867 4292 1927 4338 ut

1954 3066 1998 3128 C

2031 1833 2163 1886 mihi
2191 1835 2488 1889 monachus
2515 1835 2616 1889 iste
2646 1835 2839 1890 similis
2881 1850 3001 1892 esse
3026 1837 3148 1891 navi
3173 1836 3427 1891 omnibus
3453 1836 3606 1890 bonis

2029 1931 2288 1988 oneratae,
2316 1925 2380 1978 de
2402 1939 2508 1992 qua
2527 1924 2793 1980 incertum
2823 1935 2906 1981 est
2925 1934 3104 1980 utrum
3131 1927 3418 1998 pervenire
3441 1927 3608 1997 possit

2030 2013 2096 2068 ad
2119 2021 2333 2082 portum
2372 2029 2440 2068 an
2489 2030 2616 2070 non.
2646 2015 2713 2069 Et
2756 2016 3028 2070 modicum
3066 2023 3190 2085 post
3233 2006 3414 2070 subito
3444 2015 3608 2070 abbas

2028 2105 2298 2161 Antonius
2328 2105 2457 2161 flere
2485 2107 2670 2176 coepit,
2707 2115 2761 2161 et
2790 2107 3014 2178 capillos
3039 2107 3141 2162 sibi
3170 2107 3386 2160 trahere
3438 2113 3494 2161 et
3530 2105 3607 2158 lu-

2030 2210 2175 2266 gere.
2208 2194 2361 2262 Quod
2396 2211 2519 2250 cum
2544 2195 2806 2250 vidissent
2841 2195 3087 2265 discipuli
3133 2195 3271 2272 ejus,
3300 2195 3561 2249 dixerunt
3592 2213 3605 2247 :

2030 2283 2166 2350 Quid
2188 2284 2390 2354 ploras,
2415 2285 2587 2341 abba?
2609 2286 2677 2340 Et
2704 2286 3008 2355 respondit:
3027 2286 3214 2357 Magna
3238 2285 3499 2341 Ecclesia:
3522 2301 3606 2340 θος

2030 2374 2210 2428 lumna
2243 2375 2439 2430 cecidit
2462 2377 2641 2431 modo.
2678 2377 2900 2431 Dicebat
2939 2386 3118 2432 autem
3151 2377 3253 2432 hoc
3295 2377 3360 2431 de
3415 2377 3508 2432 illo
3529 2375 3609 2445 ju-

2028 2482 2162 2522 vene
2185 2468 2467 2523 monacho.
2492 2468 2591 2534 lte,
2619 2470 2811 2540 inquit,
2837 2469 3056 2535 fratres,
3081 2470 3148 2523 ad
3171 2484 3314 2534 eum,
3343 2477 3402 2523 et
3433 2468 3606 2523 videte

2029 2555 2157 2624 quid
2185 2566 2330 2627 agat.
2362 2556 2726 2612 Perrexerunt
2767 2573 2897 2628 ergo
2924 2558 3167 2628 discipuli
3193 2556 3328 2626 ejus,
3352 2566 3412 2612 et
3459 2558 3606 2612 inve-

2030 2658 2228 2702 nerunt
2260 2651 2581 2704 monachum
2609 2649 2756 2704 illum
2783 2652 3058 2705 sedentem
3087 2658 3142 2704 et
3168 2649 3385 2705 ﬂentem
3417 2663 3608 2719 pecca-

2030 2747 2144 2794 tum
2172 2741 2315 2809 quod
2341 2741 2486 2796 fecit.
2520 2741 2716 2796 Videns
2766 2750 2945 2796 autem
2987 2741 3280 2810 discipulos
3331 2740 3499 2800 senis,
3535 2739 3608 2791 ait

2029 2831 2109 2886 eis
2139 2849 2150 2883 :
2188 2830 2359 2886 Dicite
2380 2831 2497 2886 seni
2529 2839 2590 2885 ut
2629 2841 2782 2902 roget
2829 2831 3017 2896 Deum,
3045 2833 3230 2886 decem
3258 2839 3474 2885 tantum
3499 2829 3608 2886 die-

2029 2937 2148 2976 rum
2169 2922 2282 2976 dari
2307 2922 2437 2976 mihi
2463 2922 2729 2978 inducias.
2761 2923 2862 2989 Qui
2891 2923 3032 2977 intra
3069 2923 3305 2992 quinque
3327 2921 3449 2978 dies
3470 2937 3606 2977 mor-

2031 3019 2152 3066 tuus
2183 3020 2284 3066 est.
2349 3012 2961 3089 Quapropterﬁaveant
3004 3014 3226 3068 omnino
3273 3013 3527 3078 solitarii,
3550 3022 3606 3067 ut

2031 3100 2163 3154 nihil
2191 3117 2289 3171 per
2307 3103 2722 3158 ostentationem
2747 3103 2968 3159 faciant.
2997 3103 3222 3172 Insuper
3245 3111 3431 3158 autem
3463 3119 3605 3158 mor-

2028 3189 2156 3243 bum
2185 3205 2332 3244 vana:
2359 3190 2543 3261 gloria:
2571 3191 2772 3262 fugiant
2801 3211 2814 3244 :
2849 3209 2968 3262 qua:
2993 3209 3100 3248 non
3127 3193 3300 3249 solum
3338 3194 3394 3248 in
3423 3209 3606 3248 carna-

2027 3280 2169 3335 libus
2191 3281 2357 3347 vitiis,
2394 3283 2487 3337 sed
2513 3284 2676 3338 etiam
2722 3284 2777 3339 in
2809 3285 3144 3355 spiritalibus
3194 3287 3375 3341 causis
3426 3287 3606 3341 solita-

2028 3370 2139 3425 rios
2165 3371 2373 3441 pulsat;
2404 3381 2465 3426 ut
2491 3374 2580 3442 qui
2612 3389 2720 3428 non
2762 3376 2946 3430 valent
2985 3375 3294 3431 carnalibus
3319 3377 3473 3432 vitiis
3518 3377 3602 3431 de-

2027 3465 2152 3536 cipi,
2179 3465 2510 3536 spiritalibus
2539 3468 2880 3524 successibus
2911 3470 3090 3524 acrius
3113 3470 3450 3525 sancientur.
3475 3470 3602 3524 Nam

2026 3572 2188 3627 quem
2222 3557 2466 3614 diabolus
2508 3561 2607 3614 sub
2653 3561 2833 3630 specie
2865 3562 3115 3630 pretiosa:
3140 3562 3308 3616 vestis
3332 3577 3397 3615 ac
3425 3563 3603 3616 nitida:

2027 3665 2134 3704 non
2162 3658 2340 3720 potest
2366 3651 2420 3704 in
2454 3666 2645 3706 vanam
2689 3652 2916 3724 gloriam
2960 3653 3299 3724 immergere,
3323 3669 3425 3722 pro
3449 3669 3605 3724 squa-

2026 3738 2133 3794 lida
2169 3749 2224 3795 et
2252 3740 2454 3796 inculta
2498 3749 2727 3797 conatur
2760 3743 3032 3814 decipere.
3090 3744 3156 3798 Et
3188 3760 3348 3814 quem
3377 3762 3488 3800 non
3518 3761 3603 3815 po-

2026 3837 2132 3884 test
2151 3845 2248 3899 per
2276 3831 2534 3919 bonprem
2562 3831 2814 3900 dejicere,
2843 3848 2938 3903 per
2965 3834 3322 3891 humilitatem
3349 3836 3603 3907 supplan-

2028 3927 2134 3984 tat;
2174 3929 2229 3973 et
2258 3935 2419 3991 quem
2471 3921 2709 3976 scientiae
2749 3930 2804 3976 et
2831 3922 3150 3979 elocutionis
3187 3933 3385 3978 ornatu
3417 3926 3602 3995 nequit

2024 4009 2302 4075 extollere,
2352 4012 2620 4080 gravitate
2667 4013 3053 4069 taciturnitatis
3093 4013 3265 4070 elidit.
3308 4014 3364 4069 Si
3389 4015 3601 4085 jejunat

2024 4097 2145 4164 quis
2169 4097 2366 4167 palam,
2393 4099 2576 4169 glorizr.
2621 4101 2859 4155 vanitate
2896 4101 3158 4170 pulsatur.
3191 4102 3249 4156 Si
3275 4102 3405 4157 illud
3439 4119 3600 4164 causa

2024 4201 2177 4240 vanze
2201 4189 2385 4258 glorize
2411 4191 2817 4245 contemnenda:
2835 4193 3157 4257 contexerit,
3187 4193 3380 4247 eodem
3408 4194 3600 4248 vitium

2023 4277 2270 4332 elationis
2298 4279 2549 4334 incurrit.
2577 4280 2728 4334 Alius
2762 4282 2906 4335 enim
2931 4282 3195 4348 oratione,
3224 4282 3361 4336 alius
3388 4283 3606 4353 vigilia-

358 4363 533 4417 sciant
552 4364 677 4432 quid
701 4379 730 4418 a
752 4366 891 4422 bono
907 4367 1097 4438 spiritu
1121 4369 1448 4439 percipiunt,
1477 4371 1561 4426 vel
1582 4374 1709 4442 quid
1729 4388 1761 4428 a
1781 4376 1924 4432 malo

2029 4382 2144 4420 rum
2165 4367 2476 4436 prolixitate
2503 4369 2762 4439 pulsatur.
2793 4369 2942 4424 Multi
2973 4371 3118 4425 enim
3148 4386 3341 4424 vanam
3371 4370 3601 4440 gloriam

359 4454 547 4523 spiritu
570 4455 865 4524 patiuntur.

910 4546 1135 4604 CAPUT
1169 4550 1374 4608 LXVII.

427 4634 495 4688 Ut
522 4633 749 4690 solitarii
777 4637 927 4707 signa
955 4646 1004 4691 et
1033 4639 1290 4695 miracula
1319 4642 1436 4710 ﬁeri
1469 4660 1571 4698 non
1595 4657 1853 4717 quwrant.

425 4724 590 4796 Signa
621 4727 785 4797 igitur
803 4734 857 4782 et
874 4727 1135 4783 miracula
1156 4746 1187 4786 a
1216 4731 1468 4789 solitariis
1492 4750 1598 4790 non
1633 4744 1760 4790 sunt
1781 4753 1926 4808 quie-

356 4818 542 4882 renda,
565 4827 784 4888 propter
801 4821 1216 4877 ostentationem
1233 4832 1287 4878 et
1309 4839 1500 4879 vanam
1521 4826 1766 4894 gloriam.
1789 4827 1924 4884 Nam

355 4907 602 4977 quisquis
629 4907 902 4977 signorum
936 4917 990 4964 et
1014 4911 1338 4966 mirabilium
1389 4913 1604 4970 indiciis
1637 4915 1751 4970 vult
1796 4931 1923 4986 pro-

354 5000 498 5066 bari,
531 5015 638 5055 non
660 5009 837 5085 potest
862 5000 1061 5070 probus
1085 5003 1273 5058 videri.
1301 5004 1436 5070 Quia
1460 5005 1573 5075 ipse
1592 5006 1849 5062 Dominus
1869 5018 1925 5064 et

361 5089 607 5147 Salvator
632 5107 738 5148 non
767 5093 903 5148 dixit
927 5111 938 5147 :
962 5093 1042 5148 Ex
1063 5095 1230 5164 signis
1253 5103 1308 5149 et
1335 5095 1673 5152 mirabilibus
1697 5112 1923 5168 cognos-

359 5182 493 5237 cetis
519 5197 636 5248 eos,
663 5183 757 5239 sed
805 5183 920 5238 ait:
956 5183 1040 5238 Ex
1081 5185 1331 5255 fructibus
1373 5202 1553 5240 eorum
1607 5190 1922 5257 cognoscetis

358 5287 444 5326 eos
469 5271 801 5344 (Matth.-vu,
828 5273 939 5345 20).
967 5273 1151 5343 Neque
1178 5277 1322 5329 enim
1351 5276 1405 5329 in
1431 5275 1518 5331 die
1536 5273 1726 5344 judicii
1749 5293 1924 5333 remu-

359 5369 676 5416 neraturum
697 5377 756 5417 se
777 5363 1045 5432 promittit
1065 5378 1157 5418 eos
1184 5366 1275 5434 qui
1308 5365 1460 5434 signa
1485 5375 1542 5422 et
1566 5367 1807 5438 prodigia
1838 5367 1921 5422 fa-

360 5449 534 5517 ciunt,
561 5453 653 5506 sed
673 5467 768 5507 eos
794 5453 882 5523 qui
908 5454 1190 5522 praeceptis
1216 5455 1330 5510 suis
1347 5456 1625 5522 obediunt,
1647 5457 1833 5512 dicens
1857 5460 1924 5512 ad

364 5551 459 5594 eus
511 5559 522 5591 :
599 5540 792 5605 Venite,
846 5543 1098 5596 benedicti
1129 5543 1305 5599 Patris
1362 5547 1498 5611 mei,
1549 5548 1794 5617 percipitc
1847 5565 1925 5601 re-

365 5648 543 5698 gnum,
566 5642 668 5686 etc.
697 5632 912 5699 (Matth.
948 5651 1070 5696 xxv,
1104 5634 1215 5706 54.)
1241 5636 1345 5691 Sed
1377 5647 1432 5692 et
1456 5639 1641 5694 beatos
1669 5655 1776 5694 non
1798 5640 1930 5694 dicit

2030 4461 2280 4531 fugiendo
2308 4461 2365 4516 in
2395 4462 2566 4532 ipsam
2621 4463 2894 4527 incidunt;
2933 4470 2989 4518 et
3040 4462 3194 4516 multi
3240 4463 3293 4516 in
3325 4462 3428 4518 hoc
3487 4463 3604 4532 ipso

2030 4551 2250 4619 cupiunt
2275 4551 2487 4606 laudari
2526 4552 2671 4622 quod
2701 4552 2886 4608 laudes
2913 4558 3297 4616 contemnunt;
3325 4558 3378 4605 et
3402 4552 3598 4606 mirum

2029 4642 2084 4694 in
2122 4642 2338 4696 modum
2382 4641 2520 4703 laus,
2564 4643 2690 4696 dum
2731 4641 2964 4706 vitatur,
2997 4642 3284 4712 appetitur.
3313 4641 3438 4695 Ideo
3483 4641 3600 4710 pul-

2029 4727 2360 4783 chre—sancti
2390 4728 2579 4784 Patres
2621 4730 2790 4785 nostri
2845 4739 3092 4784 naturam
3139 4730 3313 4784 morbi
3351 4727 3513 4796 hujus
3545 4729 3597 4782 in

2031 4820 2246 4872 modum
2283 4835 2442 4889 ωψσε
2478 4820 2842 4886 conscribunt,
2881 4835 3002 4889 quae
3039 4835 3147 4874 uno
3190 4819 3461 4875 decuriam
3493 4829 3598 4888 teg-

2030 4909 2195 4975 mine,
2224 4910 2332 4964 alio
2356 4927 2571 4966 rursum
2603 4912 2873 4966 invenitur
2912 4911 3117 4974 induta,
3147 4911 3410 4979 totiesqne
3447 4924 3600 4980 repe-

2029 5001 2168 5054 ritur
2214 5003 2427 5056 obtecta
2449 5004 2661 5073 quoties
2702 5001 2866 5059 fuerit
2900 5003 3213 5074 eXSpoliata.
3259 5001 3600 5071 Quapropter

2029 5103 2242 5164 oportet
2267 5096 2560 5162 solitarios,
2585 5097 2739 5166 juxta
2782 5099 3064 5154 consilium
3091 5098 3329 5167 Apostoli
3357 5096 3444 5169 (11
3468 5095 3591 5150 Cor.

2029 5200 2106 5250 Vt,
2131 5184 2210 5256 7),
2236 5202 2328 5256 per
2353 5203 2502 5240 arma
2532 5188 2758 5257 justitia:
2786 5206 2819 5241 a
2845 5188 3042 5242 dextris
3075 5197 3122 5241 et
3165 5187 3392 5240 sinistris
3417 5194 3594 5239 trans-

2029 5273 2136 5338 ire;
2163 5290 2260 5344 per
2287 5275 2533 5346 gloriam,
2563 5284 2619 5330 et
2659 5277 3069 5348 ignobilitatem,
3108 5291 3203 5346 per
3235 5273 3512 5330 infamiam
3539 5281 3592 5328 et

2029 5367 2224 5420 bonam
2251 5366 2447 5421 famam
2485 5367 2754 5424 incedere.
2782 5369 2850 5424 Et
2872 5379 2931 5424 ut
2955 5385 3053 5440 per
3086 5369 3430 5424 Salomonem
3465 5366 3595 5423 dici-

2030 5447 2116 5509 tur
2141 5470 2156 5509 :
2182 5456 2307 5512 Non
2335 5459 2592 5512 diuertunt
2628 5461 2696 5512 ad
2725 5460 3022 5524 dexteram,
3047 5477 3206 5531 neque
3228 5459 3296 5513 ad
3330 5460 3592 5513 sinistram

2029 5545 2214 5621 (Prov.
2245 5566 2321 5615 Iv,
2344 5549 2469 5619 27);
2499 5551 2550 5604 id
2586 5559 2689 5615 est,
2720 5565 2820 5605 nec
2866 5551 2931 5605 de
2961 5550 3249 5604 virtutibus
3284 5558 3339 5603 et
3395 5544 3595 5604 dextris

2030 5641 2370 5696 successibus
2410 5654 2468 5694 se
2496 5639 2775 5703 extollant,
2806 5653 2902 5694 nec
2931 5639 2996 5694 ad
3023 5639 3302 5694 sinistrum
3344 5638 3593 5691 vitiorum
