3974 6192
305 323 400 378 ϐἔῖί

950 323 1180 380 CODEX
1219 325 1671 383 REGULARUM.
1713 356 1781 364 —
1820 323 2002 379 PARS
2041 323 2104 378 ll.
2149 322 2452 378 REGULXE
2489 309 2592 376 PP.
2637 323 2914 379 ORIENT.

3452 329 3566 384 682·

309 437 584 494 tramitem
607 435 924 498 llectantur;
953 435 1046 489 sed
1076 435 1310 489 medium
1341 445 1586 492 tenentes
1613 438 1679 491 ad
1707 435 1878 505 ipsum
1908 436 1958 496 Α
1986 441 2090 487 tem
2114 431 2495 502 perurgebant,
2515 431 2779 500 jurantes,
2805 442 2860 487 et
2889 434 3128 490 dicentes
3155 438 3446 505 periclitari
3478 457 3557 495 se-

309 528 404 598 qui
430 527 536 590 via,
574 524 777 578 veritas
807 531 860 578 et
884 523 992 577 vita
1019 534 1123 588 est,
1149 539 1410 596 prospero
1453 525 1666 580 incessu
1694 540 1882 594 perve—

311 619 429 672 nire
447 622 778 670 mereantur.

851 703 1076 760 CAPUT
1113 705 1339 760 LXVIII.

610 793 685 849 De
721 795 949 849 trimoda
979 797 1352 850 charismatum
1376 797 1567 866 gratia.

381 887 567 958 Usque
604 889 672 942 ad
696 887 1056 956 spiritualium
1108 888 1474 941 narrationem
1495 887 1882 941 charismatum

307 977 692 1048 proferendam
714 978 1024 1047 praecedens
1051 979 1428 1047 disputationis
1457 979 1591 1032 ordo
1614 979 1882 1047 pervenit,

303 1085 476 1138 quam
508 1069 836 1136 tripartitam
868 1084 1012 1132 esse,
1066 1067 1332 1136 majorum
1365 1069 1654 1123 traditione
1699 1085 1887 1138 perce-

308 1157 510 1227 pimus.
541 1156 723 1212 Prima
746 1158 1010 1226 siquidem
1049 1159 1393 1212 curationum
1422 1173 1584 1212 causa
1611 1166 1694 1212 est
1721 1199 1734 1223 ,
1764 1173 1885 1212 cum

310 1262 410 1316 pro
425 1247 622 1300 merito
647 1247 950 1301 sanctitatis
971 1247 1170 1301 electos
1196 1263 1438 1316 quosque
1467 1262 1530 1301 ac
1545 1246 1721 1315 justus
1742 1247 1888 1302 viros

308 1335 594 1406 signorum
631 1335 804 1404 gratia
844 1336 1154 1400 comitatur,
1187 1337 1327 1390 sicut
1370 1336 1642 1404 apostolos
1670 1336 1890 1392 multos-

308 1442 417 1496 que
440 1434 754 1481 sanctorum
781 1427 932 1497 signa
959 1435 1012 1482 et
1038 1429 1280 1499 prodigia
1309 1430 1603 1482 secundum
1648 1429 1886 1483 auctori-

311 1524 482 1571 tatem
524 1517 736 1572 Domini
765 1516 958 1572 fecisse
986 1517 1329 1573 manifestum
1361 1530 1466 1585 est,
1512 1521 1584 1574 ita
1615 1521 1886 1576 dicentis:

312 1607 567 1675 lnﬁrmos
612 1615 812 1678 curate,
866 1618 1098 1663 mortuos
1146 1611 1416 1674 suscitate,
1461 1609 1690 1680 leprosos
1739 1628 1890 1666 mun-

310 1700 458 1763 date,
485 1699 945 1769 daemonid'ejicite
968 1715 986 1751 .'
1019 1702 1185 1771 gratis
1228 1703 1522 1772 accepistis,
1552 1705 1720 1773 gratis
1768 1704 1890 1758 date

1984 523 2149 594 ipsos,
2208 524 2311 578 nisi
2350 526 2799 594 comprehensum
2850 527 3173 581 homicidam
3219 528 3422 597 legibus
3450 540 3560 584 tra-

1985 614 2190 667 derent.
2219 612 2309 668 Ille
2329 629 2460 668 vero
2489 615 2574 668 cui
2611 616 2817 670 crimen
2861 617 3277 687 impingebatur,
3324 635 3444 674 cum
3475 637 3560 674 sa-

1984 704 2277 757 cramentis
2306 703 2610 760 afﬁrmabat
2636 706 2912 761 conscium
2943 722 3000 761 se
3021 723 3126 762 non
3146 723 3264 762 esse
3285 710 3560 779 sanguinis

1987 791 2148 844 illius.
2182 792 2248 844 Et
2275 808 2396 846 cum
2426 793 2516 847 diu
2546 795 2649 850 hoc
2695 806 2968 852 certamen
2991 798 3302 864 haberetur,
3334 800 3563 854 interro-

1987 891 2076 952 gat
2104 891 2324 937 sanctus
2353 883 2620 939 Macarius
2647 885 2737 940 ubi
2768 887 2980 956 jaceret
3012 887 3100 941 ille
3129 889 3220 957 qui
3278 889 3560 943 dicebatur

1985 971 2218 1026 occisus.
2255 971 2499 1042 Cumque
2528 976 2904 1045 designassent
2929 979 3124 1043 locum,
3162 995 3283 1034 cum
3310 981 3562 1034 omnibus

1986 1063 2078 1131 qui
2117 1063 2182 1117 ad
2219 1065 2614 1134 perurgendum
2639 1067 2911 1121 hominem
2953 1078 3232 1133 venerant,
3267 1070 3361 1126 ivit
3384 1070 3450 1124 ad
3480 1084 3564 1126 se-

1986 1153 2254 1222 pulcrum,
2281 1162 2334 1210 et
2358 1155 2429 1209 ibi
2458 1156 2581 1211 ﬁxis
2619 1158 2865 1228 genibus,
2896 1159 3144 1214 invocato
3170 1161 3386 1216 nomine
3408 1161 3562 1217 Chri-

1989 1243 2078 1307 sti,
2109 1243 2174 1297 ad
2203 1259 2296 1298 eos
2321 1245 2454 1300 dixit
2475 1246 2566 1315 qui
2597 1248 2846 1302 astabant
2871 1266 2883 1300 :
2918 1247 3070 1302 Nunc
3089 1248 3349 1304 Dominus
3378 1258 3564 1305 osten-

1991 1334 2082 1389 det
2111 1335 2156 1388 si
2182 1351 2305 1390 reus
2331 1344 2414 1390 est
2435 1336 2523 1390 hic
2549 1353 2707 1405 quem
2740 1339 3065 1408 perurgetis.
3094 1339 3161 1393 Et
3186 1339 3389 1394 elevata
3433 1355 3563 1396 voce

1990 1423 2300 1478 defunctum
2326 1441 2391 1480 ex
2432 1427 2648 1481 nomine
2679 1427 2952 1482 clamavit.
2981 1429 3080 1496 Qui
3134 1446 3255 1485 cum
3280 1432 3345 1486 de
3387 1433 3566 1502 sepul-

1991 1529 2085 1567 cro
2117 1515 2502 1583 respondisset,
2537 1517 2615 1570 ait
2639 1517 2688 1571 ei
2721 1535 2732 1569 :
2761 1517 2864 1572 Per
2888 1519 3046 1572 ﬁdem
3091 1520 3290 1575 Christi
3343 1532 3393 1576 te
3417 1523 3568 1576 ohte-

1991 1610 2123 1667 stor,
2151 1613 2208 1656 ut
2239 1603 2388 1658 dicas
2415 1605 2458 1658 si
2481 1607 2548 1659 ab
2575 1621 2639 1660 eo
2659 1607 2750 1674 qui
2776 1607 3136 1662 calumniatur
3161 1627 3259 1680 pro
3283 1619 3334 1665 te
3356 1613 3566 1666 occisus

1993 1693 2085 1747 es?
2103 1693 2238 1748 Tum
2264 1695 2352 1748 ille
2367 1695 2429 1748 de
2453 1695 2698 1764 sepulcro
2721 1698 2860 1751 elata
2886 1714 3015 1753 voce
3038 1701 3334 1769 respondit,
3357 1701 3562 1765 dicens,

309 1789 536 1860 (Matth.
558 1806 624 1855 x,
666 1790 744 1862 8).
785 1790 1052 1857 Secunda,
1086 1809 1206 1847 cum
1257 1794 1326 1848 ob
1349 1795 1760 1849 aediﬁcationem
1787 1795 1885 1849 Ec-

1993 1799 2098 1837 non
2130 1797 2187 1837 se
2208 1798 2328 1838 esse
2357 1784 2424 1838 ab
2451 1799 2516 1838 eo
2547 1785 2750 1840 lmsum.
2783 1787 2896 1842 Hoc
2923 1790 3104 1844 audito
3132 1806 3253 1846 cum
3277 1791 3564 1862 stupefacti

309 1880 517 1944 clesiaa,
552 1880 638 1934 vel
668 1895 854 1936 eorum
895 1883 986 1950 qui
1032 1881 1276 1937 inﬁrmos
1310 1898 1436 1937 suos
1478 1883 1751 1953 ingerunt,
1805 1875 1888 1937 vel

311 1984 505 2023 eorum
550 1970 642 2039 qui
695 1972 919 2025 curandi
969 1979 1094 2026 sunt
1135 1973 1291 2027 ﬁdem
1319 2014 1332 2038 ,
1380 1974 1672 2028 sanitatum
1716 1974 1888 2029 virtus

312 2062 479 2115 etiam
520 2077 550 2116 a
577 2064 951 2131 peccatoribus
990 2065 1333 2136 indignisque
1376 2066 1636 2136 procedit.
1667 2066 1742 2120 De
1769 2066 1889 2135 qui-

313 2154 418 2206 bus
466 2153 726 2208 Dominus
774 2155 826 2208 in
876 2155 1167 2225 Evangelio
1201 2173 1214 2209 :
1247 2155 1426 2221 Multi,
1472 2156 1664 2224 inquit,
1715 2156 1888 2209 dicent

314 2241 443 2294 mihi
469 2243 524 2295 in
563 2242 656 2296 illa
682 2243 767 2298 die
796 2258 814 2295 :
844 2244 1096 2310 Domine,
1125 2247 1366 2312 Domine,
1396 2263 1564 2302 nonne
1589 2247 1645 2299 in
1683 2247 1890 2298 nomine

311 2338 405 2382 tuo
433 2331 870 2400 prophetarimus,
896 2334 1158 2387 dwmonia
1179 2335 1443 2404 ejecimus,
1492 2344 1538 2388 et
1565 2334 1758 2387 multas
1788 2335 1890 2386 vir-

313 2426 451 2470 tutes
479 2417 740 2486 fecimus?
767 2419 837 2473 Et
874 2430 997 2476 tunc
1027 2423 1312 2490 conﬁtebor
1332 2423 1437 2477 illis
1477 2425 1601 2493 quia
1627 2441 1729 2478 non
1772 2425 1889 2478 novi

314 2523 401 2558 vos
416 2520 434 2556 :
451 2507 700 2562 discedite
716 2527 747 2562 ιι
769 2526 867 2574 me,
885 2513 1111 2581 operarii
1125 2513 1416 2582 iniquitatis
1432 2512 1751 2582 (Mettium,
1774 2511 1884 2583 22).

315 2593 547 2664 Propter
573 2597 675 2650 hoc
718 2607 896 2651 autem
946 2607 999 2652 et
1041 2599 1333 2670 discipulos
1375 2600 1630 2654 monebat
1656 2600 1887 2656 dicens:

318 2683 501 2739 Nolite
521 2688 748 2756 gaudere
771 2689 912 2758 quod
934 2690 1195 2744 dtemonia
1215 2692 1358 2745 vobis
1379 2691 1610 2762 subjecta
1630 2701 1774 2757 sunt,
1801 2693 1892 2746 sed

317 2776 444 2845 quia
471 2778 681 2831 nomina
711 2789 877 2833 vestra
898 2781 1091 2850 scripta
1122 2791 1241 2834 sunt
1265 2783 1318 2835 in
1338 2781 1478 2835 caelis
1507 2781 1658 2851 (Luc.
1693 2798 1750 2848 Χ,
1777 2782 1888 2851 20).

320 2864 540 2921 Tertius
561 2869 899 2924 curationum
931 2873 1119 2927 modus
1147 2872 1311 2926 etiam
1333 2871 1566 2927 colludio
1590 2871 1893 2926 daemonum

318 2972 387 3012 ac
427 2957 660 3012 factione
689 2960 973 3015 simulatur
1003 2979 1016 3015 :
1050 2970 1112 3016 ut
1138 2963 1264 3017 dum
1295 2963 1456 3017 homo
1482 2964 1684 3032 apertis
1705 2963 1892 3017 crimi-

319 3046 483 3103 nibus
520 3047 684 3103 fuerit
704 3049 986 3120 obligatus,
1025 3058 1248 3122 propter
1271 3052 1686 3106 admirationem
1715 3053 1908 3123 signo-‘

321 3153 442 3191 rum
474 3147 693 3193 sanctus
717 3155 780 3194 ac
811 3140 906 3194 Dei
937 3156 1126 3197 servus
1149 3143 1433 3207 credatur;
1467 3142 1551 3197 vel
1577 3150 1724 3197 certe
1756 3151 1815 3196 ut
1846 3144 1892 3197 is

318 3229 414 3299 qui
450 3231 790 3284 curationum
820 3232 958 3286 dona
992 3234 1193 3288 habere
1222 3249 1281 3289 se
1319 3234 1513 3300 credit,
1548 3249 1647 3304 per
1703 3248 1892 3304 super-

318 3318 466 3372 biam
489 3320 668 3375 cordis
693 3320 866 3376 elatus
893 3324 1109 3392 gravius
1159 3323 1428 3378 elidatur?
1469 3323 1595 3378 Inde
1639 3331 1722 3378 est
1749 3323 1892 3392 quod

320 3409 583 3463 Dominus
610 3409 662 3463 in
687 3410 977 3482 Evangelio
1001 3413 1276 3483 loquitur:
1315 3413 1642 3485 Exsurgent,
1681 3413 1886 3482 inquit,

319 3499 729 3569 pseudocltristi,
771 3511 819 3555 et
867 3503 1357 3574 pseudoprophctte,
1405 3514 1453 3558 et
1496 3505 1695 3558 dabunt
1738 3505 1890 3574 signa

318 3607 513 3660 magna
537 3601 587 3645 et
613 3593 874 3663 prodigia,
904 3595 976 3648 ita
1002 3603 1058 3647 ut
1095 3596 1150 3647 in
1174 3611 1405 3649 errorem
1451 3596 1775 3648 inducantur
1798 3634 1812 3659 ,
1844 3595 1892 3647 si

316 3681 434 3746 fieri
458 3690 644 3749 potest,
687 3683 844 3736 etiam
871 3683 1018 3737 electi
1043 3683 1238 3755 (Marc.
1268 3701 1386 3749 xui,
1410 3684 1523 3754 22).
1556 3685 1893 3754 Quapropter

317 3785 596 3840 nunquam
634 3764 698 3826 de
745 3773 1106 3828 admiratione
1136 3774 1433 3845 signorum,
1466 3775 1561 3828 sed
1597 3775 1662 3828 de
1689 3781 1886 3828 ornatu

319 3877 532 3916 morum
559 3863 715 3918 debet
738 3866 877 3934 apud
906 3881 1005 3921 nos
1033 3881 1154 3921 esse
1177 3867 1465 3938 quisquam
1493 3866 1799 3921 laudabilis.
1823 3867 1891 3921 Et

319 3967 508 4006 revera
545 3952 717 4022 majus
746 3955 1064 4010 miraculum
1090 3965 1174 4011 est
1194 3957 1259 4012 de
1287 3956 1507 4027 propria
1541 3972 1706 4012 carne
1735 3955 1890 4010 fomi-

320 4052 429 4097 tem
483 4044 761 4100 eradicare
803 4045 1052 4113 luxuriae,
1091 4063 1252 4117 quam
1283 4048 1552 4118 expellere
1585 4049 1888 4104 immundos
1930 4101 1931 4104 η

317 4133 540 4202 spiritus
566 4135 632 4188 de
662 4135 851 4190 alienis
887 4139 1234 4207 corporibus;
1265 4146 1319 4192 et
1349 4137 1782 4208 magniﬁcentius
1811 4137 1887 4192 si-

317 4238 481 4290 gnum
514 4232 601 4278 est
641 4224 842 4280 virtute
884 4227 1156 4296 patientia:
1191 4228 1524 4283 truculentos
1563 4235 1739 4284 motus
1783 4228 1890 4282 ira-

317 4313 526 4367 cundia:
566 4329 818 4371 coercere
865 4332 1028 4385 quam
1063 4318 1394 4374 daemonibus
1426 4321 1692 4389 imperare
1719 4334 1784 4373 ac
1825 4319 1892 4374 de
1929 4346 1944 4358 ι

318 4401 509 4457 alienis
553 4405 869 4473 corporibus
909 4406 1252 4462 inﬁrmitates
1301 4409 1548 4478 pellere:
1581 4418 1636 4464 et
1676 4409 1891 4478 prmcel-

319 4494 432 4546 sior
475 4494 650 4548 virtus
694 4503 778 4549 est
821 4497 1014 4550 anima:
1049 4498 1281 4567 propriae
1310 4499 1624 4567 languorem
1671 4514 1880 4563 curare,

319 4599 478 4652 quam
509 4586 750 4654 corporis
775 4585 954 4641 alieni.
983 4587 1196 4653 Quanto
1220 4590 1364 4642 enim
1386 4589 1566 4643 anima
1606 4589 1887 4644 sublimior

319 4689 481 4728 carne
503 4683 608 4739 est,
641 4683 788 4729 tanto
805 4677 1152 4745 prazstantior
1177 4676 1293 4746 ejus
1317 4687 1370 4731 et
1392 4678 1537 4732 salus
1562 4686 1662 4732 est.
1687 4678 1755 4732 Et
1779 4694 1888 4733 ma-

313 4763 400 4830 jor
428 4778 640 4818 merces
662 4774 746 4820 est
770 4775 1106 4834 pcccatorem
1136 4768 1400 4822 suscitare
1432 4767 1498 4822 de
1530 4767 1694 4832 vitiis,
1724 4784 1886 4837 quam

320 4863 588 4909 mortuum
616 4858 682 4910 de
709 4857 976 4927 sepulcro.
1008 4857 1237 4927 Ideoque
1257 4874 1287 4911 a
1310 4860 1512 4914 sanctis
1541 4858 1789 4913 Patribus
1814 4859 1886 4913 si-

319 4959 545 5013 gnorum
589 4959 751 5014 opera
795 4962 1134 5016 nequaquam
1188 4947 1414 5018 legimus
1463 4947 1736 5014 allectata,
1793 4949 1887 5003 sed

319 5048 625 5104 quanquam
653 5051 716 5090 ea
738 5035 970 5104 Spiritus
997 5037 1169 5091 sancti
1184 5037 1357 5107 gratia
1378 5037 1735 5105 possiderent,
1753 5053 1890 5090 nun-

320 5140 478 5194 quam
501 5141 760 5182 exercere
789 5129 1094 5194 voluerunt,
1123 5129 1227 5183 nisi
1256 5127 1394 5183 forte
1422 5129 1746 5183 inevitabilis
1793 5144 1889 5182 ne-

320 5221 547 5276 cessitas
574 5221 695 5276 illos
715 5231 1069 5287 coarctasset,
1097 5232 1156 5277 ut
1178 5224 1392 5278 beatum
1439 5223 1752 5287 Macarium,
1799 5225 1892 5293 qui

322 5312 420 5365 luit
440 5313 732 5382 discipulus
758 5315 931 5369 sancti
957 5315 1196 5369 Antonii.
1235 5315 1388 5370 Hunc
1413 5317 1555 5370 enim
1587 5316 1763 5371 ferunt
1791 5317 1889 5370 ali-

321 5404 532 5470 quando
558 5419 681 5458 cum
706 5405 1050 5460 homicidium
1082 5405 1135 5458 in
1165 5405 1296 5459 locis
1330 5405 1523 5460 vicinis
1567 5404 1754 5459 fuisset
1794 5405 1890 5458 ad-

325 5491 565 5556 missum,
592 5501 647 5546 et
695 5493 966 5548 innocenti
1013 5495 1223 5548 cuidam
1269 5493 1654 5562 impingeretur
1682 5494 1887 5548 crimen

325 5581 621 5646 homicidii,
643 5597 768 5636 eum
795 5585 886 5652 qui
914 5585 1237 5638 calumniam
1263 5584 1564 5652 patiebatur
1588 5584 1889 5653 confugisse

326 5673 388 5726 ad
419 5673 538 5744 ejus
563 5675 808 5730 cellulam
841 5693 852 5727 :
885 5676 1116 5730 adfuisse
1148 5677 1309 5734 etiam
1359 5691 1452 5730 eos
1502 5677 1589 5744 qui
1628 5676 1883 5730 innocen-

1989 1890 2177 1929 omnes
2193 1875 2518 1930 decidissent
2541 1877 2593 1930 in
2611 1885 2834 1944 terram,
2858 1892 3184 1950 rogaverunt
3203 1881 3430 1952 pedibus
3450 1882 3566 1950 ejus

1988 1965 2224 2019 advoluti
2253 1974 2312 2019 ut
2357 1967 2719 2038 interrogaret
2765 1984 2889 2024 eum
2937 1987 2968 2025 a
2995 1987 3102 2042 quo
3145 1983 3288 2030 esset
3331 1975 3561 2031 occisus.

1990 2055 2141 2111 Tunc
2170 2056 2256 2111 ille
2285 2071 2299 2109 :
2331 2056 2463 2122 Hoc,
2489 2059 2586 2124 ait,
2638 2075 2746 2115 non
2781 2061 3159 2133 interrogabo;
3187 2065 3387 2121 sufﬁcit
3425 2083 3567 2122 nunc

1990 2148 2120 2202 mihi
2143 2156 2202 2203 ut
2237 2149 2497 2204 innocens
2523 2151 2801 2219 liberetur,
2854 2169 2961 2209 non
3004 2163 3089 2210 est
3129 2172 3304 2212 meum
3355 2167 3413 2212 ut
3439 2175 3564 2214 reus

1988 2241 2265 2311 prodatur.
2298 2243 2425 2298 Haec
2452 2245 2614 2314 igitur
2635 2247 2752 2316 ejus
2779 2248 2951 2303 virtus
2980 2257 3035 2304 et
3081 2251 3275 2320 gratia,
3305 2260 3565 2322 quantum

1990 2333 2042 2386 in
2082 2333 2197 2402 ipso
2225 2333 2347 2400 fuit,
2395 2336 2533 2391 forte
2574 2353 2785 2408 semper
2806 2340 3020 2405 lateret,
3049 2342 3154 2396 nisi
3181 2358 3302 2397 eum
3332 2345 3566 2397 necessi-

1993 2434 2077 2480 tas
2129 2427 2486 2494 periclitantis
2538 2429 2774 2486 hominis
2831 2439 2888 2486 et
2942 2448 3095 2487 amor
3137 2433 3382 2490 sincerus
3436 2450 3563 2506 erga

1991 2517 2265 2572 Christum
2324 2520 2428 2574 hoc
2493 2535 2749 2576 exercere
2817 2524 3134 2578 miraculum
3203 2525 3564 2595 compulisset.

1994 2607 2281 2663 Sciendum
2323 2611 2502 2678 itaque
2550 2621 2634 2666 est
2679 2613 2803 2682 quia
2848 2615 2988 2669 sicut
3029 2615 3314 2669 thesaurus
3349 2624 3568 2684 apertus

1993 2699 2100 2752 cito
2121 2699 2462 2769 expenditur,
2487 2702 2566 2756 sic
2579 2711 2632 2756 et
2654 2704 2826 2758 virtus
2847 2703 3119 2772 qurelibet,
3145 2719 3267 2758 cum
3299 2705 3568 2774 publicata

1993 2789 2174 2853 fuerit,
2224 2792 2710 2858 exterminabitur;
2741 2803 2796 2847 et
2847 2804 2906 2848 ut
2943 2809 3067 2848 cera
3104 2794 3330 2849 solvitur
3355 2811 3385 2848 a
3431 2794 3572 2849 facie

1993 2879 2154 2949 ignis,
2183 2881 2253 2935 ita
2279 2890 2333 2934 et
2362 2881 2540 2935 anima
2567 2881 2818 2938 laudibus
2855 2884 3089 2939 inaniter
3121 2883 3355 2938 exaltata
3387 2885 3566 2953 perdit

1994 2967 2254 3021 virtutum
2280 2969 2541 3038 vigorem.
2574 2969 2806 3026 Proinde
2834 2987 3058 3027 necesse
3085 2981 3171 3027 est
3206 2972 3482 3038 solitariis,
3507 2981 3568 3026 ut

1997 3058 2042 3112 si
2066 3059 2145 3112 eis
2167 3059 2424 3128 cujusque
2470 3061 2800 3117 conscientia
2827 3063 2954 3116 boni
2984 3063 3164 3132 operis
3189 3062 3371 3130 fuerit,
3394 3064 3568 3118 occul-

1997 3158 2111 3203 tent
2140 3150 2309 3214 illam,
2331 3159 2386 3205 et
2416 3167 2539 3206 cum
2591 3153 2770 3206 omnia
2801 3152 3028 3208 fecerint
3053 3169 3172 3224 qua:
3199 3153 3341 3208 Deus
3382 3154 3570 3222 praeci-

1946 3273 1949 3275 »
1994 3244 2094 3312 pit,
2137 3244 2361 3299 dicant:
2398 3243 2548 3300 Servi
2599 3243 2808 3300 inutiles
2856 3263 3036 3300 sumus
3085 3246 3234 3318 (Luc.
3290 3245 3564 3317 “11,10).

1996 3334 2236 3389 Virtutes
2269 3349 2481 3404 quoque
2511 3334 2557 3390 si
2580 3334 2720 3390 forte
2745 3336 2800 3390 in
2819 3351 2877 3391 se
2901 3351 3021 3391 esse
3049 3335 3337 3402 senserint,
3372 3335 3568 3391 sileant

1995 3439 2051 3484 et
2071 3429 2277 3496 celent;
2307 3431 2448 3485 Deus
2478 3431 2778 3501 divulgabit
2803 3446 2967 3499 opera
2995 3446 3205 3494 eorum,
3259 3437 3315 3484 et
3339 3430 3568 3484 adducet

1994 3519 2061 3572 ad
2083 3519 2338 3584 medium,
2363 3536 2485 3574 cum
2513 3520 2724 3573 venerit
2748 3519 3027 3584 Dominus,
3052 3520 3142 3588 qui
3171 3529 3217 3571 et
3252 3518 3568 3572 illuminabit

1993 3611 2299 3663 abscondita
2347 3611 2676 3663 tenebrarum
2696 3649 2710 3674 ,
2747 3618 2796 3662 et
2839 3609 3188 3678 manifestabit
3214 3607 3432 3662 consilia
3458 3624 3570 3662 cor-

1991 3699 2136 3752 dium
2159 3715 2177 3752 :
2199 3709 2247 3752 et
2269 3708 2390 3752 tunc
2413 3699 2530 3752 laus
2555 3701 2650 3752 erit
2676 3700 2953 3769 unicuique
2971 3716 3004 3752 α
3023 3698 3134 3752 Deo
3157 3698 3206 3770 (I
3231 3697 3351 3753 Cor.
3383 3713 3457 3764 Iv,
3475 3695 3565 3768 5);

1993 3797 2122 3843 tunc
2156 3789 2343 3843 reddet
2370 3789 2598 3859 singulis
2624 3789 2920 3844 secundum
2940 3803 3102 3858 opera
3128 3804 3242 3844 sua.

2562 3897 2790 3954 CAPUT
2828 3898 3011 3952 LXIX.

1994 3967 2060 4022 Ut
2086 3969 2313 4023 solitarii
2333 3978 2444 4039 post
2470 3969 2814 4039 retrusionem
2844 3970 2912 4023 ad
2939 3967 3245 4039 sa’cularem
3285 3968 3440 4039 vitam
3467 3969 3562 4022 mi-

2097 4040 2234 4094 nime
2265 4037 2512 4103 redeant;
2540 4048 2588 4092 et
2615 4038 2679 4092 de
2702 4039 3085 4109 perseverantia
3111 4038 3230 4092 boni
3265 4037 3454 4106 operis.

2063 4130 2409 4186 Contrarium
2439 4139 2524 4186 est
2572 4131 2794 4186 omnino
2825 4129 3202 4186 ecclesiasticis
3241 4129 3460 4202 regulis,
3502 4139 3561 4184 ut

1992 4224 2220 4279 solitarii
2250 4231 2373 4294 post
2413 4225 2792 4288 retrusionem,
2831 4240 2992 4280 causa
3019 4225 3266 4280 elationis
3289 4224 3374 4280 vel
3401 4239 3565 4294 nego-

1993 4316 2254 4380 tiationis,
2277 4316 2343 4370 ad
2371 4315 2624 4371 saeculum
2639 4316 2802 4371 veluti
2825 4316 3004 4384 praeda
3019 4316 3320 4370 daemonum
3345 4315 3474 4371 facti
3489 4317 3565 4370 in-

1995 4397 2222 4461 feliciter
2247 4408 2491 4462 redeant.
2521 4407 2657 4462 Nam
2685 4423 2844 4476 quam
2865 4423 3027 4477 grave
3051 4407 3257 4462 crimen
3289 4408 3560 4463 solitarius

1993 4504 2322 4564 apostatare,
2351 4497 2456 4552 hoc
2479 4506 2582 4562 est,
2615 4513 2645 4550 a
2667 4498 2835 4567 priori
2865 4497 3139 4567 proposito
3165 4497 3438 4561 recedere,
3466 4497 3566 4552 Do-

1993 4588 2174 4644 minus
2205 4589 2261 4642 in
2317 4589 2608 4658 Evangelio
2661 4597 2936 4643 testatur:
2971 4587 3162 4651 Nemo,
3210 4588 3306 4652 ait,
3356 4589 3564 4643 mittens

1992 4694 2206 4731 manum
2257 4694 2406 4731 suam
2460 4679 2515 4730 in
2562 4687 2765 4741 aratro,
2815 4687 2863 4730 ct
2913 4679 3189 4747 respiciens
3222 4685 3380 4742 retro,
3409 4685 3562 4746 aptus

1991 4777 2066 4821 est
2110 4784 2264 4838 regno
2299 4767 2396 4820 Dei
2431 4766 2580 4836 (Luc.
2607 4783 2683 4829 rx,
2735 4765 2844 4837 62).
2880 4767 3017 4820 llinc
3051 4765 3246 4819 Paulus
3285 4765 3560 4833 apostolus

1992 4858 2070 4910 ait
2112 4875 2124 4910 :
2159 4857 2327 4910 Nemo
2357 4856 2588 4909 militans
2621 4855 2731 4908 Deo
2760 4855 2988 4925 implicat
3016 4873 3070 4909 se
3116 4855 3331 4924 negotiis
3357 4853 3559 4918 swculi,

1992 4957 2049 5001 ut
2092 4949 2139 5002 ei
2165 4947 2368 5017 placeat
2398 4948 2481 4999 cui
2529 4964 2582 4999 se
2610 4947 2845 5015 probavit
2899 4946 2979 5017 (11
3008 4946 3140 5000 Tim.
3201 4962 3260 5012 Il,
3314 4946 3390 5017 5).
3443 4946 3560 5002 Non

1990 5037 2134 5091 enim
2160 5037 2297 5091 liber
2309 5044 2391 5090 est
2418 5053 2448 5089 a
2472 5035 2677 5105 laqueis
2699 5035 2914 5098 diaboli,
2939 5035 3030 5104 qui
3055 5051 3112 5089 se
3131 5035 3362 5105 negotiis
3375 5035 3560 5088 mundi

1989 5136 2112 5196 post
2149 5127 2505 5181 retrusionem
2556 5124 2789 5180 voluerit
2819 5124 3116 5192 implicare.
3151 5123 3368 5178 Talibus
3415 5124 3559 5178 enim

1992 5217 2244 5271 convenit
2278 5216 2368 5270 illa
2418 5215 2564 5270 beati
2617 5214 2760 5267 Petri
2800 5228 2928 5268 vera
2957 5223 3013 5267 et
3062 5213 3288 5267 multum
3319 5213 3553 5268 timenda

1993 5305 2295 5359 sententia:
2332 5303 2520 5358 Melius
2569 5305 2707 5356 enim
2749 5303 2854 5357 illis
2903 5303 3074 5378 fuerat
3114 5305 3250 5358 viam
3297 5305 3417 5356 vita:
3456 5320 3562 5357 non

1990 5412 2290 5466 agnoscere,
2319 5411 2478 5464 quam
2501 5405 2617 5466 post
2658 5397 2890 5465 agnitum
2935 5406 3218 5449 retrorsum
3242 5396 3424 5448 reverti
3473 5394 3557 5466 (11

1993 5487 2136 5541 Petr.
2170 5501 2230 5551 ιι,
2257 5486 2369 5555 21).
2393 5485 2460 5539 Et
2488 5487 2683 5540 iterum
2717 5506 2728 5539 :
2759 5485 2917 5541 Canis
2945 5504 3175 5541 reversus
3204 5490 3274 5540 ad
3310 5490 3555 5541 vomitum

1990 5595 2175 5642 suum,
2200 5589 2245 5630 et
2276 5595 2364 5631 sus
2388 5577 2494 5630 lota
2549 5581 2604 5631 in
2645 5579 2913 5632 volutabro
2940 5580 3036 5632 luti
3060 5579 3243 5650 (lbid.,
3273 5597 3318 5632 v.
3353 5580 3464 5647 22).
3497 5582 3556 5633 Si

1992 5672 2110 5738 quis
2147 5687 2273 5738 ergo
2296 5671 2552 5724 suadente
2577 5670 2788 5722 diabolo
2819 5671 2933 5724 ha'c
2960 5671 3213 5739 perﬁcere
3237 5672 3552 5724 teutaverit.
