3974 6192
413 255 516 312 665

1415 252 1474 306 S.
1513 250 1876 307 BENEDlCTl
1912 248 2203 304 ABBATIS
2240 248 2644 303 ANIANENSLS
3552 253 3640 309 661

409 370 514 425 nisi
542 369 865 425 inevitabilis
904 368 1198 424 necessitas
1242 381 1365 421 eum
1394 366 1738 436 compulerit,
1768 379 1986 420 excom-
2011 368 2063 426 Α
2088 362 2281 418 lubrici
2310 372 2437 417 sunt
2482 363 2661 418 exitus
2706 362 2832 417 vitae
2872 360 3173 427 hominum,
3218 362 3352 418 sicut
3384 379 3482 434 per
3510 365 3651 423 Salo-

410 459 714 513 municetur
737 455 1062 511 omnimodis
1091 455 1159 508 ab
1178 454 1428 525 episcopo
1455 469 1572 517 suo,
1597 453 1683 508 vel
1716 469 1748 507 a
1772 452 1985 508 caeteris

411 548 670 618 praelatis,
697 560 976 616 quousque
997 544 1064 599 ad
1076 544 1226 613 prius
1250 544 1586 614 propositum
1614 543 1820 609 redeat,
1842 542 1986 613 quod

409 646 631 709 propter
660 637 826 692 Deum
857 637 1110 706 primitus
1138 637 1394 707 elegerat.
1420 635 1537 691 Non
1560 636 1706 691 enim
1724 636 1987 706 quaeritur

413 725 468 779 in
501 724 759 779 solitariis
782 724 998 779 initium
1043 725 1168 780 boni
1196 724 1406 794 operis,
1437 725 1533 780 sed
1558 723 1711 789 ﬁnis;
1740 723 1866 792 quia
1918 724 1987 777 de

412 819 519 872 tine
533 832 630 873 suo
656 817 1024 887 unusquisque
1039 815 1392 885 judicabitur,
1410 831 1518 870 non
1543 816 1609 870 de
1627 816 1739 870 vita
1762 822 1987 885 praeter-

412 908 507 973 ita,
538 907 749 962 dicente
786 907 1013 961 Domino
1046 922 1144 976 per
1164 907 1491 976 Proplietam
1524 924 1537 959 :
1572 903 1793 970 Qualem
1824 913 1873 958 te
1902 904 1986 958 in-

410 1013 615 1061 venero,
640 996 798 1050 talem
836 1006 884 1050 te
896 996 1150 1067 judicabo
1175 995 1390 1067 (Ezech.
1419 1011 1520 1062 vn,
1648 984 1788 1049 Sunt
1812 994 1981 1059 enim,

413 1087 556 1155 quod
581 1086 734 1157 pejus
761 1095 866 1148 est,
893 1087 985 1155 qui
1022 1087 1158 1141 bene
1184 1086 1472 1156 incipiunt,
1499 1085 1594 1140 sed
1617 1084 1758 1138 male
1789 1084 1986 1138 ﬁniunt

417 1180 905 1244 conversationem,
936 1186 995 1233 ut
1024 1176 1208 1242 Judas,
1242 1178 1333 1247 qui
1361 1179 1498 1233 bene
1523 1177 1707 1246 coepit,
1731 1176 1827 1232 sed
1849 1175 1987 1230 male

415 1269 591 1322 linivit
618 1283 632 1322 :
662 1277 717 1323 et
745 1268 943 1323 Paulus
983 1269 1123 1322 male
1148 1268 1333 1338 coepit,
1365 1268 1461 1322 sed
1484 1268 1622 1322 bene
1647 1266 1839 1321 ﬁnivit.
1869 1265 1989 1322 Cm-

412 1359 560 1429 pisse
582 1358 725 1413 enim
748 1358 1036 1412 multorum
1065 1366 1166 1421 est,
1200 1359 1293 1412 sed
1324 1358 1538 1412 culmen
1567 1355 1867 1427 perfectum
1903 1363 1988 1411 at-

415 1450 601 1521 tigisse
632 1463 877 1503 rarorum
898 1456 999 1503 est.
1028 1447 1154 1502 Ideo
1179 1463 1284 1501 non
1309 1446 1685 1516 insipientibus
1706 1446 1989 1516 praemium

411 1539 773 1610 promittitur,
800 1538 892 1594 sed
917 1539 1393 1609 perseverantibus
1419 1539 1596 1603 datur,
1640 1537 1853 1592 dicente
1878 1536 1987 1592 Du-

418 1629 566 1683 niino
595 1647 609 1682 :
643 1628 748 1694 Qui
775 1629 1176 1699 perseveraverit
1217 1645 1380 1699 usque
1418 1629 1473 1682 in
1498 1628 1676 1697 ﬁnem,
1702 1628 1786 1681 hic
1814 1626 1989 1682 salvus

2090 466 2306 507 monem
2339 451 2535 506 dicitur
2569 470 2581 505 :
2618 451 2799 505 Nescit
2822 452 2975 505 homo
3007 460 3183 504 utrum
3226 468 3402 506 amore
3436 471 3507 507 an
3541 456 3653 510 odia

2088 544 2277 613 dignus
2305 544 2408 607 sit;
2433 541 2524 595 sed
2553 542 2731 595 omnia
2760 543 2815 595 in
2861 542 3045 611 futuro
3091 553 3420 596 reservantur
3465 545 3655 600 incerta

2090 634 2277 706 (Eccli.
2309 650 2360 688 rx
2384 675 2399 699 ,
2429 633 2504 705 l).
2535 632 2769 703 Ideoque
2796 648 2958 688 nemo
2987 632 3056 689 de
3082 634 3369 703 praeteritis
3416 634 3489 689 sit
3512 650 3661 691 secu-

2089 742 2202 793 rus,
2240 728 2367 797 quia
2389 726 2636 797 quamvis
2666 725 3034 782 solitariorum
3056 726 3395 780 conversatio
3418 725 3659 795 probabi-

2087 819 2156 874 lis
2184 820 2273 882 sit,
2311 818 2577 872 incertum
2607 824 2786 872 tamen
2814 826 2898 871 est
2932 816 3240 871 hominibus
3262 832 3373 886 quo
3397 817 3507 871 sint
3552 818 3655 874 ﬁne

2089 906 2359 960 destinati.
2396 905 2547 959 Tunc
2567 905 2712 958 enim
2739 903 2869 959 felix
2891 913 2947 958 et
2965 905 3118 959 beata
3144 919 3332 959 eorum
3362 906 3654 971 inchoatio,

2089 1005 2145 1053 et
2172 1005 2301 1051 tunc
2322 995 2499 1066 placet
2526 995 2637 1049 Deo
2675 1008 2864 1051 eorum
2907 997 3267 1061 conversatio,
3292 996 3424 1051 dum
3462 997 3659 1066 absque

2089 1085 2196 1140 ullo
2224 1086 2426 1141 erroris
2458 1085 2858 1141 titubationisve
2880 1085 3162 1157 naufragio
3215 1087 3284 1142 ad
3322 1093 3565 1156 optatum
3597 1086 3656 1142 ii-

2090 1193 2212 1232 nem
2260 1175 2754 1247 perfectionemque
2806 1192 3068 1247 prospero
3112 1192 3274 1233 cursu
3324 1178 3655 1246 perveniunt.

2091 1268 2427 1338 Quapropter
2456 1268 2710 1324 studeant
2730 1267 2956 1323 solitarii
2985 1269 3128 1324 hanc
3147 1269 3410 1338 Regulam
3434 1270 3661 1345 breviter

2091 1361 2157 1415 de
2198 1369 2507 1414 sanctarum
2558 1359 2780 1415 ﬂoribus
2828 1359 3232 1429 Scripturarum
3282 1357 3584 1427 collectam,
3612 1371 3665 1415 et

2091 1460 2401 1506 sanctorum
2431 1450 2651 1504 Patrum
2680 1450 2940 1519 exemplis
2965 1451 3091 1506 hinc
3115 1449 3239 1504 inde
3264 1451 3551 1516 munitam,
3581 1466 3658 1507 se-

2093 1541 2216 1597 dula
2243 1540 2596 1596 meditatione
2616 1540 2916 1610 perlegere,
2940 1547 2994 1595 et
3020 1554 3119 1609 per
3139 1538 3349 1609 singula
3376 1539 3538 1593 verba
3559 1540 3662 1594 dis-

2092 1641 2299 1695 cutere,
2332 1645 2396 1684 ac
2438 1629 2711 1684 memoriae
2761 1629 3163 1694 commendare,
3193 1635 3250 1683 et
3278 1627 3466 1683 divina
3517 1629 3663 1682 auxi-

415 1718 514 1772 erit
539 1717 754 1790 (Matth.
791 1735 846 1785 x,
898 1736 1010 1774 χχιι
1036 1728 1086 1773 et
1112 1735 1262 1785 xxiv,
1290 1719 1398 1789 15).
1432 1718 1488 1773 Si
1515 1728 1696 1773 autem
1722 1719 1997 1774 solitarius
2023 1713 2070 1771 Β
2097 1725 2266 1779 liante
2298 1723 2492 1795 gratia,
2518 1723 2673 1793 juxta
2726 1721 2871 1776 vires
2917 1719 3232 1790 adimplere,
3278 1728 3549 1789 quatenus
3598 1719 3660 1773 ad

417 1809 613 1878 aliquis
659 1809 780 1864 ideo
815 1825 1067 1865 securum
1097 1825 1157 1866 se
1198 1818 1355 1880 putat
1381 1810 1449 1864 de
1478 1809 1718 1864 solitaria
1756 1810 1867 1863 vita
1896 1809 1996 1864 ali-

2096 1816 2341 1871 eamdem
2364 1814 2591 1885 gloriam
2613 1814 2827 1868 valeant
2852 1812 3140 1883 pervenire
3160 1827 3323 1882 quam
3357 1827 3459 1866 nec
3485 1810 3663 1866 oculus

417 1900 635 1969 quando
659 1915 818 1969 Posse
838 1899 1139 1966 discedere:
1166 1901 1309 1969 (ἰυοά
1338 1899 1393 1953 in
1422 1899 1540 1968 ίυεο
1560 1899 1839 1969 ΡΓΟΡοείῑο
1861 1897 1997 1952 bene
2096 1908 2251 1981 vidit,
2279 1921 2378 1962 nec
2400 1905 2555 1964 .auris
2580 1904 2803 1970 audivit,
2828 1918 2928 1958 nec
2949 1904 3005 1958 in
3036 1918 3131 1959 cor
3146 1902 3384 1957 hominis
3407 1900 3661 1963 ascendit,

420 1996 739 2059 cucurrerit,
789 1996 932 2064 quod
961 1995 1035 2050 ibi
1076 1995 1304 2050 multum
1351 1995 1703 2061 laboraverit,
1737 1996 1826 2050 hic
1877 1995 1999 2049 talis
2097 2014 2258 2068 quam
2280 1997 2606 2068 pneparavit
2630 1998 2773 2052 Deus
2801 1995 3148 2067 diligentibus
3176 2010 3235 2048 se
3258 1993 3310 2064 (Ι
3338 1993 3469 2048 Cor.
3492 2009 3555 2056 ιι,
3584 1991 3663 2061 9);

421 2083 532 2152 agit
558 2100 622 2139 ac
657 2085 701 2139 si
727 2085 919 2154 aliquis
947 2094 1226 2141 oneratam
1252 2086 1522 2142 mercibus
1552 2087 1734 2141 navim
1768 2101 1799 2139 a
1835 2095 1994 2156 portu
2100 2090 2217 2159 ipso
2246 2088 2543 2157 opitulante
2590 2087 2684 2157 qui
2713 2087 2848 2141 vivit
2889 2094 2945 2141 ct
2968 2093 3157 2161 regnat
3182 2086 3325 2140 Deus
3354 2098 3457 2153 per
3499 2082 3666 2136 omnia

423 2173 615 2239 solvat,
655 2184 709 2228 et
732 2178 1035 2245 tempestati
1061 2177 1258 2243 tradat,
1300 2186 1355 2232 et
1378 2178 1445 2232 ad
1474 2177 1722 2248 scopulos
1768 2185 1822 2231 et
1870 2193 2000 2233 saxa
2101 2178 2298 2234 saecula
2323 2177 2663 2233 srcculorum.
2700 2177 2894 2232 Amen.

425 2270 762 2337 detorqueat.
796 2267 895 2323 Hic
940 2269 1062 2324 talis
1111 2271 1291 2323 videat
1319 2285 1481 2338 quam
1520 2269 1710 2323 incerti
1753 2278 1809 2323 et
1835 2284 1996 2338 quam

2452 2266 2680 2339 Explicit
2714 2267 2912 2338 Regula
2940 2266 3330 2323 Solitariorum.

432 2405 2965 2421 ________________________.___________________
3194 2407 3203 2429 ,
3242 2399 3664 2431 Σεπ-

949 2532 1390 2688 CODIGIS
1470 2533 2190 2687 REGUMRUM
2265 2531 2561 2685 PARS
2669 2531 3132 2683 TERTIA.

1084 2800 1508 2879 REGULZE
1581 2800 1718 2877 ss.
1803 2797 2238 2879 PATRUM
2311 2797 2443 2874 ΔΙ)
2518 2776 3034 2876 VIBGINES.

1658 3197 2106 3257 HlPPONENSlS
2142 3196 2448 3253 EPISCOPI

554 3305 938 3369 EPISTOLA
983 3307 1122 3369 CIX
1156 3349 1172 3382 ,
1215 3309 1601 3371 REGULAM
1643 3308 2422 3371 SANCTIMONIALIBUS
2479 3307 3057 3370 PRJESCRIPTAM
3100 3301 3565 3366 CONTINENS.

1340 3435 1528 3506 (Vide
1555 3434 1937 3514 Patrologiw
1968 3442 2114 3496 tom.
2148 3432 2459 3509 XXXIII,
2490 3432 2611 3493 col.
2646 3432 2816 3510 958.)

442 3561 3650 3594 ________________________________________________

1820 3616 2303 3727 SANCTORUM

914 3827 1515 3944 CAESARII
1557 3910 1595 3972 ,
1687 3828 2446 3947 AURELIANI
2498 3905 2537 3970 ,
2629 3823 3231 3967 DONATI,

781 4007 1281 4095 ARELATENSIS,
1321 4031 1486 4086 lTEM
1522 4029 2005 4087 ARELATENSIS
2040 4030 2147 4087 ET‘
2169 4026 2763 4087 VESONTIONENSIS
2802 4021 3315 4086 EPISCOPORUM,

1340 4176 1857 4262 REGULIE
1935 4173 2090 4259 AD
2163 4174 2763 4261 VIRGINES.

450 4305 623 4386 (Vide
656 4305 1036 4388 Patrologiae
1078 4318 1225 4373 tom.
1262 4312 1521 4386 LXVII,
1553 4313 1673 4374 col.
1709 4314 1900 4388 1103;
1927 4319 2075 4376 tam.
2100 4313 2397 4386 LXVIII,
2430 4310 2551 4374 col.
2586 4312 2744 4385 399;
2774 4318 2921 4371 tom.
2955 4304 3332 4377 LXXXVII,
3366 4304 3491 4365 col.
3526 4294 3677 4370 2‘73.)

452 4430 3672 4469 _________________________________________.

929 4545 1435 4676 CUIUSDAM
1517 4547 1902 4676 PATRIS
1980 4545 2381 4673 BEGULA
2460 4545 2595 4670 ΑΙ)
2683 4539 3198 4668 VIRGINES.

1273 4733 1447 4814 (Vide
1472 4732 1855 4813 Patrologia:
1888 4739 2035 4792 tom.
2070 4728 2486 4801 LXXXVIII,
2517 4727 2641 4788 col.
2675 4725 2877 4805 1151.)

458 4859 3682 4905 Μ

978 4993 1492 5109 SANCTI
1567 4986 2177 5104 LEANDRI
2252 4934 3167 5099 HISPALENSIS

1768 5189 2391 5298 REGULA

495 5391 677 5457 SlVE
715 5394 818 5457 DE
860 5390 1419 5454 INSTITUTIONE
1461 5384 2040 5524 VIRGlNggll‘gRTF

2090 5381 2547 5522 iOEl'ggbgPTU
2588 5379 2875 5452 MUNDI,
2925 5380 3034 5441 AD
3074 5367 3642 5439 FLORENTINAM

1408 5592 1578 5670 (Vide
1607 5588 1982 5667 Pntrologim
2016 5596 2162 5647 tom.
2206 5583 2465 5657 LXXII,
2500 5582 2619 5644 col.
2653 5577 2812 5658 871.)
