3974 6192
176 311 278 366 669

638 306 866 363 CODEX
907 305 1345 364 REGULARUM
1382 308 1750 364 APPENDIX.
1788 310 2093 366 EXIIORT.
2133 312 2225 368 AD
2264 314 2570 371 MONACH.
2612 317 2700 372 ET
2741 319 2925 374 VlRG.

3321 322 3433 376 (ΠΟ

170 426 315 480 illius
342 420 567 476 honoris
595 435 926 482 accrescere,
959 422 1136 477 sciens
1173 425 1434 493 scriptum
1473 441 1486 476 :
1521 421 1578 476 Si
1616 422 1753 476 enim
1780 427 1829 484 Α
1856 425 2081 493 sumpsi.
2115 425 2248 479 Nam
2274 427 2352 482 sic
2375 428 2451 481 ait
2473 429 2760 498 Apostolus
2795 449 2807 484 :
2836 431 3028 488 Zelans
3059 451 3143 488 vos
3176 436 3308 500 zelo,
3339 438 3433 491 de—

169 516 500 588 glori/icatur
529 529 689 566 unum
713 514 1020 580 membrum,
1045 516 1371 586 congaudent
1399 515 1572 568 omnia
1593 530 1754 566 mem-

169 607 298 670 bra;
325 621 415 658 vos
443 613 614 656 autem
642 603 766 656 estis
787 620 972 674 corpus
996 603 1190 659 Christi
1216 615 1261 659 et
1286 605 1516 659 membra
1549 603 1600 677 (1
1627 603 1751 657 Cor.

170 703 304 773 xvi).
325 700 458 754 Nam
483 699 787 768 quicunque
815 698 1046 768 aliquem
1071 709 1309 753 vestrum
1332 698 1756 768 diligit,-omncm

166 793 488 862 dignitatem
517 789 645 852 Deo,
688 789 740 841 in
767 804 928 857 quem
969 803 1064 842 vos
1092 787 1270 849 coitis,
1304 787 1548 842 ascribit.
1575 786 1631 839 ln
1655 785 1757 840 hoc

166 885 300 939 mite
335 880 608 940 silentium
634 879 845 948 placet;
887 877 940 933 in
967 879 1068 933 hoc
1097 878 1384 933 affabilitas
1408 878 1607 930 blanda
1638 877 1758 931 dili-

167 977 314 1044 gitur
348 992 361 1026 :
391 974 536 1027 hunc
565 971 716 1026 rudis
750 979 805 1025 et
834 970 1017 1024 innata
1048 970 1383 1040 simplicitas,
1414 970 1558 1023 hunc
1583 968 1759 1022 scien-

168 1065 240 1118 tia
288 1063 505 1118 erudita
547 1061 887 1116 commendat
936 1075 950 1114 :
1001 1057 1160 1126 hujus
1205 1059 1259 1112 in
1303 1056 1492 1128 jejunii
1529 1055 1759 1126 jugitate

167 1153 430 1223 patientia
452 1192 466 1217 ,
498 1150 659 1220 hujus
700 1151 752 1203 in
785 1149 1123 1202 abstinentia:
1157 1149 1358 1202 virtute
1393 1154 1753 1212 contemptus,

170 1241 326 1311 hujus
351 1242 404 1296 in
437 1240 684 1295 lectionis
706 1237 1022 1292 assiduitate
1045 1237 1302 1292 sedulitas
1323 1252 1421 1305 pro
1452 1235 1756 1288 divinorum

172 1346 461 1386 munerum
503 1329 811 1384 diversitate
858 1327 1126 1381 laudatur.
1188 1325 1317 1380 Ηιιιε
1362 1335 1567 1390 autem,
1619 1325 1760 1378 sicut

170 1422 429 1491 scriptum
460 1428 563 1484 est,
596 1429 844 1489 operatur
871 1435 1004 1471 unus
1033 1428 1186 1488 atque
1214 1416 1349 1469 idem
1387 1415 1600 1486 spiritus
1626 1415 1760 1468 divi-

170 1511 293 1566 dens
342 1507 565 1579 singulis
609 1517 764 1576 prout
809 1505 938 1560 vult.
983 1504 1128 1560 Sicut
1170 1505 1306 1558 enim
1363 1521 1550 1573 corpus
1596 1520 1758 1557 unum

171 1598 402 1653 membra
431 1597 584 1651 habet
608 1596 808 1658 multa,
849 1596 1026 1648 omnia
1060 1605 1234 1647 autem
1270 1593 1498 1647 membra
1537 1593 1601 1646 de
1639 1609 1757 1646 cor-

169 1708 288 1761 pore
320 1706 428 1743 uno
471 1705 585 1741 cum
621 1689 725 1742 sint
753 1686 946 1751 multa,
981 1702 1168 1756 corpus
1205 1701 1367 1737 unum
1405 1693 1526 1736 sunt
1558 1699 1575 1736 :
1608 1684 1682 1736 ita
1707 1691 1757 1736 et

1853 515 2038 583 spondi
2067 532 2152 569 vos
2181 516 2273 569 uni
2307 518 2432 570 viro.
2455 520 2704 588 virginem
2735 531 2930 575 castam
2959 524 3196 578 exhibere
3229 525 3434 580 Christo

1856 602 1942 674 (ΙΙ
1970 602 2092 658 Cor.
2121 621 2196 670 χι,
2237 605 2315 676 2).
2351 605 2541 661 Sciens
2582 609 2841 678 scriptum
2877 624 2997 665 esse
3030 627 3043 664 :
3081 612 3204 666 Non
3231 615 3434 683 ponatis

1856 693 2193 762 o/fensionem
2235 696 2313 750 vel
2353 698 2661 751 scandalum
2695 700 2851 768 fratri
2882 700 3060 771 (Rom.
3089 720 3198 767 xxv,
3229 703 3336 775 15).
3368 705 3434 759 Ει

1856 781 2052 836 iterum
2086 802 2097 836 :
2125 782 2248 838 Sine
2286 786 2570 854 offensione
2593 799 2752 842 estote
2783 789 2987 844 Judwis
3018 803 3064 846 et
3091 794 3325 863 gentibus
3345 835 3358 858 ,
3387 805 3434 849 et

1855 870 2109 927 Ecclesia:
2141 875 2236 928 Dei
2269 876 2329 948 (Ι
2354 877 2476 931 Cor.
2501 895 2622 944 xm,
2653 881 2774 952 52).
2802 883 2870 936 Et
2901 885 3094 940 iterum
3128 904 3140 940 :
3177 886 3299 942 Non
3326 887 3432 942 bla-

1855 963 2152 1030 sphemetur
2188 965 2378 1020 bonum
2419 980 2655 1024 nostrum
2702 970 2892 1041 (Rom.
2933 992 3049 1042 xw,
3095 978 3214 1046 16).
3250 979 3315 1032 Et
3343 981 3439 1035 ite-

1856 1066 1975 1105 rum
2005 1067 2020 1105 :
2051 1051 2118 1106 Ut
2158 1056 2286 1124 quid
2330 1055 2543 1112 libertas
2590 1071 2766 1114 nostra
2803 1062 3076 1131 judicetur
3123 1067 3186 1118 ab
3237 1068 3437 1135 inﬁdeli

1855 1144 2171 1199 conscientia
2194 1146 2247 1218 (I
2277 1146 2399 1202 Cor.
2437 1167 2492 1214 χ,
2519 1151 2644 1223 29)?
2669 1153 2735 1206 Et
2775 1153 2970 1208 iterum
3002 1174 3014 1207 :
3051 1156 3239 1210 Omnia
3266 1169 3437 1211 autem

1856 1243 2026 1288 vestra
2065 1236 2279 1291 honesta
2326 1239 2460 1308 ﬁant
2511 1240 2574 1312 (I
2613 1242 2734 1297 Cor.
2778 1260 2904 1308 le,
2935 1245 3057 1316 40).
3098 1245 3165 1299 Ει
3203 1247 3437 1301 iterum:

1858 1322 2292 1383 Commendantes
2333 1333 2670 1401 nosmetipsos
2716 1335 2770 1387 in
2817 1351 3019 1388 onmem
3070 1337 3440 1390 conscientiam

1857 1415 2126 1469 hominum
2171 1434 2350 1470 coram
2392 1419 2500 1472 Deo
2528 1419 2612 1488 (II
2656 1419 2778 1474 Cor.
2831 1439 2904 1486 tv,
2952 1423 3028 1491 2).
3078 1424 3144 1476 Et
3183 1425 3380 1479 iterum
3426 1445 3437 1479 :

1861 1503 2239 1560 Provideamus
2277 1507 2413 1561 bona
2452 1526 2556 1562 non
2593 1509 2759 1563 solum
2788 1528 2963 1564 coram
2993 1512 3100 1566 Deo
3123 1552 3137 1577 ,
3167 1515 3256 1568 sed
3286 1516 3442 1569 etiam

1859 1613 2039 1650 coram
2075 1597 2370 1652 hominibus
2403 1598 2591 1670 (Rom.
2633 1617 2734 1665 xu,
2758 1601 2878 1673 47).
2911 1601 2978 1655 Et
3017 1603 3210 1656 iterum
3241 1618 3255 1656 :
3291 1603 3359 1658 Ut
3399 1606 3444 1660 is

1861 1686 1950 1756 qui
1973 1702 2039 1738 ea:
2069 1685 2285 1740 adverso
2313 1697 2387 1740 est
2415 1688 2786 1756 confundatur,
2826 1689 2958 1743 nihil
2989 1691 3183 1745 habens
3210 1692 3273 1746 de
3297 1693 3444 1748 nobis

171 1781 430 1836 Christus.
473 1777 664 1832 Omnes
709 1777 844 1829 enim
885 1794 976 1829 nos
1003 1776 1056 1828 in
1083 1793 1244 1829 unum
1282 1791 1468 1843 corpus
1511 1772 1758 1843 baptizati
1785 1763 1832 1822 B
1860 1776 2031 1831 dicere
2066 1777 2192 1830 mali
2221 1777 2347 1847 (Tit.
2381 1795 2443 1842 ιι,
2470 1778 2546 1849 8).

169 1891 350 1928 sumus
376 1871 430 1944 (Ι
455 1870 576 1926 Cor.
619 1886 716 1936 ιιι,
743 1871 841 1935 10,
874 1869 949 1940 8).
979 1869 1186 1937 Singuli
1212 1869 1366 1923 vobis
1392 1868 1616 1938 potestis
1643 1881 1760 1920 om-

172 1965 318 2018 nium
348 1964 616 2017 bonorum
643 1977 907 2015 summam
939 1975 1286 2029 praesumere,
1316 1958 1361 2012 si
1387 1959 1564 2012 nullus
1594 1971 1652 2011 se
1681 1957 1760 2011 in-

168 2055 332 2125 cipiat
364 2055 420 2108 in
462 2070 528 2110 eo
567 2054 708 2124 quod
746 2054 901 2107 alteri
935 2053 1194 2123 prmcellit
1231 2052 1445 2106 efferre.
1487 2050 1595 2105 Sed
1636 2066 1759 2104 cum

170 2159 260 2198 vos
282 2145 522 2198 invicem
554 2160 696 2200 nexu
723 2145 960 2198 astricta:
991 2143 1274 2198 charitatis
1299 2142 1600 2206 arctabitis,
1629 2148 1761 2195 tunc

171 2249 260 2289 eos
287 2235 386 2304 qui
413 2233 548 2289 foris
578 2242 734 2300 sunt,
773 2242 830 2288 et
864 2235 916 2287 in
948 2233 1193 2288 szeculari
1233 2233 1411 2286 adhuc
1449 2240 1571 2286 actu
1605 2247 1761 2284 mun-

173 2326 408 2380 dialibus
442 2324 668 2380 vinculis
707 2324 1048 2395 colligantur,
1097 2324 1262 2380 nolite
1299 2323 1607 2377 attentioris
1635 2324 1760 2377 vita:

171 2414 494 2469 austeritate
523 2414 802 2478 damnare,
835 2413 1066 2468 scientes
1104 2413 1366 2483 scriptum
1400 2430 1412 2465 :
1448 2412 1586 2467 Nolo
1612 2412 1762 2481 judi-

173 2505 330 2570 cetis,
373 2519 441 2557 ne
467 2502 781 2572 judicemini
818 2501 1027 2574 (Matth.
1066 2519 1162 2568 vu,
1197 2502 1271 2574 l).
1312 2503 1380 2556 Et
1414 2503 1607 2556 iterum
1638 2519 1650 2555 :
1683 2501 1761 2554 Tu

173 2596 284 2665 quis
315 2613 371 2650 es
402 2596 494 2666 qui
508 2594 724 2665 judicas
753 2595 982 2649 alienum
1007 2595 1252 2648 servum?
1279 2593 1502 2648 Domino
1532 2610 1627 2648 suo
1656 2603 1762 2648 stat

175 2695 257 2737 aut
287 2683 454 2738 cadit.
489 2683 679 2737 Potens
707 2693 780 2737 est
809 2685 944 2738 enim
976 2694 1203 2739 statuere
1229 2684 1378 2738 illum
1400 2683 1541 2739 Deus
1576 2683 1757 2755 (Rom.

174 2789 284 2839 xiv,
313 2774 394 2843 ι).
428 2773 597 2844 Magis
627 2775 875 2845 benignis
900 2775 1392 2842 adhortationibus,
1418 2783 1475 2831 et
1503 2776 1761 2831 illicientc

176 2864 549 2918 blandimento
594 2865 677 2917 via
724 2864 971 2919 veritatis
1023 2874 1241 2920 ostensa
1299 2867 1498 2920 nubem
1556 2866 1759 2921 erroris

178 2953 418 3023 aperite;
444 2960 501 3006 ut
524 2966 628 3006 non
654 2951 797 3006 trahi
824 2953 1050 3023 incipiat
1073 2955 1463 3023 unusquisque,
1488 2955 1584 3010 sed
1607 2957 1758 3026 sequi

175 3044 526 3113 pedetentim.
566 3042 790 3115 Semper
814 3045 1031 3100 duriora
1062 3046 1327 3102 ﬂectenda
1357 3056 1506 3114 sunt,
1539 3064 1606 3104 ne
1628 3050 1757 3103 viri-

175 3134 269 3188 bus
300 3133 562 3189 inclinata
592 3136 854 3200 curvatio,
878 3137 1193 3207 priusquam
1217 3139 1270 3193 in
1293 3140 1553 3195 circulum
1577 3143 1757 3198 veniat

177 3223 434 3279 fatiscens
476 3223 718 3294 fragmen
748 3224 1002 3280 offendat.
1045 3227 1143 3283 Hic
1177 3230 1320 3284 enim
1357 3231 1550 3300 saepius
1596 3248 1754 3287 scan-

177 3313 288 3368 dala
311 3313 464 3383 vulgi
495 3313 808 3383 gignuntur,
833 3315 958 3370 dum
998 3318 1064 3372 ad
1107 3318 1384 3389 religionis
1412 3319 1600 3392 jugum
1632 3338 1760 3377 cen-

177 3404 376 3458 sorium
434 3412 724 3475 arrogatur
773 3405 1081 3475 imperium.
1144 3408 1266 3462 Vita
1315 3416 1498 3464 nostra
1546 3409 1756 3479 jubeat,

177 3494 351 3566 lingua
366 3497 722 3564 persuadeat;
749 3498 872 3566 quia
886 3498 1006 3568 plus
1029 3501 1369 3556 auctoritatis
1391 3509 1567 3573 gestat
1581 3518 1761 3557 exem-

177 3584 334 3652 plum,
365 3593 425 3640 et
447 3585 646 3655 ingerit
669 3589 1029 3658 appetentiam
1057 3590 1138 3645 sui
1164 3606 1377 3646 morum
1403 3593 1538 3647 lenis
1561 3591 1761 3649 forma-

179 3674 266 3730 lio.
290 3676 349 3732 ιιι
372 3679 521 3732 omni
546 3679 710 3751 igitur
725 3689 849 3735 actu
870 3690 1051 3737 vestro
1074 3685 1225 3753 quasi
1250 3685 1466 3754 speculo
1487 3685 1762 3741 relucente

181 3765 390 3838 fulgete,
422 3768 623 3838 ubique
648 3771 1008 3840 circumsepti,
1034 3772 1232 3842 ubique
1260 3773 1509 3839 solliciti;
1539 3789 1607 3828 ne
1631 3773 1762 3844 quid

180 3856 308 3913 livor
338 3860 616 3926 inveniat,
655 3876 724 3916 ne
760 3862 886 3931 quid
920 3878 1105 3918 rumor
1131 3862 1297 3918 falsus
1322 3862 1548 3936 infligat.

244 3947 500 4004 Feminas
523 3951 776 4019 probatas
800 3960 855 4006 et
881 3952 1157 4024 religionis
1194 3953 1374 4007 studio
1399 3953 1608 4007 deditas
1637 3967 1761 4007 cum

182 4050 431 4091 mensura
469 4040 833 4096 venerationis
873 4041 1137 4098 honorate
1181 4060 1195 4096 :
1233 4055 1293 4096 ut
1332 4057 1433 4098 nec
1473 4043 1763 4098 austeritas

181 4126 498 4196 inhumana,
524 4144 624 4185 nec
647 4131 904 4187 sedulitas
925 4133 995 4187 sit
1021 4135 1269 4190 remissa.
1292 4135 1558 4191 Accessus
1581 4137 1647 4190 ad
1668 4151 1764 4192 vos

183 4217 412 4272 invicem
438 4227 624 4275 vester
648 4236 754 4276 non
798 4222 1040 4292 ingestus
1063 4223 1164 4290 sit,
1195 4226 1287 4280 sed
1323 4227 1570 4292 innatus;
1599 4242 1761 4296 quem

182 4319 342 4362 causa
388 4306 623 4375 fecerit;
674 4326 781 4365 non
829 4328 988 4382 quem
1038 4317 1439 4384 supervacuitas
1482 4317 1759 4372 relaxarit.

1930 1864 2114 1934 Neque
2140 1859 2224 1919 me
2252 1866 2491 1935 praeterit
2522 1867 2796 1922 saecularis
2821 1868 3006 1924 livoris
3042 1870 3239 1926 invidia
3266 1871 3319 1926 in
3345 1871 3443 1927 ob-

1862 1957 2240 2012 trectationem
2271 1973 2484 2027 semper
2514 1959 2788 2028 religionis
2813 1962 3026 2028 ardere,
3058 1971 3112 2017 et
3135 1965 3444 2019 mordacem

1858 2046 2111 2117 malignis
2160 2049 2470 2102 rumoribus
2509 2050 2722 2103 dentem
2773 2051 3094 2120 impressum
3144 2054 3447 2108 dicacitatis

1861 2136 2105 2206 infigere.
2150 2137 2349 2192 Utatur
2383 2154 2480 2193 sua
2522 2141 2755 2196 mundus
2794 2151 3019 2208 natura,
3061 2145 3185 2198 dum
3229 2145 3364 2198 nihil
3394 2145 3447 2198 in

1859 2234 2047 2280 nostra
2075 2226 2317 2281 inveniat
2335 2227 2637 2303 disciplina.
2666 2230 2896 2286 Falsitas
2921 2246 2986 2286 ex
3016 2248 3164 2288 more
3185 2235 3442 2303 jactctur,

1860 2315 1986 2369 dum
2011 2330 2080 2370 ne
2112 2315 2406 2371 verisimile
2443 2317 2660 2386 quidem
2688 2321 2860 2389 possit
2896 2335 3016 2378 esse
3057 2324 3199 2391 quod
3229 2323 3445 2378 dicitur.

1861 2401 2031 2458 Nemo
2057 2403 2178 2458 ideo
2213 2405 2374 2459 debet
2406 2414 2752 2462 contemnere
2789 2408 2983 2465 vulnus
3021 2410 3288 2475 infamiae,
3321 2413 3448 2481 quia

1862 2509 2076 2564 semper
2099 2496 2440 2550 consueverit
2466 2512 2652 2551 rumor
2679 2499 2932 2554 simulare
2962 2518 2977 2554 :
3009 2502 3102 2556 sed
3127 2501 3246 2556 ideo
3268 2501 3447 2557 inten-

1861 2585 1971 2640 tius
1996 2600 2330 2654 prazcavere,
2364 2587 2509 2654 quod
2546 2587 2719 2641 soleat
2756 2590 2920 2643 etiam
2952 2589 3076 2644 ficta
3103 2606 3446 2660 componere.

1860 2674 2030 2730 Nemo
2068 2677 2137 2731 ab
2172 2677 2584 2732 obtrectationis
2622 2687 2769 2733 metu
2818 2681 3062 2735 redditur
3106 2681 3448 2738 obtrectandi

1860 2765 2200 2821 solemnitate
2244 2782 2496 2834 securus;
2543 2784 2720 2839 neque
2767 2779 2850 2824 est
2897 2771 3236 2842 negligentia:
3277 2788 3444 2828 causa

1862 2857 2237 2912 sollicitudinis
2274 2858 2584 2914 continuata
2623 2861 2872 2916 materia.
2915 2860 2997 2916 Sit
3031 2863 3196 2934 igitur
3223 2864 3446 2934 pudoris

1859 2964 1924 3003 ac
1952 2949 2292 3004 verecundia:
2319 2958 2512 3004 vestra:
2545 2958 2659 3005 tuta
2685 2960 2740 3005 et
2763 2951 3155 3022 circumspecta
3178 2952 3443 3008 custodia.

1858 3040 2207 3096 Necessarius
2231 3057 2261 3096 e
2288 3042 2451 3097 domo
2482 3050 2536 3097 et
2559 3059 2716 3098 rarus
2745 3058 3014 3114 egressus,
3043 3060 3207 3114 quem
3241 3053 3333 3098 aut
3359 3061 3449 3100 re-

1858 3132 2074 3202 ligionis
2115 3133 2256 3187 ratio
2291 3133 2576 3198 extulerit,
2618 3142 2712 3188 aut
2755 3135 2823 3189 ad
2865 3136 3227 3190 substantiam
3277 3137 3453 3192 victus

1857 3238 2018 3278 causa
2053 3223 2342 3278 exercendi
2371 3225 2552 3293 operis
2589 3226 2886 3291 ordinarit;
2921 3241 2951 3279 a
2982 3226 3297 3282 muneribus
3323 3244 3453 3283 cun-

1858 3315 1960 3370 etis
1983 3315 2086 3370 nisi
2110 3331 2229 3384 quze
2257 3316 2323 3369 ad
2354 3317 2727 3385 quotidianum
2757 3319 2938 3374 cibum
2976 3334 3321 3390 annuumque
3353 3338 3449 3376 ve-

1860 3407 2048 3462 stitum
2099 3416 2427 3477 suppetant,
2474 3408 2842 3474 abstinentes;
2903 3411 3138 3465 scientes
3189 3413 3451 3481 scriptum

1858 3510 1978 3549 esse
2005 3512 2018 3548 :
2045 3494 2308 3551 Habentes
2334 3507 2510 3551 autem
2539 3498 2786 3552 alimenta
2813 3509 2860 3552 et
2882 3500 3070 3568 quibus
3095 3511 3353 3571 tegantur,
3370 3504 3452 3557 his

1859 3585 2084 3637 contenti
2114 3586 2277 3638 simus
2303 3585 2353 3655 (I
2388 3585 2522 3638 Tim.
2551 3601 2626 3649 vt,
2659 3585 2738 3658 8).
2767 3587 2836 3640 Et
2867 3588 3064 3641 iterum
3101 3606 3112 3641 :
3146 3588 3212 3642 Ut
3241 3591 3452 3645 honeste

1860 3674 2135 3729 ambuletis
2161 3677 2231 3728 ad
2258 3693 2344 3730 eos
2369 3679 2458 3746 qui
2483 3677 2613 3746 foris
2639 3688 2787 3740 sunt,
2822 3689 2869 3732 et
2901 3679 3097 3734 nullius
3123 3681 3325 3752 aliquid
3356 3685 3450 3738 de-

1859 3762 2096 3816 sideretis
2115 3762 2166 3834 (Ι
2199 3761 2349 3817 Thes.
2382 3780 2457 3828 1v,
2488 3764 2596 3834 l2).
2629 3765 2706 3820 Ne
2734 3767 2948 3836 quidem
2972 3771 3277 3837 praabendaa
3308 3773 3450 3828 elee-

1859 3872 2097 3928 mosynze
2130 3858 2303 3929 gratia
2337 3858 2478 3913 ultra
2513 3861 2850 3930 supradictos
2875 3862 3049 3917 victus
3075 3863 3143 3917 ab
3165 3863 3272 3918 ullo
3297 3866 3451 3934 quip-

1858 3949 2003 4018 piam
2043 3935 2411 4017 prmsumatis;
2453 3950 2688 4005 scientes
2728 3951 2988 4020 scriptum
3033 3969 3045 4004 :
3093 3951 3154 4008 Si
3195 3953 3333 4007 enim
3364 3971 3452 4008 vo-

1861 4036 2038 4090 luntas
2063 4047 2301 4107 prompta
2325 4047 2422 4103 est,
2445 4038 2729 4092 secundum
2754 4038 2808 4092 id
2834 4039 2973 4110 quod
3001 4040 3151 4094 habet
3179 4051 3447 4111 acceptum

1860 4133 1968 4191 est,
2008 4141 2110 4178 non
2140 4127 2425 4180 secundum
2465 4128 2521 4180 id
2554 4129 2691 4200 quod
2728 4145 2831 4182 non
2861 4129 3011 4183 habet
3051 4129 3138 4202 (ΙΙ
3167 4131 3290 4187 Cor.
3328 4149 3448 4198 vm,

1861 4215 1984 4287 22).
2032 4215 2124 4271 Sic
2161 4217 2248 4271 illa
2297 4218 2590 4288 evangelici
2641 4223 2906 4276 sermonis
2951 4222 3129 4278 divina
3175 4227 3446 4282 sententia

1862 4323 2024 4362 anum
2051 4322 2360 4376 pauperem,
2399 4308 2542 4363 inter
2569 4309 2716 4379 larga
2749 4309 3073 4379 locupletum
3099 4328 3325 4368 munera
3352 4329 3447 4384 ge-

184 4394 368 4452 Plures
391 4399 575 4454 audite
603 4416 728 4455 cum
762 4401 1005 4472 pluribus
1034 4421 1046 4458 :
1078 4413 1170 4459 aut
1207 4406 1254 4459 si
1297 4407 1512 4477 quando
1539 4407 1763 4463 alterius
1789 4429 1840 4488 ι)
1865 4399 2010 4452 mina
2039 4405 2249 4452 tantum
2278 4413 2385 4452 αξη
2413 4400 2734 4464 mittentem:
2765 4400 3052 4471 magniﬁca
3082 4412 3305 4472 προοριει
3343 4405 3450 4459 ιπ-

183 4499 337 4542 sexus
362 4486 672 4558 frequentia
697 4490 890 4557 deerit,
925 4492 1008 4545 vel
1043 4508 1304 4547 annorum
1335 4494 1612 4564 cujusdam
1640 4511 1764 4564 pro-

185 4578 301 4635 bata
322 4582 589 4652 gravitas,
615 4584 700 4639 vel
730 4585 1018 4642 celebritas
1054 4588 1158 4643 loci
1177 4630 1192 4654 ,
1231 4588 1314 4644 vel
1337 4591 1475 4645 ratio
1505 4592 1766 4662 temporis

187 4667 238 4722 id
263 4670 533 4737 honestet,
559 4675 684 4743 quia
705 4676 974 4746 praecipue
1002 4677 1154 4733 vobis
1174 4687 1324 4744 aetas,
1349 4679 1503 4744 hora,
1531 4681 1764 4738 solitudo

185 4759 397 4818 vitanda
430 4773 578 4818 sunt.
605 4765 722 4820 Non
747 4769 888 4838 quod
923 4770 1056 4824 mihi
1093 4769 1172 4825 fas
1198 4771 1268 4826 sit
1294 4771 1360 4826 de
1393 4771 1499 4836 his,
1521 4773 1613 4842 qui
1640 4789 1766 4829 vere

188 4852 345 4906 semel
373 4853 567 4909 devota
596 4855 706 4911 Deo
733 4865 951 4926 pectora
977 4859 1291 4914 dicaverunt
1315 4877 1469 4915 secus
1494 4863 1764 4919 aestimare

186 4938 418 5010 aliquid;
458 4944 556 4999 sed
587 4953 646 4999 ut
675 4961 741 5001 ex
764 4948 1057 5004 abundanti
1093 4950 1172 5004 sic
1200 4950 1383 5005 vitetis
1412 4967 1588 5015 omne,
1622 4955 1764 5023 quod

187 5027 310 5099 fingi
341 5040 554 5100 potest,
588 5043 846 5105 tauquam
878 5039 1050 5107 possit
1088 5047 1142 5093 et
1169 5039 1338 5094 credi.
1372 5039 1669 5098 Caveamus
1699 5061 1765 5100 ne

188 5118 242 5171 in
277 5121 421 5176 nullo
460 5122 622 5178 fama:
661 5134 858 5182 nostrae
894 5129 1115 5184 vulnere
1146 5137 1328 5198 serpat
1355 5139 1480 5185 nata
1511 5133 1577 5187 ab
1604 5148 1763 5189 occa—

187 5208 336 5265 sione
360 5214 618 5283 suspicio.
653 5215 772 5285 ipsa
806 5217 962 5273 famae
985 5219 1191 5274 semina
1225 5221 1539 5291 priusquam
1567 5223 1764 5295 linguis

188 5301 495 5358 nutriantur
531 5305 819 5362 intereant.
861 5308 978 5364 Non
1013 5318 1220 5364 tantum
1260 5311 1413 5366 vobis
1449 5313 1579 5368 fides
1611 5312 1761 5381 facti,

188 5387 285 5441 sed
325 5393 655 5458 possibilitas
704 5397 867 5451 etiam
922 5398 1207 5469 releganda
1264 5400 1550 5455 mendacii.
1598 5402 1764 5456 Beata

187 5479 332 5534 cnim
354 5483 464 5537 vita
497 5494 580 5541 est
604 5495 661 5541 et
685 5488 970 5557 praeclara,
1005 5492 1069 5544 de:
1110 5505 1212 5559 qua
1247 5490 1322 5544 uit
1354 5490 1479 5545 licet
1519 5491 1761 5546 falsitati.

190 5564 301 5619 Nec
329 5570 470 5624 enim
501 5586 601 5644 ego
631 5575 734 5629 hoc
759 5574 1023 5643 judiciqu
1064 5592 1240 5631 meum
1286 5587 1537 5632 austerus
1575 5594 1766 5635 censor

190 5658 422 5729 arripui;
456 5665 548 5719 sed
584 5665 805 5724 caeleste
832 5669 1113 5738 imperium
1157 5669 1392 5724 monitor
1415 5669 1642 5726 blandus
1680 5688 1766 5726 as-

1866 4491 2070 4561 gitione
2114 4491 2321 4546 ditavit.
2365 4491 2500 4560 Quia
2536 4509 2642 4547 non
2684 4501 2862 4562 potest
2894 4509 3088 4564 parum
3135 4509 3257 4564 esse
3305 4497 3449 4565 quod

1865 4590 2038 4636 totum
2065 4590 2179 4648 est;
2209 4598 2384 4652 neque
2406 4584 2690 4654 quisquam
2719 4585 2949 4655 amplius
2974 4586 3141 4654 dedit,
3166 4603 3326 4658 quam
3354 4589 3446 4658 qui

1865 4673 1966 4728 sibi
1997 4673 2130 4727 nihil
2164 4675 2481 4729 reservavit.
2513 4675 2637 4731 Haec
2667 4677 2709 4731 si
2741 4678 2831 4747 qui
2868 4687 3066 4749 praeter
3093 4696 3191 4735 vos
3219 4681 3446 4736 nimium

1867 4767 2189 4821 videbuntur
2217 4767 2461 4832 astricta,
2505 4770 2596 4837 qui
2626 4769 2720 4824 Dei
2758 4770 2994 4827 claustra
3023 4772 3237 4844 pulsare
3270 4781 3447 4828 tenta-

1864 4857 2022 4921 verit,
2049 4865 2211 4926 prout
2232 4859 2370 4911 ratio
2392 4873 2488 4912 sua
2513 4857 2717 4924 tulerit,
2747 4860 3013 4916 relaxabit
3037 4880 3050 4914 :
3077 4878 3143 4916 ne
3165 4863 3286 4932 quis
3308 4861 3448 4918 forte

1864 4952 1959 4999 aut
1983 4961 2258 5001 connexus
2287 4947 2357 5000 sit
2384 4947 2626 5017 conjuge,
2659 4957 2752 5002 aut
2783 4948 2967 5004 liberis
2997 4950 3303 5019 impeditus.
3339 4951 3446 5005 lla-

1862 5035 1955 5090 bet
1974 5043 2170 5104 prietcr
2199 5037 2313 5092 haec
2343 5045 2490 5091 arcta
2529 5039 2831 5094 substantia
2868 5039 3022 5108 plura
3055 5055 3174 5108 qua:
3217 5054 3446 5108 sequan-

1848 5131 1972 5176 .tur.
2020 5123 2204 5193 Neque
2235 5139 2294 5180 se
2331 5126 2605 5195 repulsum
2648 5129 2860 5192 credat,
2904 5129 2996 5183 sed
3036 5128 3182 5182 aditu
3222 5129 3446 5184 alterius

1863 5215 2163 5268 vocationis
2193 5215 2506 5281 admissum,
2541 5217 2682 5272 sicut
2711 5218 2968 5287 scriptum
2992 5225 3076 5272 est
3107 5236 3120 5271 :
3155 5215 3446 5288 Unusquis-

1863 5322 1960 5374 que
1994 5306 2048 5358 in
2082 5321 2186 5374 qua
2230 5307 2496 5360 vocatione
2535 5318 2742 5362 vocatus
2789 5319 2904 5375 est,
2947 5310 3001 5364 in
3041 5327 3102 5365 ea
3143 5320 3443 5380 permaneat

1868 5393 1918 5464 (Ι
1947 5391 2069 5445 Cor.
2104 5407 2180 5444 vn
2198 5431 2213 5456 ,
2245 5392 2356 5464 20).
2378 5392 2494 5448 Non
2519 5403 2696 5450 tamen
2719 5397 3124 5466 propensiorem
3147 5412 3330 5452 curam
3353 5411 3446 5464 pa-

1865 5484 2120 5538 trimonio
2147 5499 2309 5553 quam
2340 5484 2585 5554 religioni
2620 5487 2673 5541 in
2703 5490 2922 5544 caducis
2949 5489 3119 5560 magis
3147 5496 3441 5556 occupatus

1867 5573 2145 5636 intendat,
2180 5588 2480 5643 agnoscens
2520 5577 2782 5646 scriptum
2823 5593 2941 5634 esse
2974 5595 2987 5633 :
3023 5577 3091 5631 Et
3126 5578 3444 5647 possidentes

1868 5679 2114 5740 tanquam
2148 5681 2248 5718 non
2271 5665 2587 5734 possidentes
2611 5670 2662 5745 (1
2690 5669 2810 5726 Cor.
2839 5687 2929 5737 vn,
2956 5673 3067 5742 50).
3095 5672 3149 5728 Si
3179 5687 3334 5741 quem
3366 5681 3438 5724 ta~
