3974 6192
444 318 546 375 (ἰῗῦ

1475 304 1532 360 S.
1572 295 1933 356 BENEDiCTl
1971 292 2261 350 ABBATIS
2296 287 2707 346 ANIANENSIS

3597 287 3704 338 67ιὶ

446 436 578 505 legis
609 424 980 501 praevaricatio
1011 419 1398 476 committatur.
1431 414 1700 480 Quoniam
1725 409 1818 478 qui
1847 406 1982 461 dixit
2005 422 2017 458 :
2049 407 2102 466 Α
2128 399 2388 501 cidit?An
2413 398 2614 505 grande
2631 397 2778 451 illum
2798 397 3133 505 commisisse
3147 396 3349 505 criom‘en
3361 399 3708 505 putas,unde

452 496 648 578 Recede
670 537 703 572 a
733 516 893 578 malo,
938 520 993 565 et
1024 510 1136 580 ipse
1165 507 1324 571 dixit,
1358 503 1469 558 Fac
1497 504 1706 556 bonum.
1739 499 1797 554 Si
1819 514 1850 552 a
1881 496 2023 552 malo

448 609 757 672 recesseris,
797 613 851 659 et
895 617 1001 656 non
1048 598 1241 655 feceris
1285 597 1516 660 bonum,
1568 601 1939 660 transgressor
1965 599 2026 640 es

444 703 605 775 legis;
649 712 769 768 quae
813 710 919 750 non
945 700 1152 747 tantum
1184 690 1237 743 in
1265 687 1528 743 malorum
1570 678 2025 775 actuumAabo-mi—

444 769 665 848 natione
693 829 708 854 ,
757 784 854 841 sed
901 791 956 839 et
1002 783 1056 836 in
1104 781 1370 835 bonorum
1425 790 1650 846 operum
1695 769 2028 842 perfectione

444 879 764 950 completur.
799 874 986 942 Neque
1023 870 1166 926 enim
1199 869 1304 922 hoc
1343 865 1517 920 solum
1555 862 1651 917 tibi
1692 859 2024 932 pratcipitnr,

444 984 505 1029 ut
521 972 775 1028 vestitum
797 969 909 1024 suis
931 981 1036 1020 non
1053 963 1252 1035 spolies
1269 957 1617 1020 indumentis,
1649 956 1810 1010 sedet
1831 961 1887 1006 ut
1905 966 2028 1022 Spo-

442 1064 636 1118 liatum
677 1059 892 1129 operias
937 1056 1042 1110 tuis
1086 1072 1098 1106 :
1147 1067 1320 1121 neque
1350 1059 1409 1104 ut
1436 1046 1659 1102 habenti
1689 1059 1882 1116 panem
1918 1057 2027 1098 non

444 1152 664 1208 auferas
703 1165 883 1212 suum,
916 1146 1009 1201 sed
1035 1153 1093 1198 ut
1117 1140 1465 1197 non'habeuti
1491 1147 1640 1193 tuum
1669 1137 1900 1203 libenter
1929 1135 2029 1187 im-

444 1245 651 1316 pertias
690 1260 704 1295 :
736 1255 910 1308 neque
950 1236 1122 1292 solum
1152 1242 1212 1287 ut
1239 1245 1529 1302 pauperem
1570 1244 1668 1283 suo
1713 1242 1820 1280 non
1860 1224 2030 1316 pellas

445 1315 712 1405 hospitio,
755 1329 847 1385 sed
877 1336 937 1381 ut
979 1327 1194 1396 pulsum
1231 1331 1285 1377 et
1325 1337 1431 1375 non
1464 1319 1752 1373 habentem
1798 1315 2028 1383 recipias

447 1441 559 1483 tuo.
592 1428 926 1492 Praeceptum
955 1421 1099 1474 enim
1129 1418 1286 1474 nobis
1311 1423 1418 1479 est,
1457 1413 1614 1467 Flere
1644 1429 1762 1466 cum
1783 1410 2028 1480 ﬂentibus

448 1518 626 1588 (Rom.
657 1531 754 1579 xu,
792 1513 898 1582 15).
926 1510 1204 1576 Quomodo
1230 1523 1350 1562 cum
1379 1505 1484 1560 illis
1505 1502 1714 1568 ﬂemus,
1739 1502 1783 1557 si
1812 1501 1865 1555 in
1884 1499 2028 1554 nullo

445 1622 634 1661 eorum
667 1601 1082 1659 necessitatibus
1109 1599 1528 1669 participamus,
1573 1609 1674 1648 nec
1705 1592 1921 1661 aliquod
1951 1590 2030 1645 eis

446 1699 502 1752 in
532 1697 618 1752 his
656 1701 875 1765 propter
921 1707 1056 1762 quas
1092 1691 1464 1758 lacrymantur
1505 1684 1685 1740 causis
1728 1681 2030 1752 praebemus

2127 489 2322 545 merito
2363 502 2522 558 poena
2557 487 2842 541 damnatus
2885 486 2956 540 sit
3005 484 3236 539 acriori?
3275 483 3533 539 Videmus
3577 500 3709 556 ergo

2125 581 2258 652 quid
2303 579 2495 636 fecerit
2542 587 2730 633 contra
2761 577 3095 631 mandatum.
3141 577 3216 630 De
3259 575 3436 631 fructu
3491 577 3712 632 arboris

2125 672 2254 727 edit.
2288 669 2426 738 Quid
2450 669 2623 742 .ergo?
2657 668 2885 738 Pr0pter
2920 667 3130 722 arboris
3166 666 3402 721 fructum
3432 667 3580 723 Deus
3614 668 3715 722 ho-

2126 765 2328 818 minem
2379 771 2555 821 morte
2599 759 2909 814 mulctavit?
2937 757 3053 813 Non
3087 767 3310 828 propter
3350 757 3562 813 arboris
3605 757 3716 812 fruo

2127 865 2294 919 ctum,
2328 854 2422 910 sed
2454 862 2673 924 propter
2709 851 2948 905 mandati
2996 859 3384 920 contemptum.
3423 851 3566 921 Ergo
3599 867 3710 905 non

2127 948 2304 1018 agitur
2329 947 2396 1001 de
2441 945 2700 1014 qualitate
2745 942 2986 1012 peccati,
3038 943 3136 996 sed
3169 943 3234 996 de
3283 944 3718 1012 transgressione

2129 1037 2388 1092 mandati.
2414 1037 2482 1090 Et
2511 1036 2601 1106 qui
2634 1035 2770 1088 dixit
2797 1033 2948 1098 Adae,
2979 1045 3038 1088 ut
3060 1034 3125 1088 de
3153 1033 3365 1088 arboris
3391 1032 3574 1088 fructu
3598 1050 3714 1088 non

2128 1128 2344 1190 ederet,
2391 1124 2507 1194 ipse
2551 1123 2647 1179 tibi
2695 1122 2950 1191 praecepit
2997 1130 3056 1176 ut
3092 1138 3196 1177 non
3235 1122 3558 1187 maledicas,
3603 1139 3715 1177 non

2129 1216 2444 1278 mentiaris;
2491 1229 2596 1267 non
2628 1213 2912 1279 detrahas;
2947 1228 3054 1267 non
3093 1213 3462 1268 detrahentem
3505 1213 3720 1267 auscnl-

2131 1316 2244 1372 tes;
2285 1313 2346 1358 ut
2367 1304 2587 1358 omnino
2609 1318 2715 1356 non
2746 1303 2929 1372 jures;
2965 1310 3023 1355 ut
3051 1318 3157 1356 non
3187 1303 3571 1373 concupiscas;
3602 1318 3716 1356 non

2129 1394 2398 1460 invideas;
2433 1410 2538 1448 non
2579 1394 2655 1448 sis
2687 1393 2930 1463 tepidus;
2966 1408 3071 1446 non
3114 1395 3187 1448 sis
3225 1409 3453 1459 avarus;
3489 1403 3548 1447 ut
3571 1393 3715 1448 nulli

2130 1485 2333 1538 malum
2368 1499 2468 1553 pro
2504 1483 2644 1538 malo
2682 1483 2908 1548 reddas;
2954 1491 3014 1536 ut
3047 1483 3296 1538 inimicos
3333 1492 3452 1537 tuos
3479 1483 3722 1553 diligas;

2133 1587 2193 1632 ut
2221 1576 2669 1632 maledicentibus
2688 1574 2974 1630 benedicas
2995 1591 3009 1640 ;
3038 1582 3096 1627 ut
3116 1589 3216 1644 pro
3235 1574 3727 1630 calumniatoribus

2137 1675 2191 1720 et
2230 1682 2329 1736 pro
2356 1664 2794 1736 persecutoribus
2831 1665 2936 1720 tuis
2959 1679 3117 1729 ores;
3159 1672 3218 1718 ut
3241 1663 3564 1734 percutienti
3601 1680 3727 1718 ma-

448 1756 972 1849 auxilium?-Nequ.e
1003 1780 1148 1834 enim
1181 1756 1402 1830 ﬂetuum
1436 1782 1743 1829 nostrorum
1777 1771 1916 1824 Deus
1950 1769 2035 1822 in-
2063 1756 2110 1814 B
2138 1759 2320 1813 xillam
2353 1757 2581 1812 alteram
2609 1758 2882 1828 praebeas;
2916 1765 2976 1811 ut
3005 1757 3057 1811 in
3084 1757 3289 1827 judicio
3319 1757 3565 1811 smculari
3611 1774 3726 1812 non

447 1878 783 1932 fructuosum
832 1872 1028 1941 quaerit
1083 1870 1366 1924 humorem
1403 1880 1417 1918 :
1463 1865 1558 1920 sed
1608 1862 1733 1932 quia
1780 1861 2033 1929 lacrymae

448 1965 651 2020 doloris
679 1961 937 2018 indicium
976 1966 1100 2014 sunt
1126 1997 1142 2022 ,
1173 1956 1287 2010 vult
1313 1964 1366 2009 te
1408 1955 1481 2009 ita
1510 1952 1734 2007 alterius
1757 1948 2034 2020 angustias

448 2057 652 2112 sentire
678 2062 740 2108 ut
771 2061 921 2117 tuas;
963 2059 1018 2104 et
1045 2048 1317 2119 quomodo
1345 2046 1439 2100 tibi
1474 2045 1528 2099 in
1559 2043 1652 2096 tali
1686 2040 2035 2096 tribulatione

452 2149 500 2202 si
530 2160 680 2202 esses
712 2143 990 2200 subveniri
1017 2155 1264 2211 cuperes,
1299 2140 1374 2192 ita
1403 2136 1558 2191 alteri
1588 2134 1880 2189 subvenias
1909 2146 2036 2202 pro-

453 2249 576 2309 pter
601 2237 731 2292 illud
763 2255 775 2290 :
815 2235 1148 2304 Quwcunque
1187 2230 1340 2286 vultis
1379 2237 1433 2283 ut
1468 2227 1668 2297 faciant
1696 2225 1834 2279 vobis
1867 2222 2036 2277 homi-

456 2346 546 2383 nes
574 2328 708 2382 bona
731 2367 744 2390 ,
777 2327 852 2379 ita
881 2334 930 2379 et
962 2341 1048 2378 vos
1088 2323 1246 2392 facile
1275 2319 1380 2374 illis
1409 2316 1656 2372 similiter
1691 2313 1906 2387 (Matth.
1935 2326 2034 2376 vtl,

450 2421 563 2490 Η).
617 2419 752 2474 Nam
781 2431 905 2473 cum
951 2413 1111 2468 flente
1158 2411 1317 2474 ﬂere,
1369 2419 1425 2466 et
1469 2407 1626 2470 nihil,
1682 2421 1804 2460 cum
1835 2402 2032 2474 possis,

449 2510 596 2566 ﬂenti
618 2508 885 2571 conferre,
917 2502 1353 2561 subsannationis
1379 2517 1486 2556 non
1513 2498 1735 2570 pietatis
1774 2494 2034 2550 indicium

447 2611 553 2655 est.
593 2600 832 2669 Denique
870 2596 1118 2650 Salvator
1144 2602 1329 2649 noster
1365 2608 1488 2647 cum
1531 2589 1704 2644 Maria
1743 2595 1801 2643 et
1828 2585 2035 2640 Martha

449 2689 640 2744 Lazari
682 2688 960 2744 sororibus
1001 2684 1165 2749 ﬂevit,
1209 2692 1265 2739 et
1318 2684 1598 2737 immensae
1642 2676 2033 2735 misericordiae

450 2783 703 2838 aﬂectum
743 2778 1111 2850 lacrymarum
1159 2776 1557 2832 contestatione
1597 2769 1942 2833 monstravit,
1983 2778 2041 2824 et

451 2889 595 2928 vera:
641 2871 860 2940 pietatis
901 2869 1098 2923 indicia
1146 2883 1270 2922 mox
1317 2881 1483 2936 opera
1540 2865 1827 2918 subsecuta
1879 2868 2035 2925 sunt,

452 2977 577 3015 cum
609 2959 902 3014 suscitatus
934 2956 1174 3010 Lazarus
1198 2995 1213 3022 ,
1254 2953 1412 3022 cujus
1448 2967 1611 3007 causa
1651 2948 2036 3012 fundebantur,

453 3051 733 3107 sororibus
758 3047 999 3102 redditur
1030 3045 1211 3117 (Joan.
1241 3047 1343 3115 χι).
1372 3044 1488 3099 lloc
1518 3042 1620 3098 fuit
1651 3042 1741 3114 pie
1766 3057 1887 3096 cum
1907 3041 2037 3094 flen-

456 3141 599 3198 tibus
643 3138 791 3203 llere,
847 3135 1185 3191 occasionem
1236 3133 1396 3188 ﬂetus
1444 3131 1681 3188 auferre.
1731 3129 1839 3185 Sed
1884 3129 2039 3199 quasi

456 3239 649 3302 potens
675 3270 690 3294 ,
725 3227 960 3297 inquies,
1013 3225 1162 3281 fecit.
1208 3227 1408 3281 Verum
1429 3239 1530 3280 nec
1576 3224 1672 3279 tibi
1711 3221 2040 3293 impossibile

459 3319 665 3391 aliquid
703 3318 1022 3390 imperatur.
1058 3315 1304 3386 Implevit
1341 3315 1524 3370 omnia
1565 3315 1658 3386 qui
1694 3314 1839 3384 quod
1865 3313 2041 3384 potuit

456 3411 606 3466 fecit.
817 3397 822 3401 ’

527 3502 656 3568 Sed,
681 3501 748 3557 ut’
758 3501 940 3557 dicere
969 3514 1328 3570 coeperamus,
1363 3514 1471 3553 non
1501 3495 1701 3553 sulﬁcit
1726 3495 2038 3551 Christiano

456 3611 485 3646 ιι
521 3593 678 3648 malis
718 3607 776 3646 se
821 3590 1126 3655 abstinere,
1164 3589 1268 3644 nisi
1310 3589 1476 3643 etiam
1524 3589 1788 3644 bonorum
1813 3601 2036 3656 operum

455 3685 634 3739 officia
679 3682 988 3754 perfecerit.
1021 3681 1172 3748 Quod
1214 3681 1304 3736 illo
1346 3680 1432 3734 vel
1468 3679 1700 3734 maxime
1730 3678 2038 3734 testimonio

456 3779 838 3849 comprobatur
864 3817 879 3842 ,
938 3776 1083 3846 quod
1131 3776 1496 3830 comminatur
1541 3775 1805 3830 Dominus
1846 3773 2038 3829 aeterni

458 3872 600 3942 ignis
643 3885 766 3924 reos
809 3868 946 3935 fore,
997 3868 1091 3937 qui
1130 3868 1378 3938 quamvis
1409 3867 1536 3922 mali
1574 3866 1710 3921 nihil
1752 3866 2037 3937 gesserint,

457 3979 568 4018 non
610 3960 836 4016 fecerint
871 3974 1031 4013 omne
1069 3959 1212 4028 quod
1246 3960 1446 4013 bonum
1489 3965 1605 4023 est,
1641 3957 1863 4012 dicens:
1893 3955 2039 4010 Tunc

459 4053 597 4105 dicet
634 4066 726 4103 rex
747 4050 827 4102 Itis
859 4049 948 4117 qui
974 4049 1042 4100 ad
1071 4049 1340 4102 sinistram
1377 4057 1496 4102 sunt
1524 4066 1536 4101 :
1561 4047 1828 4101 Discedite
1868 4063 1900 4100 a
1933 4063 2037 4112 me,

461 4140 748 4200 maledicti,
777 4139 833 4190 in
859 4138 1029 4206 ignem
1061 4149 1334 4203 (uernam,
1361 4156 1508 4209 quem
1535 4139 1846 4209 pra’paravit
1879 4137 2042 4192 Pater

462 4246 607 4283 meus
653 4226 862 4281 diabolo
900 4236 947 4280 et
981 4226 1181 4296 angelis
1211 4227 1325 4296 ejus
1364 4244 1381 4281 :
1423 4229 1614 4280 esurivi
1661 4231 1817 4293 enim,
1860 4237 2040 4282 etnon

461 4319 681 4373 dedistis
708 4317 836 4371 mihi
863 4317 1205 4382 manducare,
1244 4325 1349 4372 etc.
1377 4317 1589 4388 (Matth.
1623 4333 1750 4384 xxv,
1776 4317 1889 4387 Η).
1923 4317 2040 4372 Non

2065 3105 2110 3168 C

2135 1851 2352 1922 litiges;
2394 1859 2454 1904 ut
2502 1850 2546 1903 si
2592 1850 2730 1919 quis
2757 1859 2845 1904 tua
2890 1848 3105 1904 auferre
3150 1849 3400 1913 voluerit,
3438 1857 3732 1920 gratanter

2136 1940 2357 1995 amittas
2380 1956 2395 2005 ;
2422 1949 2482 1994 ut
2510 1955 2609 1994 nec
2637 1939 2954 2005 iracundias,
2986 1956 3086 1996 nec
3109 1941 3234 2007 zeli,
3265 1955 3364 1996 nec
3391 1940 3580 1994 livoris
3607 1957 3730 1995 ma-

2134 2031 2244 2086 lum
2279 2032 2419 2086 intra
2465 2041 2655 2101 pectus
2695 2032 2980 2099 admittas;
3026 2042 3086 2087 ut
3117 2033 3322 2088 crimen
3352 2033 3598 2087 avaritia:
3637 2031 3728 2086 fu-

2136 2121 2282 2191 gias;
2318 2131 2378 2175 ut
2400 2120 2578 2174 omnis
2604 2121 2868 2191 superbiat
2888 2136 2952 2175 ac
2970 2119 3248 2188 jactantite
3273 2120 3470 2174 malum
3497 2136 3730 2186 caveas,

2137 2222 2193 2267 et
2218 2213 2435 2267 humilis
2456 2227 2519 2266 ac
2547 2211 2696 2266 mitis
2721 2211 2922 2267 Christi
2952 2213 3102 2266 vivas
3124 2211 3371 2282 exemplo
3403 2229 3418 2265 :
3450 2211 3732 2267 malorum

2137 2304 2408 2358 consortia
2446 2303 2501 2358 in
2540 2311 2750 2356 tantum
2791 2302 3000 2369 vitans;
3031 2311 3091 2355 ut
3119 2317 3240 2356 eum
3271 2301 3732 2370 fornicatoribus,

2137 2405 2231 2449 aut
2267 2395 2465 2460 avaris,
2497 2403 2592 2448 aut
2627 2393 3097 2462 maledicentibus,
3132 2403 3227 2448 aut
3254 2395 3470 2460 invidis,
3505 2403 3604 2449 aut
3628 2396 3732 2459 de-

2137 2485 2499 2552 tractoribus,
2532 2481 2898 2552 aut'ebriosis,
2939 2494 3033 2539 aut
3057 2486 3366 2554 rapacibus,
3409 2499 3511 2540 nec
3536 2485 3731 2540 cibum

2137 2578 2340 2649 capias.
2371 2576 2541 2645 Quem
2576 2577 2621 2632 si
2650 2576 2703 2630 in
2734 2576 2916 2647 aliquo
2954 2576 3375 2648 contempseris,
3399 2576 3444 2631 si
3476 2576 3737 2646 pepercit

2136 2669 2284 2734 Adae,
2307 2677 2494 2740 parcet
2513 2676 2568 2724 et
2592 2669 2710 2723 tibi.
2740 2668 2853 2724 lmo
2875 2669 2949 2723 illi
2975 2671 3144 2740 magis
3166 2668 3494 2740 parcendum
3517 2669 3730 2735 fuerat,

2138 2763 2228 2832 qui
2274 2761 2452 2816 adhuc
2497 2761 2648 2815 rudis
2696 2769 2754 2814 et
2800 2760 3043 2815 novellus
3078 2771 3216 2827 erat,
3253 2771 3307 2816 et
3352 2760 3554 2815 nullius
3595 2770 3738 2814 ante

2137 2853 2413 2924 peccantis
2453 2860 2509 2906 et
2547 2863 2767 2922 propter
2801 2861 3082 2921 peccatum
3130 2868 3284 2907 suum
3315 2853 3597 2909 morientis
3633 2868 3732 2908 rc-

2139 2945 2460 2999 trabebatnr
2483 2942 2762 3012 exemplo:
2785 2943 2882 2996 tibi
2905 2956 3037 2998 vero
3057 2952 3178 3012 post
3203 2952 3347 2997 tanta
3375 2944 3736 3009 documenta,

2139 3043 2262 3106 post
2295 3033 2464 3104 legem
2485 3074 2499 3098 ,
2530 3047 2638 3103 quo
2666 3032 2825 3086 modo
2852 3030 3130 3103 indulgere
3153 3033 3326 3103 possit
3347 3033 3556 3105 ignoro.

2209 3125 2293 3179 An
2327 3123 2422 3178 tibi
2449 3123 2516 3178 de
2550 3123 2875 3194 virginitatis
2903 3123 3258 3194 prierOgativa
3287 3123 3584 3179 blandiris?
3618 3123 3739 3179 Me-

2141 3226 2324 3272 mento
2353 3216 2526 3270 Adam
2556 3226 2611 3271 et
2639 3216 2807 3270 Evam
2833 3216 3075 3284 virgines
3112 3216 3433 3286 deliquisse,
3460 3231 3561 3271 nec
3586 3217 3739 3272 inte-

2139 3311 2391 3380 gritatem
2421 3305 2669 3378 corporis
2710 3306 2977 3378 profuisse
3001 3309 3369 3378 peccantibus.
3403 3309 3570 3377 Virgo
3599 3323 3734 3377 qua:

2137 3411 2349 3473 peccat,
2387 3401 2512 3455 Eva:
2540 3416 2647 3454 non
2675 3399 2858 3454 Mariae
2885 3399 3246 3470 comparanda
3274 3407 3375 3455 est.
3405 3399 3520 3454 Non
3549 3415 3732 3470 nega-

2138 3511 2260 3550 mus
2307 3495 2360 3549 in
2395 3493 2650 3564 praesenti
2699 3503 2940 3563 tempore
2990 3492 3326 3562 pmnitentite
3381 3492 3730 3556 remedium;

2139 3588 2234 3642 sed
2263 3587 2544 3642 hortamur
2568 3585 2740 3654 magis
2764 3585 3044 3654 praemium
3066 3595 3286 3654 Sperare
3313 3583 3534 3647 debere,
3553 3599 3729 3652 quam

2139 3676 2370 3730 veniam.
2420 3673 2600 3743 Turpe
2639 3681 2725 3727 est
2766 3672 2912 3727 enim
2954 3672 3060 3728 illis
3104 3673 3284 3730 delicti
3331 3672 3728 3742 indulgentiam

2138 3766 2432 3838 postulare,
2456 3782 2576 3836 qua:
2601 3767 2836 3836 palmam
2857 3765 3184 3836 virginitatis
3198 3773 3546 3836 exspectant;
3575 3775 3637 3821 et
3660 3767 3729 3821 il-

2139 3857 2348 3912 licitum
2376 3857 2577 3926 aliquid
2616 3859 2916 3922 incurrere,
2947 3872 3068 3927 quae
3092 3871 3151 3912 se
3180 3857 3344 3911 etiam
3373 3871 3406 3910 a
3435 3856 3597 3911 licitis
3626 3871 3728 3911 ca-

2140 3958 2401 4003 straverc.
2430 3948 2661 4002 Licitum
2692 3947 2889 4017 quippe
2914 3957 2998 4002 est
3032 3947 3362 4002 matrimonii
3410 3947 3549 4002 inire
3586 3963 3730 4002 con-

2142 4039 2392 4095 sortium.
2424 4040 2490 4094 Et
2519 4049 2580 4094 ut
2618 4040 2899 4096 laudanda!
2931 4048 3075 4106 sunt,
3113 4056 3232 4110 quae
3264 4050 3488 4109 propter
3514 4040 3730 4096 Christi

2142 4149 2384 4189 amorem
2407 4143 2464 4189 et
2493 4133 2731 4188 cmlestis
2757 4133 2909 4204 regni
2947 4133 3172 4203 gloriam
3201 4133 3448 4202 copulam
3480 4142 3731 4188 contem-

2139 4227 2349 4297 pserint
2391 4226 2732 4296 nuptiarum;
2777 4226 2852 4278 ita
2900 4227 3218 4280 damnanda:
3247 4239 3354 4278 non
3397 4234 3560 4286 sunt,
3602 4238 3730 4293 quae

2141 4324 2362 4386 propter
2383 4314 2707 4369 innocentia:
2733 4315 3083 4382 voluntatem,
3111 4315 3344 4369 nondum
3370 4315 3482 4368 Deo
3510 4313 3728 4369 devotas

462 4411 600 4465 dixit
637 4427 650 4463 :
683 4409 952 4464 Discedite
981 4424 1011 4462 a
1038 4421 1145 4473 me,
1177 4407 1446 4462 maledicti
1473 4446 1486 4471 ,
1514 4407 1637 4472 quia
1665 4407 2035 4475 homicidium,
2064 4450 2116 4509 Β
2143 4407 2385 4463 remedio
2435 4407 2736 4477 apostolico
2777 4407 3091 4461 abutuntur.
3147 4407 3309 4476 Ergo,
3353 4417 3414 4460 ut
3458 4407 3726 4472 diximus,

461 4502 590 4570 quia
611 4500 960 4564 adulterium,
1007 4507 1102 4552 aut
1123 4499 1250 4569 quia
1286 4497 1428 4553 furta
1461 4496 1669 4554 fecistis
1705 4518 1716 4553 :
1751 4515 1858 4554 non
1891 4502 2036 4556 enim

462 4594 589 4663 quia
617 4592 818 4647 malum
844 4591 1136 4658 fecissent;
1163 4593 1258 4648 sed
1274 4593 1397 4664 quia
1418 4593 1618 4648 bonum
1643 4611 1750 4649 non
1775 4594 2034 4661 fecerant,

460 4683 888 4738 condemnantur
920 4691 975 4737 et
1012 4690 1227 4738 mternae
1256 4683 1518 4754 gehennae
1558 4684 1838 4754 suppliciis
1890 4685 2037 4739 addi-

462 4782 659 4829 cuntur
688 4791 701 4826 :
733 4787 832 4828 nec
869 4773 994 4842 quia
1036 4788 1158 4841 quae
1186 4773 1459 4843 prohibita
1485 4781 1614 4827 sunt
1654 4774 2034 4841 admisissent;

461 4866 557 4921 sed
587 4866 712 4936 quia
735 4879 855 4934 quae
878 4872 1147 4934 prmcepta
1170 4872 1328 4919 erant
1356 4864 1580 4934 implere
1614 4865 1856 4921 noluere.
1886 4865 2039 4921 Unde

463 4956 850 5010 advertendum
889 4963 972 5008 est
1021 4969 1180 5024 quam
1230 4969 1381 5023 spem
1431 4954 1632 5009 habere
1666 4956 1892 5024 possint,
1946 4957 2039 5025 qui

463 5048 639 5102 adhuc
662 5047 861 5116 aliquid
884 5061 1070 5101 eorum
1101 5043 1326 5110 faciunt,
1357 5061 1476 5115 quas
1504 5047 1888 5114 prohibentur;
1913 5063 2035 5102 cum

463 5136 628 5190 etiam
651 5137 729 5190 rei
755 5144 901 5200 sunt,
926 5135 1018 5204 qui
1043 5151 1153 5189 non
1181 5133 1426 5190 fecerunt
1445 5150 1564 5204 quae
1596 5133 1876 5205 iubentur.
1905 5137 2038 5194 Nolo

464 5229 606 5280 enim
638 5227 732 5281 tibi
769 5228 823 5281 in
863 5227 966 5282 hoc
1005 5227 1337 5293 blandiaris,
1385 5227 1430 5282 si
1461 5228 1636 5298 aliqua
1667 5244 1776 5284 non
1823 5230 2036 5297 feceris,

465 5320 591 5389 quia
619 5317 797 5388 aliqua
830 5318 1056 5384 feceris;
1095 5335 1218 5373 cum
1255 5319 1512 5390 scriptum
1540 5328 1626 5374 est
1659 5335 1674 5374 :
1706 5320 1809 5387 Qui
1832 5322 2039 5375 univer-

459 5407 751 5480 samlegem
770 5411 1063 5475 servaverit,
1081 5409 1312 5479 oﬁ'endat
1341 5420 1514 5464 autem
1542 5411 1597 5465 in
1618 5428 1720 5465 uno
1738 5451 1753 5476 ,
1777 5411 1947 5481 factus
1962 5420 2037 5465 est

463 5500 697 5553 omnium
719 5516 836 5554 reus
853 5498 992 5572 (Jac.
1021 5516 1080 5564 ιι,
1097 5498 1205 5568 10).
1225 5499 1396 5554 Adam
1418 5501 1561 5554 enim
1584 5500 1749 5555 semel
1773 5501 2037 5570 peccavit,

466 5599 521 5643 et
549 5598 792 5646 mortuus
825 5599 940 5655 est;
977 5600 1034 5646 et
1069 5599 1126 5644 tu
1154 5599 1206 5644 te
1231 5590 1412 5645 vivere
1437 5591 1717 5646 existimas
1741 5591 1870 5645 illud
1898 5607 2040 5661 saepe

468 5677 810 5732 committens
840 5677 982 5748 quod
1017 5677 1180 5732 alium
1217 5678 1340 5732 dum
1371 5678 1538 5733 semel
1565 5687 1929 5749 perpetrasset
1955 5695 2039 5736 oc-

2142 4515 2262 4569 quae
2285 4499 2555 4554 connubia
2585 4497 2863 4563 deserunt,
2888 4514 2995 4553 non
3030 4497 3239 4562 illicita,
3271 4497 3367 4552 sed
3396 4497 3548 4552 licita
3569 4512 3727 4566 sper-

2143 4599 2296 4645 nunt.
2330 4587 2605 4660 Ejusmodi
2636 4597 2815 4642 autem
2854 4589 2900 4643 si
2932 4587 3146 4657 jurent;
3188 4589 3232 4642 si
3274 4588 3628 4654 maledicant;
3677 4589 3725 4644 si

2144 4679 2461 4743 detrahant;
2491 4679 2536 4733 si
2566 4679 2916 4734 detrahentes
2953 4679 3226 4748 patiantur
3251 4680 3475 4744 audire;
3521 4681 3566 4734 si
3604 4695 3724 4734 ma-

2145 4769 2255 4822 lum
2279 4784 2376 4839 pro
2404 4769 2544 4823 malo
2571 4769 2827 4834 reddant;
2873 4769 2919 4822 si
2961 4769 3270 4838 cupiditatis
3298 4769 3352 4824 in
3377 4769 3590 4835 alienis,
3624 4779 3721 4824 aut

2147 4861 2386 4914 avaritia:
2412 4859 2469 4914 in
2500 4859 2736 4930 propriis
2759 4860 2964 4914 crimen
2991 4861 3305 4926 incurrant;
3336 4861 3382 4915 si
3407 4861 3509 4917 zeli
3535 4872 3631 4917 aut
3661 4863 3723 4917 li~

2143 4949 2291 5005 voris
2329 4963 2540 5004 venena
2576 4949 2918 5018 possideant;
2968 4949 3015 5004 si
3057 4959 3246 5004 contra
3275 4951 3463 5022 legalia
3492 4959 3547 5006 et
3585 4968 3719 5022 apo.

2143 5040 2333 5095 stolica
2366 5039 2612 5093 instituta
2652 5039 2906 5094 indecens
2932 5039 3135 5108 aliquid
3174 5048 3269 5094 aut
3305 5040 3596 5110 loquantur
3622 5051 3715 5096 aut

2143 5132 2412 5203 cogitent;
2445 5132 2490 5187 si
2520 5132 2577 5186 in
2605 5147 2769 5186 carne
2806 5132 3050 5201 placendi
3079 5132 3260 5188 studio
3285 5144 3498 5204 compte
3536 5144 3592 5190 et
3625 5152 3714 5190 or—

2144 5233 2269 5278 nate
2304 5223 2634 5294 procedant;
2680 5223 2726 5277 si
2766 5223 2946 5292 aliqua
2968 5237 3120 5292 quae,
3159 5232 3220 5277 ut
3247 5224 3480 5290 assolet,
3527 5225 3714 5281 illicita

2145 5323 2272 5370 sunt
2300 5314 2527 5380 faciant,
2551 5313 2680 5384 quid
2706 5314 2950 5383 proderit
2975 5313 3055 5368 eis
3079 5315 3347 5384 sprevisse
3376 5315 3518 5384 quod
3541 5315 3713 5380 licuit,

2143 5417 2198 5460 et
2217 5421 2475 5461 exercere
2501 5405 2644 5475 quod
2669 5419 2774 5459 non
2806 5405 2966 5459 licet?
2983 5403 3040 5458 Si
3065 5405 3147 5458 vis
3167 5405 3426 5474 prodesse
3447 5406 3546 5461 tibi
3571 5406 3714 5476 quod

2144 5497 2349 5551 licitum
2383 5494 2786 5565 contempsisti,
2817 5493 2942 5548 vide
2966 5507 3035 5548 ne
3069 5494 3198 5564 quid
3225 5509 3416 5551 eorum
3449 5510 3570 5564 qum
3609 5510 3714 5550 non

2143 5589 2306 5644 licent
2327 5588 2515 5643 facias.
2549 5587 2783 5643 Stultum
2808 5588 2952 5641 enim
2981 5597 3064 5644 est
3096 5587 3337 5642 timuisse
3362 5588 3503 5658 quod
3540 5589 3716 5642 minus

2144 5688 2257 5746 est,
2286 5687 2342 5733 et
2372 5694 2478 5734 non
2503 5678 2693 5732 timere
2717 5675 2862 5746 quod
2895 5676 3069 5746 majus
3107 5687 3190 5732 est
3223 5695 3234 5730 :
3270 5687 3361 5734 aut
3387 5675 3455 5730 ab
3484 5677 3572 5733 bis
3609 5690 3717 5731 non
