3974 6192
285 357 386 411 677

741 362 967 419 CODEX
1011 361 1470 420 REGULARUM.
1513 363 1881 419 APPENDIX.
1929 365 2231 420 EXHORT.
2269 366 2361 420 AD
2400 366 2706 422 MONACH.
2747 367 2834 421 ET
2873 367 3057 424 VIRG.

3438 370 3546 425 678

281 474 443 528 vitari
481 487 600 542 quae
627 476 1015 545 prohibentur,
1057 476 1101 530 si
1130 477 1558 548 subterfugerint
1591 496 1710 549 quze
1736 497 1862 534 con-
1891 481 1939 539 A
1968 478 2087 531 tas?
2116 475 2269 532 Unde
2297 493 2482 548 quaeso
2511 489 2586 544 te,
2618 481 2792 550 virgo,
2817 497 2993 551 neque
3019 483 3072 535 in
3119 483 3231 537 sola
3263 484 3359 538 tibi
3389 485 3547 553 pudi-

284 566 566 619 ceduntur.
600 564 897 620 Dicitenim
925 567 1215 636 Apostolus
1243 587 1255 622 :
1282 567 1512 638 Innupta
1539 570 1864 640 cogitatque?

282 657 496 712 Domini
520 666 660 720 sunt,
685 659 944 728 quomodo
976 659 1179 728 placeat
1207 659 1336 722 Deo,
1369 669 1424 712 ut
1452 661 1518 712 sit
1539 670 1720 712 sancta
1743 677 1862 712 cor-

278 738 401 818 pore
434 758 484 802 et
530 749 736 820 spiritu.
777 748 908 814 Qua:
955 758 1128 802 autem
1165 759 1324 818 nupta
1365 759 1470 814 est,
1515 751 1706 820 cogitat
1746 766 1863 820 qua:

277 847 399 891 sunt
425 839 588 908 hujus
622 839 823 902 mundi,
860 841 1120 910 quomodo
1157 839 1361 910 placeat
1395 842 1502 895 riro
1527 841 1580 910 (I
1610 840 1729 894 Cor.
1762 858 1857 905 vn,

276 928 390 998 54).
438 927 674 998 Nuptam
722 936 934 999 placere
978 932 1094 984 viro
1135 932 1360 998 asserit,
1413 933 1697 1004 cogitando
1741 948 1862 1003 qme

278 1020 465 1073 mundi
485 1029 611 1074 sunt
639 1035 652 1073 :
683 1021 964 1090 innuptam
991 1037 1121 1076 vero
1137 1024 1266 1086 Deo,
1299 1039 1363 1078 eo
1385 1025 1528 1092 quod
1555 1024 1697 1077 nulla
1722 1039 1852 1077 cura

276 1110 352 1164 illi
379 1111 452 1163 sit
475 1111 676 1164 saeculi.
705 1111 860 1166 Dicat
889 1128 1018 1182 ergo
1043 1114 1172 1167 mihi
1193 1129 1315 1182 quae
1340 1115 1512 1166 virum
1543 1131 1646 1167 non
1671 1113 1853 1178 habet,

276 1208 331 1252 et
366 1208 546 1254 tamen
585 1216 706 1270 qua:
727 1210 853 1255 sunt
890 1203 1076 1256 mundi
1104 1205 1335 1274 cogitat,
1368 1205 1455 1258 cui
1483 1204 1694 1272 placere
1718 1206 1857 1258 desi-

276 1291 470 1344 derat?
500 1290 690 1346 Nonne
726 1293 944 1362 incipiet
977 1293 1050 1348 illi
1092 1303 1258 1364 nupta
1293 1297 1570 1366 prmponi?
1605 1297 1729 1365 quia
1768 1296 1856 1349 illa

276 1380 565 1447 rogitando
604 1397 723 1451 quae
757 1385 941 1439 mundi
969 1393 1124 1448 sunt,
1156 1387 1456 1455 complacet
1487 1387 1571 1442 vel
1614 1389 1808 1441 marito
1840 1405 1852 1440 :

275 1474 382 1528 ista
406 1488 534 1527 vero
560 1490 668 1528 non
698 1477 913 1541 marito,
939 1493 1058 1547 quae
1076 1493 1182 1532 non
1210 1479 1394 1546 habet,
1422 1488 1600 1550 potest
1619 1479 1853 1550 placere,

274 1580 378 1618 nec
408 1565 539 1619 Deo.

351 1654 457 1711 Sed
481 1671 580 1710 nec
602 1655 730 1710 illud
750 1656 964 1712 silentio
985 1659 1264 1727 przeterire
1286 1675 1384 1714 nos
1411 1661 1681 1726 convenit,
1711 1662 1854 1729 quod

275 1745 446 1797 dixit:
474 1744 706 1814 Innupta
751 1746 942 1815 cogitat
986 1763 1103 1816 qua:
1152 1747 1365 1801 Domini
1403 1759 1546 1813 sunt,
1590 1750 1850 1819 quomodo

1966 567 2094 622 citia
2121 567 2449 636 blandiaris;
2478 585 2544 624 ne
2572 571 2623 624 in
2646 573 2806 626 unius
2833 575 3060 627 membri
3086 575 3392 645 integritate
3413 592 3543 633 cons

1967 657 2102 714 fidas
2135 677 2148 712 :
2182 661 2275 715 sed
2300 663 2594 717 secundum
2624 664 2936 733 Apostolum
2983 667 3081 721 soli
3124 668 3234 725 Deo
3280 684 3543 726 conserva

1964 751 2208 818 corporis
2235 752 2596 807 sanctitatem.
2629 754 2823 809 Munda
2861 758 2928 812 ab
2957 759 3101 812 omni
3132 760 3539 828 inquinamento

1963 848 2125 907 caput
2156 832 2188 892 ε’
2205 842 2327 910 quia
2357 845 2561 897 crimen
2591 854 2675 899 est
2701 847 2830 902 illud
2857 857 2978 916 post
3003 849 3310 906 chrismatis
3339 855 3542 909 sancti-

1960 928 2288 996 ficationem,
2315 941 2409 986 aut
2429 935 2595 998 croci,
2621 945 2714 989 aut
2734 937 2955 992 alterius
2979 940 3537 1012 cujuslibetpigmenti

1960 1016 2084 1072 fuco
2111 1019 2193 1072 vel
2219 1020 2437 1088 pulvere
2465 1024 2763 1090 sordidari;
2795 1034 2887 1079 aut
2916 1043 3047 1082 auro
3087 1030 3169 1083 vel
3192 1033 3417 1100 gemmis
3441 1048 3534 1087 cu-

1953 1108 2256 1180 juscunque
2279 1120 2509 1168 terrena:
2535 1118 2733 1185 speciei
2763 1119 2902 1173 comi
2937 1137 2950 1172 :
2979 1122 3120 1190 quod
3163 1121 3275 1189 jam
3299 1125 3533 1180 caelestis

1958 1208 2181 1253 ornatus
2228 1201 2512 1270 splendore
2560 1205 2804 1276 refulget.
2849 1208 3079 1265 Grandis
3115 1214 3311 1282 quippe
3339 1216 3534 1271 divinae

1959 1289 2149 1358 gratiae
2178 1293 2500 1349 contumelia
2521 1305 2604 1350 est
2638 1315 2650 1350 :
2682 1299 2938 1354 mundani
2987 1309 3039 1354 et
3068 1304 3344 1360 saecularis
3366 1321 3531 1361 orna-

1959 1379 2126 1432 menti
2168 1381 2428 1448 praelatio.
2481 1383 2674 1439 Munda
2726 1386 2981 1455 frontem,
3045 1399 3105 1444 ut
3147 1393 3378 1448 humana
3430 1411 3540 1450 non

1960 1471 2141 1525 divina
2167 1487 2328 1542 Opera
2360 1477 2666 1542 erubescat,
2696 1487 2750 1532 et
2781 1479 2924 1534 illam
2980 1482 3347 1539 confusionem
3400 1487 3540 1542 reci-

1959 1561 2089 1630 piat,
2143 1579 2263 1632 qua:
2312 1580 2414 1618 non
2471 1576 2771 1635 peccatum,
2825 1569 2920 1624 sed
2963 1571 3059 1626 Dei
3110 1574 3333 1644 gloriam
3364 1578 3533 1644 parit,

1957 1647 2236 1719 Scriptura
2263 1653 2474 1708 dicente
2503 1672 2515 1708 :
2548 1654 2640 1708 Est
2665 1657 2900 1726 confusio
2935 1661 3200 1715 adducens
3219 1675 3483 1734 peccatum
3515 1681 3535 1718 :

1954 1746 2001 1788 et
2022 1747 2099 1791 est
2125 1741 2362 1808 confusio
2383 1743 2647 1797 adducens
2670 1744 2888 1815 gloriam
2914 1747 3080 1819 (Eccl.
3109 1767 3182 1816 tv,
3199 1751 3311 1824 25).
3338 1753 3532 1810 Munda

274 1832 479 1901 placeat
506 1833 635 1896 Deo,
678 1843 733 1886 ut
762 1836 830 1887 sit
865 1845 1048 1889 sancta
1075 1853 1290 1907 corpore
1320 1847 1370 1891 et
1411 1839 1600 1908 spiritu
1642 1837 1695 1911 (1
1726 1838 1836 1892 Cor.

1957 1829 2174 1896 collum,
2221 1840 2281 1885 ut
2332 1849 2437 1887 non
2491 1850 2656 1889 aurea
2709 1839 2932 1893 reticula
2985 1843 3206 1912 capillus
3253 1853 3451 1914 portet,
3477 1856 3532 1901 et

273 1937 372 1986 vn,
415 1921 527 1994 54).
575 1922 704 1990 Quae
747 1934 874 1979 sunt
912 1941 1040 1997 ergo
1089 1927 1299 1982 Domini
1345 1929 1490 1984 dicat
1541 1929 1845 2000 Apostolus.

275 2015 610 2086 Qutecunque
632 2025 751 2068 sunt
772 2027 977 2083 sancta,
1001 2021 1504 2091 quwcunquejusta,
1528 2038 1851 2092 qmrcunque

271 2105 553 2170 amabilia,
586 2124 906 2179 qua'cunque
945 2111 1091 2165 bona:
1133 2113 1308 2182 famw.
1345 2112 1405 2167 Si
1441 2130 1544 2183 qua
1585 2115 1765 2177 virtus,
1805 2115 1849 2167 si

267 2212 371 2264 qua
392 2194 511 2250 laus
535 2198 824 2269 disciplina:
851 2198 1071 2271 (Philip.
1101 2218 1174 2267 ιν,
1205 2202 1281 2274 8).
1314 2202 1420 2257 Ista
1452 2211 1577 2257 sunt
1613 2204 1846 2269 Domini,

266 2306 386 2357 qua}
413 2302 614 2348 sanctze
633 2336 647 2358 ,
677 2303 731 2348 et
756 2311 920 2361 verte,
953 2305 1005 2349 et
1036 2297 1340 2364 apostolicae
1375 2298 1613 2368 virgines
1640 2299 1724 2353 die
1753 2316 1848 2353 no-

264 2391 468 2452 ctuque
505 2385 624 2439 sine
668 2384 777 2440 ullo
810 2387 1065 2456 temporis
1100 2387 1384 2442 intervallo
1424 2389 1755 2443 meditantur
1793 2401 1849 2444 et

263 2474 528 2545 cogitant.
572 2474 781 2529 Domini
817 2485 901 2531 est
941 2493 1164 2546 regnum
1195 2477 1478 2540 ctelorum,
1516 2477 1727 2532 Domini
1763 2489 1848 2534 est

265 2565 595 2620 resurrectio
637 2575 1006 2632 mortuorum;
1058 2567 1271 2622 Domini
1304 2568 1713 2633 immortalitas;
1762 2571 1843 2624 in-

262 2655 543 2724 corruptio
591 2654 797 2709 Domini
837 2667 955 2723 est;
1011 2657 1266 2728 Splendor
1313 2659 1460 2726 solis,
1505 2663 1596 2732 qui
1638 2665 1841 2719 sanctis

260 2743 621 2811 promittitur,
656 2745 865 2799 Domini
890 2756 992 2811 est,
1023 2748 1162 2802 sicut
1185 2749 1236 2802 in
1259 2748 1547 2820 Evangelio
1579 2759 1840 2822 scriptum

261 2840 343 2885 est
377 2851 390 2885 :
429 2832 578 2887 Tunc
606 2835 743 2904 justi
786 2835 1056 2907 fulgebunt
1103 2840 1238 2893 sicut
1271 2838 1352 2894 sol
1382 2842 1438 2896 in
1475 2860 1630 2912 regno
1657 2840 1837 2900 Patris

257 2941 438 2978 eorum
455 2925 672 2996 (Matth.
689 2943 808 2993 xm,
824 2929 937 2998 45).
955 2931 1166 2984 Domini
1195 2941 1320 2987 sunt
1332 2933 1514 3003 plures
1526 2945 1839 2993 sanctorum

258 3018 310 3072 in
333 3018 650 3074 ctelestibus
683 3021 1024 3087 mansiones;
1055 3024 1267 3079 Domini
1295 3035 1378 3079 est
1399 3025 1604 3083 fructus
1626 3029 1839 3085 tricesi-

254 3124 397 3172 mus,
430 3115 486 3162 et
531 3111 901 3180 sexagesimus
937 3121 1099 3183 atque
1128 3117 1478 3171 centesimus.
1529 3117 1655 3174 litec
1693 3121 1840 3191 cogi-

253 3207 390 3264 tant,
443 3205 499 3254 et
533 3200 730 3269 quibus
777 3203 985 3272 possint
1031 3205 1286 3274 Operibus
1337 3209 1665 3277 promereri,
1717 3227 1836 3281 qua:

254 3285 469 3341 Domini
501 3297 627 3343 sunt
654 3290 910 3359 cogitant.
943 3291 1154 3348 Domini
1181 3304 1263 3350 est
1295 3297 1458 3351 etiam
1501 3299 1587 3352 lex
1613 3298 1745 3356 Novi
1782 3309 1838 3356 et

254 3379 469 3435 Veteris
504 3381 856 3448 Testamenti,
892 3386 944 3439 in
971 3387 1165 3455 quibus
1194 3390 1307 3444 oris
1331 3391 1448 3461 ejus
1469 3392 1682 3462 eloquia
1710 3409 1836 3449 san-

253 3476 341 3522 cta
366 3468 672 3540 refulgent;
703 3488 825 3542 qua:
861 3475 906 3529 si
943 3491 1063 3544 quae
1112 3479 1348 3550 virgines
1393 3481 1511 3536 sine
1561 3483 1835 3538 intermis-

255 3559 406 3613 sione
445 3561 796 3628 meditantur,
849 3578 969 3632 qua:
1015 3566 1228 3622 Domini
1288 3579 1414 3624 sunt
1459 3571 1728 3641 cogitant;
1780 3580 1836 3628 et

252 3650 557 3720 completur
589 3652 641 3706 in
683 3655 762 3708 eis
811 3655 939 3711 illud
983 3661 1357 3728 propheticum
1403 3681 1415 3716 :
1461 3661 1834 3720 Fundamenta

249 3749 449 3793 srterna
480 3757 636 3811 super
666 3753 865 3814 petram
894 3747 1153 3804 solidam:
1175 3761 1223 3804 et
1251 3754 1501 3807 mandata
1537 3754 1751 3809 Domini
1775 3763 1833 3811 in

249 3829 408 3883 corde
434 3832 672 3887 mulieris
699 3837 1140 3909 sancta:(Eccles.
1188 3858 1337 3906 XXV],
1381 3843 1494 3916 24).
1532 3845 1828 3917 Sequitur:

248 3920 510 3986 quomodo
532 3921 733 3991 placeat
752 3924 862 3979 Deo
885 3944 904 3992 ;
933 3928 1061 3995 Deo,
1085 3930 1332 4000 inquam,
1361 3950 1466 3988 non
1484 3935 1827 3993 hominibus:

249 4018 299 4059 ut
326 4007 398 4061 sit
424 4020 608 4063 sancta
642 4029 858 4084 corpore
883 4027 932 4070 et
971 4021 1160 4089 spiritu
1195 4021 1249 4093 (Ι
1289 4021 1412 4077 Cor.
1442 4041 1537 4092 vn,
1569 4027 1680 4094 54).
1711 4028 1829 4084 Non

246 4097 406 4161 dixit,
441 4099 513 4155 Ut
551 4102 622 4156 sit
665 4115 852 4161 sancta
893 4112 1136 4166 membro
1166 4121 1260 4167 aut
1315 4129 1540 4185 corpore
1581 4125 1826 4188 tantum;

246 4188 366 4252 sed,
395 4199 452 4242 ut
488 4193 552 4244 sit
588 4203 768 4248 sancta
797 4213 1010 4268 corpore
1039 4210 1089 4253 et
1109 4204 1314 4272 spiritu.
1357 4204 1656 4262 Membrum
1684 4210 1827 4266 enim

245 4293 352 4331 una
385 4281 628 4349 corporis
648 4298 774 4352 pars
800 4294 900 4349 est,
930 4302 1128 4358 corpus
1150 4307 1278 4347 vero
1306 4295 1544 4349 omnium
1568 4313 1828 4370 compago

246 4368 611 4425 membrorum
642 4382 741 4428 est.
783 4373 915 4430 Cum
946 4392 1073 4448 ergo
1100 4381 1244 4444 dicit,
1289 4392 1347 4436 ut
1395 4386 1462 4437 sit
1495 4396 1674 4441 sancta
1705 4368 1824 4442 cor-

243 4471 390 4523 pore,
421 4472 490 4511 ex
519 4461 770 4518 omnibus
812 4466 1068 4521 membris
1104 4484 1223 4523 eam
1265 4472 1595 4530 sanctificari
1627 4476 1826 4533 debere

247 4556 499 4602 testatur.
538 4549 673 4617 Quia
707 4569 812 4608 non
838 4556 1078 4623 proderit
1107 4569 1426 4616 czeterorum
1458 4564 1824 4623 sanctificatio

246 4636 635 4705 membrorum,
673 4642 718 4697 si
751 4644 1060 4700 inveniatur
1086 4649 1171 4703 vel
1205 4650 1259 4704 in
1285 4665 1394 4705 uno
1421 4657 1720 4724 corruptio.
1756 4657 1824 4714 Et

240 4725 353 4794 jam
381 4744 486 4783 non
515 4731 622 4784 erit
648 4742 835 4788 sancta
862 4751 1110 4805 corpore,
1145 4741 1286 4808 quod
1314 4758 1380 4796 ex
1419 4745 1668 4801 omnibus
1694 4763 1823 4802 con-

244 4824 354 4870 stat
379 4820 658 4887 membris,
689 4837 808 4892 qua:
843 4824 928 4878 vel
971 4827 1130 4882 unius
1175 4828 1338 4884 fuerit
1384 4831 1820 4902 coinquinatione

243 4907 472 4978 polluta.

315 5001 423 5056 Sed
454 5010 515 5056 ut
544 5004 687 5073 quod
711 5004 831 5060 dico
846 5006 1184 5064 manifestius
1205 5017 1261 5064 et
1278 5010 1510 5067 lucidius
1531 5012 1655 5079 fiat;
1676 5025 1814 5083 esto,

241 5092 314 5147 sit
332 5108 668 5165 quaecunque
698 5097 939 5151 omnium
973 5100 1340 5155 membrorum
1387 5103 1818 5163 sanctificatione

242 5194 487 5255 purgata,
533 5196 589 5241 et
640 5188 819 5259 lingua
874 5193 1246 5246 tantummodo
1303 5203 1510 5263 peccet,
1567 5211 1672 5264 qua
1728 5205 1822 5251 aut

239 5271 598 5344 blasphemet,
627 5285 719 5332 aut
742 5279 935 5333 falsum
964 5281 1330 5336 testimonium
1370 5282 1544 5350 dicat;
1579 5287 1819 5355 nunquid

238 5361 544 5420 liberabant
563 5365 742 5422 omnia
784 5371 1024 5425 membra
1053 5372 1256 5426 unum?
1299 5389 1367 5427 an
1397 5385 1616 5444 propter
1649 5394 1815 5432 unum

232 5451 618 5519 iudicabuntur
643 5467 699 5513 et
723 5462 958 5515 caetera?
998 5463 1140 5533 Ergo
1170 5464 1212 5518 si
1243 5479 1342 5521 nec
1390 5467 1616 5521 aliorum
1647 5483 1816 5524 mem-

239 5544 462 5600 brorum
491 5551 848 5606 sanctificatio
867 5554 1128 5622 proderit,
1145 5571 1266 5610 cum
1287 5557 1340 5610 in
1367 5573 1473 5611 uno
1495 5558 1564 5611 sit
1585 5558 1809 5627 vitium;

238 5646 444 5700 quanto
503 5640 672 5710 magis
730 5641 774 5696 si
827 5641 1162 5700 diversorum
1216 5646 1418 5718 ﬂagitio
1464 5657 1809 5718 peccatorum

238 5727 417 5781 oumla
449 5741 880 5801 corrumpantur,
923 5737 1082 5791 unius
1130 5739 1261 5793 nihil
1315 5742 1553 5810 proderit
1585 5744 1806 5815 integri-

1955 1934 2213 1990 suspensa
2241 1924 2482 1986 monilia,
2515 1927 2608 1981 sed
2634 1927 2720 1982 illa
2751 1931 2928 1999 potius
2953 1944 3267 1989 ornamenta
3293 1938 3526 1993 circum-

1953 2010 2111 2079 ferat,
2158 2014 2224 2068 de
2275 2015 2471 2084 quibus
2507 2017 2784 2087 Scriptura
2834 2023 2961 2077 dicit
3013 2041 3025 2077 :
3065 2023 3428 2083 Misericordia
3480 2040 3529 2084 et

1951 2102 2082 2170 ﬁdes
2113 2122 2214 2159 non
2247 2107 2494 2176 deﬁciant
2514 2127 2544 2163 a
2574 2121 2641 2177 te,
2674 2113 2930 2182 suspende
2964 2123 3134 2168 autem
3166 2116 3256 2169 illa
3282 2118 3336 2170 in
3375 2119 3530 2174 corde

1951 2191 2088 2246 velut
2116 2195 2170 2247 in
2193 2195 2326 2250 collo
2354 2207 2443 2250 tuo
2472 2197 2652 2270 (Prov.
2685 2216 2768 2266 ιιι,
2803 2201 2911 2272 l5).
2941 2201 3135 2258 Munda
3172 2205 3377 2270 oculos,
3401 2207 3529 2261 dum

1949 2296 2042 2336 eos
2068 2283 2136 2336 ab
2168 2285 2313 2339 omni
2345 2289 2785 2359 concupiscentia
2837 2292 3090 2359 retrahis,
3145 2302 3201 2349 et
3235 2293 3303 2349 ab
3331 2296 3528 2351 intuitu

1946 2389 2240 2445 pauperum
2296 2396 2568 2451 nunquam
2622 2386 2839 2449 avertis,
2890 2395 2946 2441 et
2999 2389 3068 2444 ab
3098 2390 3348 2445 omnibus
3381 2391 3522 2449 fucis

1945 2463 2144 2520 liberos
2172 2483 2235 2522 ea
2258 2484 2362 2538 qua
2389 2487 2418 2524 a
2442 2472 2554 2528 Deo
2583 2473 2709 2528 facti
2739 2484 2864 2531 sunt
2893 2478 3205 2535 sinceritate
3227 2483 3522 2537 custodias.

1946 2553 2141 2610 Munda
2183 2557 2417 2629 linguam
2448 2579 2475 2615 a
2504 2565 2785 2621 mendacio
2813 2585 2824 2620 :
2858 2568 2981 2636 quia
3015 2587 3072 2624 os
3115 2571 3253 2642 quod
3279 2575 3528 2627 mentitur

1945 2647 2134 2700 occidit
2153 2649 2383 2704 animam
2407 2651 2553 2723 (Sap.
2580 2671 2620 2719 ι,
2639 2653 2746 2726 ll).
2765 2657 2956 2712 Munda
2979 2673 3098 2713 eam
3113 2677 3140 2715 a
3165 2663 3519 2728 detractione,

1944 2750 1972 2788 a
2015 2736 2345 2806 iuramento,
2379 2742 2448 2796 ab
2477 2743 2805 2812 adulatione,
2837 2763 2866 2801 a
2895 2749 3150 2818 perjurio.
3205 2749 3337 2806 Nolo
3384 2769 3522 2822 pra:-

1942 2836 2219 2894 posterum
2253 2830 2501 2885 ordinem
2531 2824 2704 2901 putes,
2760 2837 2902 2904 quod
2957 2838 3106 2907 prius
3134 2853 3162 2892 a
3188 2837 3519 2908 juramento,

1941 2931 2101 2986 quam
2130 2934 2160 2972 a
2183 2921 2421 2991 perjurio
2440 2922 2674 2994 linguam
2697 2927 2806 2981 dixi
2839 2929 3039 2984 debere
3069 2932 3314 2986 mundari
3345 2951 3359 2988 :
3390 2935 3518 3004 quia

1941 3017 2069 3065 tunc
2095 3012 2393 3083 perjurium
2427 3016 2637 3072 facilius
2662 3019 2906 3090 effugies,
2931 3023 2974 3077 si
3002 3023 3055 3076 in
3084 3031 3194 3077 toto
3221 3040 3327 3079 non
3343 3025 3514 3095 jures.

1938 3098 2231 3169 lmpleatur
2256 3103 2309 3158 in
2341 3113 2393 3160 te
2419 3106 2506 3160 illa
2531 3110 2797 3164 sententia
2831 3129 2842 3164 :
2875 3111 3064 3167 Cohibe
3107 3113 3341 3184 linguam
3370 3127 3516 3172 tuam

1865 3177 1909 3238 C
1941 3203 1974 3240 a
1997 3188 2154 3254 malo,
2188 3202 2236 3245 et
2258 3192 2398 3247 labia
2424 3203 2515 3250 tua
2539 3213 2601 3250 ne
2623 3197 2905 3269 loquantur
2924 3201 3099 3255 dolum
3122 3177 3293 3273 (Psal.
3323 3221 3517 3271 xxxut,

1940 3276 2052 3350 M).
2083 3279 2150 3333 Et
2176 3296 2386 3338 memor
2406 3292 2524 3340 esto
2548 3287 2776 3344 dicentis
2797 3289 3038 3361 Apostoli
3073 3313 3086 3347 :
3121 3293 3438 3363 Benedicite,
3469 3310 3520 3353 et

1936 3368 2094 3424 nolite
2114 3371 2425 3429 maledicere
2465 3375 2641 3448 (Rom.
2672 3395 2769 3444 xu,
2806 3381 2924 3451 H);
2969 3383 3061 3438 sed
3095 3383 3224 3440 illud
3273 3387 3517 3444 crebrius

1936 3462 2225 3517 recordare
2259 3482 2271 3516 :
2314 3463 2495 3520 Videte
2547 3484 2610 3522 ne
2654 3473 2770 3540 quis
2805 3472 3000 3526 malum
3049 3491 3142 3542 pro
3193 3476 3324 3530 bono
3354 3479 3515 3533 alicui

1936 3546 2142 3613 reddat,
2169 3567 2333 3621 neque
2379 3554 2714 3610 maledictum
2756 3575 2851 3626 pro
2875 3561 3189 3628 maledicto;
3221 3566 3313 3619 sed
3334 3584 3361 3619 e
3386 3584 3512 3622 con-

1934 3641 2100 3693 trario
2137 3641 2489 3700 benedicentes
2526 3663 2545 3699 :
2571 3647 2696 3716 quia
2726 3649 2778 3702 in
2802 3651 2898 3703 hoc
2919 3653 3084 3705 vocati
3108 3655 3248 3718 estis,
3278 3665 3334 3709 ut
3364 3658 3516 3712 bene-

1933 3728 2212 3784 dictionem
2265 3733 2568 3790 luereditate
2592 3739 2899 3807 possidentis
2940 3740 2992 3812 (Ι
3023 3740 3170 3798 Pctr.
3224 3761 3304 3813 ιιι,
3337 3747 3423 3819 9);
3454 3759 3513 3804 et

1937 3817 2069 3873 illud
2095 3837 2108 3873 :
2149 3819 2210 3876 Si
2237 3823 2354 3891 quis
2391 3834 2562 3878 autem
2594 3827 2650 3879 in
2675 3827 2854 3898 lingua
2883 3847 2986 3884 non
3023 3835 3266 3901 ostendit,
3283 3817 3378 3890 hic
3394 3855 3512 3908 per-

1934 3909 2099 3980 fectus
2130 3923 2205 3966 est
2231 3913 2370 3985 (Jac.
2396 3931 2476 3981 ιιι,
2523 3916 2600 3988 2).
2627 3917 2788 3974 Nefas
2815 3930 2900 3974 est
2936 3922 3078 3976 enim
3107 3934 3165 3977 ut
3208 3925 3347 3980 labia
3393 3927 3510 3994 illa,

1933 4001 2130 4070 quibus
2149 4002 2436 4059 Dominum
2469 4007 2760 4075 confiteris,
2795 4026 2972 4081 rogas,
2997 4012 3292 4082 benedicis,
3315 4025 3369 4071 et
3393 4019 3510 4074 lau-

1933 4095 2046 4161 das,
2097 4096 2326 4166 alicujus
2372 4099 2679 4168 polluantur
2719 4105 2875 4159 sorde
2917 4107 3145 4175 peccati.
3176 4107 3368 4166 Nescio
3401 4127 3508 4181 qua

1933 4189 2264 4245 conscientia
2312 4201 2368 4247 et
2428 4193 2606 4265 lingua
2657 4196 2779 4266 quis
2826 4197 2992 4253 Deum
3041 4211 3212 4271 rogat,
3259 4219 3362 4273 qua
3414 4215 3507 4261 aut

1931 4283 2208 4350 mentitur,
2238 4294 2333 4340 aut
2361 4287 2652 4354 maledicit,
2686 4299 2780 4344 aut
2807 4291 3062 4347 detrahit.
3109 4294 3272 4351 Labia
3319 4309 3505 4355 sancta

1930 4374 2151 4428 exaudit
2178 4374 2355 4443 Deus;
2388 4387 2442 4432 et
2485 4379 2616 4448 ipsis
2666 4383 2854 4436 annuit
2900 4383 3009 4437 cito
3051 4385 3326 4453 precibus,
3371 4404 3507 4458 quas

1928 4464 2110 4534 lingua
2131 4466 2477 4524 immaculata
2506 4473 2840 4539 pronuntiat.
2874 4473 3068 4528 Munda
3113 4490 3292 4542 aures,
3315 4487 3373 4533 ιιι
3396 4496 3503 4536 non

1931 4553 2034 4609 nisi
2059 4559 2397 4614 sermonibus
2422 4563 2620 4617 sanctis
2644 4571 2697 4617 et
2745 4565 2890 4619 veris
2929 4566 3169 4621 auditum
3193 4570 3499 4640 praebeant;

1927 4649 1986 4695 ut
2019 4659 2292 4714 nunquam
2323 4647 2576 4715 obscena,
2609 4661 2702 4706 aut
2735 4654 2934 4723 turpia,
2964 4663 3059 4710 aut
3079 4658 3351 4712 saecularia
3381 4676 3502 4715 ver-

1924 4732 1992 4788 ba
2033 4737 2349 4806 suscipiant,
2402 4748 2493 4793 aut
2534 4741 2764 4813 aliquem
2797 4747 2863 4800 de
2904 4746 3074 4803 altero
3102 4750 3316 4805 audiant
3345 4754 3502 4809 dero-

1923 4834 2162 4894 gantem,
2194 4839 2416 4900 propter
2470 4831 2598 4887 illud
2628 4836 2770 4903 quod
2800 4838 3059 4906 scriptum
3091 4849 3174 4894 est
3201 4859 3213 4894 :
3246 4841 3369 4912 Sepi
3395 4862 3496 4899 au-

1923 4929 2002 4967 res
2057 4927 2174 4971 tuas
2233 4922 2422 4990 spinis,
2481 4932 2529 4976 et
2585 4924 2691 4978 noli
2755 4927 2939 4981 audire
2992 4928 3223 4999 linguam
3275 4949 3496 5004 nequam

1929 5015 2098 5085 (Eccl.
2126 5033 2312 5080 xxvm,
2339 5019 2464 5090 29);
2495 5027 2552 5073 ut
2575 5037 2698 5075 cum
2723 5037 2789 5076 eo
2830 5024 3032 5079 habere
3059 5035 3267 5094 partem
3295 5032 3491 5098 possis,

1927 5106 1994 5160 de
2019 5121 2124 5175 quo
2149 5109 2364 5174 dicitur,
2397 5111 2649 5179 quoniam
2690 5112 2876 5166 auditu
2905 5121 2960 5166 et
3007 5115 3123 5170 visu
3147 5115 3324 5186 justus
3344 5129 3489 5186 erat;

1926 5196 2031 5250 hoc
2054 5206 2158 5261 est,
2187 5213 2288 5253 nec
2309 5201 2549 5266 auribus,
2580 5215 2680 5255 nec
2707 5203 2875 5256 oculis
2918 5203 3280 5275 delinquebat.
3305 5209 3492 5268 Manus

1926 5303 1993 5342 ne
2017 5299 2279 5357 porrecta:
2301 5291 2365 5345 ad
2394 5293 2765 5362 accipiendum
2790 5295 2918 5359 sint,
2945 5296 3012 5350 ad
3055 5297 3288 5352 dandum
3313 5310 3489 5358 autem

1924 5377 2182 5445 collectae,
2207 5395 2308 5434 nec
2353 5382 2421 5437 ad
2447 5380 2746 5438 feriendum
2795 5394 3023 5454 parata,
3074 5387 3166 5442 sed
3195 5389 3263 5443 ad
3311 5392 3490 5448 omnia

1918 5469 2301 5525 misericordiae
2328 5481 2382 5526 et
2408 5473 2624 5543 pietatis
2646 5490 2806 5544 opera
2833 5477 2962 5532 satis
2982 5489 3264 5549 promptae.
3295 5481 3488 5537 Munda

1914 5560 2098 5628 pedes,
2150 5576 2219 5616 ne
2267 5561 2428 5616 latam
2475 5573 2530 5618 et
2573 5566 2864 5634 spatiosam
2919 5579 3147 5640 pergant
3171 5570 3339 5636 viam,
3371 5587 3489 5641 quae

1914 5651 2060 5705 ducit
2087 5652 2156 5707 ad
2191 5652 2468 5722 splendida
2502 5657 2679 5718 smculi
2707 5667 2761 5712 et
2785 5659 3018 5728 pretiosa
3069 5661 3348 5728 convivia;
3392 5662 3486 5717 sed

1913 5746 2139 5800 arduum
2183 5749 2357 5820 magis
2403 5759 2455 5805 et
2498 5761 2782 5822 angustum
2833 5753 3146 5823 gradiantur
3184 5755 3310 5823 iter,
3343 5754 3486 5826 quod
