3974 6192
299 311 303 315 ’
396 343 498 399 ora

1380 334 1438 389 S.
1478 332 1837 389 BENEDICTI
1875 326 2167 383 ABBATIS
2208 322 2621 380 ANIANENSIS

3529 320 3633 378 (ἰεῦ

396 460 568 518 tendit
596 457 665 514 ad
697 455 891 512 caelum
918 470 931 506 ε
956 450 1081 520 quia
1125 448 1382 518 scriptum
1421 457 1505 501 est
1546 465 1559 500 :
1607 446 1718 501 Iter
1766 454 1962 500 rectum
1988 443 2035 501 A
2063 448 2172 504 tur,
2200 437 2724 509 possintvisceribus
2752 435 2987 491 intimari
3015 452 3026 489 :
3057 435 3227 490 multo
3245 435 3415 505 magis
3453 445 3638 493 tamen

399 554 556 624 facite
605 549 817 619 pedibus
862 544 1043 598 vestris
1081 540 1215 611 (Isa.
1246 556 1374 604 Lvn,
1398 538 1518 606 id);
1551 551 1780 609 agnosce
1807 536 1903 591 tibi
1932 550 1963 590 a
2060 532 2163 586 hoc
2190 531 2457 624 virginem
2478 528 2702 624 ἰωβιιξτθ
2725 541 2945 624 necesse
2974 534 3079 624 est.
3107 540 3267 624 (ιξιίιηι
3304 542 3404 581 ιιθο
3431 528 3641 624 ωπξιξ.

401 616 507 697 Deo
529 616 735 695 artiﬁce
768 650 871 689 non
898 633 964 685 ad
992 631 1143 693 vitia,
1170 631 1266 685 sed
1316 631 1385 684 ad
1423 631 1676 684 virtutem
1723 627 1963 682 membra
2062 635 2163 674 nec
2191 618 2442 682 ﬁliorum,
2465 633 2565 672 nec
2590 617 2811 672 alterius
2859 616 3199 671 necessitatis
3242 632 3407 671 causa
3454 618 3644 686 prohi~

400 733 673 785 formata:
713 734 767 780 et
812 739 934 778 cum
985 722 1265 776 universos
1322 730 1473 774 artus
1522 716 1866 773 mandaveris
1897 716 1965 770 ab
2063 712 2175 776 bet,
2217 711 2505 781 quominus
2553 709 2789 764 divinam
2828 706 3163 777 Scripturam
3207 707 3489 777 perﬁciat;
3539 718 3649 762 nec

400 819 545 874 omni
572 815 732 870 sorde
767 812 996 881 peccati,
1019 818 1075 865 et
1104 818 1216 865 toto
1260 808 1428 863 fueris
1472 806 1804 862 sanctiﬁcata
1846 820 1968 859 cor-

399 922 549 977 pore,
578 914 705 958 tunc
744 902 839 956 tibi
868 901 1169 956 castitatem
1210 899 1478 968 intelligas
1523 896 1882 967 profuturam,
1913 902 1968 949 et

399 1012 519 1051 cum
550 994 697 1049 omni
730 992 923 1047 ﬁducia
953 992 1184 1061 palmam
1205 989 1535 1059 virginitatis
1552 995 1825 1056 exspecta.

471 1086 608 1155 Quid
631 1087 700 1140 sit
727 1092 968 1141 sanctam
1000 1098 1120 1138 esse
1172 1098 1408 1152 corpore,
1450 1080 1688 1136 breviter
1729 1079 1964 1147 quidem,

401 1178 494 1233 sed
546 1176 704 1247 plene
749 1172 1062 1242 exposuisse
1118 1187 1205 1226 me
1234 1172 1503 1225 arbitror:
1535 1184 1678 1222 nunc
1704 1168 1847 1236 quod
1887 1181 1972 1220 se-

404 1267 609 1336 quitur,
635 1273 683 1317 et
709 1263 919 1332 spiritu,
951 1275 1110 1314 nosse
1142 1260 1398 1313 debemus
1427 1277 1439 1311 :
1466 1259 1567 1312 hoc
1604 1266 1707 1320 est,
1738 1263 1797 1309 ut
1826 1254 1969 1323 quod

404 1374 570 1429 opere
618 1355 770 1410 nefas
820 1362 902 1409 est
940 1354 1074 1414 ﬁeri,
1118 1368 1218 1408 nec
1242 1352 1324 1406 fas
1346 1352 1416 1406 sit
1447 1352 1770 1422 cogitatione
1792 1350 1973 1404 conci-

409 1462 555 1516 pere.
582 1446 675 1499 llla
701 1444 843 1497 enim
873 1451 959 1496 est
982 1450 1165 1496 sancta
1197 1448 1305 1495 tam
1328 1455 1554 1508 corpore
1572 1456 1730 1509 quam
1757 1440 1969 1509 spiritu,

403 1550 523 1605 qua:
548 1549 648 1589 nec
677 1540 855 1585 mente
880 1546 981 1585 nec
1027 1530 1189 1584 corde
1249 1529 1540 1597 delinquit;
1596 1529 1771 1584 sciens
1809 1529 1972 1583 etiam

403 1623 581 1679 cordis
602 1636 720 1677 esse
750 1620 1106 1689 inspectorem
1130 1618 1298 1673 Deum
1334 1636 1346 1671 :
1376 1626 1431 1672 et
1465 1618 1669 1673 idcirco
1692 1618 1889 1686 satagit
1916 1625 1975 1670 ut

404 1718 553 1773 omni
578 1717 734 1773 modo
756 1717 918 1770 etiam
947 1715 1183 1769 animum
1204 1728 1323 1767 cum
1350 1727 1576 1781 corpore
1600 1713 1855 1767 mundum
1878 1713 1976 1766 ba-

404 1806 532 1862 beat
565 1822 595 1859 a
626 1813 866 1874 peccato,
894 1804 1069 1859 sciens
1098 1803 1358 1871 scriptum
1409 1817 1528 1857 esse
1557 1819 1571 1855 :
1599 1800 1755 1855 Omni
1801 1812 1974 1855 custo-

406 1898 497 1951 dia
519 1914 667 1951 serva
698 1912 789 1949 cor
811 1904 956 1948 tuum
986 1890 1165 1963 (Prov.
1193 1907 1268 1956 tv,
1300 1891 1413 1960 25).
1439 1891 1507 1945 Et
1526 1891 1720 1946 iterum
1748 1908 1762 1944 :
1793 1890 1972 1960 Diligit

411 1984 665 2039 Dominus
693 1994 876 2037 sancta
904 1980 1064 2034 corda
1088 1998 1106 2045 ;
1137 1982 1334 2051 accepti
1366 1990 1487 2034 sunt
1514 1990 1687 2034 autem
1731 1981 1781 2034 ei
1800 1996 1973 2034 omnes

405 2074 729 2129 immaculati
771 2073 978 2146 (Ibid).
1033 2074 1101 2128 Et
1143 2072 1269 2127 alibi
1314 2091 1327 2126 :
1379 2072 1530 2127 Beati
1577 2071 1771 2126 mundo
1797 2072 1972 2138 corde,

407 2172 656 2243 quoniam
686 2171 788 2240 ipsi
816 2169 984 2224 Deum
1028 2168 1267 2223 videbunt
1300 2167 1512 2239 (Matth.
1541 2183 1596 2233 v,
1629 2166 1715 2238 8);
1737 2167 1880 2235 quod
1909 2167 1976 2221 de

415 2266 526 2321 illis
548 2265 651 2320 dici
668 2262 922 2328 arbitror,
953 2277 1087 2331 quos
1105 2260 1435 2316 conscientia
1461 2260 1516 2314 in
1541 2258 1685 2313 nulla
1708 2257 1978 2329 redarguit

410 2359 565 2428 culpa
591 2356 819 2427 peccati.
867 2356 944 2409 De
982 2355 1174 2424 quibus
1221 2360 1276 2407 et
1323 2350 1585 2407 Joannem
1641 2351 1694 2404 in
1741 2348 1975 2418 Epistola

412 2451 616 2505 dixisse
646 2463 770 2504 reor
800 2466 813 2501 :
848 2445 905 2502 Si
954 2463 1045 2500 cor
1092 2453 1326 2499 nostrum
1372 2460 1465 2497 nos
1493 2459 1597 2496 non
1632 2440 1976 2512 reprehendit,

411 2540 659 2610 ﬁduciam
687 2538 933 2593 habemus
955 2536 1022 2590 ad
1054 2536 1237 2600 Deum,
1260 2544 1308 2589 et
1337 2550 1656 2605 qutecunque
1680 2531 1978 2603 petierimus

415 2628 727 2699 accipimus
752 2626 815 2680 ab
841 2643 901 2681 eo
930 2625 983 2698 (Ι
1007 2624 1169 2679 Joan.
1203 2639 1286 2688 ιιι,
1311 2623 1424 2694 20).
1470 2621 1602 2677 Nolo
1626 2620 1901 2677 existimes
1926 2626 1979 2674 te

413 2720 619 2774 crimen
647 2718 847 2789 fugisse
871 2716 1099 2787 peccati,
1124 2716 1169 2771 si
1190 2715 1521 2770 voluntatem
1568 2729 1676 2768 non
1723 2717 1979 2781 sequatur

416 2809 657 2875 eﬁ‘ectus,
687 2825 809 2864 cum
857 2808 1118 2878 scriptum
1140 2806 1212 2861 sit
1242 2809 1267 2859 ε’
1292 2804 1601 2875 Quicunque
1631 2801 1813 2858 viderit
1862 2816 1981 2854 mu-

413 2898 592 2954 lierem
622 2899 690 2952 ad
714 2897 1179 2967 concupiscendum
1204 2911 1339 2960 eam,
1366 2895 1484 2965 jam
1526 2893 1809 2947 moechatus
1829 2891 1978 2947 estin

418 2989 573 3043 corde
598 3005 693 3042 suo
724 2987 941 3057 (Matth.
970 3002 1023 3051 v,
1050 2986 1161 3057 27).
1185 2985 1295 3041 Nec
1316 2986 1484 3049 dicas,
1506 2983 1745 3053 Cogitavi
1766 2983 1980 3052 quidem

2065 802 2264 871 aliqua,
2290 802 2333 855 si
2362 808 2569 871 peccet,
2602 800 2799 870 poterit
2823 801 3176 854 excusatione
3204 799 3437 853 defendi.

2135 892 2180 947 0
2210 892 2383 961 virgo,
2431 907 2586 945 serva
2641 890 2976 959 propositum
3031 890 3129 944 tibi
3177 905 3373 960 magno
3420 888 3645 959 prmmio

2067 983 2416 1038 destinatum.
2448 981 2714 1037 Praeclara
2739 991 2823 1037 est
2852 983 2990 1052 apud
3038 983 3205 1036 Deum
3233 983 3562 1054 virginitatis
3589 992 3648 1038 et

2066 1074 2338 1144 pudicitia:
2361 1076 2552 1138 virtus,
2576 1073 2622 1128 si
2649 1089 2754 1127 non
2784 1074 2905 1128 aliis
2929 1084 3273 1143 peccatorum
3295 1083 3349 1129 et
3380 1075 3645 1128 malorum

2068 1164 2307 1232 lapsibus
2335 1163 2654 1217 inﬁrmetur.
2679 1162 2925 1233 Agnosce
2963 1172 3162 1217 statum
3212 1172 3383 1229 tuum,
3412 1179 3648 1234 agnosce

2069 1253 2267 1316 locum,
2293 1266 2526 1323 agnosce
2550 1252 2905 1321 propositum.
2956 1251 3159 1307 Christi
3185 1268 3385 1322 sponsa
3415 1252 3643 1317 diceris;

2069 1344 2196 1398 vide
2241 1358 2309 1398 ne
2354 1342 2481 1412 quid
2526 1343 2802 1413 indignum
2833 1357 2919 1407 eo,
2948 1343 3035 1397 cui
3073 1342 3394 1413 desponsata
3422 1343 3645 1407 videris,

2070 1435 2324 1488 admittas
2356 1449 2371 1487 :
2398 1434 2506 1488 cito
2531 1434 2734 1488 scribet
2768 1433 3076 1502 repudium,
3103 1434 3149 1488 si
3194 1434 3248 1487 in
3280 1442 3333 1489 te
3366 1434 3450 1488 vel
3479 1450 3646 1488 unum

2072 1524 2268 1576 viderit
2311 1523 2652 1577 adulterium.
2699 1522 3045 1591 Qumcunque
3092 1523 3237 1577 enim
3283 1524 3646 1578 humanorum

2074 1614 2468 1685 sponsaliorum
2494 1615 2807 1684 pignoribus
2836 1615 3209 1680 subarrhatur,
3254 1616 3439 1670 statim
3483 1632 3514 1669 a
3544 1616 3641 1669 do-

2077 1703 2334 1769 mesticis,
2358 1720 2388 1757 a
2412 1703 2783 1768 familiaribus,
2806 1704 2874 1758 ab
2898 1704 3088 1759 amicis
3112 1706 3296 1774 sponsi
3335 1705 3562 1760 sollicite
3593 1717 3651 1761 et

2001 1772 2049 1830 B
2077 1796 2359 1866 diligenter
2400 1796 2625 1867 requirit
2647 1804 2703 1851 et
2730 1812 2761 1851 a
2791 1796 3041 1861 servulis,
3082 1772 3271 1867 quales
3308 1796 3522 1866 juvenis
3552 1800 3653 1854 ha-

2072 1884 2199 1939 beat
2225 1900 2423 1951 mores,
2454 1885 2583 1956 quid
2606 1886 2943 1956 potissimum
2969 1887 3179 1957 diligat,
3220 1888 3353 1957 quid
3395 1890 3649 1958 accipiat,

2074 1994 2182 2047 quo
2210 1994 2311 2033 usu
2360 1979 2527 2044 vivat,
2553 1994 2659 2048 qua
2695 1994 2755 2034 se
2798 1979 3186 2035 consuetudine
3229 1988 3397 2043 regat,
3455 1981 3655 2050 quibus

2074 2078 2258 2124 utatur
2302 2070 2546 2139 dapibus,
2575 2070 2770 2139 quibus
2823 2071 3093 2141 prmeipue
3138 2072 3300 2126 rebus
3345 2072 3657 2127 delectetur

2074 2171 2131 2217 et
2178 2164 2421 2234 gaudeat.
2466 2163 2595 2231 Qua:
2643 2180 2766 2219 cum
2812 2164 3079 2231 didicerit,
3119 2166 3194 2220 ita
3218 2179 3278 2219 se
3321 2165 3376 2218 in
3400 2164 3658 2219 omnibus

2076 2258 2359 2322 tentperat,
2389 2261 2449 2306 ut
2476 2254 2659 2322 sponsi
2697 2254 2937 2310 moribus
2984 2270 3141 2309 suum
3183 2251 3527 2324 obsequium,
3555 2268 3657 2308 sua

2070 2344 2403 2414 jucunditas,
2432 2361 2528 2400 sua
2558 2345 2855 2414 diligentia,
2884 2361 2980 2402 sua
3002 2347 3113 2401 vita
3158 2347 3471 2402 concordet.
3502 2346 3571 2400 Et
3598 2355 3656 2399 tu

2076 2449 2196 2504 qua:
2216 2434 2491 2490 Christum
2517 2451 2772 2506 sponsum
2800 2438 2985 2505 habes,
3018 2453 3049 2492 a
3077 2438 3389 2494 domesticis
3414 2445 3468 2492 et
3498 2435 3663 2491 fami—

2076 2525 2302 2580 liaribus
2328 2524 2467 2594 ejus,
2501 2527 2684 2596 sponsi
2708 2525 2784 2582 tui
2811 2543 2994 2595 mores
3017 2528 3311 2598 interroga,
3336 2535 3391 2582 et
3432 2535 3661 2582 strenue

2077 2629 2143 2670 ac
2164 2614 2394 2671 solerter
2421 2616 2655 2685 inquire,
2686 2616 2739 2671 in
2769 2618 2965 2687 quibus
3023 2619 3292 2689 prtecipue
3336 2617 3657 2681 delectetur,

2078 2706 2293 2777 qualem
2341 2707 2790 2775 compositionem
2840 2708 2893 2762 in
2954 2717 3003 2762 te
3048 2709 3278 2764 vestium
3330 2708 3533 2778 diligat,
3563 2722 3662 2761 cu-

2069 2795 2308 2865 jusmodi
2338 2797 2685 2867 concupiscat
2712 2808 2984 2854 ornatum.
3037 2799 3194 2854 Dicat
3233 2798 3329 2853 tibi
3360 2798 3477 2868 ejus
3497 2798 3656 2853 fanti-

2076 2887 2398 2943 liarissimus
2441 2886 2658 2955 Petrus,
2708 2889 2802 2959 qui
2829 2904 2898 2944 ne
2942 2890 3124 2958 nuptis
3148 2889 3366 2960 quidem
3390 2903 3652 2958 corpora—

2079 2978 2182 3034 lem
2207 2980 2470 3051 permittit
2491 2990 2764 3048 ornatum,
2790 2982 2931 3036 sicut
2947 2981 2999 3035 in
3025 2980 3265 3051 Epistola
3289 2996 3386 3035 sua
3403 2981 3653 3050 scripsit:

415 3080 509 3134 sed
538 3094 646 3133 non
670 3077 870 3147 perfeci
905 3078 1068 3146 :quia
1093 3079 1256 3131 etiam
1293 3075 1674 3143 concupiscere
1699 3072 1849 3127 nefas
1874 3082 1976 3128 est.
2007 3107 2050 3169 ρ
2082 3069 2332 3125 Mulieres
2360 3071 2603 3127 similiter
2621 3073 2869 3141 subiecta:
2912 3073 3039 3126 viris
3067 3074 3198 3137 suis,
3229 3081 3287 3125 ut
3326 3072 3372 3126 si
3416 3072 3502 3141 qui
3551 3088 3653 3124 non

416 3169 569 3226 Unde
588 3171 780 3224 beatus
801 3169 992 3224 Petrus
1017 3169 1273 3237 praecepit
1294 3168 1480 3222 dicens
1503 3184 1516 3219 :
1551 3166 1766 3221 Animas
1788 3174 1980 3222 uestras

413 3258 759 3327 castiﬁcantes
785 3258 839 3326 (1
862 3256 1009 3312 Petr.
1030 3274 1071 3323 ι,
1093 3256 1209 3328 22),
1234 3257 1327 3327 qui
1350 3256 1396 3312 si
1421 3255 1623 3311 nullam
1645 3257 1838 3312 anima:
1854 3272 1983 3312 con-

415 3346 805 3418 stuprationem
831 3354 1035 3412 nosset,
1067 3362 1167 3402 nec
1190 3345 1480 3401 castiﬁcari
1520 3361 1640 3401 eam
1683 3346 1983 3402 desideras

417 3444 518 3492 set.
546 3435 652 3492 Sed
678 3444 735 3491 et
757 3436 933 3492 locum
964 3435 1111 3492 illum
1147 3451 1255 3506 quo
1272 3437 1582 3491 continetur
1607 3453 1621 3490 :
1653 3434 1726 3489 Hi
1748 3445 1868 3490 sunt
1892 3436 1982 3506 qui

413 3542 469 3579 se
494 3542 612 3601 cum
642 3525 948 3581 mulieribus
963 3544 1067 3581 non
1093 3527 1574 3598 coinquinaverunt,
1607 3526 1830 3597 virgines
1843 3526 1980 3580 enim

413 3626 808 3685 permanserunt
832 3617 927 3671 :hi
948 3627 1235 3688 sequuntur
1266 3618 1491 3688 Agnum,
1534 3633 1836 3688 quocunque
1862 3616 1982 3670 ierit

416 3705 600 3776 (Apoc.
627 3723 742 3773 xw,
763 3706 840 3779 4).
867 3707 1139 3763 Attentius
1157 3708 1501 3763 considerare
1520 3707 1776 3763 debemus
1792 3714 1847 3761 et
1866 3706 1984 3760 ani-

419 3796 781 3863 madvertere,
833 3798 880 3852 si
934 3798 1099 3855 solius
1142 3799 1462 3869 integritatis
1492 3799 1763 3869 pudicitia:
1788 3797 1983 3853 merito

417 3888 518 3956 ipsi
544 3887 727 3942 divino
756 3886 1034 3941 comitatui
1061 3886 1399 3956 copulentur,
1416 3894 1472 3941 et
1493 3901 1588 3955 per
1610 3887 1792 3942 omnia
1819 3887 1984 3942 cado—

416 3993 536 4032 rum
575 3978 813 4032 tabulata
865 3978 1171 4033 discurrant
1199 3995 1212 4031 :
1244 3994 1314 4032 an
1361 3986 1418 4033 et
1460 3977 1565 4032 alia
1613 3978 1739 4042 sint,
1788 3979 1983 4046 quibus

419 4066 674 4135 adjuncta
698 4066 980 4134 virginitas
1009 4074 1172 4119 tanta:
1222 4065 1569 4121 beatitudinis
1606 4066 1831 4134 gloriam
1854 4081 1984 4120 cou-

417 4162 730 4225 sequantur.
768 4152 872 4206 Sed
909 4153 1048 4208 unde
1089 4153 1191 4208 hoc
1230 4154 1368 4208 scire
1407 4154 1735 4223 poterimus?
1773 4155 1847 4209 De
1894 4169 1982 4209 se-

418 4244 731 4315 quentibus,
780 4243 882 4298 nisi
938 4241 1113 4305 fallor,
1144 4242 1196 4296 in
1229 4243 1422 4313 quibus
1462 4244 1717 4315 scriptum
1751 4253 1834 4299 est
1865 4261 1880 4299 :
1909 4244 1981 4299 Hi

413 4336 571 4407 empti
591 4344 712 4390 sunt
736 4352 801 4390 ex
827 4335 1121 4390 hominibus
1142 4335 1389 4406 primitite
1433 4334 1544 4389 Deo
1584 4344 1630 4389 et
1659 4352 1815 4406 agno,
1843 4346 1892 4391 et
1927 4335 1982 4390 in

416 4446 507 4483 ore
532 4429 761 4499 ipsorum
798 4444 901 4481 non
929 4436 1002 4482 est
1033 4427 1291 4480 inventum
1315 4427 1642 4481 mendacium
1670 4440 1689 4477 :
1711 4428 1822 4481 sine
1867 4445 1980 4482 ma-

416 4518 539 4574 cula
560 4520 700 4573 enim
745 4526 866 4573 sunt
894 4515 1103 4588 (Ibid).
1152 4515 1313 4573 Vides
1341 4532 1469 4586 ergo
1496 4516 1636 4586 quod
1664 4532 1770 4572 non
1795 4517 1848 4572 in
1874 4533 1981 4573 uno

419 4618 630 4664 tantum
653 4607 895 4663 membro
914 4606 1208 4662 Dominicis
1223 4604 1525 4661 referantur
1543 4606 1806 4662 inhaerere
1828 4608 1978 4662 vesti-

416 4701 550 4772 giis;
576 4699 671 4754 sed
691 4697 766 4752 illi
790 4697 883 4767 qui
910 4704 1106 4766 prmter
1133 4695 1496 4765 virginitatem
1536 4694 1604 4749 ab
1627 4696 1774 4750 omni
1795 4706 1981 4751 conta-

415 4791 575 4863 gione
601 4788 809 4860 peccati
838 4786 1238 4842 immaculatam
1278 4786 1544 4856 gesserint
1564 4785 1752 4841 vitam.
1779 4787 1984 4842 Idcirco

421 4883 574 4953 virgo
605 4879 686 4936 vel
718 4879 949 4934 maxime
978 4878 1190 4947 nuptias
1215 4877 1440 4947 spernit,
1485 4887 1544 4931 ut
1587 4878 1711 4932 dum
1745 4879 1986 4933 securior

414 4982 520 5039 est,
545 4972 775 5037 facilius,
800 4971 941 5042 quod
968 4970 1130 5025 etiam
1178 4984 1208 5023 a
1250 4968 1574 5023 nubentibus
1602 4969 1878 5037 quaeritur,
1915 4969 1983 5023 ab

414 5065 562 5121 omni
591 5079 650 5119 se
673 5064 866 5120 delicto
890 5062 1181 5126 custodiat,
1205 5071 1259 5116 et
1301 5061 1548 5115 universa
1574 5060 1705 5133 legis
1732 5062 1982 5116 mandata

416 5153 679 5225 perﬁciat.
735 5154 869 5207 Nam
917 5153 961 5207 si
1010 5169 1117 5207 non
1143 5153 1332 5217 nubat,
1362 5160 1418 5206 et
1442 5166 1507 5206 ea
1541 5152 1885 5207 nihilominus
1905 5154 1985 5207 fa-

416 5246 543 5311 ciat,
572 5260 602 5299 a
630 5245 825 5314 quibus
844 5251 899 5297 et
924 5250 1102 5311 nupta:
1132 5257 1251 5296 esse
1269 5241 1531 5310 jubentur
1560 5241 1848 5306 immunes,
1876 5257 1983 5296 non

416 5335 660 5404 nupsisse
685 5333 812 5404 quid
837 5332 1108 5403 proderit?
1133 5330 1447 5402 Quanquam
1479 5331 1622 5387 enim
1675 5330 1801 5386 nulli
1828 5330 1984 5386 Chri-

415 5426 708 5480 stianorum
730 5439 956 5495 peccare
978 5424 1158 5490 liceat,
1184 5431 1241 5479 et
1281 5438 1469 5479 omnes
1499 5423 1801 5494 quicunque
1827 5422 1984 5492 spiri-

415 5514 537 5568 talis
567 5515 769 5569 lavacri
795 5513 1222 5569 sanctiﬁcatione
1270 5522 1586 5584 purgantur,
1641 5513 1983 5568 immaculata

412 5612 701 5661 decurrere
727 5608 1017 5663 conveniat
1037 5607 1179 5671 vita;
1208 5615 1265 5661 ut
1294 5606 1545 5661 Ecclesia:
1579 5620 1698 5675 quae
1719 5605 1835 5660 sine
1866 5621 1983 5659 ma-

406 5694 551 5763 cula,
591 5695 708 5752 sine
753 5712 905 5767 ruga,
939 5698 1053 5753 sine
1082 5698 1260 5769 aliquo
1287 5697 1544 5767 ejusmodi
1586 5709 1707 5751 esse
1734 5695 1987 5752 describi-

2004 4470 2057 4529 D

2081 3161 2298 3215 credunt
2319 3162 2490 3229 verba,
2519 3180 2613 3235 per
2640 3163 2917 3218 mulierum
2940 3164 3377 3217 conversationem
3405 3162 3516 3215 sine
3544 3178 3656 3214 ver-

2082 3252 2145 3307 bo
2190 3252 2457 3324 lucri/iant
2483 3269 2501 3307 :
2530 3256 2920 3310 considerantes
2976 3258 3032 3310 in
3082 3257 3269 3309 timore
3314 3255 3413 3309 Dei
3456 3264 3656 3308 castam

2082 3346 2520 3399 conversationem
2547 3356 2789 3412 vestram,
2813 3363 3037 3415 quarum
3079 3347 3145 3400 sit
3190 3363 3293 3400 non
3336 3347 3654 3400 extrinsecus

2083 3432 2424 3503 capillatum,
2448 3444 2540 3488 aut
2571 3435 2912 3489 circumdatio
2927 3437 3063 3499 auri,
3088 3446 3177 3489 aut
3197 3436 3484 3489 indumenti
3503 3434 3655 3488 vesti-

2082 3533 2373 3578 mentorum
2395 3524 2601 3590 cultus;
2626 3526 2716 3579 sed
2742 3526 2832 3595 qui
2853 3527 3137 3581 absconsus
3165 3526 3338 3580 cordis
3367 3535 3441 3579 est
3477 3527 3651 3588 homo,

2082 3614 2137 3667 in
2159 3613 2649 3684 incorruptibilitate
2683 3616 2842 3685 quieti
2876 3626 2923 3670 et
2964 3615 3184 3669 modesti
3233 3616 3472 3687 spiritus,
3515 3614 3653 3685 quod

2082 3713 2156 3758 est
2186 3705 2239 3758 in
2264 3715 2537 3775 conspectu
2559 3705 2657 3760 Dei
2680 3706 2909 3777 locuples
2942 3706 2994 3777 (I
3019 3704 3165 3760 Petr.
3208 3722 3290 3770 ιιι,
3322 3706 3395 3774 1).
3420 3706 3573 3759 Dicat
3598 3714 3654 3758 ct

2084 3796 2219 3852 alius
2270 3797 2544 3868 apostolus
2594 3798 2783 3853 beatus
2836 3796 3051 3863 Paulus,
3096 3798 3186 3866 qui
3216 3796 3282 3851 ad
3314 3797 3651 3852 Timotheum

2083 3888 2327 3943 scribens
2354 3889 2685 3959 episcopum,
2714 3889 2900 3944 eadem
2945 3889 3011 3943 de
3053 3888 3290 3943 ﬁdelium
3330 3887 3652 3951 feminarum

2083 3978 2366 4048 disciplina
2387 3987 2643 4034 testatur:
2663 3980 2908 4034 Mulieres
2936 3980 3176 4035 similiter
3192 3982 3246 4034 in
3268 3979 3444 4035 habitu
3464 3987 3649 4033 ornato

2084 4085 2202 4123 cum
2225 4069 2533 4124 verecundia
2559 4079 2607 4124 et
2628 4070 2923 4136 sobrietate,
2953 4080 3196 4125 ornantes
3218 4087 3293 4133 se,
3326 4086 3431 4123 non
3447 4070 3655 4124 intortis

2084 4159 2336 4223 crinibus,
2360 4170 2450 4214 aut
2473 4177 2623 4224 auro,
2656 4171 2747 4216 aut
2772 4163 3094 4231 margaritis,
3124 4170 3213 4215 aut
3240 4170 3376 4215 veste
3393 4162 3657 4231 pretiosa;

2084 4250 2173 4304 sed
2196 4251 2335 4321 quod
2361 4251 2504 4305 decet
2555 4252 2796 4307 mulieres
2845 4254 3199 4322 promittentes
3236 4252 3527 4306 castitatem
3565 4267 3658 4321 per

2086 4339 2270 4394 bonam
2297 4341 2735 4395 conversationem
2763 4340 2814 4411 (Ι
2840 4340 2973 4395 Tim.
3006 4357 3065 4406 ιι,
3093 4341 3169 4413 9).

2157 4428 2263 4485 Sed
2292 4427 2518 4483 forsitan
2548 4430 2681 4484 dicis
2711 4449 2723 4483 :
2750 4429 2997 4486 Cur'htec
3025 4432 3213 4489 iisdem
3238 4436 3466 4501 apostoli
3489 4432 3657 4502 virgi-

2088 4517 2246 4572 nibus
2273 4534 2379 4573 non
2397 4519 2706 4589 jusserunt?
2732 4520 2866 4587 Quia
2912 4536 3019 4575 non
3057 4522 3418 4577 necessarium
3436 4521 3653 4591 judica-

2087 4608 2218 4662 bant
2252 4627 2263 4662 :
2293 4623 2360 4663 ne
2386 4609 2509 4665 talis
2534 4609 2833 4681 virginibus
2860 4612 3206 4682 commonitio
3249 4613 3431 4682 potius
3460 4610 3656 4680 injuria

2088 4713 2248 4773 quam
2287 4699 2593 4754 emendatio
2640 4701 2948 4756 videretur?
2988 4701 3101 4759 Sed
3144 4717 3246 4758 nec
3283 4718 3378 4758 eas
3415 4718 3652 4772 unquam

2088 4797 2251 4843 tanta:
2272 4790 2590 4845 temeritatis
2615 4791 2729 4846 fore
2757 4793 3130 4859 credidissent,
3154 4803 3215 4848 ut
3240 4809 3306 4849 ne
3331 4795 3511 4864 nuptis
3539 4794 3659 4864 qui-

2089 4878 2209 4932 dem
2238 4893 2493 4934 concessa
2525 4880 2760 4933 carnalia
2788 4890 3112 4937 ornamenta
3138 4895 3194 4937 et
3220 4892 3430 4939 terrena
3457 4899 3658 4953 pransu-

2088 4978 2319 5025 merent.
2373 4969 2579 5026 Revera
2620 4986 2816 5027 ornare
2844 4988 2903 5027 se
2943 4982 2998 5028 et
3023 4989 3348 5043 componere
3396 4975 3549 5043 virgo
3571 4975 3660 5029 de-

2089 5060 2181 5115 bet
2213 5075 2227 5113 :
2258 5076 2382 5115 nam
2411 5064 2677 5133 quomodo
2698 5079 2898 5134 sponso
2931 5080 3031 5120 suo
3071 5065 3286 5134 placere
3312 5067 3531 5134 poterit,
3553 5065 3654 5119 nisi

2090 5150 2386 5219 composita
2416 5159 2471 5205 et
2496 5161 2687 5205 ornata
2708 5153 3325 5222 processerit?'0rnetur
3361 5154 3540 5225 plane,
3563 5154 3653 5208 sed

2089 5240 2439 5296 interioribus
2465 5244 2818 5308 ornamentis,
2851 5252 2906 5298 et
2932 5245 3250 5315 spiritaliter
3295 5260 3402 5300 non
3431 5244 3657 5300 carnali-

2090 5340 2175 5386 ter
2199 5341 2551 5401 componatur
2589 5350 2601 5385 :
2625 5333 2751 5402 quia
2778 5333 2918 5388 Deus
2945 5350 3052 5389 non
3077 5334 3319 5404 corporis
3346 5334 3443 5389 sed
3466 5334 3654 5387 aninze

2091 5422 2337 5476 decorem
2366 5423 2417 5475 in
2440 5421 2528 5475 illa
2557 5423 2879 5476 considerat.
2935 5422 3077 5492 Ergo
3137 5431 3192 5476 et
3217 5432 3295 5488 tu,
3324 5435 3654 5491 quaecunque

2090 5513 2325 5567 animam
2360 5522 2507 5568 tuam
2531 5528 2560 5566 a
2583 5512 2695 5567 Deo
2716 5511 2863 5583 diligi
2890 5521 2945 5568 et
2965 5513 3253 5569 inhabitari
3295 5512 3655 5581 concupiscis,

2090 5607 2234 5661 omni
2259 5621 2377 5662 eam
2396 5606 2671 5678 diligentia
2701 5622 2983 5677 compone,
3006 5615 3063 5662 et
3106 5604 3479 5675 spiritualibus
3506 5602 3661 5656 indu-

2093 5699 2291 5754 mentis
2312 5714 2532 5755 exorna.
2562 5698 2703 5754 Nihil
2735 5699 2788 5753 in
2831 5713 2896 5753 ea
2925 5699 3269 5761 dedecorum,
3294 5694 3429 5750 nihil
3455 5694 3653 5748 foedum
