3974 6192
240 329 338 384 681

717 329 948 387 CODEX
985 331 1440 389 REGULARUM.
1483 332 1851 388 APPENDIX.
1895 331 2201 388 EXHORT.
2249 333 2336 387 AD
2376 332 2680 390 MONACH.
2723 335 2813 391 ET
2849 335 3034 392 VIRG.

3399 342 3510 396 68?.

236 453 524 515 appareat.
563 443 922 512 ReSplendeat
944 460 1078 500 auro
1117 445 1362 517 justitize,
1407 448 1633 514 gemmis
1671 446 1834 503 reful-
1861 447 1912 506 Α
1936 443 2138 509 veniat,
2173 458 2330 501 nemo
2369 452 2423 501 te
2467 445 2645 503 fallaci
2690 464 2938 505 sermone
2985 451 3224 507 seducat.
3262 451 3378 507 Non
3405 457 3511 511 nisi

234 546 368 609 geat
385 535 718 602 sanctitatis,
743 551 807 590 ac
826 536 1217 605 pretiosissimo
1239 538 1510 608 pudicitiae
1532 541 1826 609 margarito

233 633 519 683 coruscet.
549 625 654 680 Pro
675 629 838 697 bysso
867 634 921 682 et
943 628 1136 694 serico,
1172 629 1554 686 misericordia:
1584 632 1827 700 etpieta-

232 719 310 774 tis
343 719 528 774 tunica
555 719 850 784 vestiatur;
901 721 1196 775 secundum
1224 722 1365 790 quod
1393 724 1655 793 scriptum
1697 733 1820 778 est:

235 805 461 862 Induite
510 824 631 877 ergo
663 823 770 870 vos,
818 808 951 861 sicut
996 808 1144 862 electi
1189 809 1305 874 Dei,
1354 813 1524 865 sancti
1548 822 1596 866 et
1625 813 1822 878 dilecti,

231 903 436 954 viscera
467 900 865 963 misericordia,
897 899 1287 970 benignitatem,
1327 901 1691 968 humilitatem,
1717 913 1819 959 etc.

233 987 374 1057 (Col.
403 1005 488 1052 Ill,
521 987 628 1060 1‘2).
661 988 728 1042 Et
756 1005 865 1043 non
914 989 1162 1043 decorem
1209 1005 1444 1046 cerussa:
1484 1001 1576 1046 aut
1601 994 1826 1049 alterius

229 1079 502 1148 pigmenti
547 1087 770 1148 quaerat,
824 1079 916 1132 sed
979 1079 1301 1136 innocentia:
1351 1098 1415 1137 ac
1461 1084 1824 1153 simplicitatis

231 1168 532 1222 candorem
565 1169 779 1222 habeat.
830 1167 1067 1222 Roseum
1119 1172 1457 1226 verecundia:
1504 1173 1740 1227 colorem
1770 1182 1826 1228 et

228 1273 571 1328 purpureum
614 1259 830 1313 ruboris
871 1258 1203 1328 pudorisque
1252 1262 1546 1330 possideat.
1602 1261 1820 1318 Caelesti

231 1349 491 1403 abluatur
530 1350 675 1404 nitro
737 1351 1018 1415 doctrinae,
1075 1359 1131 1406 et
1179 1351 1431 1406 lamentis
1489 1354 1822 1422 spiritalibus

230 1439 584 1493 emundctur.
612 1439 768 1493 Nulla
795 1441 847 1494 in
871 1455 933 1494 ea
958 1441 1197 1506 malitize,
1217 1443 1363 1497 nulla
1388 1443 1583 1498 diaboli
1612 1445 1822 1500 macula

229 1528 613 1597 relinquatur;
647 1539 701 1583 et
728 1545 796 1584 ne
825 1532 1040 1599 quando
1060 1531 1202 1586 male
1239 1535 1481 1588 redoleat
1506 1536 1672 1590 odore
1700 1553 1822 1606 pec-

229 1619 362 1683 cati,
394 1628 673 1690 unguento
704 1621 1042 1676 suavissimae
1068 1623 1346 1692 sapientia:
1365 1632 1420 1678 et
1445 1626 1685 1681 scientiae
1706 1644 1822 1697 per-

228 1708 512 1764 fundatur.

297 1801 626 1869 Hnjusmodi
651 1801 793 1857 Deus
821 1805 1016 1872 quaerit
1045 1815 1317 1871 ornatum,
1342 1815 1398 1861 et
1431 1808 1667 1862 animam
1693 1809 1815 1862 tali-
1845 1795 1892 1852 Β

226 1905 313 1950 ter
335 1895 698 1963 compositam
731 1898 1084 1966 concupiscit.
1140 1899 1408 1954 Memento
1438 1909 1490 1955 te
1531 1901 1626 1954 Dei
1659 1902 1822 1955 tiliam

226 1984 334 2039 dici
352 1983 648 2038 secundum
670 1984 810 2052 quod
826 1986 901 2038 ait
921 2005 934 2039 :
952 1987 1108 2051 Audi,
1126 1987 1263 2056 ﬁlia,
1285 1998 1331 2041 et
1352 1989 1462 2042 vide
1479 1987 1649 2059 (Psal.
1674 2006 1820 2056 κων,

228 2074 343 2146 11).
378 2073 489 2128 Sed
515 2081 570 2128 et
596 2083 652 2127 tu
677 2075 793 2145 ipsa
823 2077 1250 2146 quotiescunque
1278 2079 1445 2133 Deum
1474 2079 1690 2134 Patrem
1720 2097 1818 2135 no-

227 2166 438 2227 minas,
456 2163 550 2218 Dei
575 2173 626 2218 te
653 2165 814 2218 filiam
836 2181 956 2220 esse
985 2169 1222 2222 testaris.
1253 2168 1392 2238 Ergo
1413 2169 1458 2223 si
1485 2168 1580 2223 Dei
1605 2169 1711 2224 filia
1739 2185 1818 2233 es,

224 2257 358 2310 vide
387 2271 457 2310 ne
477 2257 606 2326 quid
633 2271 823 2311 eorum
850 2256 1016 2312 facias
1039 2275 1158 2328 quae
1202 2259 1312 2314 Deo
1337 2259 1483 2314 Patri
1521 2261 1818 2332 incongrua

225 2345 380 2399 sint:
412 2345 506 2399 sed
544 2361 642 2415 age
661 2347 843 2400 omnia
872 2348 1024 2416 quasi
1059 2347 1167 2402 filia
1198 2349 1315 2402 Dei.
1364 2349 1640 2420 Cognosce
1687 2366 1820 2421 quo-

223 2435 394 2491 modo
426 2436 585 2506 hujus
611 2439 793 2492 saeculi
819 2440 1080 2494 nobilium
1125 2441 1250 2496 ﬁliae
1277 2457 1336 2496 se
1389 2453 1602 2513 gerant,
1626 2445 1820 2513 quibus

224 2535 556 2581 assuescant
604 2527 868 2594 moribus,
912 2530 1174 2598 quibusve
1229 2547 1287 2585 se
1336 2533 1632 2603 disciplinis
1661 2535 1818 2589 insti-

224 2627 409 2672 tuant.
437 2617 609 2672 Tanta
639 2619 957 2688 quibusdam
988 2624 1312 2677 verecundia
1337 2634 1439 2689 est,
1468 2632 1615 2678 tanta
1645 2627 1821 2696 gravi-

225 2717 336 2773 tas,
392 2717 544 2762 tanta
598 2711 882 2776 modestia,
915 2721 974 2765 ut
1003 2724 1318 2769 czcterornm
1349 2717 1624 2770 hominum
1657 2719 1818 2772 ritum

226 2800 437 2854 intuitu
472 2801 722 2856 humana:
749 2803 1101 2874 ingenuitatis
1127 2807 1384 2861 excedant
1420 2826 1432 2860 :
1465 2817 1519 2862 et
1553 2823 1622 2862 ne
1657 2823 1817 2877 quam

225 2893 481 2948 honestis
524 2895 838 2962 parentibus
886 2898 999 2951 suis
1027 2913 1126 2966 per
1171 2898 1376 2966 lapsum
1401 2915 1553 2953 suum
1585 2898 1820 2954 infamia:

225 2984 457 3037 inurant
481 2994 690 3048 notam,
722 2985 946 3040 alteram
978 2988 1078 3041 sibi
1110 2990 1507 3058 quodammodo
1533 2991 1674 3043 inter
1717 2991 1816 3045 ho-

223 3074 411 3128 mines
444 3076 849 3131 consuetudinis
879 3079 1132 3132 studeant
1160 3079 1340 3136 facere
1367 3091 1634 3136 naturam.
1664 3081 1733 3136 Et
1761 3089 1820 3138 tu

1930 542 2148 589 sanctos
2183 544 2237 590 et
2254 536 2431 604 iustos
2459 546 2514 592 et
2542 539 2817 608 simplices
2843 550 2895 596 et
2927 541 3240 600 innocentes
3268 551 3320 599 et
3349 562 3514 616 puros

1927 624 2167 681 caelestis
2194 627 2311 682 aula
2361 630 2632 699 suscipiet.
2674 630 2890 686 Nullum
2945 635 3085 702 apud
3134 635 3302 689 Deum
3351 637 3514 694 habet

1927 717 2132 771 malitia
2181 718 2375 773 locum.
2431 721 2510 774 Ab
2541 723 2688 776 omni
2731 723 2968 792 nequitia
2994 730 3047 778 et
3095 724 3216 779 dolo
3252 729 3512 783 mundum

1925 821 2046 862 esse
2071 824 2294 864 necesse
2340 819 2444 876 est,
2477 812 2569 881 qui
2620 813 2768 882 cupit
2822 826 3048 883 regnare
3097 831 3218 869 cum
3270 815 3509 873 Christo.

1924 895 2070 952 Nihil
2103 907 2212 951 tam
2259 901 2614 966 contrarium,
2649 902 2782 956 nihil
2834 911 2941 956 tam
3001 906 3332 961 exsecrabile
3380 907 3506 971 Deo,

1922 1002 2088 1056 quam
2117 987 2352 1057 aliquem
2397 989 2600 1054 odisse,
2657 990 2905 1060 aliquem
2933 993 3069 1047 velle
3120 993 3347 1062 laedere;
3377 998 3511 1052 nihil

1925 1085 2034 1130 tam
2074 1077 2373 1146 probabile,
2405 1093 2567 1147 quam
2594 1094 2783 1134 omnes
2831 1097 3032 1136 amare.
3063 1082 3214 1148 Quod
3242 1085 3512 1155 Propheta

1923 1168 2104 1222 sciens
2128 1177 2359 1222 testatur
2390 1170 2574 1224 dicens
2611 1189 2623 1224 :
2655 1170 2759 1236 Qui
2787 1171 3004 1242 diligitis
3052 1173 3346 1242 Dominum,
3377 1179 3516 1234 adite

1921 1259 2120 1313 malum
2147 1259 2322 1332 (Psal.
2354 1279 2494 1322 Μῖνι.
2536 1264 2646 1334 10).
3059 1285 3073 1315 κ

1998 1351 2132 1406 Vide
2156 1368 2224 1405 ne
2247 1353 2298 1404 in
2325 1353 2504 1422 aliquo
2535 1354 2827 1408 humanam
2855 1355 3080 1425 gloriam
3113 1356 3338 1426 diligas;
3368 1372 3434 1411 ne
3456 1365 3504 1410 et

1921 1448 2011 1494 tua
2035 1441 2176 1495 inter
2201 1442 2318 1496 illos
2339 1444 2514 1512 portio
2545 1451 2906 1512 computetur,
2932 1446 3128 1514 quibus
3149 1446 3353 1500 dictum
3383 1455 3467 1500 est
3492 1465 3506 1498 :

1922 1529 2200 1595 Quomodo
2251 1549 2339 1586 vos
2383 1534 2599 1603 potestis
2631 1535 2862 1599 credere,
2911 1535 3132 1604 gloriam
3173 1537 3238 1589 ab
3290 1538 3507 1590 invicem

1919 1631 2204 1691 qitmrentes
2231 1621 2410 1693 (Joan.
2437 1639 2488 1687 v,
2512 1623 2642 1692 44)?
2680 1625 2746 1677 Et
2767 1624 2835 1679 de
2855 1626 3048 1694 quibus
3069 1641 3166 1693 per
3191 1627 3508 1695 prophetam

1919 1709 2117 1763 dicitur
2149 1729 2162 1764 ε
2196 1713 2341 1782 Auge
2389 1715 2464 1766 cis
2496 1720 2662 1777 mata,
2711 1729 2843 1783 auge
2891 1719 3032 1766 mata
3069 1714 3310 1784 gloriosis
3357 1725 3510 1770 terra:

1923 1797 2057 1870 (Isa.
2115 1802 2262 1871 xcv).
2311 1803 2377 1856 Et
2420 1802 2546 1856 alibi
2589 1821 2600 1855 :
2659 1801 3057 1872 Confundimini
3114 1821 3145 1856 a
3196 1803 3509 1873 gloriatione

1925 1898 2120 1954 uestra,
2173 1891 2237 1943 ab
2266 1891 2542 1960 opprobrio
2589 1893 2642 1945 in
2691 1903 2964 1962 conspectu
3012 1893 3131 1946 Dei.
3183 1893 3317 1949 Nolo
3366 1897 3511 1950 enim

1926 1979 2045 2034 illas
2063 1982 2346 2050 respicias,
2377 1997 2497 2050 qua:
2520 1983 2700 2037 smculi
2731 1999 2836 2037 non
2859 1982 3064 2038 Christi
3097 1995 3222 2040 sunt
3241 1987 3507 2058 virgines;

1924 2086 2043 2140 qua!
2067 2072 2327 2140 propositi
2350 2059 2433 2126 sui
2455 2082 2509 2126 et
2532 2072 2884 2142 professionis
2913 2075 3256 2130 immemores
3280 2078 3515 2146 gaudent

1922 2161 1977 2213 in
2002 2161 2228 2226 deliciis,
2256 2163 2308 2215 in
2341 2163 2535 2232 opibus
2563 2163 2924 2228 delectantur,
2955 2174 3010 2218 et
3055 2181 3331 2235 corporeae
3360 2169 3512 2221 nobi-

1925 2246 2093 2301 litatis
2118 2249 2326 2319 origine
2355 2251 2713 2305 delectantur.
2748 2253 2878 2318 Quae
2900 2254 2942 2306 si
2977 2255 3218 2322 profecto
3245 2255 3341 2308 Dei
3365 2256 3506 2311 ﬁlias

1925 2354 1981 2392 se
2005 2353 2125 2392 esse
2151 2341 2460 2405 crederent,
2487 2356 2763 2410 nunquam
2792 2353 2912 2411 post
2940 2344 3152 2398 divinos
3174 2346 3384 2400 natales
3413 2363 3513 2399 tm-

1921 2430 2188 2484 bilitatem
2221 2432 2626 2486 admirarentur
2648 2433 2962 2497 humanam,
3019 2451 3118 2489 nec
3147 2435 3512 2506 gloriarentur

1924 2523 1979 2575 in
2003 2531 2158 2591 patre
2179 2521 2421 2589 quolibet
2462 2523 2730 2576 honorato
2759 2540 2770 2575 :
2805 2524 2851 2576 si
2880 2523 3095 2580 Patnm
3131 2524 3300 2578 Deum
3329 2541 3388 2580 se
3418 2526 3513 2579 ha-

1925 2613 2060 2667 bere
2088 2613 2376 2674 sentirent,
2404 2613 2739 2667 nobilitatem
2759 2614 2939 2668 carnis
2964 2629 3069 2668 non
3087 2627 3353 2668 amarent.
3372 2616 3510 2680 Quid

1921 2705 2022 2758 tibi
2073 2706 2126 2758 in
2176 2704 2392 2773 generis
2440 2704 2722 2760 nobilitate
2766 2705 3048 2769 blandiris,
3079 2714 3134 2758 et
3173 2706 3511 2775 complaccs?

1921 2795 2066 2850 Duos
2089 2795 2339 2850 homines
2369 2794 2500 2849 fecit
2520 2795 2590 2848 ab
2615 2797 2836 2850 exordio
2858 2796 3018 2861 Deus,
3039 2811 3105 2850 ex
3127 2796 3322 2865 quibus
3346 2797 3512 2849 totius

1921 2887 2141 2957 generis
2168 2886 2390 2940 humani
2428 2885 2561 2939 silva
2584 2886 2860 2940 descendit
2896 2904 2907 2939 :
2950 2887 3279 2940 mundanam
3307 2886 3506 2939 nobili-

1923 2987 2088 3033 tatem
2114 2993 2220 3031 non
2252 2985 2462 3031 natura:
2509 2977 2734 3046 mquitas
2765 2977 3032 3046 praestitit,
3066 2976 3161 3030 sed
3201 2976 3510 3044 cupiditatis

1924 3070 2163 3125 ambitio.
2214 3067 2376 3123 Certe
2419 3083 2606 3123 omnes
2659 3084 2756 3138 per
2785 3068 2950 3122 divini
2979 3067 3177 3122 lavacri
3208 3068 3511 3137 generatio-

224 3181 364 3239 ergo
385 3169 655 3238 originem
683 3178 829 3224 tuam
865 3173 1098 3242 respice,
1127 3190 1294 3244 genus
1328 3174 1560 3242 intuere,
1591 3178 1814 3248 gloriam

1925 3177 2043 3216 nem
2074 3161 2309 3232 aequales
2335 3159 2620 3227 ellicimur,
2643 3169 2698 3216 et
2725 3157 2872 3214 milia
2893 3162 3035 3215 inter
3074 3177 3167 3216 eos
3192 3169 3369 3230 potest
3391 3175 3511 3215 esse

226 3259 540 3313 nobilitatis
561 3261 783 3314 adverte
816 3280 828 3313 :
859 3278 1091 3331 agnosce
1117 3273 1168 3318 te
1188 3279 1293 3318 non
1319 3266 1573 3332 hominis,
1603 3269 1695 3321 sed
1722 3267 1816 3323 Dei

223 3349 420 3414 ﬁliam,
457 3358 513 3404 ct
562 3351 756 3406 divina:
805 3353 1102 3408 nativitatis
1150 3355 1428 3410 nobilitate
1482 3358 1813 3412 deeoratam.

227 3437 301 3493 lta
335 3448 392 3493 te
424 3440 644 3505 exhibe,
667 3449 726 3494 ut
756 3442 809 3495 in
839 3450 892 3496 te
923 3443 1161 3498 caelestis
1201 3445 1460 3500 nativitas
1504 3455 1708 3515 pateat,
1765 3456 1819 3502 et

230 3531 546 3602 ingenuitas
571 3532 749 3586 divina
776 3533 1062 3588 clarescat.
1093 3534 1176 3589 Sit
1215 3536 1269 3590 in
1299 3545 1352 3589 te
1397 3553 1534 3591 nova
1559 3539 1817 3607 gravitas,

230 3623 492 3677 honestas
516 3623 872 3687 admirabilis,
903 3625 1167 3693 stupenda
1189 3627 1532 3692 verecundia,
1561 3628 1696 3680 mira
1725 3643 1821 3696 pa-

233 3711 448 3776 tientia,
472 3713 755 3783 virginalis
783 3714 1044 3779 incessus,
1074 3725 1129 3770 et
1174 3731 1319 3771 vera:
1355 3718 1627 3786 pudicitiae
1674 3719 1822 3772 habi-

233 3813 343 3867 tus,
373 3813 434 3858 et
467 3820 649 3859 sermo
692 3821 906 3874 semper
944 3807 1242 3870 modestus,
1275 3817 1330 3862 et
1376 3823 1474 3862 suo
1501 3808 1555 3861 in
1582 3816 1822 3876 tempore

231 3895 594 3964 proferendus
627 3915 640 3949 :
670 3906 728 3950 ut
767 3899 1010 3967 quisquis
1055 3907 1108 3953 te
1159 3899 1376 3964 viderit,
1425 3899 1722 3954 admiretur
1768 3909 1822 3954 et

235 3985 386 4040 dicat
419 4003 431 4038 :
462 3985 596 4052 Quze
632 3987 748 4041 haec
795 4004 945 4044 novze
971 3990 1110 4061 inter
1139 3990 1386 4044 homines
1416 3991 1699 4062 gravitatis
1723 4007 1820 4060 pa-

231 4079 426 4133 tientia
459 4079 579 4132 est?
603 4094 722 4148 qua:
744 4082 962 4150 pudoris
992 4083 1349 4137 verecundia?
1376 4098 1496 4152 qute
1523 4083 1822 4138 honestatis

231 4169 543 4222 modestia?
593 4183 713 4237 quae
759 4171 1044 4225 maturitas
1089 4172 1400 4242 sapientiae?
1448 4169 1564 4226 Non
1595 4183 1677 4227 est
1719 4173 1820 4227 ista

232 4260 474 4314 humana
521 4260 809 4326 institutio,
843 4279 942 4316 nec
987 4263 1270 4333 disciplina
1298 4265 1522 4319 moralis
1555 4282 1566 4317 :
1600 4265 1822 4321 cmleste

230 4353 365 4407 mihi
392 4351 600 4422 aliquid
642 4354 692 4406 in
729 4361 944 4408 terreno
971 4370 1198 4424 corpore
1244 4357 1467 4411 redolet.
1500 4356 1635 4412 Puto
1679 4359 1821 4428 quod

233 4442 446 4497 habitet
499 4441 554 4494 in
604 4443 922 4510 quibusdam
967 4443 1274 4499 hominibus
1314 4435 1474 4500 Deus.
1522 4447 1736 4500 Etcum
1770 4457 1819 4501 te

232 4531 437 4585 Christi
479 4530 732 4584 famulam
788 4547 907 4586 esse
948 4535 1279 4602 cognoverit,
1340 4534 1544 4602 majore
1599 4546 1818 4605 stupore

236 4621 535 4684 tenebitur,
553 4630 609 4675 et
635 4622 894 4693 cogitabit
919 4623 1095 4692 qualis
1122 4625 1208 4680 ille
1253 4626 1323 4680 sit
1361 4627 1640 4691 Dominus,
1669 4629 1821 4697 (‘tEjttS

233 4709 358 4764 talis
385 4710 584 4764 ancilla
611 4721 713 4766 est.

304 4800 364 4854 Si
389 4803 478 4856 vis
508 4817 638 4871 ergo
663 4817 783 4858 esse
809 4819 931 4858 cum
960 4803 1196 4865 Christo,
1244 4814 1300 4858 et
1353 4814 1566 4875 partem
1618 4807 1818 4859 habere

234 4904 359 4946 cum
382 4891 626 4955 Christo,
663 4892 863 4948 Christi
898 4894 995 4947 tibi
1023 4895 1270 4964 exemplo
1291 4895 1578 4949 vivendum
1600 4906 1700 4959 est,
1725 4896 1817 4964 qui

233 4983 303 5037 ab
328 4983 483 5038 omni
506 4983 710 5038 malitia
735 4994 788 5038 et
811 4985 1049 5052 nequitia
1075 4984 1148 5037 ita
1180 4985 1281 5037 fuit
1298 4997 1609 5048 extraneus,
1636 4999 1813 5040 utnec

234 5075 478 5131 inimicis
505 5075 724 5145 quidem
750 5076 923 5129 vicem
954 5074 1221 5140 redderet,
1251 5076 1378 5144 quin
1406 5077 1583 5145 potius
1625 5085 1681 5130 et
1717 5093 1814 5146 pro

234 5165 372 5236 ipsis
389 5174 595 5220 oraret.
622 5165 756 5219 Nolo
770 5167 914 5220 enim
941 5181 1036 5220 eas
1051 5167 1262 5221 animas
1283 5167 1618 5223 Christianas
1632 5170 1819 5223 existi-

232 5271 374 5322 mes,
401 5271 526 5325 qute
557 5264 651 5309 aut
672 5256 867 5309 fratres
919 5267 1012 5309 aut
1043 5271 1259 5310 sorores
1292 5271 1396 5309 non
1425 5257 1544 5311 dico
1569 5258 1819 5322 oderunt,

232 5346 332 5401 sed
380 5361 506 5416 qua:
553 5346 830 5415 proximos
853 5354 964 5401 toto
991 5348 1154 5401 corde
1176 5357 1230 5402 et
1276 5349 1603 5404 conscientia
1636 5365 1820 5404 coram

230 5438 330 5495 Dei
360 5440 674 5495 testimonio
703 5456 810 5495 non
843 5441 1103 5512 diligunt;
1127 5457 1250 5497 cum
1273 5441 1596 5497 Christianis
1620 5443 1820 5498 Christi

232 5527 593 5584 similitudine
617 5530 865 5584 inimicos
895 5532 1061 5585 etiam
1111 5548 1295 5587 amare
1345 5548 1566 5588 necesse
1619 5535 1706 5588 sit.
1762 5534 1820 5590 Si

232 5628 554 5675 sanctorum
589 5621 744 5690 cupis
791 5621 994 5676 habere
1045 5623 1398 5687 consortium,
1448 5639 1476 5677 a
1521 5624 1738 5679 malitiae
1767 5634 1819 5680 et

227 5711 496 5781 nequitiae
525 5711 762 5780 cogitatu
797 5719 986 5782 pectus
1010 5713 1263 5768 emunda.
1311 5712 1479 5769 Nemo
1510 5723 1558 5771 te
1587 5717 1817 5772 cireum-

651 5806 922 5866 PrrnOL.
979 5806 1138 5868 Clll.

1921 3254 2199 3318 discretio,
2255 3267 2393 3321 quos
2457 3252 2714 3306 nativitas
2768 3253 3001 3307 secunda
3061 3253 3366 3322 generavit;
3413 3267 3512 3321 per

1919 3360 2082 3414 quam
2111 3354 2217 3398 tam
2247 3345 2398 3398 dives
2434 3360 2595 3414 quam
2619 3359 2845 3414 pauper,
2879 3353 2988 3397 tam
3031 3343 3166 3398 liber
3205 3359 3366 3414 quam
3391 3359 3508 3398 ser-

1917 3449 2038 3500 vus,
2075 3443 2186 3488 tam
2227 3435 2424 3490 nobilis
2466 3450 2628 3504 quam
2665 3434 2916 3503 ignobilis
2951 3434 3044 3488 Dei
3077 3434 3303 3488 edicitur
3332 3434 3504 3498 ﬁlius;

1923 3534 1978 3580 et
2004 3535 2218 3579 terrena
2249 3526 2503 3580 nobilitas
2524 3525 2808 3594 splendere
2843 3525 3082 3578 caelestis
3104 3526 3286 3594 gloria:
3314 3527 3506 3579 adum-

1919 3614 2136 3680 bratur,
2164 3623 2220 3669 et
2246 3630 2515 3682 nusquam
2539 3613 2758 3667 omnino
2776 3613 2889 3681 jam
2919 3623 3230 3681 comparet:
3264 3614 3390 3666 dum
3415 3615 3507 3680 qui

1921 3714 2069 3759 retro
2095 3707 2152 3758 in
2180 3704 2530 3758 szecularibus
2552 3703 2848 3756 honoribus
2882 3703 3116 3770 impares
3145 3702 3374 3767 fuerant,
3398 3717 3510 3755 cu:-

1922 3798 2078 3852 lestis
2092 3807 2148 3852 et
2167 3798 2362 3852 divinze
2382 3795 2682 3849 nobilitatis
2703 3794 2872 3863 gloria
2887 3794 3169 3864 mqualitcr
3182 3795 3505 3848 vestiuntur.

1924 3887 2116 3942 Nullus
2135 3887 2247 3956 jam
2277 3884 2602 3955 ignobilitati
2632 3885 2800 3947 locus,
2824 3897 2922 3936 nec
2943 3883 3177 3952 degener
3216 3883 3503 3952 quisquam

1920 3989 2028 4046 est,
2060 3994 2218 4049 quem
2258 3978 2454 4032 divinae
2484 3976 2782 4031 nativitatis
2825 3974 3125 4030 sublimitas
3173 3983 3350 4039 ornat,
3404 3974 3508 4028 nisi

1921 4076 2064 4143 apud
2087 4074 2228 4136 illos,
2261 4071 2351 4141 qui
2385 4086 2489 4124 non
2514 4077 2702 4139 putant
2748 4068 2998 4124 humanis
3020 4067 3262 4122 cmlestia
3299 4083 3508 4137 praepo-

1921 4165 2097 4218 nenda
2124 4181 2136 4216 :
2171 4171 2262 4215 aut
2291 4161 2336 4215 si
2363 4167 2576 4230 putant,
2607 4175 2769 4229 quam
2790 4174 2985 4212 vanum
3014 4167 3117 4223 est,
3141 4167 3203 4211 ut
3227 4173 3284 4212 se
3317 4158 3422 4213 illis
3455 4159 3506 4212 in

1921 4253 2222 4307 minoribus
2271 4250 2585 4320 praeferant,
2617 4266 2753 4320 quos
2790 4251 2890 4304 sibi
2936 4250 2992 4303 in
3035 4247 3328 4316 majoribus
3350 4265 3508 4319 pares

1923 4350 2192 4412 sciunt,et
2215 4347 2368 4416 quasi
2395 4347 2532 4400 infra
2566 4361 2624 4400 se
2649 4345 2853 4416 positos
2883 4344 2937 4398 in
2980 4351 3126 4397 terra
3175 4343 3504 4406 existiment,

1923 4455 2058 4509 quos
2077 4439 2178 4492 sibi
2210 4438 2446 4507 aequales
2476 4437 2528 4490 in
2573 4435 2887 4492 etelestibus
2918 4435 3175 4489 credunt?
3209 4433 3289 4486 Tu
3329 4444 3506 4487 autem

1923 4547 2258 4601 quaecunque
2304 4529 2528 4594 Christi,
2578 4546 2682 4584 non
2731 4529 2913 4584 seculi
2957 4528 3108 4598 virgo
3161 4540 3243 4591 es,
3290 4543 3504 4580 omnem

1920 4624 2206 4694 pra-sentis
2225 4632 2349 4675 vita:
2375 4621 2602 4691 gloriam
2657 4619 2800 4690 fuge,
2825 4628 2886 4674 ut
2921 4635 3041 4673 eam
3088 4634 3207 4688 quae
3237 4619 3292 4672 in
3322 4618 3505 4674 futuro

1919 4713 2257 4783 promittitur
2283 4711 2664 4779 consequaris.

1991 4803 2407 4857 Contentionum
2434 4801 2618 4863 verba,
2649 4810 2705 4854 et
2730 4801 3092 4855 animositatis
3113 4817 3306 4855 causas
3329 4801 3502 4866 evita;

1921 4894 2312 4948 discordiarum
2329 4895 2542 4960 quoque
2567 4899 2621 4944 et
2639 4891 2811 4944 litium
2838 4895 3150 4946 occasiones
3173 4893 3502 4963 subterfugc.

1922 4984 2056 5038 Nam
2088 4983 2156 5048 si,
2197 4981 2352 5050 juxta
2396 4982 2641 5052 Apostoli
2683 4983 3002 5045 doctrinam,
3047 4982 3259 5036 Servum
3295 4983 3506 5036 Domini

1921 5077 2129 5146 litigare
2169 5092 2272 5128 non
2299 5085 2498 5143 oportet
2553 5071 2637 5145 (II
2685 5072 2818 5126 Tim.
2853 5090 2911 5137 ιι,
2953 5073 3077 5143 24),
3106 5083 3306 5142 quanto
3335 5076 3506 5142 magis

1924 5168 2019 5221 Dei
2046 5165 2329 5221 ancillam?
2357 5165 2511 5233 cujus
2537 5179 2646 5232 quo
2675 5163 3032 5217 verecundior
3062 5173 3146 5217 est
3171 5179 3355 5229 sexus,
3383 5165 3504 5218 ani-

1925 5274 2048 5313 mus
2076 5258 2236 5312 debet
2275 5270 2394 5311 esse
2443 5254 2758 5309 modestior.
2811 5252 3073 5323 Linguam
3119 5270 3148 5306 a
3196 5254 3506 5324 maliloquio

1927 5350 2141 5414 cohibe,
2169 5355 2223 5402 et
2246 5347 2327 5399 ori
2363 5355 2454 5399 tuo
2499 5345 2711 5398 frenum
2740 5344 2872 5414 legis
2915 5345 3160 5414 impone,
3195 5354 3254 5398 ut
3281 5353 3427 5410 tunc,
3460 5346 3505 5400 si

1927 5439 2069 5494 forte
2094 5436 2354 5507 loquaris,
2377 5435 2592 5505 quando
2619 5444 2799 5489 tacere
2819 5444 3100 5504 peccatum
3132 5437 3222 5498 sit,
3269 5451 3402 5492 cave
3438 5453 3508 5492 ne

1928 5531 2057 5602 quid
2094 5529 2320 5600 quodin
2369 5528 2844 5598 reprehensionem
2898 5528 3082 5581 veniat
3131 5529 3300 5584 dicas.
3345 5528 3508 5597 Lapis

1928 5624 2158 5678 emissus
2185 5629 2268 5677 est
2309 5637 2488 5675 sermo
2530 5620 2798 5690 prolatus;
2845 5629 3170 5690 quapropter
3214 5620 3304 5674 diu
3350 5627 3507 5674 aute-

1927 5731 2090 5786 quam
2115 5714 2418 5786 proferatur
2440 5714 2762 5786 cogitandus
2789 5723 2891 5770 est.
2923 5713 3090 5768 Beata
3131 5714 3328 5784 quippe
3365 5712 3506 5767 labia

2992 5808 3072 5867 22
