3974 6192
474 303 580 359 683

1475 284 1533 339 S.
1575 278 1941 354 BENEDICTI
1976 272 2268 331 ABBATIS
2305 266 2716 329 ANIANENSIS

3622 258 3750 315 684

482 420 623 479 sunt,
677 426 797 482 qua:
848 420 1121 478 nunquam
1168 402 1312 473 quod
1362 412 1619 455 revocare
1653 386 1864 451 iterum
1902 391 2066 446 velint
2091 398 2140 457 Α
2167 385 2452 482 nisoculis
2475 383 2753 482 indignum
2777 376 2871 482 sit,
2895 383 3009 482 ‘aut
3064 373 3325 482 opereris,
3366 380 3489 482 aut‘

480 505 755 561 emittunt.
778 499 993 554 Pudicae
1014 493 1211 549 mentis
1236 503 1415 546 sermo
1442 488 1607 543 etiam
1645 484 1805 540 debet
1826 496 1946 537 esse
1962 495 2059 549 pu-

485 599 657 659 dicus,
698 593 790 664 qui
810 591 1040 646 :ediﬁcet
1069 602 1285 657 semper
1322 584 1514 656 magis,
1563 596 1725 653 quam
1772 576 2060 648 aliquando

482 688 729 740 destruat
758 680 1057 743 audientes,
1087 676 1383 732 secundum
1422 673 1566 743 quod
1610 668 1867 742 praecepit
1916 666 2063 735 Apo-

484 777 655 832 stolus
675 774 858 830 dicens
887 790 900 825 :
933 769 1115 826 Omnis
1147 784 1317 823 sermo
1363 764 1536 820 malus
1555 779 1619 818 ea:
1644 778 1732 815 ore
1770 769 1937 814 vestro
1960 772 2063 811 non

482 866 729 939 procedat
755 877 773 916 :
799 863 890 918 sed
914 862 961 916 si
983 860 1098 932 quis
1123 859 1286 913 bonus
1309 857 1377 911 ad
1406 853 1805 923 wdiﬁcationem
1830 848 1978 918 ﬁdei,
2006 854 2062 899 ut

483 938 568 1011 ἀει
590 957 819 1028 gratiam
848 950 1176 1007 audientibus
1204 947 1420 1021 (Ephes.
1448 961 1520 1010 IV,
1551 942 1662 1014 ea).
1690 941 1931 996 Pretiosa
1953 938 2065 993 Deo

484 1048 668 1121 lingua
695 1057 921 1118 estquae
949 1060 1057 1099 non
1086 1044 1203 1098 sine
1254 1039 1451 1097 divinis
1502 1037 1664 1091 rebus
1708 1033 1858 1088 novit
1901 1033 2066 1086 verba

485 1149 824 1205 construere,
854 1147 908 1194 et
931 1145 1178 1193 sanctum
1200 1151 1263 1190 os
1288 1132 1429 1188 unde
1444 1130 1685 1189 cmlestia
1718 1142 1931 1197 semper
1950 1127 2066 1181 elo-

487 1234 614 1303 quia
673 1230 1041 1301 proferuntur.
1099 1227 1417 1282 Absentiam
1471 1225 1870 1279 obtrectatores
1912 1219 2068 1289 quasi

487 1324 750 1392 malignos
772 1322 1065 1392 Scripturte
1088 1318 1411 1373 auctoritate
1442 1316 1676 1379 deterre,
1712 1313 1838 1382 quia
1864 1312 1968 1365 hoc
1989 1309 2071 1364 in-

488 1423 572 1468 ter
590 1415 818 1468 virtutes
840 1411 1064 1481 perfecti
1093 1408 1329 1465 hominis
1372 1407 1642 1476 PrOpheta
1684 1408 2072 1459 commemorat

490 1504 661 1575 (Psal.
686 1521 799 1570 xw,
832 1503 910 1576 5),
943 1504 987 1558 si
1015 1512 1143 1557 ante
1168 1508 1516 1568 conspectum
1546 1497 1681 1567 justi
1712 1495 1978 1566 malignus
2003 1493 2072 1548 ad

489 1594 718 1650 nihilum
743 1594 1060 1656 deducatur,
1116 1590 1207 1659 qui
1250 1597 1438 1643 contra
1466 1587 1772 1656 proximum
1810 1598 1919 1637 non
1948 1596 2073 1651 pro-

490 1684 667 1741 banda
701 1681 1006 1753 protulerit.
1038 1680 1155 1735 Non
1186 1678 1311 1734 licet
1333 1678 1428 1731 tibi
1457 1675 1677 1731 alterius
1722 1672 2072 1743 vituperatio-

2232 477 2367 532 Cum
2431 474 2734 531 orationem
2778 468 3056 526 celebrare
3103 466 3411 531 desideras,
3472 463 3631 520 talem
3689 474 3758 521 te

2161 568 2355 622 exhibe
2374 565 2529 636 quasi
2575 578 2693 633 qua:
2721 562 2797 617 sis
2841 575 2965 614 cum
3013 558 3244 613 Domino
3295 556 3561 611 locutura.
3606 555 3756 609 Cum

2160 661 2427 731 psalmum
2450 658 2607 722 dicis,
2633 653 2787 723 cujus
2804 653 2970 708 verba
2990 650 3128 707 dicis
3155 664 3418 722 agnosce;
3442 657 3499 704 et
3520 649 3576 703 in
3598 664 3761 704 eom-

2160 756 2454 828 punctione
2482 753 2654 824 magis
2681 749 2848 806 animi
2875 764 3038 819 quam
3066 748 3120 802 in
3144 745 3369 801 tinnula:
3390 746 3537 801 vocis
3557 743 3759 800 dulce—

2165 847 2291 903 dine
2310 846 2601 901 delectare.
2630 842 2923 912 Lacrymas
2942 837 3088 894 enim
3109 836 3392 908 psallentis
3413 836 3557 892 Deus
3576 836 3764 907 magis

2148 951 2331 1006 quam
2357 934 2508 990 vocis
2534 933 2765 1003 gratiam
2796 930 3113 998 comprobat
3143 943 3159 982 :
3192 927 3333 982 sicut
3372 926 3647 997 Propheta
3671 927 3765 981 di-

2166 1028 2275 1083 cit:
2310 1024 2507 1082 Servite
2533 1024 2759 1081 Domino
2779 1026 2836 1077 in
2855 1021 3122 1086 timore,et
3148 1017 3406 1074 exsultate
3432 1020 3480 1071 ei
3500 1035 3620 1073 cum
3646 1029 3766 1072 tre-

2172 1140 2316 1177 more
2341 1120 2512 1194 (Psal.
2545 1137 2606 1188 ιι,
2633 1118 2741 1193 11).
2777 1119 2878 1175 Ubi
2911 1119 3074 1173 timor
3095 1126 3151 1173 et
3178 1125 3382 1173 tremor
3402 1123 3508 1181 est,
3532 1116 3605 1170 ibi
3642 1131 3765 1171 non

2167 1213 2315 1268 vocis
2337 1212 2499 1267 elatio
2521 1219 2624 1277 est,
2654 1210 2746 1266 sed
2778 1210 2973 1264 animae
2997 1208 3193 1264 ﬁebilis
3236 1216 3291 1263 et
3330 1208 3633 1279 lacrymosa
3663 1207 3768 1261 de-

2162 1304 2348 1375 jectio.
2374 1301 2636 1358 Omnibus
2662 1302 2874 1357 actibus
2895 1300 3002 1355 tuis
3024 1299 3358 1370 diligentiam
3381 1298 3601 1375 adhibe,
3624 1297 3768 1367 quia

2169 1374 2428 1464 Scriptum
2457 1402 2575 1449 est:
2602 1392 2914 1447 Maledicta:
2939 1394 3094 1446 homo
3119 1392 3208 1462 qui
3236 1390 3364 1462 facit
3392 1407 3521 1461 opus
3544 1374 3770 1444 Damim'

2170 1486 2487 1555 negligenter
2533 1484 2666 1556 (Jer.
2694 1499 2884 1548 xnvnr,
2911 1483 3018 1552 10).
3043 1482 3267 1539 Crescat
3288 1482 3343 1537 in
3372 1492 3425 1537 te
3449 1498 3574 1537 cum
3597 1480 3773 1536 annis

2170 1575 2364 1645 gratia,
2396 1582 2605 1630 crescat
2629 1589 2750 1628 cum
2794 1582 2954 1628 aetate
2976 1573 3220 1642 justitia;
3249 1580 3304 1628 et
3352 1572 3490 1626 ﬁdes
3531 1587 3596 1626 eo
3627 1588 3769 1641 per-

2171 1663 2366 1718 fectior
2393 1663 2663 1728 videatur,
2689 1678 2796 1731 quo
2816 1663 3000 1717 senior
3019 1678 3108 1717 es:
3137 1663 3264 1731 quia
3290 1663 3550 1718 Dominus
3572 1672 3774 1717 noster

489 1791 614 1832 nem
641 1739 908 1845 patienter
934 1772 1153 1836 audire;
1184 1770 1311 1840 quia
1358 1784 1459 1824 nec
1487 1767 1556 1822 ab
1585 1767 1705 1821 aliis
1728 1739 1883 1835 optas
1904 1765 2068 1834 recipi

2182 1752 2348 1817 Iesus,
2367 1753 2459 1823 qui
2480 1754 2639 1808 nobis
2666 1753 2880 1807 vivendi
2906 1753 3126 1831 reliquit
3151 1752 3479 1823 exemplum,
3507 1753 3776 1822 proﬁcie-

490 1878 662 1923 tuam.
685 1867 947 1935 lnjustum
981 1864 1182 1932 quippe
1209 1868 1294 1916 est
1337 1858 1600 1930 quidquid
1653 1866 1841 1912 contra
1869 1856 2070 1912 Christi

494 1955 842 2025 Evangelium
889 1952 1056 2015 venit,
1091 1951 1135 2004 si
1184 1949 1337 2003 alteri
1387 1950 1531 2018 quod
1576 1947 1672 2001 tibi
1702 1946 1770 2000 ab
1820 1946 1926 2000 alio
1954 1945 2071 1999 ﬁeri

496 2046 782 2101 molestum
820 2051 922 2107 est,
953 2040 1180 2110 patiaris
1200 2038 1385 2093 inferri
1414 2037 1627 2109 (Matth.
1651 2053 1747 2102 vn,
1778 2036 1888 2108 12).
1921 2034 2075 2091 Sem-

492 2149 592 2204 per
612 2135 847 2204 linguam
876 2141 1022 2185 tuam
1054 2130 1118 2185 de
1163 2129 1318 2184 bonis
1361 2128 1510 2197 loqui
1548 2142 1820 2191 assuesce,
1844 2135 1899 2181 et
1924 2125 2076 2180 audi-

497 2232 784 2277 tnm‘tuum
813 2221 879 2275 ad
902 2221 1167 2275 bonorum
1190 2220 1364 2288 magis
1384 2217 1597 2274 laudem
1628 2233 1791 2288 quam
1815 2217 1881 2271 ad
1906 2216 2075 2272 malo-

494 2328 617 2367 rum
644 2310 1096 2381 vituperationem
1125 2309 1493 2365 accommoda.

566 2403 700 2459 Vide
753 2410 812 2457 ut
866 2401 1045 2456 omnia
1100 2413 1436 2471 quaecunque
1490 2396 1789 2461 benefacis,
1856 2404 2077 2467 propter

498 2492 672 2547 Deum
720 2491 921 2557 facias;
970 2492 1149 2561 sciens
1189 2488 1306 2558 ejus
1344 2489 1421 2544 rei
1474 2496 1681 2542 tantum
1708 2495 1761 2542 te
1791 2502 1820 2540 a
1851 2487 2076 2541 Domino

498 2590 841 2652 recepturam
862 2596 982 2637 esse
1011 2580 1354 2646 mercedem;
1406 2594 1567 2649 quam
1609 2578 1726 2648 ejus
1764 2577 1976 2632 timoris
2022 2586 2078 2631 et

499 2672 802 2727 dilectionis
828 2687 992 2727 causa
1017 2670 1329 2740 perfeceris.
1358 2669 1560 2724 Sancta
1587 2669 1756 2745 magis
1776 2683 1896 2723 esse
1914 2682 2078 2737 quam

496 2765 669 2822 videri
696 2765 890 2821 stude:
919 2764 1047 2835 quia
1070 2763 1203 2819 nihil
1245 2762 1467 2833 prodest
1504 2761 1758 2816 aestimari
1799 2759 1941 2829 quod
1971 2772 2077 2812 non

499 2858 608 2913 sit:
641 2866 697 2912 et
722 2856 950 2925 duplicis
977 2855 1188 2925 peccati
1238 2862 1420 2909 reatus
1445 2860 1551 2918 est,
1574 2867 1684 2907 non
1707 2850 1905 2905 habere
1934 2847 2079 2919 quod

500 2946 763 3010 creditur,
794 2954 850 3000 et
875 2945 1018 3014 quod
1041 2959 1148 2999 non
1172 2944 1377 2999 habeas
1397 2942 1670 2998 simulare.

574 3035 630 3089 in
664 3033 885 3103 jejuniis
911 3033 1082 3105 magis
1127 3048 1291 3104 quam
1342 3034 1396 3087 in
1423 3032 1597 3102 epulis
1622 3029 1912 3096 delectare,
1937 3029 2080 3097 illius

504 3125 678 3180 viduae
707 3138 934 3188 memor,
964 3139 1083 3192 qua:
1111 3139 1218 3178 non
1267 3122 1577 3178 discedebat
1602 3122 1668 3177 de
1698 3122 1914 3192 templo,
1940 3119 2079 3191 jeju-

503 3215 612 3271 niis
640 3223 695 3269 et
714 3214 1179 3269 obsecrationibus
1207 3214 1315 3268 Deo
1339 3213 1579 3268 serviens
1617 3212 1702 3267 die
1727 3227 1791 3268 ac
1817 3221 1993 3267 nocte.
2017 3211 2086 3266 Et

503 3306 550 3361 si
590 3306 748 3360 vidua
793 3305 1013 3375 quidem
1053 3305 1109 3358 in
1137 3303 1321 3359 Judzea
1365 3303 1491 3358 talis
1519 3309 1666 3370 erat,
1695 3302 1906 3373 qualem
1942 3316 2086 3357 nunc

502 3394 769 3466 virginem
791 3394 1046 3449 convenit
1066 3408 1188 3450 esse
1214 3392 1452 3448 Christi?
1480 3393 1686 3448 Divina:
1709 3392 1878 3462 magis
1901 3391 2087 3447 lectio-

504 3485 592 3541 nis
615 3485 923 3542 convivium
955 3485 1137 3556 dilige,
1161 3468 1216 3539 et
1236 3483 1566 3554 spiritalibus
1595 3491 1648 3539 te
1676 3482 1909 3538 saturari
1937 3482 2087 3551 dapi-

504 3577 609 3631 bus
631 3575 955 3646 concupisce
976 3618 989 3641 ,
1021 3583 1077 3630 et
1099 3574 1217 3630 illos
1241 3575 1421 3646 potius
1466 3588 1647 3645 quaere
1686 3574 1859 3638 cibos,
1892 3573 2088 3643 quibus

508 3667 689 3721 anima
721 3667 891 3738 magis
925 3681 1086 3738 quam
1113 3680 1310 3736 corpus
1349 3666 1641 3722 reliciatur.
1679 3664 1874 3721 Carnis
1902 3672 1956 3719 et
1975 3663 2087 3718 vini

507 3759 717 3829 species
743 3760 897 3829 quasi
922 3758 1119 3815 caloris
1141 3756 1381 3813 fomenta
1397 3765 1451 3813 et
1475 3758 1715 3813 libidinis
1739 3756 2089 3811 incitamenta

510 3853 667 3926 fuge;
701 3864 757 3910 et
787 3863 933 3921 tunc,
955 3855 998 3910 si
1030 3854 1191 3921 forte,
1217 3855 1342 3910 vino
1386 3855 1580 3925 exiguo
1637 3863 1790 3910 utere
1824 3869 1948 3909 cum
1979 3860 2091 3909 sto-

507 3948 687 4003 machi
719 3947 871 4004 dolor
890 3955 945 4001 et
972 3947 1138 4001 nimia
1165 3947 1410 4018 corporis
1446 3946 1733 4017 compellat
1780 3944 2087 4000 infirmitas.

507 4036 848 4093 lraeundiam
878 4039 1068 4103 vince;
1092 4037 1489 4091 animositatem
1511 4037 1733 4101 cohibe;
1762 4044 1818 4090 et
1835 4035 2092 4105 quidquid

509 4126 642 4180 illud
669 4134 773 4189 est,
801 4127 942 4193 quod
966 4134 1089 4194 post
1115 4124 1315 4180 factum
1338 4127 1711 4195 paenitentiam
1739 4125 1957 4196 ingerit,
1982 4124 2093 4178 vel-

511 4224 572 4268 ut
594 4215 831 4284 proximi
875 4215 1125 4270 criminis
1156 4215 1613 4271 abominationem
1668 4216 1901 4271 declina.
1948 4214 2095 4270 Satis

512 4304 860 4376 tranquillam
890 4313 946 4361 et
965 4306 1204 4376 quietam
1234 4305 1485 4360 convenit
1506 4320 1626 4361 esse
1670 4313 1927 4371 mentem,
1950 4307 2095 4361 etab

512 4396 661 4450 omni
683 4397 1091 4465 perturbatione
1118 4396 1316 4454 furoris
1341 4396 1595 4461 alienam,
1616 4411 1735 4466 quae
1761 4395 1855 4450 Dei
1886 4397 2095 4452 habita-

512 4486 694 4542 culum
722 4501 843 4543 esse
868 4487 1169 4552 desiderat;
1200 4487 1293 4556 qui
1320 4502 1416 4558 per
1435 4484 1760 4555 PrOphetam
1788 4493 2018 4540 testatur
2041 4494 2095 4541 et

514 4575 646 4631 dicit
673 4593 686 4628 :
727 4574 898 4645 Super
919 4591 1072 4644 quem
1104 4575 1421 4645 requiescant
1468 4573 1652 4637 aliam,
1682 4574 1782 4627 nisi
1810 4591 1966 4646 super
2003 4574 2097 4628 lm-

515 4664 687 4721 milem
703 4676 749 4719 et
768 4666 1081 4736 quietum,‘et
1099 4675 1399 4719 trementem
1422 4664 1569 4720 verba
1593 4682 1707 4719 mea
1736 4662 1908 4736 (Psal.
1950 4682 2096 4731 um,

514 4758 571 4829 ‘2)
593 4758 616 4811 ?
639 4757 892 4814 Omnium
921 4772 1143 4827 operum
1176 4767 1227 4810 et
1257 4756 1643 4828 cogitationum
1674 4764 1887 4810 tuarum
1911 4772 2100 4827 specu-

518 4847 750 4903 latorem
774 4846 938 4903 Dcum
962 4848 1142 4911 crede,
1168 4855 1221 4902 et
1240 4863 1369 4902 cave
1390 4860 1457 4901 ne
1482 4846 1775 4916 quidquam
1798 4848 1941 4916 quod
1966 4846 2102 4902 divi-

519 4984 659 5013 nm.-

582 4985 863 4997 ..νῷ-’.η

1741 4986 2077 4994 -υ--α-α-

661 5001 921 5009 W

926 5002 1295 5013 ..η-μβ..

2172 1844 2265 1927 bat
2296 1860 2404 1899 non
2437 1853 2592 1899 a’tate
2621 1851 2826 1897 tantum
2846 1857 3132 1913 corporea,
3177 1844 3273 1898 sed
3314 1852 3369 1898 et
3411 1844 3682 1913 sapientia
3722 1854 3775 1898 et

2173 1936 2345 2006 gratia
2372 1934 2602 2005 spiritali
2630 1951 2809 1988 coram
2832 1934 2942 1988 Deo
2972 1943 3022 1989 et
3048 1934 3343 1989 hominibus
3371 1934 3523 2007 (Luc.
3556 1951 3621 2000 ll,
3644 1935 3772 2007 25).

2174 2025 2346 2081 Omne
2372 2034 2580 2097 tempus
2617 2026 2670 2079 in
2700 2041 2808 2094 quo
2835 2034 2886 2101 te
2918 2042 3026 2080 non
3064 2025 3342 2080 meliorem
3365 2026 3624 2089 senseris,
3657 2026 3776 2080 hoc

2176 2123 2229 2172 te
2256 2118 2463 2172 aestima
2489 2116 2813 2187 perdidisse.
2852 2116 3101 2186 Coeptum
3148 2117 3476 2186 virginitatis
3518 2118 3778 2187 proposi-

2175 2222 2290 2268 tum
2318 2212 2384 2276 ad
2413 2211 2573 2266 ﬁnem
2615 2226 2784 2280 usque
2831 2226 3131 2276 conserva;
3161 2210 3290 2279 quia
3339 2225 3445 2265 non
3478 2209 3778 2265 inchoasse

2177 2311 2411 2368 tantum,
2438 2303 2532 2357 sed
2555 2302 2848 2371 perfecisse
2867 2301 3085 2355 virtutis
3113 2308 3217 2365 est,
3267 2300 3407 2354 sicut
3433 2300 3490 2353 in
3518 2299 3778 2370 Evange-

2177 2392 2250 2447 lio
2278 2392 2537 2447 Dominus
2576 2392 2654 2445 ait
2684 2408 2695 2444 :
2727 2389 2829 2455 Qui
2855 2390 3257 2461 perseveraverit
3298 2405 3460 2459 usque
3489 2389 3545 2442 in
3579 2389 3776 2457 ﬁnem,

2177 2483 2264 2537 hic
2284 2481 2456 2537 salvus
2486 2482 2586 2536 erit
2609 2480 2824 2552 (Matth.
2848 2496 2984 2545 xm,
3020 2478 3130 2550 10).
3161 2477 3303 2535 Cave
3319 2494 3387 2533 ne
3418 2478 3505 2533 cui
3534 2477 3623 2532 vel
3637 2493 3778 2532 con-

2177 2572 2484 2643 cupiscendi
2513 2570 2856 2626 occasionem
2906 2570 3135 2633 tribuas,
3190 2568 3321 2638 quia
3372 2581 3611 2636 sponsus
3643 2574 3779 2621 tuus

2179 2668 2324 2723 Deus
2342 2666 2525 2722 zelans
2548 2673 2663 2731 est;
2695 2664 3042 2720 criminosior
3069 2672 3154 2717 est
3176 2661 3322 2716 en‘im
3366 2659 3576 2716 Christi
3619 2659 3781 2714 adul-

2182 2770 2298 2817 tera
2325 2777 2489 2832 quam
2515 2760 2718 2833 mariti.
2762 2759 2915 2815 Unde
2963 2757 3188 2828 psichre
3236 2756 3479 2811 Romana
3519 2752 3783 2811 Ecclesia

2180 2852 2502 2924 apostolico,
2533 2851 2650 2906 sine
2680 2850 2861 2915 dubio,
2905 2847 3061 2918 cujus
3104 2848 3290 2903 sedem
3313 2846 3542 2910 obtinet,
3574 2845 3783 2915 spiritu

2180 2942 2438 3007 animata,
2466 2949 2577 2996 tam
2604 2953 2847 2996 severam
2876 2953 3050 3008 nuper
3085 2936 3394 3007 hujusmodi
3440 2934 3783 2990 sententiam

2182 3034 2397 3100 statuit,
2418 3041 2477 3089 ut
2495 3033 2587 3087 vix
2607 3031 2691 3087 vel
2718 3028 3038 3102 pmiiiteutia
3090 3030 3307 3100 dignam
3327 3028 3622 3099 iudicaret,
3656 3042 3785 3097 qua

2118 3120 2152 3159 υ
2182 3124 2578 3181 sanctiﬁcatum
2604 3123 2718 3179 Deo
2740 3138 2936 3193 corpus
2983 3121 3271 3177 libidinosa
3323 3120 3783 3191 coinquinatioue

2183 3214 2462 3271 violasset.

2251 3305 2383 3362 Esto
2434 3320 2564 3376 ergo
2602 3305 2855 3361 omnibus
2903 3303 3124 3360 vivendi
3178 3302 3375 3369 forma,
3421 3308 3541 3357 esto
3588 3316 3787 3359 exem-

2183 3397 2332 3469 plum
2359 3416 2372 3450 :
2403 3399 2649 3469 praecede
2678 3407 2733 3452 et
2759 3398 2812 3452 in
2843 3408 2966 3454 actu
2990 3412 3126 3467 quos
3156 3397 3208 3450 in
3236 3394 3505 3452 castitatis
3525 3393 3783 3449 sanctiﬁ-

2186 3492 2400 3547 catione
2417 3490 2731 3561 prazcurris.
2761 3491 3040 3563 Virginem
3065 3499 3118 3546 te
3148 3490 3201 3544 in
3240 3490 3494 3544 omnibus
3536 3489 3782 3553 exhibe;

2187 3583 2323 3639 nihil
2352 3583 2723 3654 corruptionis
2751 3583 3037 3651 ohjiciatur
3052 3582 3215 3652 capiti
3239 3590 3352 3646 tuo,
3397 3581 3552 3650 cujus
3577 3593 3789 3648 corpus

2188 3673 2462 3744 integrum
2491 3683 2605 3741 est;
2653 3683 2712 3728 ut
2734 3682 2789 3728 et
2818 3681 2907 3727 tua
2934 3673 3007 3728 sit
3045 3671 3372 3727 inviolabilis
3410 3670 3784 3725 conversatio.

2187 3760 2255 3818 Et
2277 3765 2534 3834 quoniam
2567 3765 2712 3820 sicut
2741 3764 2796 3818 in
2818 3764 3043 3819 exordio
3064 3761 3304 3833 epistola:
3332 3759 3539 3830 praefati
3565 3774 3785 3824 sumus,

2189 3861 2243 3908 te
2287 3852 2385 3908 Dei
2429 3853 2757 3908 sacriﬁcium
2781 3851 3017 3917 factum;
3045 3851 3189 3921 quod
3217 3850 3401 3918 utique
3426 3848 3786 3904 sanctitatem

2192 3961 2345 4002 suam
2388 3947 2552 4001 etiam
2601 3945 2723 4000 aliis
2770 3945 3043 4016 impertit,
3072 3953 3133 3999 ut
3167 3942 3412 4012 quisquis
3437 3955 3505 3995 ex
3525 3955 3593 3994 eo
3619 3940 3789 4009 digne

2192 4038 2504 4108 sumpserit,
2549 4035 2996 4092 sanctiﬁcationis
3026 4044 3081 4090 et
3125 4036 3238 4105 ipse
3261 4034 3333 4088 sit
3360 4031 3636 4101 particeps
3666 4048 3683 4084 :
3711 4031 3786 4085 ita

2193 4144 2322 4201 ergo
2347 4138 2404 4185 et
2430 4144 2529 4200 per
2554 4136 2629 4196 te,
2656 4128 2813 4199 quasi
2853 4143 2949 4198 per
2983 4128 3220 4182 divinam
3251 4126 3509 4188 hostiam,
3538 4122 3788 4178 sanctiﬁ-

2195 4228 2389 4275 centur
2415 4227 2471 4273 et
2511 4227 2754 4285 actem;
2807 4232 2930 4273 cum
2973 4217 3169 4288 quibus
3212 4226 3264 4271 te
3310 4216 3383 4270 ita
3434 4215 3488 4269 in
3529 4214 3790 4268 omnibus

2195 4311 2486 4383 exhibeas,
2517 4318 2578 4363 ut
2602 4309 2850 4380 quisquis
2873 4309 3037 4363 vitam
3066 4317 3212 4367 tuam
3260 4314 3356 4360 aut
3380 4306 3568 4360 auditu
3609 4304 3791 4359 conti—

2198 4403 2337 4473 gerit
2356 4413 2450 4457 aut
2477 4403 2616 4468 visu,
2641 4402 3090 4458 sanctiﬁcationis
3118 4402 3226 4454 vim
3252 4399 3484 4464 sentiat;
3504 4406 3563 4452 et
3581 4398 3634 4451 in
3662 4404 3788 4451 tau-

2200 4502 2313 4549 tum
2359 4495 2461 4550 sibi
2515 4493 2779 4563 intelligat
2831 4493 3058 4564 gratiam
3109 4508 3173 4546 ex
3233 4499 3321 4545 tua
3369 4487 3789 4544 conversatione

2199 4584 2528 4649 transfundi,
2556 4592 2616 4640 ut
2636 4584 2764 4639 dum
2803 4592 2853 4638 le
2881 4582 3081 4637 imitari
3106 4581 3461 4653 concupiscit,
3495 4580 3590 4633 Dei
3616 4577 3791 4633 sacri-

2202 4675 2325 4732 ﬁcio
2361 4684 2417 4732 et
2441 4677 2557 4747 ipse
2585 4676 2657 4732 sit
2684 4675 2903 4746 dignus.

2810 4758 2811 4765 “
2870 4765 3123 4836 Ezplicit.

1854 4987 2413 5007 3:"—
2422 4976 2565 4996 ““ﬂ‘

1693 5002 1729 5007 _
1748 5001 2071 5008 -τ--τ--ῌμ
2106 5002 2573 5011 ———.—-——_—____-

1418 5094 2102 5209 SANGTI
2175 5097 2868 5214 BASILII

2568 4986 3775 5016 τω

1546 5261 1917 5320 CESAREIE
1957 5262 2406 5319 CAPPADOCIA'I
2448 5263 2757 5322 EPISCOPI

1140 5395 1734 5476 ADMONITIO
1812 5394 1943 5469 AD
2004 5394 2378 5472 FILIUM
2439 5396 3168 5475 SPlBlTUALEM.

1095 5593 1508 5652 PROOEMIUM.

599 5688 761 5760 Audi,
809 5691 915 5757 ﬁli,
963 5689 1386 5746 admonitionem
1431 5688 1608 5744 Patris
1655 5689 1753 5754 tui,
1803 5699 1858 5744 et
1906 5688 2103 5744 inclina

2208 5609 2394 5658 aurem
2424 5602 2570 5649 tuam
2599 5594 2667 5650 ad
2697 5595 2861 5651 verba
2898 5609 3044 5661 mea,
3076 5585 3137 5650 et
3161 5596 3511 5651 accommoda
3555 5595 3689 5651 mihi
3740 5593 3796 5649 li-

2215 5687 2407 5741 benter
2427 5685 2670 5768 auditum
2705 5695 2878 5770 tuum,
2920 5697 2981 5768 et
3001 5687 3166 5744 corde
3192 5687 3414 5744 credulo
3453 5696 3646 5745 cuncta
3674 5703 3791 5760 quae
