3974 6192
283 285 389 343 685

764 283 995 341 CODEX
1033 282 1491 343 REGULARUM.
1533 278 1897 341 APPENDIX.
1940 276 2248 338 EXHORT.
2288 281 2379 337 AD
2417 280 2723 337 MONACH.
2769 281 2857 336 ET
2898 280 3085 338 VIRG.

3446 282 3550 341 686

281 406 542 461 dicuntur
593 399 862 455 ausculta.
913 399 1084 470 Cupio
1132 401 1278 456 enim
1338 408 1390 454 te
1439 400 1709 455 instruere
1756 413 1876 469 qua:
1904 404 1953 463 Α
1979 402 2065 457 cui
2097 399 2292 472 regite
2339 398 2405 453 ad
2443 395 2784 451 militandum
2815 396 3092 466 probasti;
3147 406 3203 453 et
3231 408 3433 467 quanto
3476 414 3561 454 su-

282 497 358 551 sit
401 490 707 563 spiritualis
731 490 948 553 militia,
979 501 1036 547 et
1065 492 1264 563 quibus
1290 492 1466 547 modis
1504 492 1619 563 regi
1651 499 1743 546 tuo
1768 492 1870 545 mi-

286 585 451 640 litare
483 581 704 636 debeas.
735 579 1107 637 lntensissime
1128 596 1259 652 ergo
1281 581 1468 636 audiat
1492 593 1687 636 sensus
1721 589 1867 645 tuus,

286 684 344 732 et
369 675 608 729 animam
647 681 800 727 tuam
825 671 1009 727 nullus
1034 679 1339 744 przegravet
1363 686 1620 737 somnus;
1663 671 1759 727 sed
1800 671 1871 726 ad

282 767 613 839 vigilandum
625 764 806 820 excita
821 779 967 831 eam,
978 773 1035 819 et
1045 764 1113 820 ad
1135 764 1376 819 studium
1400 763 1733 834 intelligendi
1757 777 1874 818 ser-

282 873 504 915 monem
532 856 921 913 meum.Verba
942 856 1089 912 enim
1112 856 1217 912 ista
1246 862 1376 911 sunt
1398 869 1468 910 ex
1496 869 1604 921 me,
1629 854 1723 909 sed
1744 869 1874 925 pro-

284 951 396 1006 lata
437 966 506 1005 ex
545 949 745 1005 divinis
768 947 1028 1003 fontibus.
1054 947 1241 1016 Neque
1270 945 1420 1002 enim
1445 959 1587 1001 nova
1622 944 1872 1000 doctrina

284 1047 559 1100 instruam
591 1053 665 1108 te,
699 1044 795 1099 sed
828 1058 893 1099 ea
939 1057 1104 1112 quam
1153 1041 1319 1097 didici
1365 1056 1407 1096 δ’
1435 1042 1684 1112 patribus
1712 1039 1869 1096 meis.

282 1138 440 1194 Hanc
476 1136 625 1192 enim
654 1135 701 1191 si
731 1134 1025 1190 immiseris
1052 1133 1107 1188 in
1127 1147 1223 1188 cor
1265 1140 1435 1199 tuum,
1468 1132 1523 1187 in
1575 1146 1708 1202 pace
1742 1130 1875 1186 diri-

282 1223 724 1300 gentur‘itinera
762 1231 878 1290 tua,
925 1237 1027 1278 nec
1059 1221 1461 1292 approximabit
1488 1221 1557 1276 ad
1603 1230 1658 1275 te
1702 1219 1873 1275 ullum

284 1319 515 1383 malum,
560 1316 655 1373 sed
681 1314 872 1386 procul
906 1312 1164 1369 abscedet
1204 1328 1244 1371 a
1277 1323 1332 1369 te
1355 1312 1535 1369 omnis
1573 1310 1875 1366 adversitas

284 1410 505 1466 animas.

801 1496 1033 1554 CAPUT
1072 1496 1364 1553 PRIMUM.

746 1588 827 1642 De
880 1587 1073 1641 militia
1125 1585 1415 1657 spirituali.

357 1682 423 1738 Si
458 1695 590 1751 ergo
631 1679 808 1748 cupis,
845 1678 941 1741 ﬁli,
973 1677 1209 1732 militare
1244 1676 1377 1742 Deo,
1415 1674 1491 1731 illi
1540 1672 1639 1731 soli
1669 1675 1868 1729 milita—

1970 496 2156 567 perius
2204 502 2290 548 est
2342 506 2468 562 rege
2513 498 2733 545 terreno
2796 489 3086 561 imperium
3133 492 3378 557 cmleste,
3409 500 3563 547 tanto

1972 585 2369 659 praecellentior
2412 592 2497 640 est
2545 584 2747 655 gradus
2795 584 3133 639 excellentiae
3184 594 3291 641 tuae
3341 594 3563 642 terreno

1972 682 2164 736 milite.
2195 674 2414 733 Turrim
2445 676 2717 732 excelsam
2762 685 3081 733 construere
3130 678 3339 749 cogitas
3363 720 3377 743 ,
3415 692 3562 749 prae-

1973 781 2110 841 para
2137 782 2268 840 ergo
2300 767 2394 822 tibi
2435 773 2683 835 sumptus
2725 766 2793 821 ad
2829 774 3183 832 structuram,
3213 776 3276 821 ut
3321 777 3564 838 emptum

1974 860 2264 918 aediﬁcium
2293 858 2361 913 ad
2404 856 2707 928 perfectum
2747 857 3018 923 deducas;
3056 874 3127 914 ne
3171 858 3387 928 quando
3427 871 3569 930 prae-

1976 951 2317 1007 tereuntibus
2349 950 2540 1004 venias
2580 948 2636 1002 in
2678 946 2849 1002 risum
2873 990 2888 1013 ,
2927 956 2985 1004 et
3026 947 3368 1020 gratulentur
3414 950 3481 1004 de
3512 959 3566 1005 te

1975 1041 2181 1096 inimici
2223 1040 2321 1103 tui.
2352 1039 2481 1095 Haec
2519 1037 2688 1094 turris
2724 1052 2833 1093 non
2873 1054 2942 1093 ex
2986 1039 3256 1109 lapidibus
3295 1042 3570 1096 construi-
3668 1068 3671 1071 λ

1978 1143 2084 1197 tur,
2124 1132 2221 1187 sed
2248 1146 2316 1186 ex
2365 1129 2660 1185 virtutibus
2690 1129 2886 1185 animae
2920 1149 2933 1183 :
2966 1145 3071 1184 nec
3117 1130 3267 1197 auri,
3324 1147 3426 1187 nec
3475 1147 3566 1185 ar-

1976 1222 2122 1293 genti
2169 1221 2376 1293 indiget
2410 1222 2738 1292 sumptibus,
2765 1220 2864 1275 sed
2913 1223 3329 1278 conversatione
3375 1221 3520 1278 ﬁdeli
3553 1241 3566 1277 :

1977 1328 2102 1367 nam
2125 1321 2515 1383 terrente,0pes
2539 1311 2832 1381 plurimum
2875 1314 2943 1367 ad
2979 1310 3357 1368 aediﬁcandum
3404 1313 3573 1384 impe-

1976 1404 2153 1459 diunt.

2615 1488 2844 1550 CAPUT
2882 1492 2946 1549 ll.

2494 1586 2574 1640 De
2612 1588 2802 1642 virtute
2838 1591 3050 1643 animm.

2054 1674 2207 1732 Unus
2235 1674 2513 1746 profectus
2536 1676 2606 1731 sit
2634 1677 2755 1743 tibi,
2787 1676 2885 1743 ﬁli,
2921 1679 2966 1733 si
2993 1679 3210 1735 domino
3237 1676 3331 1735 uni
3362 1680 3572 1736 servire

284 1775 391 1832 bis.
426 1749 583 1828 Sicut
624 1771 768 1826 enim
804 1769 896 1839 qui
934 1768 1169 1823 militant
1197 1768 1311 1839 regi
1365 1775 1584 1823 terreno
1619 1766 1874 1821 omnibus
1902 1749 1951 1808 Β
1977 1767 2280 1831 desideras,
2302 1782 2401 1821 nec
2415 1767 2647 1822 alicuiin
2663 1768 2771 1823 vita
2793 1776 2883 1823 tua
2904 1769 3119 1839 placere
3133 1772 3465 1827 conerisnisi
3493 1773 3571 1827 illi

280 1864 455 1935 iussis
476 1862 595 1932 eius
624 1860 905 1923 obediunt,
943 1858 1024 1913 sic
1043 1868 1100 1914 et
1118 1858 1212 1928 qui
1241 1857 1476 1912 militant
1495 1856 1611 1928 regi
1642 1856 1875 1921 caelesti,

283 1954 490 2010 debent
526 1951 770 2007 coelestia
799 1949 1075 2006 custodire
1123 1957 1415 2020 praecepta.
1451 1947 1605 2003 Miles
1632 1956 1881 2002 terrenus

286 2058 612 2114 quocunque
652 2042 772 2097 loco
797 2041 1052 2105 mittitur,
1097 2046 1420 2110 paratus-ac
1449 2046 1731 2109 promptus
1773 2043 1877 2099 est,

287 2151 467 2205 neque
495 2150 556 2190 se
586 2132 772 2188 uxoris
810 2130 896 2186 vel
936 2130 1230 2186 liberorum
1261 2130 1435 2201 gratia
1475 2142 1743 2184 excusare
1784 2140 1881 2180 au-

285 2232 477 2294 debit;
520 2227 694 2282 multo
731 2226 906 2297 magis
942 2223 1101 2280 miles
1151 2222 1355 2279 Christi
1390 2223 1509 2278 sine
1556 2222 1740 2293 aliquo
1781 2220 1883 2276 im-

283 2322 601 2393 pedimento
628 2319 769 2390 regis
820 2318 904 2373 sui
942 2317 1103 2372 debet
1151 2316 1379 2387 imperio
1429 2315 1670 2371 obedire.
1728 2314 1882 2371 Miles

284 2422 542 2468 terrenus
562 2416 752 2465 contra
800 2408 1014 2462 hostem
1041 2404 1309 2461 visibilem
1343 2405 1523 2476 pergit
1549 2404 1618 2459 ad
1637 2404 1836 2460 bellum
1862 2420 1877 2470 ;

286 2512 474 2559 tecum
503 2516 636 2556 vero
660 2500 834 2555 hostis
864 2498 1154 2553 invisibilis
1180 2498 1423 2568 quotidie
1451 2497 1748 2568 praeliando
1769 2512 1880 2553 non

284 2596 508 2652 desinit.
550 2592 631 2647 Illi
664 2600 853 2648 contra
879 2606 1102 2646 carnem
1131 2599 1186 2644 et
1236 2588 1556 2660 sanguinem
1610 2595 1695 2643 est
1729 2588 1885 2643 dimi-

284 2689 466 2752 catio;
496 2686 597 2739 tibi
646 2699 776 2740 vero
823 2683 1084 2738 adversus
1112 2680 1376 2751 spiritalia
1405 2680 1540 2733 vitia
1568 2679 1625 2734 in
1654 2678 1887 2735 caelesti-

284 2780 387 2835 bus
413 2776 696 2833 eluctatio.
727 2774 820 2829 ille
846 2781 1038 2828 contra
1068 2771 1342 2829 carnalem
1388 2771 1601 2824 hostem
1637 2768 1874 2825 carnali—

285 2871 389 2926 bus
411 2869 586 2922 armis
610 2866 817 2930 utitur;
854 2872 911 2919 tu
932 2877 1065 2918 vero
1093 2870 1283 2918 contra
1326 2860 1629 2932 spiritalem
1665 2861 1884 2916 hostem

285 2958 626 3029 spiritalibus
665 2956 834 3010 armis
864 2954 1095 3025 indiges.
1123 2952 1218 3009 Ille
1248 2953 1303 3006 in
1326 2952 1515 3023 proelio
1545 2950 1759 3021 galeam
1781 2949 1887 3005 fer-

283 3065 437 3105 ream
463 3056 677 3119 gestat;
710 3046 806 3101 sed
841 3053 933 3099 tua
974 3045 1128 3115 galea
1155 3043 1405 3099 Christus
1433 3043 1526 3109 sit,
1557 3042 1652 3112 qui
1676 3049 1761 3098 est
1789 3056 1877 3098 ca-

284 3155 376 3217 put
410 3154 585 3199 tuum.
610 3143 704 3198 ille
732 3142 922 3207 lorica,
947 3158 1015 3197 nc
1046 3141 1383 3205 vulneretur,
1410 3140 1631 3195 indutus
1652 3147 1763 3207 est;
1787 3139 1883 3193 sed

281 3252 380 3306 pro
410 3236 584 3290 lorica
614 3234 689 3289 sis
713 3232 820 3288 ﬁde
862 3231 1066 3287 Christi
1121 3230 1513 3286 circumdatus.
1560 3230 1658 3285 ille
1689 3238 1881 3285 contra

283 3327 668 3383 adversarium
725 3336 881 3379 suum
936 3323 1107 3377 mittit
1137 3322 1381 3377 lanceam
1421 3330 1478 3376 et
1521 3321 1775 3392 sagittas;
1822 3327 1880 3374 tu

283 3430 477 3475 contra
505 3416 886 3471 adversarium
918 3415 1103 3469 divina
1143 3413 1358 3483 eloquia
1382 3411 1645 3482 iaculare,
1678 3418 1735 3467 et
1763 3424 1885 3481 per-

282 3512 503 3568 cutiens
547 3524 672 3563 eum
721 3508 906 3563 verbis
959 3507 1297 3577 propheticis
1352 3506 1519 3562 dicito
1561 3521 1576 3560 :
1625 3504 1884 3559 Dominus

281 3604 411 3657 mihi
437 3602 662 3671 adjutor
681 3609 780 3666 est,
804 3609 851 3653 et
880 3615 975 3669 ego
996 3599 1242 3653 deridebo
1270 3599 1512 3653 inimicos
1532 3615 1674 3653 meos
1708 3596 1882 3670 (Psal.

281 3691 492 3761 cxvu).
526 3690 618 3745 ille
661 3690 833 3745 donec
874 3705 1055 3761 pugna
1084 3690 1316 3761 geritur,
1343 3704 1497 3743 arma
1532 3704 1564 3744 a
1591 3688 1886 3758 semetipso

253 3777 394 3839 'non
424 3782 673 3852 proiicit,
730 3797 798 3836 ne
837 3783 906 3838 ab
952 3781 1267 3837 adversario
1309 3780 1659 3845 vulneretur;
1697 3779 1772 3832 ita
1831 3786 1888 3833 et

285 3882 340 3929 tu
379 3887 665 3942 nunquam
705 3871 871 3927 debes
919 3884 1044 3926 esse
1087 3884 1342 3933 securus,
1390 3869 1519 3938 quia
1564 3878 1689 3922 tuus
1713 3866 1887 3922 hostis

285 3964 446 4018 hoste
466 3962 614 4016 illius
631 3969 716 4016 est
739 3961 989 4016 astutior.
1006 3960 1153 4015 illius
1168 3958 1385 4028 quidem
1405 3959 1577 4013 hostis
1591 3957 1659 4012 ad
1676 3966 1887 4026 tempus

283 4052 550 4117 dimicat;
602 4060 727 4107 tuus
763 4066 895 4106 vero
946 4051 1142 4115 hostis,
1180 4049 1423 4119 quandiu
1471 4048 1528 4102 in
1559 4047 1736 4103 stadio
1762 4047 1888 4101 vita:

284 4146 455 4217 hujus
493 4144 772 4210 consistis,
815 4152 998 4199 tecum
1053 4157 1295 4215 pugnare
1340 4152 1449 4196 nan
1498 4150 1696 4196 cessat.
1736 4139 1888 4194 illius

285 4251 446 4292 arma
495 4236 765 4291 laboriosa
808 4243 867 4291 et
896 4235 1084 4306 gravia
1114 4242 1241 4289 sunt
1275 4234 1345 4289 ad
1387 4233 1751 4305 portandum;
1797 4239 1889 4286 tua

283 4344 425 4383 vero
451 4343 606 4383 arma
634 4327 941 4383 volentibus
968 4336 1192 4396 portare
1234 4326 1424 4381 suavia
1471 4339 1535 4379 ac
1567 4323 1707 4378 levia
1737 4328 1883 4377 sunt.

284 4417 383 4472 Ille
408 4433 537 4473 cum
566 4416 906 4488 superaverit
933 4414 1329 4479 adversarium,
1366 4412 1436 4467 ad
1479 4413 1701 4468 domum
1755 4426 1887 4467 con-
1916 4455 1965 4514 Β
2010 4492 2027 4508 ’

285 4510 435 4583 iugis
465 4526 531 4566 ac
567 4511 867 4566 liberorum
913 4516 1248 4574 revertetur;
1296 4515 1356 4562 tu
1392 4522 1545 4568 vero,
1575 4507 1730 4560 hoste
1754 4520 1881 4575 pro-

288 4612 488 4667 strato,
508 4603 563 4656 in
594 4602 724 4656 illud
745 4601 970 4657 cmleste
990 4615 1215 4668 regnum
1246 4613 1369 4654 cum
1396 4599 1651 4653 omnibus
1674 4597 1880 4651 sanctis

288 4695 549 4749 intrabis.
594 4693 686 4748 ille
720 4707 820 4763 pro
868 4693 1055 4748 labore
1106 4701 1324 4748 terreno
1370 4676 1663 4745 terrenum‘
1684 4691 1885 4760 accipit

1980 1860 2116 1925 soli;
2162 1875 2262 1915 nec
2288 1873 2522 1929 occupes
2548 1859 2602 1912 in
2628 1859 2861 1915 diversis
2884 1861 3049 1916 rebus
3092 1863 3333 1917 animum
3380 1868 3567 1928 tuum;

1980 1953 2075 2008 sed
2120 1951 2378 2007 abscinde
2404 1968 2435 2007 a
2481 1960 2534 2006 te
2574 1952 2853 2008 carnalem
2897 1964 3158 2020 amorem,
3191 1966 3257 2009 ne
3305 1969 3335 2010 a
3387 1965 3438 2011 te
3480 1953 3577 2011 Dei

1983 2044 2231 2099 timorem
2278 2043 2549 2099 excludat.
2591 2043 2764 2101 Omne
2808 2045 3002 2101 vitium
3054 2045 3265 2117 expelle
3296 2046 3365 2105 ab
3394 2048 3576 2103 anima

1982 2143 2110 2200 tua,
2170 2143 2229 2190 ut
2290 2135 2523 2192 virtutes
2563 2136 2763 2192 animae
2811 2138 3136 2208 conquirere
3187 2140 3384 2209 possis.
3434 2140 3576 2195 Audi

1982 2224 2152 2296 igitur
2196 2240 2317 2295 quae
2371 2227 2443 2282 sit
2489 2227 2664 2282 virtus
2709 2226 2923 2294 animas,
2967 2235 3022 2284 et
3069 2244 3231 2298 quam
3278 2230 3577 2285 maximum

1982 2316 2032 2371 ei
2099 2316 2349 2372 conferat
2411 2314 2652 2392 lucrumi
2706 2318 2893 2374 Virtus
2956 2318 3153 2376 animae
3201 2329 3285 2376 est
3349 2320 3578 2392 diligere

1983 2408 2292 2471 Dominum,
2339 2416 2391 2462 et
2417 2409 2598 2464 odisse
2633 2424 2755 2480 qua:
2792 2422 2901 2466 non
2951 2412 3127 2484 diligit
3179 2413 3340 2468 Deus.
3388 2412 3578 2469 Virtus

1984 2499 2182 2556 anima!
2220 2509 2306 2556 est
2348 2510 2405 2555 et
2443 2503 2762 2571 patientiam
2809 2504 3033 2570 sectari,
3058 2512 3113 2560 et
3143 2505 3212 2560 ab
3238 2506 3580 2575 impatientia

1985 2591 2281 2647 declinare.
2315 2592 2502 2647 Virtus
2525 2592 2721 2648 anima:
2739 2602 2824 2648 est
2846 2595 3156 2650 castitatem
3189 2607 3299 2649 tam
3325 2596 3573 2666 corporis

1985 2697 2151 2753 quam
2194 2684 2389 2738 anima:
2425 2684 2723 2740 custodire.
2771 2683 2960 2740 Virtus
3016 2685 3212 2740 animae
3261 2694 3346 2740 est
3380 2700 3578 2739 vanam

1985 2773 2216 2845 gloriam
2249 2782 2622 2841 contemnere,
2667 2782 2724 2830 et
2748 2773 2931 2831 omnia
2959 2776 3163 2831 caduca
3196 2770 3429 2831 calcare.
3464 2773 3582 2831 Vir-

1985 2876 2073 2923 tus
2096 2867 2292 2923 animae
2314 2877 2401 2924 est
2431 2868 2721 2923 humilitati
2749 2870 2987 2936 studere,
3016 2878 3069 2926 et
3092 2876 3362 2925 tumorem
3386 2881 3578 2939 super-

1983 2957 2089 3013 biae
2113 2957 2437 3013 abominari.
2453 2950 2640 3013 Virtus
2661 2966 2746 3014 est
2769 2956 2964 3015 animae
2985 2959 3272 3014 veritatem
3304 2958 3579 3041 amplecti.

1988 3054 2044 3106 et
2061 3065 2224 3107 omne
2253 3048 2595 3105 mendacium
2630 3049 2832 3123 fugere.
2879 3048 3066 3105 Virtus
3103 3059 3188 3105 est
3217 3046 3414 3105 animae
3441 3050 3583 3104 iram

1986 3141 2266 3207 cohibere,
2309 3151 2366 3197 et
2417 3141 2657 3198 furorem
2688 3141 3007 3213 reprimere.
3040 3142 3221 3197 Virtus
3266 3149 3349 3197 est
3386 3143 3584 3197 anima:

1983 3247 2175 3303 pacem
2198 3233 2444 3306 diligere,
2476 3243 2530 3288 et
2556 3234 2813 3289 invidiam
2837 3233 3132 3290 exsecrari.
3180 3234 3361 3290 Virtus
3387 3232 3584 3288 anima:

1985 3336 2072 3383 est
2108 3328 2176 3382 ab
2204 3328 2351 3382 omni
2407 3327 2635 3382 stultitia
2670 3327 2964 3391 declinare,
3008 3334 3061 3382 et
3107 3326 3427 3397 sapientiam
3454 3325 3581 3380 divi-

1984 3437 2109 3476 nam
2137 3421 2408 3491 amplecti.
2443 3414 2627 3476 Virtus
2656 3421 2855 3473 animae
2883 3427 2968 3474 est
3001 3432 3218 3474 omnem
3247 3411 3579 3487 voluptatem

1986 3513 2169 3568 carnis
2198 3511 2470 3580 subjicere
2506 3510 2693 3566 menti.
2723 3508 2905 3564 Virtus
2935 3510 3129 3563 animae
3173 3513 3259 3563 est
3295 3507 3581 3561 avaritiam

1986 3613 2265 3674 spernere,
2278 3611 2334 3657 et
2357 3600 2722 3657 voluntariam
2754 3613 3035 3655 assumere
3053 3606 3451 3668 paupertatem.
3467 3596 3580 3651 Has

1987 3694 2153 3766 igitur
2181 3695 2409 3749 virtutes
2439 3692 2594 3747 lacile
2612 3691 2820 3761 poteris
2843 3686 3114 3754 obtinere,
3147 3688 3194 3744 si
3229 3686 3571 3743 saecularium

1987 3801 2175 3842 rerum
2205 3799 2364 3841 curas
2410 3782 2734 3855 neglexeris,
2768 3788 2825 3837 et
2856 3781 3080 3836 caducis
3122 3795 3189 3836 ac
3215 3779 3448 3835 terrenis
3494 3794 3582 3834 re-

1986 3870 2090 3932 bus
2124 3875 2366 3930 coelestia
2417 3871 2782 3944 prmposueris
2825 3888 2839 3926 :
2881 3879 2939 3927 et
2985 3871 3033 3927 si
3082 3864 3331 3925 voluntas
3383 3879 3475 3926 tua
3527 3869 3582 3922 in

1989 3962 2241 4021 laudibus
2272 3964 2368 4021 Dei
2404 3962 2567 4019 fuerit
2591 3969 2877 4033 occupata,
2908 3970 2963 4017 et
2985 3956 3189 4033 iudicia
3228 3954 3346 4027 ejus
3393 3959 3479 4012 die
3516 3972 3582 4012 ac

1988 4067 2152 4113 nocte
2196 4057 2494 4128 impensius
2554 4054 2850 4109 meditatus
2898 4053 3036 4119 eris;
3067 4051 3178 4107 eris
3217 4058 3396 4105 autem
3442 4047 3584 4102 Tan-

1989 4165 2147 4225 quam
2205 4150 2405 4222 lignum
2454 4147 2596 4221 quod
2638 4147 2939 4219 plantatum
2985 4154 3063 4201 est
3114 4159 3267 4198 secus
3330 4140 3581 4195 decursus

1990 4256 2251 4316 aquarum
2289 4240 2461 4316 (Psal.
2497 4256 2548 4307 t,
2588 4234 2669 4309 '5),
2719 4249 2776 4294 et
2818 4252 3009 4293 omnes
3061 4235 3271 4290 fructus
3305 4229 3581 4304 spiritales

1990 4334 2235 4390 orientur
2269 4344 2338 4388 ex
2385 4341 2455 4394 te,
2488 4339 2544 4385 et
2587 4336 2653 4384 ex
2688 4342 2847 4384 servo
2881 4324 3090 4382 amicus
3139 4323 3424 4379 vocaberis
3462 4318 3577 4375 Dei.

2589 4436 2819 4494 CAPUT
2859 4434 2945 4491 lll.

2507 4508 2582 4564 De
2617 4508 2893 4563 dilectione
2935 4503 3046 4559 Dei.

2059 4601 2140 4660 Ex
2176 4611 2287 4659 tota
2311 4601 2480 4672 igitur
2503 4602 2705 4655 virtute
2750 4606 2839 4652 tua
2880 4591 3042 4667 dilige
3086 4593 3399 4656 Dominum,
3428 4597 3489 4643 ut
3523 4589 3580 4642 in

1988 4698 2241 4753 omnibus
2279 4694 2491 4749 actibds
2537 4692 2644 4745 tuis
2683 4690 2899 4760 placeas
2929 4687 3025 4741 illi.
3068 4685 3126 4740 Si
3154 4684 3300 4740 enim
3330 4681 3423 4752 qui
3450 4695 3581 4735 con-

289 4788 617 4852 donarium;
654 4796 714 4840 tu
741 4800 870 4842 vero
887 4800 986 4855 pro
1001 4785 1232 4855 spiritali
1270 4783 1454 4839 labore
1479 4782 1702 4838 caeleste
1743 4783 1882 4837 rcci-
1980 4788 2192 4859 ingium
2221 4782 2820 4847 contraxerit,l'estinat
2840 4781 3059 4850 placere
3084 4776 3239 4831 uxori
3261 4789 3391 4838 suae,
3408 4771 3580 4826 multo

290 4879 409 4948 pies
434 4877 738 4947 praemium.
756 4874 991 4931 Cteleste
1009 4875 1156 4929 enim
1182 4873 1383 4929 donum
1405 4878 1683 4942 exspectet
1699 4885 1884 4925 mona-

289 4972 448 5034 chus,
478 4970 572 5039 qui
625 4979 872 5023 terrenos
918 4974 1071 5023 actus
1117 4982 1149 5020 a
1197 4966 1488 5035 semetipso
1538 4964 1777 5036 proiicit,
1817 4980 1886 5020 ne

291 5060 620 5131 implicetse
642 5060 879 5131 negotiis
908 5057 1262 5115 saecularibus
1299 5057 1542 5112 militans
1582 5057 1713 5113 Deo.
1743 5054 1884 5112 Dilli-

290 5153 399 5209 cile
421 5168 657 5223 namque
686 5161 770 5220 est
806 5152 1017 5208 servire
1044 5151 1254 5206 duobus
1279 5149 1543 5216 dominis;
1588 5165 1689 5205 nec
1711 5157 1888 5220 potest

289 5246 587 5316 quisquam
617 5244 864 5299 serviens
913 5256 1238 5297 mammonae
1265 5241 1526 5312 spiritalia
1556 5254 1708 5295 arma
1753 5256 1883 5312 por—

292 5342 439 5401 tare,
463 5337 559 5391 sed
580 5336 769 5407 iugum
816 5334 1019 5391 Christi
1049 5349 1215 5390 suave
1265 5349 1327 5389 ac
1361 5333 1479 5388 leve
1513 5347 1547 5388 a
1593 5333 1887 5402 semetipso

290 5427 511 5499 repellit
538 5443 604 5482 ac
628 5427 882 5498 proiicit:
907 5433 966 5482 et
1004 5425 1264 5496 quidquid
1302 5440 1466 5496 grave
1507 5431 1564 5478 ct
1597 5436 1888 5478 onerosum

288 5526 381 5574 est
409 5519 608 5574 anima:
636 5533 766 5583 suae,
792 5519 896 5573 hoc
926 5517 976 5573 ei
1004 5516 1219 5573 videtur
1242 5532 1408 5572 suave
1434 5531 1498 5570 ac
1532 5514 1670 5569 leve.
1701 5513 1891 5570 Istius—

288 5609 443 5665 modi
473 5611 561 5664 vir
581 5625 614 5664 a
643 5610 877 5680 propriis
919 5610 1089 5664 armis
1112 5609 1450 5673 vulneratur,
1481 5617 1535 5662 et
1567 5622 1690 5662 cum
1717 5606 1893 5678 diligit

289 5700 625 5769 periculum,
657 5700 847 5756 incidit
892 5700 960 5757 ad
1002 5706 1252 5756 mortem.
1288 5697 1368 5753 Tu
1394 5706 1575 5754 autem
1602 5697 1889 5753 considera

1957 4891 1963 4896 '
1988 4878 2162 4949 magis
2187 4875 2485 4930 monachus
2509 4872 2760 4928 omnibus
2783 4870 2957 4925 modis
2988 4870 3146 4924 debet
3178 4867 3394 4935 placere
3420 4863 3581 4919 Chri-

1985 4978 2091 5024 sto.
2152 4965 2257 5033 ριιὶ
2301 4964 2472 5035 diligit
2519 4963 2833 5027 Dominum,
2880 4960 2995 5031 ejus
3045 4966 3304 5028 pra'cepta
3350 4954 3579 5009 custodit

1988 5057 2052 5131 (I
2086 5056 2250 5111 Joan.
2284 5060 2368 5128 ιι).
2399 5054 2542 5110 Deus
2565 5051 2709 5108 enim
2734 5065 2844 5105 non
2884 5064 2944 5105 se
2968 5048 3082 5102 vult
3118 5045 3302 5101 verbis
3341 5052 3579 5099 tantum-

1987 5149 2150 5204 modo
2170 5146 2355 5216 diligi,
2387 5145 2482 5200 sed
2510 5158 2578 5199 ex
2622 5142 2789 5198 corde
2834 5155 2973 5212 puro
2999 5147 3055 5195 et
3090 5137 3350 5208 operibus
3387 5135 3574 5206 iustis.

1990 5241 2096 5307 Qui
2143 5240 2281 5294 enim
2323 5238 2492 5292 dicit:
2519 5234 2681 5305 diligo
2710 5233 2903 5299 Deum,
2939 5242 2990 5287 et
3017 5230 3272 5286 mandatu
3318 5229 3432 5300 ejus
3473 5244 3580 5283 non

1989 5330 2236 5394 custodit,
2257 5328 2486 5384 mendax
2505 5336 2580 5380 est
2612 5325 2822 5398 (Ibid.).
2852 5321 3169 5395 Huiusmodi
3196 5320 3343 5376 enim
3377 5320 3461 5375 vir
3480 5318 3579 5373 fal-

1991 5423 2055 5477 lit
2076 5420 2447 5489 semetipsum,
2473 5426 2529 5472 et
2548 5432 2579 5471 a
2604 5417 2896 5486 semetipso
2929 5415 3224 5470 seducitur.
3258 5413 3402 5467 Deus
3429 5410 3577 5465 enim

1993 5527 2103 5567 non
2144 5509 2433 5565 verborum
2465 5509 2560 5562 sed
2602 5505 2787 5561 cordis
2834 5507 3131 5577 inspector,
3170 5511 3227 5558 et
3262 5501 3440 5573 diligit
3482 5516 3577 5555 eos

1994 5604 2087 5673 qui
2132 5602 2189 5656 in
2240 5599 2588 5669 simplicitate
2627 5598 2806 5655 cordis
2844 5598 3089 5654 serviunt
3112 5596 3184 5651 ei.
3230 5594 3290 5651 Si
3327 5604 3578 5649 terrenos

1994 5702 2249 5767 parentes
2272 5708 2395 5749 cum
2422 5691 2517 5747 tali
2546 5690 2740 5747 all'ectu
2764 5689 3059 5760 diligimus,
3074 5688 3167 5760 qui
3190 5688 3245 5744 in
3275 5695 3383 5741 tam
3406 5697 3576 5756 parvo
