3974 6192
440 273 556 331 Ὅὸἲ

1455 269 1513 324 S.
1555 266 1914 325 BENEDICT!
1950 265 2240 322 ABBATIS
2276 266 2686 324 ΑΜΑΝΕΝειδ

3602 271 3715 330 638

457 393 701 454 tempore
750 399 849 455 pro
889 383 1045 440 nobis
1086 381 1461 437 sustinuerunt
1510 379 1751 437 laborem
1776 419 1791 445 ,
1856 394 2036 435 nonne
2064 382 2115 441 Α
2140 380 2217 451 git
2238 380 2462 436 fratrem
2483 394 2661 446 suum,
2696 380 2751 434 in
2777 378 3170 450 tranquillitate
3191 388 3273 437 est
3296 395 3393 439 eor
3419 382 3574 453 eius;
3601 387 3722 443 (ra-

457 475 629 544 magis
676 473 831 528 nobis
881 471 1120 527 caelestis
1174 470 1437 526 amandus
1479 470 1595 525 est?
1635 469 1770 524 Nam
1800 477 1855 523 et
1891 468 2037 523 circa

456 581 577 631 nos,
614 566 759 635 quod
784 563 885 617 fuit
910 576 1099 618 eorum
1142 561 1484 631 obsequium,
1515 560 1718 616 Christi
1758 569 1840 615 est
1880 560 2039 615 bene-

459 656 660 719 licium,
691 654 782 723 qui
833 653 1077 707 omnium
1110 653 1451 722 dispensator
1501 652 1739 723 optimus
1766 660 1869 706 est.
1902 652 2037 707 Nam

458 756 747 814 antequam
780 760 1133 800 nasceremur
1159 745 1214 800 in
1251 745 1356 800 hoc
1395 744 1610 809 smculo,
1641 753 1898 814 parentes
1943 760 2039 799 no-

454 836 538 890 bis
572 850 669 888 sua
701 835 1040 906 providentia
1069 843 1228 890 antea
1249 835 1596 906 prmparavit,
1628 851 1860 909 quorum
1885 836 2041 891 obse-

456 927 584 996 quio
614 928 939 982 nutriemur.
972 927 1081 982 Sed
1106 936 1162 982 et
1202 928 1395 981 matris
1431 927 1599 981 ubera
1630 935 1758 982 tunc
1783 927 1923 982 laete
1953 941 2037 981 re-

451 1016 691 1085 plentur,
745 1018 961 1086 quando
1006 1014 1187 1071 infans
1238 1016 1401 1071 fuerit
1451 1026 1628 1072 natus.
1685 1017 1825 1087 Ergo
1865 1018 2039 1089 magis

454 1108 707 1163 omnibus
730 1109 1018 1180 diligamus
1043 1110 1232 1173 Deum,
1258 1110 1350 1179 qui
1392 1125 1489 1164 nos
1515 1119 1571 1165 et
1595 1110 1925 1179 propinquos
1950 1125 2043 1164 no-

458 1208 601 1253 stros
631 1200 864 1270 propriis
896 1201 1146 1255 manibus
1192 1200 1375 1265 ﬁnxit;
1407 1210 1462 1256 et
1506 1213 1702 1256 cuneta
1739 1202 1881 1267 bona
1917 1218 2039 1272 quae

455 1307 582 1362 erga
630 1308 729 1347 nos
767 1302 1031 1363 geruntur
1054 1294 1297 1361 quotidie
1324 1293 1443 1362 ejus
1485 1292 1765 1349 beneficiis
1799 1294 2041 1349 ascriba-

456 1400 599 1437 mus.
630 1383 762 1437 Nam
788 1392 843 1437 et
874 1392 1130 1453 parentes
1155 1392 1370 1439 nostros
1395 1384 1545 1453 quasi
1582 1386 1796 1455 propria
1825 1386 2039 1441 viscera

454 1474 758 1544 diligamus,
793 1474 835 1528 si
882 1475 1144 1529 accedere
1166 1490 1265 1530 nos
1291 1476 1358 1530 ad
1389 1477 1673 1530 servitium
1699 1475 1905 1531 Christi
1934 1492 2038 1531 non

454 1566 747 1635 prohibent
808 1583 820 1618 :
889 1566 934 1619 si
986 1573 1167 1620 autem
1226 1566 1557 1635 prohibent,
1613 1582 1714 1622 nec
1767 1566 2039 1635 sepultura

455 1655 562 1709 illis
588 1672 617 1709 a
648 1656 803 1709 nobis
827 1655 1071 1709 debetur.
1113 1654 1361 1710 Christus
1411 1656 1711 1726 diligendus
1747 1664 1832 1711 est
1879 1671 2042 1726 super

2139 477 2276 525 trem
2304 484 2434 525 vero
2474 470 2668 526 odiens
2698 476 3017 540 tempestate
3064 472 3300 526 maxima
3346 472 3725 535 circumdatus

2136 568 2239 618 est.
2273 562 2369 618 Vir
2399 561 2667 632 benignus
2712 563 2927 619 etiamsi
2950 564 3158 633 patitur
3199 564 3477 637 injuriam,
3518 585 3621 640 pro
3646 573 3731 627 ni-

2136 653 2248 710 bilo
2284 654 2465 720 ducit;
2498 655 2718 725 iniquus
2760 657 2923 712 etiam
2970 658 3204 728 proximi
3241 667 3397 714 actus
3442 671 3732 719 contume-

2136 744 2265 800 liam
2312 746 2629 801 arbitratur.
2676 745 2777 814 Qui
2804 747 3073 803 charitate
3109 748 3304 817 plenus
3350 759 3457 816 est,
3488 753 3731 808 serenis-

2138 834 2277 890 simo
2296 835 2449 890 vultu
2470 835 2714 906 procedit
2740 852 2755 889 :
2783 837 2869 890 vir
2894 844 3078 891 autem
3107 837 3234 891 odio
3261 837 3455 908 plenus
3482 842 3731 896 ambulat

2137 923 2450 983 iracundus.
2482 926 2562 980 Tu
2588 935 2788 991 autem,
2838 926 2939 991 fili,
2976 925 3299 998 benignitati
3328 931 3485 986 stude
3528 934 3585 986 in
3610 934 3730 988 vita

2136 1021 2248 1080 tua,
2276 1021 2334 1068 et
2358 1014 2665 1084 proximum
2698 1023 2846 1070 tuum
2890 1016 3089 1071 habeto
3133 1024 3389 1086 tanquam
3437 1036 3605 1074 unum
3658 1037 3728 1077 ex

2138 1103 2396 1159 membris
2445 1105 2572 1160 tuis.
2629 1102 2855 1160 Omnem
2921 1107 3196 1162 hominem
3246 1107 3430 1176 judica
3495 1111 3729 1167 fratrem

2139 1202 2312 1249 tuum.
2347 1194 2616 1250 Memento
2641 1196 2784 1265 quod
2814 1213 2955 1252 unus
2990 1196 3187 1252 artifex
3218 1213 3283 1253 ac
3318 1215 3481 1256 verus
3520 1212 3607 1257 est
3631 1205 3731 1273 qui

2140 1286 2382 1341 condidit
2425 1302 2543 1341 nos.
2577 1286 2694 1341 Non
2730 1303 2954 1343 moveas
2998 1290 3252 1358 cuiquam
3302 1293 3616 1348 scandalum
3674 1296 3730 1350 in

2139 1377 2281 1442 vita;
2305 1385 2362 1431 et
2388 1393 2492 1432 non
2523 1379 2668 1447 quod
2695 1379 2792 1434 tibi
2815 1377 2943 1434 utile
2965 1388 3068 1444 est,
3098 1382 3193 1436 sed
3232 1382 3329 1445 illi,
3355 1385 3543 1439 facito.
3570 1384 3732 1453 Quod

2142 1465 2239 1520 tibi
2262 1466 2511 1522 accidere
2543 1482 2649 1522 non
2674 1468 2777 1532 vis,
2809 1484 2909 1522 nec
2936 1470 2985 1522 ei
3025 1471 3213 1539 cupias
3235 1473 3476 1528 evenire.
3511 1473 3570 1528 Si
3600 1492 3730 1531 cum

2140 1559 2342 1615 videris
2365 1562 2419 1614 in
2459 1562 2614 1617 bonis
2645 1563 2856 1618 actibus
2884 1574 3317 1632 conversantem,
3344 1571 3732 1638 congratulare

2089 1694 2100 1715 ,
2144 1651 2218 1715 ei,
2249 1660 2304 1705 et
2330 1651 2474 1707 illius
2511 1653 2764 1723 gaudium
2791 1662 2940 1708 tuum
2967 1656 3183 1723 ducito;
3224 1667 3278 1712 et
3305 1659 3351 1713 si
3394 1660 3600 1729 aliquid
3628 1678 3734 1733 pa-

454 1752 726 1811 parcntes,
757 1745 883 1814 quia
914 1760 1020 1799 non
1048 1744 1293 1798 tribuunt
1331 1745 1486 1800 nobis
1529 1754 1787 1814 parentes
1823 1760 1886 1800 ea
1916 1760 2036 1814 qua:
2064 1735 2109 1793 B
2138 1739 2304 1794 tiatur
2330 1740 2616 1796 adversum
2635 1783 2651 1807 ,
2701 1753 3011 1812 compatere
3057 1747 3142 1811 ei,
3171 1756 3227 1802 et
3255 1748 3396 1803 illius
3446 1750 3730 1806 tristitiam

452 1830 701 1887 Christus
742 1833 951 1888 tribuit.
982 1833 1050 1888 Et
1089 1834 1210 1903 quis
1246 1834 1508 1889 beneficia
1535 1834 1654 1904 ejus
1680 1842 2039 1909 congruenter

453 1924 715 1980 enarret?
752 1924 847 1981 Vel
905 1934 1167 1995 quantum
1213 1925 1371 1980 nobis
1423 1925 1651 1990 tribuit,
1697 1934 1753 1979 et
1800 1927 2038 1995 quotidie

451 2018 742 2086 prmbendo
758 2035 870 2073 non
902 2017 1135 2072 desinit?
1172 2018 1367 2073 Videns
1402 2016 1547 2072 enim
1572 2017 1714 2075 Deus
1740 2018 2040 2074 innumeris

451 2111 694 2182 peccatis
724 2127 821 2166 nos
862 2111 1145 2177 obnoxios,
1175 2128 1280 2166 non
1326 2111 1594 2180 despexit,
1623 2110 1716 2166 sed
1752 2110 2035 2176 liberavit;

454 2217 555 2255 nec
583 2218 706 2256 cum
732 2201 949 2256 alienati
975 2201 1044 2256 ab
1065 2202 1204 2258 eoin
1240 2202 1468 2256 diversis
1502 2202 1783 2257 erroribus
1812 2217 2040 2273 vagare-

453 2308 597 2357 mur,
624 2293 677 2346 in
703 2292 1061 2363 praecipitium
1092 2293 1285 2348 mortis
1312 2308 1420 2347 non
1449 2293 1622 2357 duxit,
1650 2294 1745 2348 sed
1775 2293 1842 2348 ad
1871 2293 2037 2348 vitam

453 2391 769 2452 perpetuam
823 2384 1115 2439 revocavit.
1165 2383 1233 2438 Et
1275 2399 1400 2439 cum
1427 2385 1622 2456 ingrati
1652 2385 2039 2441 beneficiorum

455 2473 574 2543 ejus
613 2472 923 2544 fugeramus
952 2476 1017 2531 ab
1045 2491 1131 2541 eo,
1158 2483 1219 2530 ut
1258 2475 1424 2531 Pater
1452 2476 1904 2534 clementissimus
1947 2493 2041 2532 ex-

455 2561 675 2632 quisivit
701 2580 801 2618 nos
827 2582 839 2617 :
870 2574 923 2619 et
952 2581 1074 2620 cum
1105 2565 1159 2619 in
1186 2565 1314 2620 sede
1352 2566 1569 2621 sublimi
1601 2568 1834 2634 sederet,
1863 2569 2034 2623 nostri

455 2655 630 2723 gratia
685 2655 966 2710 descendit
1002 2656 1068 2710 ad
1109 2665 1312 2719 terras,
1356 2667 1413 2712 et
1450 2658 1505 2712 in
1555 2665 1705 2713 tanta
1737 2658 2040 2715 humilitate

453 2744 638 2807 venit,
692 2751 753 2798 ut
796 2743 1050 2799 servilem
1094 2743 1326 2801 formam
1376 2754 1708 2813 assumeret;
1746 2757 1802 2801 et
1844 2748 1936 2817 qui
1984 2749 2039 2804 in

452 2834 655 2905 pugillo
706 2850 806 2890 suo
855 2835 1097 2890 continet
1142 2837 1331 2891 orbem
1381 2845 1687 2902 terrarum,
1737 2840 1931 2909 pannis
1984 2841 2038 2894 in

452 2924 717 2993 praesepio
746 2923 1018 2980 involutus
1064 2934 1148 2980 est
1195 2942 1210 2979 :
1243 2934 1301 2980 et
1329 2927 1421 2996 qui
1460 2927 1658 2981 ccelum
1699 2928 1878 2998 palma
1923 2944 2038 2984 me-

454 3012 607 3076 titur,
647 3028 756 3066 non
814 3012 1004 3067 habuit
1055 3013 1148 3068 ubi
1192 3024 1353 3085 caput
1395 3016 1702 3072 reclinaret.
1760 3016 1894 3071 Cum
1949 3034 2009 3073 es

2138 1836 2285 1884 tuam
2330 1831 2529 1902 deputa
2579 1850 2592 1886 :
2647 1847 2862 1888 omnem
2901 1835 3165 1891 malitiam
3214 1839 3419 1909 expelle
3445 1840 3516 1895 ab
3544 1843 3732 1897 anima

2139 1930 2254 1985 tua,
2278 1928 2333 1976 et
2360 1921 2608 1977 odiorum
2647 1923 2876 1979 flamma:
2906 1941 3016 1979 non
3065 1928 3390 1984 comburent
3412 1946 3510 1984 cor
3552 1940 3731 1987 tuum.

2138 2010 2339 2064 Contra
2382 2011 2734 2081 impotentem
2774 2023 2871 2068 aut
2902 2016 3202 2085 subjectum
3234 2018 3328 2072 tibi
3365 2020 3474 2075 noli
3512 2021 3736 2077 iracun-

2139 2102 2225 2156 dia
2262 2106 2626 2169 commoveri;
2658 2107 2755 2161 sed
2784 2121 3042 2177 tanquam
3079 2114 3229 2164 tuum
3261 2114 3564 2169 membrum
3603 2133 3736 2187 pro—

2138 2192 2316 2261 prium
2369 2208 2494 2247 eum
2523 2194 2721 2251 habeto
2764 2198 2819 2251 in
2862 2200 3135 2253 omnibus.
3161 2198 3240 2253 Ne
3279 2202 3473 2273 diligas
3502 2203 3735 2261 fratrem

2141 2291 2293 2337 tuum
2338 2284 2594 2339 simulato
2639 2286 2826 2353 corde,
2859 2302 2960 2343 nec
2999 2304 3124 2343 eum
3168 2289 3328 2347 labiis
3372 2293 3628 2349 osculans
3660 2311 3733 2351 ex

2138 2373 2243 2428 alia
2269 2382 2424 2444 parte
2459 2374 2686 2431 insidias
2716 2375 2887 2432 facias
2935 2378 3007 2432 ei.
3040 2378 3272 2436 Dolosus
3309 2381 3456 2435 enim
3501 2383 3589 2436 vir
3622 2399 3732 2459 pa—
3764 2402 3771 2403 ί

2141 2463 2292 2518 cilica
2327 2464 2492 2519 verba
2535 2464 2743 2533 profert
2760 2480 2824 2520 ex
2859 2481 2971 2529 ore,
3003 2476 3057 2521 et
3085 2468 3137 2521 in
3169 2468 3353 2524 abdito
3384 2471 3587 2525 mentis
3609 2487 3736 2543 sup-

2138 2552 2387 2623 plantare
2412 2554 2720 2623 proximum
2741 2570 2896 2609 suum
2919 2558 3229 2612 meditatur.
3258 2558 3316 2613 ln
3337 2558 3426 2613 bis
3447 2574 3576 2629 ergo
3599 2576 3735 2630 ope-

2140 2644 2292 2699 ribus
2326 2645 2395 2699 ad
2421 2645 2759 2700 iracundiam
2793 2657 3119 2716 provocatur
3144 2648 3308 2704 Deus.
3344 2650 3562 2706 Puritas
3581 2653 3731 2707 eui

2140 2749 2260 2803 qua:
2280 2733 2458 2803 placet
2480 2734 2534 2788 in
2562 2746 2855 2804 conspectu
2890 2737 3125 2805 Domini,
3158 2736 3364 2810 respuit
3387 2756 3549 2797 omne
3570 2743 3735 2812 quid-

2140 2823 2269 2893 quid
2298 2825 2551 2881 simulato
2580 2827 2743 2882 corde
2771 2826 3023 2884 efﬁcitur.

2768 2941 2994 2998 CAPUT
3032 2942 3098 2999 Υ.

2672 3010 2745 3066 De
2803 3014 2978 3067 studio
3034 3016 3202 3085 pacis.

455 3110 541 3156 set
569 3102 740 3166 dives,
776 3116 981 3172 pauper
1025 3113 1109 3157 est
1142 3077 1317 3158 factus
1342 3144 1357 3169 ,
1408 3113 1469 3158 ut
1513 3120 1612 3160 nos
1658 3106 1956 3161 ditaremur
1986 3108 2038 3162 in
2068 3077 2111 3137 Ο
2212 3104 2292 3157 Tu
2327 3113 2507 3159 autem
2552 3120 2769 3167 omnem
2823 3106 3227 3163 simulationem
3268 3108 3426 3180 longe
3466 3110 3552 3166 fac
3582 3128 3614 3165 ει
3647 3121 3729 3179 te,

455 3190 581 3257 illo;
622 3197 678 3246 et
725 3190 817 3260 qui
847 3190 903 3245 in
932 3191 1165 3247 nubibus
1209 3202 1470 3249 venturus
1499 3203 1581 3249 est
1613 3194 1682 3249 ad
1716 3193 2042 3264 judicandos

454 3281 609 3336 vivos
655 3289 712 3335 et
766 3288 1031 3347 mortuos,
1079 3279 1348 3349 judicium
1396 3284 1632 3341 hominis
1673 3287 1938 3355 pertulit;
1986 3298 2042 3344 et

457 3387 580 3429 cum
614 3374 927 3433 sitientibus
955 3377 1032 3431 sit
1058 3375 1179 3433 fons
1208 3379 1498 3446 aeternalis,
1544 3396 1668 3435 cum
1716 3382 1923 3438 sitisset
1947 3400 2044 3454 po.

456 3463 677 3519 stulavit
696 3479 889 3536 aquam
916 3481 946 3520 a
970 3465 1313 3522 Samaritana
1336 3469 1562 3524 muliere
1580 3489 1593 3523 :
1611 3471 1771 3540 etqui
1791 3471 1846 3525 in
1875 3488 2041 3528 carne

451 3556 671 3626 propria
695 3565 941 3612 nostram
965 3558 1198 3613 esuriem
1219 3548 1501 3625 saturavit,
1530 3563 1755 3618 esurivit
1778 3578 1900 3619 cum
1924 3572 2043 3621 ten-

457 3654 665 3702 taretur
698 3647 754 3701 in
797 3663 1011 3715 eremo;
1041 3656 1096 3706 et
1124 3650 1212 3705 cui
1237 3649 1581 3707 ministratur
1609 3668 1732 3708 cum
1775 3653 1938 3708 Patre
1972 3654 2042 3711 ab

457 3740 682 3811 angelis,
725 3740 1039 3799 hominibus
1068 3742 1381 3798 ministrare
1412 3743 1665 3813 dignatur
1694 3762 1707 3799 :
1755 3753 1810 3800 et
1846 3760 2040 3802 manus

453 3830 571 3900 ejus
617 3846 717 3902 per
763 3848 900 3903 quas
935 3833 1165 3890 virtutes
1187 3832 1453 3905 plurimas
1493 3845 1748 3906 operatus
1785 3846 1905 3902 est,
1943 3850 2042 3907 pro

453 3925 611 3981 nobis
637 3926 864 3981 confixae
892 3932 1020 3983 sunt
1057 3927 1254 3994 clavis;
1284 3925 1340 3982 Et
1366 3929 1448 3984 ori
1493 3927 1610 3997 ejus
1644 3944 1743 3999 per
1780 3929 1924 3999 quod
1954 3945 2043 3984 sa-

455 4015 685 4071 lutarem
716 4016 1018 4071 doctrinam
1052 4018 1400 4073 annuntiavit
1426 4018 1757 4075 hominibus.
1788 4035 1889 4089 pro
1917 4020 2040 4076 cibo

455 4106 527 4162 fel
553 4107 818 4163 dederunt
843 4126 855 4161 :
883 4116 939 4162 et
979 4109 1071 4179 qui
1102 4110 1307 4165 nullum
1350 4111 1490 4167 laesit
1515 4111 1601 4167 vel
1628 4111 1833 4179 nocuit,
1864 4127 2039 4169 caesus

456 4205 512 4249 et
535 4192 823 4265 opprobria
854 4196 1107 4266 pertulit;
1156 4208 1212 4253 et
1251 4200 1405 4270 cujus
1429 4209 1563 4256 nutu
1604 4216 1798 4258 omnes
1841 4204 2040 4259 mortui

455 4286 763 4342 resuscitati
790 4295 936 4352 sunt,
967 4289 1244 4347 voluntate
1272 4306 1371 4347 sua
1398 4302 1631 4348 mortem
1665 4294 1847 4350 crucis
1877 4296 2042 4350 susti-

455 4376 595 4432 nuit.
622 4376 689 4433 Et
737 4377 860 4436 ideo
907 4381 1022 4437 htec
1074 4382 1255 4437 omnia
1314 4398 1526 4454 passus,
1575 4393 1634 4439 ut
1677 4385 1833 4441 nobis
1870 4387 2035 4442 vitam

454 4476 715 4524 aeternam
758 4471 1004 4527 donaret.
1037 4472 1103 4529 Et
1138 4488 1263 4527 cum
1294 4473 1450 4528 nobis
1481 4474 1745 4530 immensa
1776 4475 2036 4533 beneﬁcia

451 4566 694 4627 praestet,
726 4559 860 4615 nihil
884 4561 1109 4632 exigite
1138 4563 1314 4630 nobis,
1357 4564 1459 4620 nisi
1502 4574 1561 4619 ut
1612 4566 1809 4636 templa
1852 4577 2037 4624 nostra

455 4650 731 4722 impolluta
768 4654 819 4708 ei
850 4668 1151 4720 servemus,
1191 4664 1249 4709 ut
1288 4671 1504 4727 semper
1527 4658 1579 4712 in
1608 4659 1766 4715 nobis
1807 4660 2036 4728 habitet,

451 4749 508 4797 et
549 4756 649 4798 nos
677 4757 1099 4813 permaneamus
1141 4746 1195 4800 in
1237 4745 1348 4802 illo.
1381 4746 1498 4803 Non
1543 4749 1780 4818 postulat
1818 4767 1847 4804 a
1883 4752 2039 4809 nobis

452 4847 672 4896 aurum,
695 4843 789 4888 aut
809 4844 1124 4906 argentum...
1139 4835 1223 4891 vel
1246 4836 1505 4908 quidquid
1533 4838 1840 4909 hujusmodi
1863 4858 1879 4909 ;
1913 4857 2037 4897 nam

450 4932 505 4977 et
540 4923 585 4978 si
632 4922 834 4980 fuerint
859 4926 1017 4982 nobis
1050 4928 1174 4993 ista,
1206 4928 1481 4999 dispertiri
1519 4930 1802 5001 egentibus
1846 4934 2038 5002 praeci-

450 5017 569 5084 pit:
609 5031 709 5072 nos
754 5017 900 5088 ipsos
929 5020 1141 5089 quaerit,
1174 5035 1276 5076 nos
1322 5021 1617 5087 desiderat,
1668 5022 1720 5077 in
1764 5022 1922 5077 nobis
1951 5039 2037 5078 re-

449 5105 737 5175 quiescere
775 5110 945 5180 cupit.

1051 5204 1279 5262 CAPUT
1330 5205 1421 5260 IV.

894 5294 971 5350 Dc
1017 5295 1292 5352 dilectione
1334 5298 1578 5369 proximi.

482 5412 489 5419 -
520 5385 856 5442 Accedaznus
880 5402 1009 5459 ergo
1038 5387 1106 5441 ad
1150 5402 1293 5453 eum,
1326 5398 1382 5444 et
1408 5388 1724 5457 copulentur
1752 5386 1806 5440 in
1839 5383 2033 5440 alfcctu

452 5473 588 5541 ejus,
627 5485 682 5532 et
710 5487 767 5531 ut
797 5494 896 5533 nos
925 5478 1071 5549 ipsos
1097 5493 1343 5533 amemus
1366 5487 1419 5533 et
1447 5479 1741 5548 proximos.
1772 5476 1875 5541 Qui
1913 5474 2036 5529 dili-

451 5568 552 5634 git,
587 5565 780 5635 inquit,
811 5570 1131 5638 proximum,
1157 5568 1299 5637 [ilius
1334 5567 1428 5623 Dei
1457 5578 1686 5623 vocatur.
1725 5566 1825 5634 Qui
1852 5575 2031 5619 autem

449 5674 481 5711 e
517 5657 791 5711 contrario
813 5659 948 5725 odit,
981 5657 1123 5713 ﬁlius
1151 5657 1349 5713 diaboli
1383 5667 1744 5727 nuncupatur.
1776 5654 1876 5723 Qui
1913 5651 2034 5708 dili-

2063 4439 2116 4499 D

2140 3204 2195 3250 et
2239 3212 2306 3251 ne
2348 3197 2535 3267 cupias
2590 3198 2940 3268 supplantare
2970 3201 3275 3269 proximum
3326 3210 3499 3268 tuum,
3552 3219 3729 3273 neque

2140 3289 2390 3344 mordere
2436 3300 2530 3343 aut
2555 3290 2761 3344 laniare
2808 3293 3111 3347 membrum
3166 3301 3340 3347 tuum.
3387 3294 3541 3362 Quod
3578 3307 3635 3351 et
3679 3299 3725 3354 si

2140 3380 2467 3450 quandoque
2497 3389 2558 3435 ut
2583 3381 2745 3435 homo
2769 3381 2947 3437 iratus
2984 3381 3177 3448 fueris,
3210 3382 3351 3438 ultra
3374 3384 3505 3439 solis
3533 3386 3726 3441 termi-

2141 3487 2271 3526 num
2297 3487 2405 3526 non
2440 3472 2708 3542 producas
2741 3472 3079 3528 iracundiam
3106 3482 3287 3539 tuam;
3321 3475 3416 3530 sed
3442 3483 3501 3531 et
3529 3491 3726 3532 recon-

2140 3564 2329 3621 ciliare
2374 3565 2443 3619 ad
2480 3579 2693 3635 pacem,
2733 3575 2786 3621 et
2827 3564 3071 3634 deprime
3117 3583 3334 3622 omnem
3383 3567 3626 3625 furorem
3659 3572 3726 3626 ab

2141 3655 2319 3710 anima
2345 3663 2455 3709 tua.
2482 3654 2585 3721 Qui
2635 3656 2782 3710 enim
2818 3655 3157 3726 amplectitur
3182 3672 3371 3726 pacem
3422 3660 3477 3713 in
3524 3663 3727 3716 mentis

2140 3760 2252 3801 suae
2301 3746 2559 3816 hospitio,
2614 3746 2948 3801 mansionem
2987 3755 3255 3817 pra-parat
3289 3745 3542 3814 Christo;
3598 3752 3726 3820 quia

2140 3834 2393 3890 Christus
2420 3850 2524 3913 pax
2549 3842 2655 3900 est,
2682 3844 2740 3890 et
2766 3835 2821 3889 in
2848 3851 2984 3905 pace
3028 3836 3371 3905 requiescere
3413 3839 3599 3907 cupit;
3646 3842 3727 3895 vir

2140 3936 2326 3983 autem
2349 3913 2563 3983 invidus
2591 3928 2843 3983 omnibus
2868 3928 3042 4003 modis
3064 3939 3400 3985 exsecratur.
3424 3930 3523 3985 Vir
3540 3932 3727 4001 pacill~

2140 4033 2237 4073 cus
2272 4018 2329 4073 in
2378 4018 2770 4089 tranquillitate
2814 4027 2900 4074 est
2942 4034 3157 4089 semper
3181 4036 3277 4076 cor
3314 4021 3465 4091 ejus;
3514 4022 3727 4078 invidus

2140 4117 2321 4166 autem
2365 4110 2559 4166 similis
2599 4112 2721 4166 navi
2748 4126 2870 4166 cum
2890 4110 3132 4179 jactatur
3179 4128 3209 4165 a
3254 4110 3511 4169 fluctibus
3535 4116 3722 4170 maris.

2144 4200 2313 4257 Homo
2341 4202 2600 4272 paciﬁcus
2630 4217 2877 4258 securam
2903 4202 3145 4272 possidet
3182 4211 3421 4258 mentem
3454 4222 3469 4258 :
3502 4205 3721 4262 invidus

2140 4299 2322 4345 autem
2358 4293 2411 4345 in
2449 4289 2856 4361 perturbatione
2895 4299 2981 4353 est
3019 4306 3262 4361 semper;
3301 4293 3394 4362 qui
3428 4302 3614 4349 autem
3642 4311 3727 4350 se-

2143 4389 2323 4436 ctatur
2350 4396 2538 4451 pacem
2556 4422 2571 4447 ,
2604 4389 2755 4436 tutus
2772 4391 2858 4437 est
2879 4396 3097 4451 semper
3116 4382 3354 4452 undique
3373 4398 3439 4438 ac
3462 4386 3722 4438 munitus.

2142 4469 2278 4525 Nam
2308 4471 2522 4526 invidus
2550 4480 2608 4526 ut
2641 4471 2802 4542 lupus
2828 4487 2994 4542 rapax
3029 4472 3236 4527 insanit
3284 4474 3541 4529 inaniter.
3574 4474 3727 4529 Pari-

2142 4562 2276 4617 ficus
2306 4571 2389 4617 est
2419 4570 2479 4616 ut
2514 4562 2673 4618 vinea
2700 4564 2927 4633 honesta
2956 4564 3241 4621 abundans
3258 4564 3438 4621 fructu
3468 4567 3723 4637 cepioso;

2141 4654 2306 4709 invidi
2335 4662 2515 4709 autem
2551 4670 2687 4724 opus
2715 4655 3014 4726 indigentia
3049 4671 3115 4712 ac
3140 4657 3359 4712 miseria
3406 4658 3722 4713 detinetur:

2141 4756 2197 4802 et
2221 4754 2481 4816 quantum
2506 4747 2766 4817 pacificus
2786 4748 3026 4818 gaudens
3060 4749 3117 4804 in
3146 4747 3375 4804 Domino
3402 4749 3723 4814 delectatur,

2144 4845 2354 4892 tantum
2389 4837 2607 4892 invidus
2633 4837 2916 4894 tabescens
2956 4837 3023 4892 ad
3049 4837 3280 4893 nihilum
3325 4837 3609 4909 redigitur.
3646 4839 3724 4902 Ea

2147 4929 2477 4984 abundantia
2522 4928 2720 4984 laetitia:
2758 4928 3019 4998 pacificus
3054 4930 3219 4989 homo
3253 4931 3622 5003 dignoscitur;
3656 4948 3725 4988 ex

2145 5018 2292 5073 vultu
2315 5017 2556 5074 marcido
2575 5027 2629 5073 et
2654 5017 2838 5074 furore
2863 5019 3021 5089 pleno
3061 5021 3274 5078 invidus
3299 5022 3721 5079 demonstratur.

2148 5109 2412 5165 l’acilicus
2442 5110 2605 5165 homo
2651 5111 2985 5166 consortium
3023 5111 3336 5182 angelorum
3381 5111 3683 5167 merebitur
3705 5128 3724 5167 :

2148 5202 2362 5257 invidus
2389 5203 2550 5257 homo
2595 5201 2865 5272 particeps
2911 5202 3302 5258 daemoniorum
3344 5200 3728 5259 eﬁieieutrzet

2146 5296 2287 5350 sicut
2313 5311 2414 5365 pax
2462 5302 2670 5350 secreta
2721 5295 2918 5350 mentis
2967 5294 3256 5360 illuminat,
3302 5295 3377 5349 ita
3404 5294 3607 5349 invidia
3642 5309 3727 5350 oo-

2139 5384 2283 5440 culta
2314 5383 2497 5454 cordis
2514 5383 2772 5439 obcaecat.
2801 5382 2914 5439 Pax
2938 5384 3087 5439 enim
3122 5383 3324 5455 efﬁngat
3353 5394 3412 5437 et
3445 5383 3727 5454 perturbat

2140 5488 2358 5528 omnem
2405 5471 2729 5528 discordiam
2750 5513 2765 5538 ,
2802 5473 3004 5528 invidia
3035 5483 3218 5529 autem
3266 5473 3605 5528 iracundiam
3634 5489 3729 5529 cu-

2142 5562 2331 5618 mulat.
2355 5563 2399 5616 A
2428 5562 2711 5631 splendore
2736 5572 2919 5618 autem
2944 5564 3097 5634 pacis
3135 5561 3405 5634 elfugatur
3424 5563 3605 5619 omnis
3631 5576 3724 5617 ea-

2142 5652 2281 5722 ligo;
2306 5662 2361 5708 et
2384 5655 2475 5710 ubi
2506 5655 2780 5712 obsederit
2800 5654 3021 5722 invidia,
3054 5654 3126 5709 ibi
3152 5652 3462 5711 obscuritas
3487 5661 3543 5710 et
3572 5662 3723 5710 exto-
