3974 6192
267 377 371 435 689

731 377 958 434 CUDEX
999 379 1453 440 REGULARUM.
1496 386 1868 444 APPENDIX.
1911 391 2217 446 EXHORT.
2263 393 2354 447 AD
2393 393 2696 450 MONACU.
2741 397 2828 452 ET
2875 399 3051 455 ΗΒΕ.

3428 411 3547 466 69οε

263 497 442 550 riores
469 499 726 546 tenebrat.
758 491 980 548 Sectare
1022 509 1170 564 ergo,
1203 495 1314 560 fili,
1342 498 1698 554 desiderabile
1747 517 1844 554 ιιο-
1871 505 1921 563 Α
1947 503 2286 557 comburitur
2312 543 2327 570 ,
2373 503 2447 559 ita
2502 507 2595 576 qui
2641 509 2811 580 tangit
2866 511 3107 568 mulieris
3151 532 3370 575 carnem
3423 541 3528 580 non

259 601 389 640 men
437 583 603 653 pacis,
635 590 695 637 ut
739 582 946 638 fructus
989 587 1140 654 pacis
1186 588 1364 654 possis
1419 589 1740 657 acquirere;
1791 599 1847 645 et

255 691 550 732 exsccrare
575 675 854 742 invidiam,
878 692 946 732 ne
971 680 1238 732 malorum
1268 679 1532 735 fructibus
1561 682 1838 750 replcaris.

257 769 604 824 Rationahile
634 784 866 839 namque
905 771 1106 825 animal
1142 773 1346 826 creavit
1367 780 1419 825 tc
1449 773 1608 838 Deus,
1636 781 1694 826 ut
1715 788 1842 842 pos-

255 861 334 915 sis
363 861 678 915 discernere
718 860 862 916 inter
908 862 1108 916 bonum
1145 869 1199 916 et
1238 861 1460 928 malum,
1493 873 1553 916 ut
1584 879 1702 933 quae
1733 864 1843 918 sint

253 951 462 1021 Optima
507 951 706 1022 eligas,
755 959 812 1006 et
850 952 1054 1006 inutilia
1103 967 1366 1022 respuas,
1405 953 1588 1007 omnia
1636 954 1842 1008 exami-

253 1059 386 1106 nes,
427 1059 552 1111 qua:
602 1043 712 1097 sint
757 1042 898 1097 bona
951 1050 1155 1107 teneas,
1183 1044 1250 1098 ab
1302 1046 1449 1097 omni
1491 1043 1670 1114 specie
1697 1043 1839 1098 mala

247 1141 550 1196 abstineas.

875 1227 1103 1283 CAPUT
1135 1226 1227 1284 Vl.

842 1319 918 1372 De
985 1319 1256 1386 patientia.

315 1410 446 1475 Fili,
496 1409 814 1480 patientiam
861 1408 1062 1478 arripe,
1092 1408 1219 1478 quia
1265 1406 1500 1462 maxima
1535 1416 1618 1463 est
1659 1408 1835 1464 virtus

244 1505 468 1567 animae,
489 1509 547 1556 ut
566 1501 826 1558 velociter
843 1501 912 1555 ad
935 1500 1323 1556 sublimitatem
1339 1498 1686 1569 perfectionis
1710 1515 1836 1570 pos-

240 1596 319 1651 sis
339 1594 657 1651 ascendere.
689 1593 1120 1649 Retributionem
1149 1592 1428 1661 patientia:
1465 1600 1571 1646 tuae
1595 1608 1665 1648 ne
1693 1608 1836 1662 quae-

241 1702 332 1740 ras
391 1687 464 1740 ab
515 1685 752 1750 homine,
804 1692 864 1737 ut
911 1684 965 1738 in
1005 1683 1189 1740 futuro
1243 1685 1419 1755 possis
1464 1684 1710 1754 accipere
1762 1685 1842 1740 ab-

238 1787 454 1832 aeterno
483 1777 713 1831 Domino
764 1784 1026 1831 aeternam
1072 1777 1520 1832 retributionem.-
1560 1775 1828 1831 Patientia

1946 592 2127 646 evadit
2159 595 2278 649 sine
2331 595 2529 652 damno
2580 600 2773 656 anima:
2825 618 2966 671 suae;
3021 614 3078 660 et
3129 608 3257 668 licet
3301 629 3527 688 corpore

1945 692 2130 738 castus
2175 688 2432 754 evaserit,
2483 699 2664 746 mente
2709 701 2887 748 tamen
2935 705 2991 752 et
3028 700 3190 757 corde
3245 719 3528 778 corruptus

1944 777 2207 834 abscedit.

2519 877 2746 933 CAPUT
2804 879 2936 936 VIII.

2321 965 2394 1020 De
2433 969 2614 1022 circuli
2657 987 2834 1024 amore
2873 974 3144 1043 fugiendo.

2012 1051 2107 1106 Dic
2155 1055 2307 1118 mihi,
2339 1072 2542 1124 quaeso,
2596 1057 2691 1124 fili,
2726 1062 2848 1129 quis
2876 1064 2944 1116 sit
2971 1067 3244 1133 profectus
3289 1073 3482 1128 anima:
3503 1115 3524 1140 ,

1940 1158 2126 1198 amare
2177 1146 2360 1200 carnis
2397 1147 2890 1216 pulchritudinem?
2930 1154 3117 1210 Nonne
3171 1160 3310 1214 sicut
3343 1163 3524 1219 fenum

1939 1248 2064 1288 cum
2089 1250 2120 1288 a
2147 1235 2360 1290 fervore
2381 1238 2586 1294 aestatis
2611 1254 2929 1307 percussum
2969 1245 3154 1312 fuerit,
3178 1253 3378 1306 arescit
3401 1294 3412 1316 ,
3469 1263 3524 1308 et

1938 1325 2198 1394 paulatim
2255 1327 2542 1397 pristinum
2589 1330 2841 1387 decorem
2892 1337 3126 1391 amittit?
3183 1338 3389 1395 Similis
3439 1352 3524 1396 est

1937 1418 2100 1472 etiam
2149 1420 2365 1488 species
2418 1421 2668 1477 humana:
2715 1432 2922 1480 natura:
2979 1445 2992 1480 :
3049 1431 3369 1486 succedente
3418 1435 3517 1488 sibi

1937 1517 2215 1565 senectute
2245 1511 2424 1566 omnis
2453 1513 2616 1568 decor
2656 1516 2919 1585 pristinus
2946 1521 3176 1589 deperit,
3221 1532 3275 1577 et
3301 1542 3436 1593 quos
3463 1529 3514 1581 in

1935 1613 2178 1653 amorem
2230 1602 2311 1655 sui
2365 1611 2523 1657 antea
2579 1607 2924 1674 concitabat,
2985 1614 3327 1682 postmodum
3395 1619 3521 1673 odio

1934 1705 2122 1745 eorum
2154 1691 2436 1748 afficietur.
2464 1695 2599 1749 Nam
2636 1713 2756 1751 cum
2807 1699 3158 1758 intervenerit
3190 1723 3356 1772 mors,
3390 1717 3513 1765 tunc

1933 1780 2148 1846 penitus
2182 1783 2360 1838 onmis
2406 1784 2750 1852 pulchritudo
2799 1789 3095 1858 delebitur;
3139 1805 3193 1850 et
3249 1805 3376 1854 tunc
3427 1815 3512 1854 co-

237 1870 470 1941 grandis
497 1879 583 1924 est;
624 1869 830 1924 medela
862 1869 1088 1933 animat,
1140 1869 1480 1939 impatientia
1515 1877 1698 1922 autem
1749 1876 1833 1924 est
1859 1865 1908 1925 B
1935 1886 2182 1940 gnosces,
2207 1874 2334 1942 quia
2363 1875 2596 1942 vanitas,
2626 1881 2768 1947 quod
2799 1891 2924 1935 ante
2959 1885 3191 1942 inaniter
3231 1889 3509 1960 diligebas.

236 1960 514 2028 pernicies
553 1959 750 2014 cordis.
781 1959 887 2013 Per
914 1959 1232 2027 patientiam
1280 1959 1427 2013 enim
1483 1966 1829 2028 exspectatur

235 2048 551 2104 futurorum
572 2048 837 2104 honorum
861 2064 1015 2118 spes;
1043 2056 1099 2104 et
1122 2049 1262 2118 quod
1283 2063 1392 2103 non
1420 2047 1650 2113 videtur,
1675 2050 1826 2118 quasi

234 2141 386 2212 quod
423 2142 640 2196 videtur
668 2140 1032 2210 amplectitur.

830 2231 1056 2288 CAPUT
1107 2232 1215 2287 VII.
1791 2277 1823 2291 -

617 2324 694 2380 De
734 2324 1053 2378 continentia
1102 2334 1150 2378 et
1190 2325 1448 2379 castitate.

299 2415 533 2471 Castum
576 2423 628 2469 te
652 2414 706 2468 in
733 2415 985 2469 omnibus
1011 2428 1192 2480 serva,
1226 2414 1322 2478 fili,
1346 2423 1404 2467 ut
1435 2414 1619 2469 videas
1647 2413 1827 2468 Domi-

230 2521 367 2560 num
418 2505 475 2559 in
525 2503 700 2575 gloria
745 2503 1154 2560 consistentem.
1206 2502 1288 2558 Ab
1338 2504 1484 2558 omni
1527 2503 1823 2574 pollutione

229 2601 498 2655 mundum
545 2600 616 2654 sit
663 2614 757 2654 cor
782 2606 970 2662 tuum,
1003 2608 1058 2652 et
1103 2614 1172 2653 ne
1208 2599 1302 2652 des
1347 2597 1565 2652 inimico
1615 2597 1820 2651 aditum

226 2694 399 2750 eundi
420 2693 488 2748 ad
511 2702 586 2749 te.
615 2693 697 2746 Ab
727 2700 947 2762 aSpcctu
973 2690 1206 2746 nefando
1237 2700 1423 2745 averte
1451 2691 1636 2746 oculos
1675 2699 1819 2756 tuos,

225 2796 279 2842 et
319 2802 392 2842 ne
423 2783 710 2840 delecteris
731 2783 1080 2854 pulchrarum
1101 2781 1335 2837 vultibus
1363 2783 1683 2836 feminarum
1703 2823 1716 2847 ,
1750 2799 1820 2839 ne

226 2896 322 2950 per
361 2879 532 2934 talem
575 2878 990 2934 oblectationem
1017 2879 1209 2932 ultima
1255 2879 1504 2934 exsolvas
1532 2879 1816 2948 supplicia.

227 2975 504 3029 Memento
563 2973 650 3028 cui
711 2971 973 3027 dedicasti
1020 2974 1264 3026 membra
1309 2980 1438 3037 tua,
1467 2979 1521 3026 et
1561 2986 1629 3026 ne
1673 2985 1819 3025 com-

227 3067 465 3120 misceas
491 3063 582 3118 illa
604 3063 1002 3118 meretricibus.
1023 3061 1256 3118 Reﬂecte
1279 3077 1520 3117 amorem
1543 3063 1610 3116 ab
1633 3076 1820 3118 amore

225 3157 499 3222 mulieris,
523 3171 699 3225 neque
725 3157 791 3210 ab
817 3170 999 3210 amore
1027 3155 1239 3210 Domini
1282 3163 1335 3210 te
1357 3169 1511 3210 amor
1538 3153 1811 3208 excludat.

1929 1961 2064 2018 Cum
2094 1964 2293 2020 videris
2341 1976 2510 2022 totum
2548 1984 2742 2039 corpus
2774 1972 2824 2025 in
2870 1981 3131 2030 tumorem
3183 1987 3238 2032 et
3284 1980 3507 2036 fetorem

1927 2066 2048 2106 esse
2097 2069 2452 2122 conversum;
2507 2073 2687 2114 nonne
2737 2061 2952 2118 intuens
2997 2067 3232 2122 maximo
3282 2069 3510 2126 horrore

1926 2146 2273 2201 concuteris?
2293 2147 2483 2204 Nonne
2510 2150 2717 2205 claudis
2746 2169 2906 2208 nares
2931 2163 3070 2220 tuas,
3105 2174 3210 2212 non
3236 2162 3509 2216 sustinens

1927 2229 2152 2287 fetorem
2183 2234 2569 2293 durissimum?
2595 2240 2696 2296 Ubi
2720 2249 2803 2297 est
2833 2247 3174 2312 postmodum
3210 2250 3386 2304 onmis
3418 2252 3510 2306 illa

1923 2324 2254 2381 oblectatio?
2294 2328 2531 2400 Require
2579 2333 2624 2388 si
2660 2343 2744 2388 est
2766 2336 2981 2406 aliquod
3026 2339 3238 2408 pristini
3288 2343 3500 2398 decoris

1923 2418 2229 2488 vestigium.
2263 2421 2364 2476 Ubi
2394 2432 2477 2478 est
2505 2427 2746 2482 suavitas
2790 2427 3015 2485 luxuria:
3055 2441 3110 2486 et
3136 2435 3505 2490 conviviorum

1922 2507 2234 2576 opulentia?
2286 2511 2389 2568 Ubi
2435 2525 2563 2569 sunt
2615 2517 3106 2577 blandimentorum
3163 2529 3348 2593 verba,
3386 2546 3507 2598 quae

1922 2598 2088 2652 corda
2119 2601 2383 2670 simplicia
2413 2605 2758 2661 molliebant?
2785 2609 2884 2664 Ubi
2919 2621 3044 2667 sunt
3081 2630 3358 2672 sermones
3387 2620 3504 2672 dul-

1921 2707 2031 2757 ces,
2054 2696 2146 2764 qui
2179 2699 2595 2754 amaritudinem
2630 2704 2938 2760 amantibus
2964 2706 3350 2762 infundebant?
3400 2709 3504 2764 Ubi

1921 2793 2004 2838 est
2033 2785 2424 2845 immoderatus
2447 2791 2591 2846 risus
2627 2803 2684 2848 et
2706 2794 2952 2850 otiosus?
2981 2795 3082 2852 Ubi
3111 2805 3196 2852 est
3237 2797 3499 2854 effrenata

1921 2880 1976 2926 et
1995 2872 2201 2931 inutilis
2225 2879 2401 2934 onmis
2427 2879 2648 2934 laetitia?
2672 2883 2828 2938 Velut
2857 2883 3033 2939 ﬂuxus
3060 2901 3213 2954 aquze
3232 2888 3504 2944 transiens

1921 2982 2189 3036 nusquam
2239 2982 2681 3039 comparuerant.
2727 2973 2826 3028 llic
2868 2984 2952 3030 est
3001 2975 3123 3030 ﬁnis
3176 2978 3357 3033 carnis
3392 2979 3504 3048 pul-

1919 3057 2241 3114 chritudinis
2271 3076 2432 3128 quam
2461 3063 2681 3118 amabas
2715 3082 2726 3118 :
2771 3066 2858 3120 hic
2904 3067 3280 3124 oblectationis
3326 3072 3504 3124 termi-

1920 3165 2020 3204 nus
2051 3153 2315 3221 corporis.
2343 3153 2581 3210 Reﬂecte
2629 3155 2794 3227 igitur
2841 3159 3082 3214 animum
3127 3169 3274 3215 tuum
3302 3163 3369 3216 ab
3415 3163 3502 3217 his

224 3250 340 3305 Noli
384 3249 609 3303 minima
657 3256 1032 3313 contemnere,
1061 3262 1132 3302 ne
1172 3247 1434 3318 paulatim
1491 3244 1702 3301 dillluas
1758 3245 1812 3299 in
1841 3215 1885 3278 (ἶ
1916 3241 2169 3299 obscenis
2219 3247 2517 3313 amoribus,
2581 3257 2638 3304 et
2685 3265 2901 3306 omnem
2949 3267 3190 3310 amorem
3247 3266 3502 3310 converte

225 3340 384 3395 malo.
417 3337 534 3392 Non
564 3346 617 3394 te
643 3338 864 3394 simules
892 3337 1210 3408 simpliciter
1250 3339 1508 3393 accedere
1537 3337 1606 3392 ad
1647 3336 1815 3407 virgi-

224 3446 350 3484 num
379 3430 595 3490 domus,
627 3443 730 3484 nec
755 3429 890 3483 velis
930 3433 1052 3483 c‘um
1090 3429 1172 3484 eis
1205 3429 1282 3482 uti
1311 3428 1485 3499 longis
1515 3435 1570 3483 et
1599 3427 1815 3483 otiosis-

223 3521 376 3576 simis
446 3520 686 3587 fabulis,
741 3537 809 3575 ne
865 3536 965 3590 per
1013 3520 1274 3590 plurimas
1327 3520 1813 3576 sermocinationes

224 3623 587 3683 utrorumque
617 3629 770 3668 mens
790 3613 1080 3683 polluatur.
1111 3613 1251 3676 Noli,
1277 3613 1374 3678 fili,
1400 3614 1639 3684 graviter
1666 3612 1812 3667 ferre

223 3720 510 3758 sermones
543 3721 724 3768 meos,
771 3720 871 3759 nec
923 3705 1146 3759 stultum
1193 3704 1479 3759 arbitreris
1532 3703 1810 3772 eloquium

225 3813 434 3861 meum,
469 3797 566 3851 sed
597 3797 759 3851 crede
809 3797 940 3851 mihi
989 3806 1044 3851 et
1093 3803 1374 3866 gratanter
1420 3795 1608 3864 accipe
1645 3795 1810 3849 verba

224 3903 364 3941 mea.
412 3887 474 3940 Si
506 3888 573 3940 ad
603 3885 924 3941 feminarum
956 3888 1146 3941 domus
1179 3886 1487 3954 importune
1516 3885 1812 3940 accesserit

221 3979 456 4033 clericus
483 3978 568 4034 vel
600 3979 918 4042 monachus,
948 3987 1002 4033 et
1045 3978 1197 4048 virgo
1233 3977 1473 4046 patiatur
1503 3975 1809 4044 hujusmodi

221 4071 453 4126 introire
477 4071 544 4124 ad
569 4070 845 4135 se,statim
865 4070 1149 4124 immutant
1165 4069 1448 4138 pristinam
1470 4068 1807 4139 dignitatem,

219 4161 441 4232 etquod
482 4159 710 4215 Domino
754 4158 976 4230 polliciti
1033 4169 1159 4215 sunt
1187 4175 1282 4215 sua
1328 4160 1606 4214 voluntate
1652 4159 1812 4213 amit-

220 4262 360 4308 tunt.
388 4253 504 4308 Nec
527 4253 670 4306 enim
696 4259 950 4322 poterunt
974 4251 1278 4321 hujusmodi
1307 4250 1644 4305 mansionem
1674 4249 1727 4303 in
1752 4264 1810 4304 se

219 4343 458 4400 Domino
483 4357 810 4414 praeparare,
837 4341 932 4397 sed
963 4341 1350 4396 desolabuntur
1377 4350 1437 4396 ut
1471 4340 1673 4412 lignum
1703 4339 1811 4392 ari-

219 4439 344 4492 dum
383 4455 395 4489 :
431 4435 673 4504 nunquid
721 4433 1085 4504 virginitatem
1116 4434 1372 4488 Dominus
1407 4438 1694 4502 extorquet
1734 4431 1809 4484 in-

218 4530 363 4584 vite?
405 4527 523 4582 Hoc
556 4529 700 4583 enim
736 4541 934 4581 munus
961 4526 1262 4581 voluntarie
1310 4525 1528 4580 Christo
1577 4523 1808 4579 offertur

219 4623 272 4678 in
306 4621 539 4694 propria
568 4622 865 4677 voluntate.
895 4620 1006 4676 Nec
1047 4621 1192 4676 enim
1246 4620 1452 4674 licitum
1497 4628 1583 4673 est
1625 4617 1808 4688 profa-

220 4719 337 4771 nari
362 4715 575 4784 aliquid
598 4714 740 4784 quod
779 4713 1009 4768 Domino
1029 4713 1373 4784 promissum.
1394 4710 1508 4766 Non
1532 4710 1805 4781 peccabis,

218 4806 405 4872 homo,
439 4805 488 4860 si
516 4820 623 4859 non
656 4806 872 4860 voveris
901 4813 1088 4859 votum
1127 4821 1140 4857 :
1177 4805 1222 4858 si
1266 4803 1412 4858 enim
1437 4803 1652 4865 vovisti,
1692 4800 1807 4871 jam

217 4912 284 4952 ne
315 4895 498 4952 facias
532 4910 740 4950 moram
771 4895 998 4951 reddere
1033 4895 1163 4950 illud
1191 4895 1331 4965 quod
1367 4894 1627 4950 Dominus
1650 4895 1806 4965 quasi

218 5002 375 5041 suum
404 4985 640 5055 requirit
663 4986 792 5040 illud
821 5002 852 5040 a
885 4995 970 5052 te;
1001 5001 1101 5041 nec
1126 4986 1420 5054 pollutione
1451 4985 1564 5039 vult
1591 4986 1807 5040 misceri

216 5080 474 5133 membra
504 5085 616 5142 tua,
647 5092 765 5146 quae
793 5077 893 5131 sibi
917 5076 1031 5144 jam
1053 5075 1298 5131 dedicata
1337 5085 1482 5130 sunt.
1514 5076 1651 5131 Vide
1673 5092 1806 5148 ergo

217 5186 283 5225 ne
307 5178 362 5223 te
386 5167 618 5223 seducat
638 5166 879 5234 corporis
894 5165 1258 5236 pulchritudo,
1274 5173 1329 5220 et
1349 5167 1598 5221 decorem
1615 5167 1810 5222 animm

216 5271 322 5317 tuae
356 5261 607 5315 amittas.
651 5257 730 5315 Ne
766 5259 1010 5329 improbo
1053 5259 1210 5314 oculo
1259 5267 1352 5314 tuo
1394 5259 1659 5314 intuearis
1688 5276 1810 5331 spe-

217 5354 360 5407 ciem
420 5351 686 5418 mulieris,
717 5366 786 5406 nc
816 5352 984 5406 intret
1033 5364 1182 5406 mors
1220 5365 1320 5420 per
1348 5349 1616 5406 fenestras
1665 5360 1806 5407 tuas.

217 5443 297 5498 Ne
325 5444 548 5514 aperias
573 5458 734 5498 aures
761 5452 880 5497 tuas
909 5441 976 5498 ad
1020 5441 1347 5512 perﬁcienda
1389 5443 1552 5497 verba
1595 5458 1808 5509 eorum,

221 5550 324 5590 nec
375 5535 728 5603 concupisces
770 5533 1068 5602 nequitiam
1097 5531 1159 5586 Tn
1207 5532 1386 5587 anima
1430 5540 1540 5587 tua.
1575 5533 1813 5589 Mulieris

221 5639 453 5680 carnem
510 5640 615 5679 non
669 5623 803 5679 velis
859 5632 1120 5694 tangere,
1169 5638 1236 5679 ne
1278 5639 1376 5693 per
1439 5631 1640 5678 tactum
1696 5626 1813 5696 ejus

222 5716 598 5772 iullammetur
642 5730 738 5771 cor
797 5722 983 5781 tuum,
1027 5725 1081 5770 et
1133 5715 1322 5786 spiritu
1381 5723 1470 5769 tuo
1510 5713 1711 5771 labaris
1756 5715 1810 5770 in

225 5808 612 5876 perditionem.
674 5807 827 5863 Sicut
891 5809 1034 5862 enim
1097 5808 1276 5864 fenum
1332 5806 1646 5878 proximans
1705 5806 1810 5876 igni

1915 3331 1982 3386 ad
2011 3333 2500 3402 splendidissimam
2523 3338 2978 3407 pulchritudinem
3010 3344 3246 3408 Christi,
3271 3354 3332 3399 ut
3366 3347 3500 3405 radii

1915 3419 2138 3492 fulgoris
2165 3423 2281 3493 ejus
2310 3427 2582 3484 illustrem
2620 3446 2716 3486 cor
2747 3440 2918 3497 tuum,
2967 3443 3021 3487 et
3051 3435 3228 3488 OtlllllS
3255 3436 3501 3489 obscuri-

1915 3519 1998 3565 tas
2044 3513 2290 3583 caliginis
2320 3519 2621 3587 expelletur
2646 3536 2676 3574 a
2722 3530 2793 3576 te.
2845 3522 2970 3577 Haec
3005 3525 3348 3592 pulchritudo
3381 3527 3501 3580 dili-

1913 3604 2084 3673 genda
2115 3614 2217 3670 est,
2251 3606 2346 3672 fili,
2391 3624 2512 3677 qua:
2546 3610 2792 3664 laetitiam
2835 3613 3135 3681 spiritalem
3185 3616 3493 3671 amantibus

1911 3696 2190 3748 consuevit
2216 3695 2522 3754 infundere.
2552 3699 2652 3755 Hic
2693 3701 2855 3756 decor
2883 3702 3136 3758 omnibus
3166 3705 3338 3759 tuodis
3382 3723 3490 3759 am-

1909 3783 2226 3854 plectendus
2265 3796 2369 3852 est,
2399 3789 2539 3843 unde
2584 3791 2740 3845 nobis
2774 3792 3039 3846 serenitas
3089 3793 3495 3863 tranquillitatis

1913 3877 2230 3945 acquiritur.
2255 3876 2569 3934 Devitemus
2592 3882 2926 3950 perniciosas
2954 3883 3402 3952 pulchritudines,
3431 3901 3499 3940 ne

1911 3967 2152 4021 omnium
2198 3967 2464 4023 malorum
2520 3984 2719 4040 genera
2761 3972 2815 4026 in
2841 3988 2944 4028 nos
2985 3973 3312 4045 irrogentur.
3348 3975 3499 4034 Multi

1911 4061 2056 4115 enim
2088 4063 2424 4119 admirantes
2460 4065 2745 4120 mulierum
2794 4067 3022 4136 species,
3061 4085 3091 4123 a
3128 4070 3370 4124 veritatis
3412 4069 3498 4124 via

1912 4153 2394 4224 naufragaverunt.
2427 4154 2679 4226 Plerique
2731 4157 3066 4215 drnamentis
3119 4175 3307 4216 carum
3352 4161 3501 4216 oble-

1911 4247 2070 4311 ctati,
2103 4247 2394 4316 perniciem
2430 4250 2735 4305 animarum
2785 4266 3007 4307 suarum
3055 4254 3294 4322 perpessi
3351 4263 3496 4318 sunt,

1909 4347 1964 4392 et
1992 4353 2022 4391 a
2058 4338 2410 4406 perfectionis
2440 4339 2657 4412 fastigio
2704 4341 2759 4396 in
2791 4341 3118 4412 profundum
3174 4344 3371 4398 inferni
3408 4346 3500 4399 dc-

1909 4431 2074 4486 mersi
2099 4441 2242 4485 sunt.
2275 4430 2479 4488 Caveto
2505 4447 2656 4503 ergo,
2687 4433 2784 4498 fili,
2817 4434 3026 4502 species
3069 4448 3166 4501 per
3195 4449 3331 4502 quas
3379 4435 3498 4503 pln-

1912 4522 2079 4578 rimos
2095 4524 2273 4578 cernis
2300 4524 2549 4592 periisse.
2567 4525 2761 4592 Quaeso
2786 4539 2854 4580 ne
2879 4525 3032 4580 bibas
3062 4525 3328 4593 poculum,
3357 4525 3498 4579 unde

1908 4613 2104 4668 multos
2148 4613 2413 4683 perspicis
2476 4615 2750 4671 interiisse
2805 4634 2817 4670 :
2870 4630 2938 4670 ne
2992 4615 3262 4684 percipias
3317 4615 3499 4669 cibum

1909 4719 2073 4773 quem
2109 4703 2195 4759 edi
2229 4704 2284 4757 in
2323 4705 2554 4760 aliorum
2577 4706 2877 4774 perniciem
2908 4706 3131 4761 videris.
3164 4705 3241 4759 Ne
3277 4706 3499 4758 incedas

1909 4796 2127 4860 iterum,
2155 4811 2264 4865 quo
2303 4795 2644 4866 naufragium
2694 4797 2939 4866 perpessi
2971 4805 3098 4851 sunt
3123 4796 3363 4866 plurimi.
3397 4794 3498 4848 De-

1908 4883 2018 4938 vita
2062 4884 2310 4952 laqueos,
2367 4898 2465 4954 per
2511 4899 2646 4953 quos
2698 4895 2886 4955 captos
2949 4892 3174 4940 cmtcros
3234 4884 3494 4939 senseris.

1910 4974 2126 5031 Postula
2165 4974 2325 5029 tibia
2374 4975 2602 5029 Domino
2647 4989 2743 5029 cor
2793 4975 3032 5044 prudens
3076 4983 3132 5029 et
3179 4974 3496 5046 pervigilem

1913 5083 2151 5133 sensum,
2170 5075 2229 5122 ut
2257 5083 2364 5123 non
2383 5067 2596 5138 ignores
2620 5065 2840 5121 fraudes
2862 5074 2917 5120 et
2947 5067 3178 5120 astutias
3205 5065 3408 5119 inimici
3443 5073 3499 5117 et

1913 5166 1968 5221 in
1992 5165 2128 5220 retia
2158 5163 2274 5232 ejus
2299 5179 2407 5219 non
2438 5163 2640 5219 incidat
2667 5178 2766 5233 pes
2808 5169 2954 5215 tuus.
2989 5161 3216 5230 Sapiens
3245 5174 3350 5214 non
3383 5173 3499 5212 cor-

1913 5256 2062 5326 poris
2083 5255 2330 5310 decorem
2361 5253 2654 5319 desiderat,
2680 5253 2774 5308 sed
2798 5252 3022 5317 animae;
3056 5251 3316 5320 insipiens
3339 5251 3499 5303 homo

1917 5345 2152 5416 speciem
2182 5343 2236 5398 in
2265 5343 2576 5398 carnalibus
2603 5342 2940 5397 ornamentis
2991 5341 3355 5411 amplectitur.
3393 5336 3496 5392 Sa-

1915 5439 2070 5507 piens
2097 5435 2182 5490 vir
2214 5441 2483 5502 comptam
2530 5433 2814 5489 mulierem
2851 5434 3089 5502 respuit,
3131 5431 3327 5488 stultus
3368 5445 3499 5484 vero

1914 5530 2304 5600 concupiscens
2341 5541 2462 5581 eam
2504 5525 2891 5581 miserabiliter
2918 5523 3372 5594 supplantabitur.
3399 5521 3497 5576 V’ir

1911 5622 2150 5693 prudens
2214 5619 2282 5674 ab
2350 5618 2692 5688 imprudente
2760 5616 2958 5672 femina
3039 5615 3238 5670 avertit
3313 5614 3502 5669 oculos

1916 5730 2078 5776 suos,
2119 5711 2429 5766 luxuriosus
2470 5719 2650 5766 autem
2687 5710 2772 5764 vir
2818 5709 3036 5764 intuens
3086 5724 3204 5763 eam
3258 5708 3500 5762 solvetur

1917 5817 1976 5860 ut
1997 5820 2118 5861 cera
2159 5819 2186 5858 a
2224 5801 2359 5859 facie
2388 5802 2545 5874 ignis.
2580 5801 2660 5858 Tu
2711 5808 2890 5856 autem
2938 5813 3067 5856 cave
3094 5799 3343 5854 omnibus
3380 5813 3490 5852 mo-
