3974 6192
473 375 568 430 691

1464 371 1523 424 S.
1563 367 1923 425 BENEDICTI
1960 365 2252 422 ABBATIS
2289 365 2700 422 ANIANENSIS

3632 370 3741 425 δερ.

476 491 558 544 dis
601 491 808 559 species
852 488 1181 557 perniciosas
1234 501 1297 539 ac
1355 485 1518 541 falsas
1574 485 2006 555 pulchritudines
2032 523 2046 546 ,
2077 487 2126 543 Α
2154 481 2206 533 in
2235 481 2491 548 operibus
2541 494 2752 543 eorum,
2791 487 2846 533 et
2878 480 3276 536 simulationem
3306 484 3490 537 cordis
3544 501 3736 542 eorum

473 583 596 651 quia
641 583 958 650 deturpatur
1001 579 1180 632 anima
1210 579 1255 633 si
1280 594 1469 633 earum
1496 579 1747 634 decorem
1775 577 2042 633 attendas.

471 670 719 725 Christus
747 685 854 723 non
895 669 948 722 in
995 669 1239 738 corporis
1265 670 1480 734 decore,
1509 669 1606 724 sed
1644 669 1700 722 in
1730 669 1927 722 animae
1955 667 2048 720 de-

472 763 716 815 lectatur.
753 759 847 814 illa
894 774 1023 830 ergo
1068 759 1260 834 dilige,
1293 759 1388 825 ﬁli,
1421 761 1476 814 in
1517 759 1714 829 quibus
1747 757 2048 813 delectatur

470 851 741 908 Christus.

1073 941 1300 998 CAPUT
1349 942 1439 996 IX.

951 1032 1027 1085 De
1057 1032 1278 1085 avaritia
1305 1032 1572 1102 fugienda.

538 1126 605 1179 Et
630 1141 698 1178 ne
719 1125 1069 1194 pecuniarum
1093 1124 1376 1193 cupiditati
1407 1133 1461 1178 te
1487 1123 1764 1194 subjicias,
1802 1123 1869 1176 ab
1893 1119 2045 1176 omni

467 1216 692 1269 avaritia
732 1215 941 1270 declina
989 1230 1084 1269 cor
1138 1223 1314 1279 tuum,
1373 1223 1434 1268 ut
1492 1231 1601 1268 non
1663 1212 2044 1270 condemneris

465 1306 609 1358 sicut
636 1304 849 1358 adulter
873 1312 930 1358 et
972 1303 1237 1357 idolorum
1282 1303 1477 1357 cultor.
1511 1302 1627 1356 Noli
1656 1315 1841 1356 amare
1870 1317 2044 1354 mam-

464 1414 646 1464 mona,
674 1414 744 1452 ne
777 1396 1020 1452 offendas
1045 1413 1169 1450 eum
1195 1397 1280 1451 cui
1334 1396 1575 1450 membra
1604 1406 1694 1449 tua
1721 1405 1776 1449 et
1803 1403 2039 1449 mentem

461 1491 670 1559 pariter
701 1487 983 1543 dedicasti.
1022 1487 1100 1540 Ne
1127 1496 1280 1556 petas
1305 1503 1368 1542 ea
1399 1502 1518 1555 qua:
1543 1496 1595 1540 te
1627 1495 1855 1541 avocant
1882 1497 1937 1540 et
1958 1501 2043 1540 se-

460 1587 657 1648 parant
685 1595 716 1633 a
749 1577 995 1632 Domino.
1054 1577 1175 1631 Noli
1225 1577 1449 1648 diligere
1483 1593 1612 1646 opes
1659 1585 1924 1642 terrenas,
1972 1594 2040 1632 ne

460 1670 680 1724 amittas
703 1669 973 1724 cmlestes.
1002 1667 1153 1721 Multi
1184 1667 1461 1736 cupientes
1489 1667 1684 1730 aliena,
1709 1675 1764 1721 et
1789 1667 1901 1721 suis
1923 1667 2039 1736 pri-

461 1759 574 1813 vati
614 1766 758 1812 sunt.
801 1757 1061 1811 Alienatee
1082 1766 1208 1811 sunt
1232 1773 1263 1810 a
1293 1757 1448 1811 nobis
1469 1757 1652 1811 saeculi
1684 1757 1844 1826 hujus
1870 1756 2040 1811 facul-

2145 584 2462 629 exsecratur
2487 590 2552 628 ac
2582 576 2802 645 respuit.
2842 574 2921 629 Tu
2947 583 3148 641 autem,
3188 577 3282 641 fili,
3321 578 3445 632 licet
3473 580 3736 650 exiguum

2145 667 2212 720 de
2239 668 2347 720 tuis
2377 667 2653 721 laboribus
2683 667 2947 736 porrigas,
3003 668 3108 722 hoc
3137 680 3348 738 gratum
3381 679 3466 724 est
3491 681 3548 724 et
3581 687 3739 727 acce-

2143 767 2295 826 ptum
2327 774 2510 812 coram
2535 759 2781 813 Domino.
2815 759 2932 813 Non
2973 769 3026 814 te
3059 760 3192 815 velis
3212 759 3422 829 jactare
3451 773 3575 817 cum
3607 781 3736 834 por-

2143 848 2273 918 rigis
2309 848 2706 919 eleemosynam
2744 849 3038 917 indigenti;
3071 859 3127 905 et
3176 851 3266 905 illo
3299 853 3386 906 cui
3411 852 3628 909 feneras
3659 872 3731 912 ne

2144 947 2198 993 te
2224 940 2508 994 arbitreris
2534 955 2655 994 esse
2684 940 2998 1007 meliorem;
3032 942 3126 996 sed
3158 943 3212 995 in
3267 944 3524 998 omnibus
3551 947 3732 1015 operi-

2143 1031 2245 1084 bus
2275 1031 2383 1084 tuis
2436 1031 2664 1084 humilia
2718 1040 2770 1085 te
2817 1047 3001 1086 coram
3040 1033 3293 1098 Domino,
3328 1037 3457 1104 quia
3487 1053 3593 1091 non
3624 1041 3731 1093 erit

2143 1130 2356 1191 gratum
2405 1121 2515 1175 Deo
2553 1121 2812 1190 quidquid
2843 1121 3072 1176 efﬁcitur
3107 1139 3230 1178 cum
3262 1127 3553 1195 superbia;
3584 1129 3729 1197 quod

2142 1221 2322 1268 autem
2345 1212 2404 1267 fit
2427 1213 2723 1279 humiliter,
2753 1224 3032 1283 acceptum
3051 1224 3134 1270 est
3156 1216 3228 1270 ei.

2777 1323 3006 1380 CAPUT
3048 1326 3114 1379 Χ.

2596 1392 2674 1446 De
2705 1395 2880 1447 studio
2916 1395 3250 1451 humilitatis.

2210 1479 2332 1544 Fili,
2391 1495 2502 1550 pra:
2538 1483 2790 1538 omnibus
2846 1484 3137 1540 humilitati
3195 1489 3377 1553 stude,
3432 1493 3579 1558 quod
3635 1472 3723 1548 est

2139 1573 2286 1625 omni
2315 1573 2516 1627 virtute
2549 1573 2853 1640 sublimius,
2884 1585 2944 1629 ut
2972 1576 3040 1630 ad
3063 1579 3420 1646 perfectionis
3448 1581 3725 1652 fastigium
3763 1574 3768 1580 ⁷

2138 1661 2315 1729 possis
2355 1665 2763 1719 conscendere:
2814 1681 2937 1720 cum
2981 1665 3146 1734 iusta:
3195 1670 3564 1727 institutiones
3613 1689 3725 1728 non

2138 1748 2299 1802 aliter
2327 1751 2431 1804 nisi
2467 1765 2581 1820 per
2639 1752 2997 1808 humilitatem
3043 1756 3392 1826 impleantur,
3432 1767 3489 1813 et
3520 1761 3724 1814 multo-

385 1895 389 1901 .
461 1856 622 1914 tates,
664 1855 848 1902 nostra
890 1855 1070 1902 autem
1099 1847 1369 1916 possessio
1394 1861 1621 1916 regnum
1645 1847 1908 1900 caelorum
1935 1855 2037 1901 est.
2069 1827 2116 1886 Β
2144 1853 2263 1892 Tum
2314 1849 2618 1909 temporum
2649 1840 2862 1896 labores
2888 1858 2985 1911 Per
3022 1847 3330 1914 superbiam
3387 1848 3442 1900 in
3495 1849 3726 1904 nihilum

458 1940 578 1995 Noli
619 1949 868 2010 appetere
897 1940 1091 2004 aliena,
1125 1955 1193 1994 ne
1215 1955 1245 1993 a
1270 1941 1376 1995 tuis
1406 1939 1506 1994 ﬁas
1531 1947 1846 1994 extraneus.
1888 1937 2036 2004 Quo-

460 2031 727 2085 tidianum
749 2032 950 2085 victum
985 2029 1233 2085 sufﬁcere
1261 2030 1356 2084 tibi
1386 2037 1674 2084 contentus
1695 2038 1812 2083 esto
1841 2047 1852 2080 :
1888 2027 2039 2096 quid-

461 2122 589 2191 quid
618 2120 950 2191 superlluum
975 2129 1059 2176 est
1103 2121 1306 2191 projice
1332 2121 1428 2176 abs
1457 2128 1508 2176 te
1560 2130 1816 2190 tanquam
1843 2135 2037 2190 propo—

463 2211 554 2264 siti
585 2211 661 2264 tui
692 2209 1155 2281 impedimentum.
1203 2209 1282 2265 Ne
1310 2211 1496 2281 cupias
1526 2209 1645 2264 ﬁeri
1683 2211 1936 2281 locuples,
1970 2225 2038 2264 ne

463 2301 519 2354 in
549 2300 876 2354 tentationes
906 2300 1130 2365 incidas,
1161 2308 1216 2355 et
1244 2300 1299 2354 in
1330 2300 1551 2369 laqueos
1579 2299 1796 2356 diaboli.
1837 2300 2038 2354 Caveto

456 2393 762 2458 avaritiam,
795 2393 921 2462 quia
949 2394 1104 2448 radix
1131 2393 1370 2447 omnium
1393 2393 1659 2447 malorum
1685 2392 1754 2448 ab
1780 2390 2037 2462 Apostolo

457 2483 734 2536 nominata
791 2491 894 2537 est.
950 2481 1307 2538 Pecuniarum
1367 2483 1592 2553 cupidus
1635 2481 1748 2550 jam
1799 2482 2036 2535 animam

458 2590 612 2629 suam
643 2575 886 2631 venalem
912 2575 1074 2630 habet
1101 2593 1114 2628 :
1146 2575 1191 2630 si
1213 2575 1360 2630 enim
1388 2574 1656 2629 invenerit
1681 2582 1913 2643 tempus,
1937 2586 2036 2642 pro

461 2665 634 2720 nihilo
660 2664 1002 2734 perpetrabit
1017 2663 1402 2728 homicidium;
1435 2672 1490 2718 et
1527 2664 1667 2718 sicut
1689 2663 1779 2733 qui
1810 2659 2038 2717 effundit

457 2771 656 2825 aquam
683 2770 848 2824 super
877 2764 1101 2818 terram,
1135 2754 1208 2808 ita
1232 2763 1316 2808 est
1341 2754 1390 2807 ei
1415 2751 1690 2808 eﬂ'undere
1717 2751 2035 2821 sanguinem

459 2844 696 2913 proximi
727 2845 831 2898 sui.
866 2842 1114 2913 Plerique
1149 2858 1248 2911 per
1266 2843 1506 2897 avaritiae
1534 2842 1784 2898 ardorem
1810 2841 1864 2895 in
1889 2856 2036 2895 mor-

460 2934 533 2988 tis
559 2933 860 3002 periculum
909 2934 1230 2988 inciderunt.
1262 2934 1490 3004 Propter
1526 2937 1811 2990 avaritiam
1847 2937 2036 2992 Achan

460 3041 583 3079 cum
607 3024 720 3079 suis
743 3025 994 3079 omnibus
1023 3025 1286 3095 lapidatus
1308 3037 1393 3081 est
1419 3026 1471 3099 (Ι
1494 3027 1621 3098 Reg.
1660 3027 1773 3102 xv).
1809 3028 2034 3098 Propter

467 3116 753 3169 avaritiam
787 3115 915 3169 Saul
939 3117 1146 3173 alienus
1178 3134 1210 3172 a
1239 3119 1468 3174 Domino
1497 3119 1718 3175 effectus
1746 3129 1850 3187 est,
1882 3130 1938 3176 et
1966 3121 2032 3175 ad

2148 1927 2494 1997 deputentur.
2535 1929 2630 1985 Vir
2657 1930 2877 1986 humilis
2897 1931 3010 1987 Deo
3039 1942 3124 1988 est
3171 1935 3386 2000 similis,
3416 1948 3473 1990 et
3509 1938 3561 1992 in
3589 1948 3727 1993 tem-

2144 2017 2233 2087 plo
2280 2019 2515 2086 pectoris
2550 2019 2631 2073 sui
2660 2029 2836 2090 gestat
2887 2036 3031 2076 eum.
3065 2023 3343 2093 Superbus
3391 2038 3574 2080 autem
3599 2044 3725 2081 cum

2146 2107 2217 2161 sit
2243 2107 2352 2162 Deo
2401 2108 2635 2175 odibilis,
2679 2108 2891 2164 diabolo
2926 2110 3118 2165 similis
3173 2120 3274 2166 est.
3309 2112 3539 2167 Humilis
3586 2131 3719 2170 vero

2144 2197 2272 2252 licet
2313 2199 2366 2251 in
2397 2199 2584 2253 habitu
2610 2201 2861 2255 videatur
2888 2201 3207 2268 vilissimus,
3263 2204 3531 2273 gloriosus
3553 2216 3636 2260 est
3669 2209 3723 2260 in

2144 2287 2457 2342 virtutibus.
2520 2287 2796 2358 Superbus
2841 2300 3018 2345 autem
3049 2293 3231 2358 homo,
3265 2295 3365 2348 etsi
3395 2296 3623 2350 decorus
3647 2299 3725 2350 vi-

2144 2377 2337 2432 deatur
2366 2388 2582 2448 aspectu
2614 2388 2668 2434 et
2703 2380 2903 2447 clarus,
2961 2384 3054 2437 sed
3102 2393 3280 2438 tamen
3320 2385 3566 2441 inutilem
3597 2403 3724 2443 eum

2144 2469 2494 2525 manifestam
2525 2485 2688 2540 opera
2713 2472 2904 2540 ipsius,
2939 2484 2996 2528 et
3019 2489 3117 2544 per
3143 2491 3225 2541 os,
3255 2476 3501 2531 incessus
3531 2488 3583 2532 et
3613 2495 3725 2533 mo-

2146 2570 2232 2632 tus
2256 2561 2590 2631 dignoscitur
2617 2563 2735 2630 ejus
2776 2563 3053 2632 superbia,
3085 2575 3140 2619 et
3181 2580 3246 2618 ex
3276 2567 3460 2621 verbis
3483 2567 3596 2635 ejus
3627 2585 3726 2637 pu-

2142 2652 2434 2708 blicabitur
2487 2653 2678 2709 levitas
2726 2654 2914 2724 ipsius.
2967 2655 3127 2726 Cupit
3155 2672 3370 2727 semper
3413 2659 3622 2714 laudari
3655 2663 3724 2716 ab

2143 2745 2471 2810 hominibus,
2501 2753 2556 2800 et
2578 2745 2891 2813 virtutibus,
2920 2749 3115 2816 quibus
3136 2749 3343 2804 alienus
3365 2760 3469 2814 est,
3500 2769 3558 2806 se
3586 2769 3725 2822 pra:-

2142 2834 2324 2889 dicare
2375 2836 2554 2906 gestit.
2597 2835 2714 2892 Non
2767 2852 2827 2892 se
2859 2838 3062 2907 patitur
3091 2840 3341 2908 cuiquam
3381 2857 3503 2896 esse
3540 2843 3722 2912 subje-

2143 2933 2312 2992 ctum,
2343 2927 2437 2982 sed
2467 2942 2682 2998 semper
2719 2929 3010 2997 primatum
3057 2931 3226 2999 cupit,
3279 2939 3334 2985 et
3363 2933 3429 2985 ad
3461 2931 3724 3000 majorem

2141 3020 2369 3087 gradum
2394 3036 2452 3076 se
2477 3032 2708 3077 conatur
2735 3023 3089 3094 immergere,
3143 3032 3197 3077 et
3222 3024 3364 3092 quod
3415 3041 3484 3078 ex
3513 3026 3724 3078 meritis

2143 3112 2388 3168 obtinere
2437 3129 2544 3169 non
2592 3124 2790 3186 potest,
2838 3115 3126 3170 ambiendo
3171 3115 3393 3171 festinat
3426 3116 3718 3178 invadere,

462 3214 769 3259 extremum
799 3206 866 3260 de
898 3206 1131 3261 culmine
1154 3209 1320 3277 regali
1350 3209 1605 3280 expulsus
1630 3219 1732 3276 est,
1764 3219 1820 3266 et
1849 3213 1918 3267 ab
1940 3213 2040 3268 ini-
2064 3195 2108 3256 Ο
2142 3200 2426 3258 ambillans
2452 3218 2667 3274 semper
2700 3214 2913 3260 ῑυωεηδ
2941 3215 3002 3260 ιιι
3054 3215 3176 3260 “te?
3202 3222 3403 3262 Vacuus
3434 3213 3491 3261 δι
3520 3207 3720 3262 inanis.

465 3291 624 3346 micis
651 3291 764 3346 suis
810 3302 1143 3363 peremptus.
1180 3294 1246 3348 Et
1273 3294 1462 3351 Achab
1489 3304 1714 3366 propter
1751 3299 2038 3353 avaritiam

461 3387 659 3440 invasit
697 3385 908 3440 vineam
945 3386 1156 3442 Naboth
1194 3387 1315 3458 (III
1346 3387 1470 3459 Reg.
1503 3390 1618 3460 χχι)
1646 3408 1660 3456 ;
1691 3398 1745 3445 et
1774 3391 1933 3461 hujus
1958 3392 2037 3447 rei

454 3477 628 3547 gratia
680 3477 732 3531 in
781 3477 966 3546 prmlio
1013 3478 1326 3533 vulneratus
1377 3479 1665 3536 defunctus
1708 3489 1811 3536 est.
1861 3481 2041 3536 Domi-

455 3584 560 3624 nus
599 3579 782 3622 noster
807 3578 862 3622 et
888 3568 1140 3623 Salvator
1190 3585 1218 3622 a
1249 3569 1411 3625 corde
1440 3572 1832 3640 pharisaeorum
1884 3572 2036 3627 vole-

451 3660 546 3713 bat
592 3659 949 3728 pecuniarum
1003 3675 1247 3715 amorem
1285 3661 1613 3717 excludere:
1656 3663 1751 3718 sed
1778 3663 1905 3732 quia
1955 3662 2033 3716 illi

464 3761 623 3804 erant
651 3750 1009 3821 cupidissimi,
1039 3752 1300 3807 salutaria
1327 3754 1445 3824 ejus
1472 3755 1672 3809 monita
1699 3755 2034 3810 deridebant.

458 3839 593 3894 Nam
619 3849 675 3895 et
699 3841 848 3895 illum
873 3842 1094 3898 divitem
1117 3859 1240 3898 cum
1267 3845 1527 3900 Dominus
1551 3842 1754 3900 vocans
1777 3845 1842 3900 ad
1871 3862 2036 3916 regna

455 3931 717 3986 caelorum
768 3932 1055 3988 facultates
1091 3949 1219 3988 suas
1243 3935 1476 3990 vendere
1530 3936 1894 4005 praecepisset,
1926 3936 2040 3989 avi-

455 4023 596 4078 ditas
624 4023 828 4077 intrare
858 4039 963 4078 non
990 4025 1240 4093 permisit
1273 4023 1489 4096 (Matth.
1518 4025 1628 4097 xv).
1663 4025 1729 4080 Et
1765 4024 1916 4080 Judae
1942 4041 2038 4094 pe-

454 4123 574 4167 ctus
605 4113 848 4168 avaritia:
898 4115 1091 4168 ardore
1131 4118 1356 4179 exarsit,
1384 4126 1446 4171 ut
1485 4117 1772 4171 Dominum
1802 4117 2032 4187 largito-

454 4217 570 4256 rem
615 4201 718 4256 sibi
774 4211 1094 4257 cunctorum
1143 4205 1418 4265 bonorum,
1447 4205 1500 4257 in
1559 4220 1752 4260 manus
1798 4205 2038 4259 traderet

455 4293 743 4362 impiorum
803 4293 1019 4364 (Matth.
1053 4294 1225 4366 xxw).
1267 4294 1480 4349 Avarus
1534 4296 1679 4349 enim
1709 4295 1795 4349 vir
1822 4294 2038 4352 inferno

457 4384 652 4440 similis
682 4395 784 4441 est.
830 4385 1079 4441 lnfernus
1132 4387 1297 4457 igitur
1323 4395 1772 4456 quantoscunque
1810 4386 2037 4447 devora-

453 4479 616 4543 verit,
649 4494 926 4548 nunquam
977 4480 1106 4533 dicit
1128 4479 1262 4534 satis
1289 4487 1415 4543 est;
1453 4479 1530 4533 sic
1556 4480 1659 4533 etsi
1688 4495 1880 4534 omnes
1915 4481 2033 4533 the-

2140 3291 2209 3345 Et
2237 3293 2378 3347 sicut
2403 3295 2559 3349 navis
2603 3295 2807 3366 absque
2836 3297 3199 3366 gubernatore
3254 3313 3377 3352 cum
3415 3297 3659 3365 jactatur
3689 3312 3722 3350 a

2140 3384 2411 3450 fluctibus,
2444 3387 2519 3440 ita
2549 3395 2602 3440 et
2631 3387 2676 3441 is
2699 3388 2849 3455 levis
2877 3387 3257 3442 circumfertur
3286 3388 3558 3442 instabilis
3579 3389 3724 3442 inter

2139 3495 2331 3535 omnes
2358 3489 2514 3535 actus
2558 3496 2704 3536 suos.
2760 3480 2990 3535 Humilis
3017 3496 3048 3534 e
3075 3481 3348 3535 contrario
3373 3482 3581 3549 respuit
3608 3495 3726 3534 om-

2140 3587 2265 3626 nem
2294 3573 2556 3627 honorem
2587 3581 2882 3638 terrenum,
2915 3580 2970 3626 et
2997 3572 3245 3626 ultimum
3283 3587 3342 3625 se
3371 3587 3492 3625 esse
3514 3570 3726 3639 judicat

2139 3663 2392 3718 omnibus
2434 3663 2764 3718 hominibus.
2799 3663 2934 3717 Nam
2984 3663 3087 3717 etsi
3140 3664 3431 3717 mediocris
3462 3672 3727 3733 appareat

2140 3752 2195 3806 in
2227 3753 2398 3815 vultu,
2453 3753 2699 3808 eminens
2755 3752 2896 3822 apud
2945 3753 3233 3807 Dominum
3284 3754 3544 3806 intuetur.
3585 3751 3722 3806 Cum

2139 3846 2599 3900 consummaverit
2648 3845 2828 3899 omnia
2883 3845 3136 3900 mandata
3198 3845 3436 3909 Domini,
3492 3843 3628 3897 nihil
3662 3857 3723 3898 se

2139 3934 2336 3990 fecisse
2362 3944 2614 4001 testatur,
2641 3946 2694 3991 et
2719 3952 2906 3992 omnes
2930 3938 3160 3992 virtutes
3185 3938 3380 3991 animm
3405 3952 3518 3990 suae
3544 3936 3724 3990 celare

2139 4024 2359 4080 festinat
2391 4047 2403 4080 :
2437 4028 2530 4082 sed
2563 4028 2802 4098 divulgat
2830 4028 3090 4084 Dominus
3119 4028 3300 4082 omnia
3339 4042 3502 4096 opera
3529 4027 3722 4097 ipsius,

2137 4127 2194 4172 et
2245 4117 2456 4187 profert
2491 4121 2545 4176 in
2575 4120 2833 4186 medium,
2864 4127 2920 4175 et
2965 4120 3222 4174 mirificat
3251 4127 3402 4189 gesta
3450 4119 3640 4187 ipsius,
3669 4127 3730 4172 et

2137 4199 2395 4268 exaltabit
2422 4222 2476 4268 et
2508 4213 2711 4268 clarum
2749 4213 2912 4268 faciet
2935 4229 3080 4279 eum,
3113 4221 3169 4267 et
3204 4213 3255 4266 in
3313 4221 3556 4282 tempore
3599 4225 3729 4282 pre-

2138 4320 2258 4358 cum
2289 4320 2510 4358 suarum
2536 4306 2679 4374 quod
2707 4305 2946 4374 postulat
2972 4306 3308 4375 impetrabit.

2724 4415 3002 4472 CAPUT
3057 4417 3157 4471 XI.

2763 4485 2841 4542 De
2869 4488 3125 4541 oratione.

455 4571 603 4626 sauri
637 4579 798 4625 terra:
827 4569 1188 4625 confluxerint
1218 4571 1274 4624 in
1301 4586 1552 4636 avarum,
1580 4585 1686 4625 non
1717 4571 2026 4624 satiabitur.
2060 4543 2113 4601 D
2207 4572 2277 4626 Et
2307 4581 2388 4639 tu,
2442 4573 2540 4639 fili,
2579 4590 2702 4630 cum
2731 4577 3030 4630 accesseris
3080 4577 3147 4631 ad
3177 4579 3512 4646 precandum
3541 4577 3733 4633 Domi-

451 4661 699 4716 Alienum
731 4669 785 4716 te
811 4659 998 4726 facito,
1030 4659 1125 4726 fili,
1157 4660 1226 4715 ab
1256 4661 1361 4716 hoc
1397 4661 1550 4727 vitio,
1582 4669 1637 4716 et
1666 4661 2030 4716 voluntariam

449 4761 833 4825 paupertatem
871 4753 1102 4810 libenter
1133 4769 1365 4809 assume.
1430 4753 1549 4809 Noli
1578 4769 1701 4809 esse
1725 4753 2030 4808 desidiosus

453 4855 508 4900 et
536 4846 728 4917 piger;
763 4846 854 4900 sed
895 4845 1081 4900 labora
1124 4847 1374 4901 manibus
1403 4847 1528 4912 tuis,
1561 4855 1621 4900 ut
1658 4847 1860 4901 habeas
1886 4845 2031 4900 unde

451 4940 662 4994 tribuas
708 4939 989 5011 indigenti.
1052 4940 1358 4995 Secundum
1416 4941 1830 5011 possibilitatem
1881 4949 2028 4996 tuam

455 5031 803 5087 mediocriter
853 5033 1110 5104 porrige:
1169 5043 1382 5088 tantum
1435 5035 1577 5088 enim
1610 5034 1885 5103 expetitur
1913 5049 1943 5087 a
1981 5043 2035 5088 te

451 5133 714 5190 quantum
746 5123 843 5179 tibi
875 5124 1038 5178 fuerit
1063 5125 1348 5178 creditum.
1380 5123 1550 5179 Nemo
1603 5124 1748 5178 enim
1803 5124 1971 5195 exigit
2003 5139 2035 5178 a

460 5224 517 5269 te
547 5215 691 5284 quod
717 5215 832 5286 ipse
867 5217 1091 5270 minime
1116 5217 1380 5286 possides.
1407 5217 1758 5286 Eleemosyna
1783 5232 1906 5271 cum
1935 5217 2038 5272 ini-

452 5305 662 5374 quitate
683 5305 950 5375 acquisita
981 5303 1314 5360 abominatio
1344 5313 1428 5360 est
1465 5321 1647 5360 coram
1670 5305 1905 5369 Christo,
1939 5307 2037 5362 sed

455 5402 739 5463 acceptum
789 5404 873 5449 est
900 5394 977 5449 illi
1028 5396 1170 5463 quod
1222 5395 1385 5450 fuerit
1427 5395 1657 5450 fideliter
1689 5397 2035 5465 acquisitum.

456 5483 584 5549 Fili,
626 5501 731 5538 non
784 5485 949 5541 habet
1001 5486 1142 5540 hanc
1174 5496 1347 5541 artem
1387 5486 1774 5542 misericordiae
1816 5487 2037 5541 bonum.

459 5575 600 5628 Sunt
631 5576 773 5629 enim
799 5577 1040 5632 nonnulli
1072 5577 1185 5646 qui,
1209 5577 1524 5647 diripientes
1554 5577 1752 5641 aliena,
1787 5586 2044 5645 praestare

463 5683 522 5718 se
562 5670 960 5737 cleemosynam
1019 5669 1315 5735 simulant;
1351 5679 1406 5722 et
1453 5686 1576 5724 cum
1609 5671 1744 5724 alios
1773 5680 2040 5740 premant,

457 5759 581 5819 aliis
623 5759 868 5815 misereri
893 5776 952 5814 se
979 5761 1224 5830 fingunt:
1265 5760 1357 5815 scd
1416 5759 1557 5826 Deus
1606 5776 1711 5816 non
1745 5760 2045 5821 delectatur

2139 4678 2286 4726 num,
2335 4671 2620 4731 prosterne
2657 4673 2712 4719 te
2746 4663 3024 4718 humiliter
3052 4665 3106 4718 in
3135 4674 3430 4734 conspectu
3468 4666 3612 4736 ejus.
3647 4666 3730 4721 Ne

2136 4752 2376 4821 postules
2402 4744 2722 4823 quidquam.
2747 4756 2903 4824 quasi
2939 4772 3003 4810 ex
3036 4756 3210 4826 gratia
3261 4757 3584 4810 meritorum
3614 4768 3731 4811 tuo-

2139 4860 2259 4898 rum
2291 4862 2303 4897 :
2333 4854 2390 4899 et
2417 4845 2462 4899 si
2493 4853 2575 4899 est
2626 4844 2725 4899 tibi
2776 4845 2939 4899 etiam
3001 4847 3336 4902 conscientia
3385 4847 3515 4900 boni
3544 4848 3733 4918 operis

2139 4933 2340 5002 aliqua,
2366 4935 2482 4990 oela
2531 4934 2698 4999 illam,
2728 4945 2790 4989 ut
2815 4944 2869 4989 te
2897 4935 3088 4991 silente
3143 4935 3518 5004 multipliciter
3565 4938 3729 4991 resti—

2137 5030 2324 5078 tuatur
2345 5039 2375 5076 a
2405 5023 2515 5078 Deo
2537 5040 2552 5088 ;
2579 5032 2634 5078 et
2651 5031 2874 5093 peccata
2901 5033 2991 5078 tua
3014 5025 3122 5078 cito
3143 5024 3352 5093 produc
3373 5025 3431 5077 in
3461 5025 3726 5092 medium,

2137 5121 2201 5167 ut
2253 5112 2428 5168 deleat
2483 5113 2746 5168 Dominus
2804 5115 2910 5178 illa,
2947 5130 3072 5168 cum
3110 5114 3392 5169 confessus
3440 5114 3615 5170 fueris
3642 5131 3727 5170 ea.

2139 5203 2250 5260 Nec
2276 5215 2329 5258 te
2359 5205 2492 5259 velis
2511 5205 2813 5274 justificare
2835 5221 2957 5260 cum
2987 5206 3054 5260 ad
3083 5207 3348 5260 orandum
3403 5208 3724 5269 accesseris,

2142 5310 2210 5350 ne
2242 5295 2384 5352 sicut
2416 5297 2724 5352 Pharismus
2774 5297 2844 5352 ab
2869 5297 2960 5352 illo
2986 5312 3148 5351 exeas
3176 5297 3591 5353 condemnatus.
3625 5299 3732 5353 Me-

2143 5397 2325 5441 mento
2353 5387 2646 5457 publicani,
2697 5388 2781 5442 vel
2815 5389 3048 5458 qualiter
3075 5404 3175 5459 pro
3225 5405 3282 5444 se
3311 5392 3554 5444 oraverit
3576 5390 3727 5462 (Luc.

2143 5480 2323 5548 xvm),
2351 5488 2402 5533 et
2433 5479 2694 5534 :emulare
2723 5495 2867 5543 eum,
2898 5488 2958 5533 ut
2984 5480 3198 5534 veniam
3227 5489 3579 5550 peccatorum
3615 5489 3734 5535 tuo-

2143 5585 2263 5623 rum
2317 5570 2581 5625 invenias.
2632 5569 2750 5624 Non
2813 5569 3050 5625 clamore
3076 5571 3227 5624 vocis
3271 5568 3456 5624 orabis
3481 5586 3609 5625 eum
3639 5567 3731 5639 qui

2144 5663 2480 5717 occultorum
2511 5670 2595 5716 est
2620 5661 2887 5733 cognitor,
2932 5663 3026 5716 sed
3056 5666 3260 5717 clamor
3291 5663 3476 5716 cordis
3507 5664 3585 5717 tui
3616 5661 3731 5732 pul-

2147 5768 2226 5814 set
2255 5772 2416 5812 aures
2439 5754 2573 5825 ejus.
2603 5754 2678 5812 Nc
2699 5755 3086 5827 longitudinem
3117 5755 3405 5810 verborum
3439 5755 3727 5825 protrahas
