3974 6192
233 321 336 374 693

705 315 934 372 CODEX
974 317 1430 374 REGULARUM.
1474 316 1841 371 APPENDIX.
1885 315 2190 371 EXIIORT.
2237 315 2327 370 AD
2367 315 2670 371 MONACII.
2713 317 2799 372 ET
2844 317 3024 373 ΗΒΕ.

3391 321 3492 380 694

228 445 358 491 ante
385 431 533 495 eum,
591 434 719 504 quia
749 417 858 489 non
908 435 961 489 in
989 435 1346 505 multiloquio,
1375 435 1469 489 sed
1521 450 1588 488 ex
1637 439 1816 486 mente
1844 434 1895 491 Α
1921 445 1991 484 ne
2019 432 2234 500 quando
2282 447 2573 502 oppressus
2622 447 2810 487 somno
2839 433 3050 502 placere
3076 436 3384 494 hominibus
3413 457 3502 512 ge—

227 531 526 602 purissima
585 529 888 600 placabitur
937 529 1217 584 Dominus.
1253 530 1311 583 In
1347 538 1586 597 tempore
1613 526 1815 581 oratio-

224 625 316 678 nis
349 635 565 677 omnem
617 621 878 676 malitiam
929 622 1110 677 cordis
1150 621 1355 693 projice
1395 622 1492 675 abs
1533 629 1608 686 te,
1639 628 1696 673 et
1729 635 1814 673 re-

227 717 385 772 mitte
433 715 482 768 si
515 714 644 784 quid
675 714 841 768 habes
867 715 1125 769 adversus
1178 717 1482 784 proximum
1515 721 1686 766 tuum.
1716 711 1814 765 Est

228 807 470 876 denique
503 803 773 874 quoddam
800 819 968 874 genus
996 803 1282 872 serpentis,
1337 804 1478 872 quod
1508 817 1630 855 cum
1663 802 1813 857 vadit

226 898 292 952 ad
324 895 623 951 bibendum
651 910 870 964 aquam,
898 902 1187 963 antequam
1239 894 1462 975 accedat
1503 891 1570 945 ad
1608 890 1814 946 fontem

225 989 428 1044 evomit
449 1003 717 1043 venenum
746 1005 758 1039 :
788 985 1001 1040 imitare
1028 1000 1158 1055 ergo
1182 983 1340 1054 hujus
1367 982 1636 1054 serpentis
1662 989 1812 1036 astu-

225 1086 378 1150 tiam,
433 1090 492 1136 et
519 1096 682 1136 omne
734 1093 998 1134 venenum
1059 1076 1458 1131 amarissimum
1512 1072 1716 1144 projice
1743 1073 1811 1127 ab

226 1175 407 1228 anima
439 1181 554 1226 tua.
592 1171 828 1226 Remitte
863 1184 1124 1225 conservo
1156 1177 1248 1222 tuo
1296 1176 1519 1222 centum
1557 1165 1811 1220 denarios

227 1264 445 1336 (Matth.
475 1261 657 1334 mu),
683 1270 743 1316 ut
764 1262 862 1316 tibi
885 1261 1192 1316 dimittatur
1217 1259 1455 1314 debitum
1477 1259 1664 1313 decem
1689 1256 1810 1312 mil-

226 1355 356 1409 lium
397 1354 758 1418 talentorum;
787 1362 843 1408 et
884 1351 1097 1421 qualem
1136 1351 1287 1421 cupis
1315 1365 1443 1419 erga
1473 1358 1526 1404 te
1556 1363 1676 1404 esse
1705 1347 1811 1402 Do-

225 1446 455 1510 minum,
490 1444 614 1498 talis
633 1451 751 1498 esto
781 1443 895 1514 ipse
921 1458 1050 1514 erga
1073 1457 1398 1498 conservum
1424 1449 1596 1496 tuum.
1627 1439 1808 1506 Quod-

223 1537 436 1606 cunque
464 1552 600 1606 opus
626 1536 988 1602 inchoaveris,
1018 1536 1196 1605 primo
1249 1535 1444 1590 invoca
1491 1533 1805 1600 Dominum,

223 1634 275 1682 et
297 1642 369 1682 ue
390 1627 611 1683 desinas
637 1624 842 1696 gratias
867 1641 1028 1696 agere
1051 1641 1176 1681 cum
1205 1625 1500 1697 perfeceris
1526 1624 1674 1680 illud.
1752 1685 1761 1695 ,

823 1758 1052 1816 CAPUT
1089 1759 1206 1815 XII.

865 1872 944 1928 De
970 1873 1182 1944 vigiliis.

288 1967 486 2034 Quaere
537 1965 826 2021 Dominum
870 1972 926 2019 et
959 1965 1204 2020 invenies
1243 1981 1388 2033 eum,
1422 1981 1525 2021 nec
1561 1965 1804 2020 dimittas

217 2077 342 2116 cum
405 2060 670 2125 tenueris,
725 2068 787 2115 ut
815 2059 1095 2130 c0puletur
1131 2076 1284 2115 mens
1338 2069 1428 2115 tua
1458 2062 1514 2116 in
1558 2075 1802 2115 amorem

222 2154 360 2222 ejus.
404 2152 520 2208 Hoc
575 2154 733 2208 stude
782 2153 838 2207 in
873 2153 981 2207 vita
1008 2161 1118 2219 tua,
1173 2162 1235 2207 ut
1279 2153 1577 2208 orationem
1612 2169 1802 2224 puram

221 2247 420 2302 offeras
447 2247 574 2300 Deo.
609 2246 976 2315 Cogitationes
1003 2261 1108 2300 non
1149 2244 1475 2301 conturbent
1503 2260 1597 2299 cor
1628 2255 1799 2310 tuum,

219 2353 320 2391 nec
356 2336 412 2390 in
441 2335 671 2390 diversis
720 2335 854 2390 locis
884 2335 968 2389 vel
1015 2335 1176 2389 rebus
1208 2336 1450 2404 rapiatur
1499 2351 1655 2390 mens
1686 2343 1797 2390 tua.

216 2427 491 2482 Memento
545 2427 691 2480 enim
747 2435 818 2491 te,
853 2426 948 2491 fili,
1005 2425 1106 2481 sub
1164 2426 1374 2480 Domini
1423 2427 1802 2496 conSpectibus

213 2527 383 2583 stare,
439 2518 533 2587 qui
565 2517 775 2572 occulta
805 2517 986 2572 cordis
1043 2516 1325 2588 prospicit,
1353 2524 1407 2571 et
1434 2517 1614 2571 abdita
1644 2533 1798 2572 men-

217 2609 353 2663 tium
405 2609 578 2664 novit.
633 2609 933 2680 Vigilanter
977 2623 1105 2680 ergo
1160 2608 1357 2663 assiste
1404 2609 1458 2663 in
1505 2619 1798 2679 conspectu

215 2701 434 2756 Domini
464 2701 519 2756 in
549 2711 788 2772 tempore
813 2703 1079 2759 orationis
1106 2703 1192 2758 vel
1222 2704 1571 2775 psalmorum.
1598 2704 1716 2760 Non
1746 2716 1798 2761 te

209 2793 492 2862 opprimat
517 2809 736 2848 somnus
766 2793 984 2859 animae,
1011 2802 1067 2848 et
1094 2810 1159 2849 ne
1181 2795 1469 2850 dissonans
1500 2795 1572 2850 sit
1601 2811 1797 2852 sensus

209 2891 265 2938 et
312 2883 520 2954 lingua,
549 2884 644 2938 sed
671 2885 1026 2940 consonantia
1057 2885 1186 2952 sint,
1215 2894 1270 2940 et
1294 2895 1649 2957 utrorumque
1675 2903 1796 2958 pro-

208 2973 391 3029 ferant
422 2976 607 3030 verba.
651 2975 807 3031 Sicut
830 2977 1159 3048 impossibile
1196 2988 1282 3034 est
1329 2981 1536 3036 servire
1585 2982 1795 3039 duobus

209 3065 469 3132 dominis,
501 3066 575 3120 ita
605 3084 703 3123 nec
732 3068 926 3138 duplex
963 3070 1140 3124 oratio
1170 3072 1370 3139 poterit
1405 3072 1698 3129 ascendere
1723 3076 1791 3131 ad

1915 521 2068 575 stias.
2121 523 2489 592 Prrcterquam
2521 525 2749 580 Domino
2776 527 2875 580 soli
2929 543 2993 582 ne
3022 531 3242 586 studeas
3285 532 3500 602 placere

1914 611 2089 665 alteri.
2133 613 2186 666 In
2219 629 2379 668 omne
2417 630 2552 684 opus
2579 618 2722 685 quod
2752 619 2956 688 cogitas
2984 619 3162 676 facere
3197 627 3373 694 cogita
3395 626 3502 680 Do-

1913 703 2120 754 minum
2147 703 2379 771 primum
2407 722 2420 769 ;
2459 713 2515 760 et
2539 707 2582 760 si
2607 709 2902 763 secundum
2930 712 3215 768 Dominum
3248 724 3332 770 est
3357 718 3500 785 quod

1912 791 2119 860 cogitas
2145 793 2434 862 diligenter
2481 798 2730 852 examina
2756 816 2768 864 ;
2803 809 2858 854 ct
2887 801 2932 855 si
2957 812 3040 856 est
3080 815 3288 860 rectum
3313 823 3499 863 coram

1912 879 2044 944 Deo,
2079 881 2280 950 perfice
2305 884 2453 949 illud,
2481 887 2525 940 si
2548 903 2678 941 vero
2707 890 2994 945 adversum
3015 893 3176 949 fuerit
3202 907 3497 968 repertum,

1911 981 2133 1042 amputa
2166 973 2297 1028 illud
2324 975 2394 1027 ab
2423 977 2602 1030 anima
2635 985 2746 1033 tua.
2778 980 3029 1047 Quotidie
3059 993 3212 1040 actus
3240 995 3360 1042 tuos
3389 989 3502 1045 dis-

1911 1073 2034 1118 cute
2076 1066 2386 1132 curiosius;
2434 1077 2488 1123 ct
2520 1070 2562 1124 si
2594 1079 2645 1125 te
2676 1074 2920 1141 peccatis
2975 1080 3271 1133 obnoxium
3320 1097 3501 1138 sense-

1911 1157 2006 1222 ris,
2035 1158 2103 1213 ad
2129 1161 2507 1228 paenitentiam
2543 1163 2653 1219 cito
2686 1165 2935 1238 confuge.
2969 1168 3104 1223 Nolo
3127 1180 3186 1225 ut
3211 1177 3500 1242 protrahas

1910 1259 2195 1318 peccatum
2234 1259 2384 1306 tuum
2415 1253 2484 1307 de
2525 1255 2613 1310 die
2642 1256 2697 1309 in
2727 1251 2914 1325 diem};
2949 1259 3042 1314 sed
3073 1261 3114 1314 si
3144 1262 3272 1332 quid
3302 1265 3502 1334 cogita-

1909 1341 2057 1396 veris
2090 1341 2255 1408 malc,
2303 1343 2360 1398 in
2397 1344 2509 1399 Deo
2555 1347 2932 1414 paenitentiam
2987 1365 3109 1420 age.
3141 1359 3196 1406 et
3242 1353 3502 1408 velociter

1909 1433 1974 1489 de
2019 1436 2182 1491 corde
2213 1445 2306 1492 tuo
2335 1451 2457 1492 seca
2493 1438 2644 1492 illud.
2683 1439 2762 1495 Ne
2814 1441 2953 1497 velis
2982 1443 3204 1498 dicere:
3264 1444 3381 1500 Non
3414 1457 3499 1501 est

1907 1527 2113 1595 grande
2145 1527 2248 1582 hoc
2274 1526 2484 1583 facinus
2510 1530 2654 1598 quod
2679 1532 2908 1601 cogitavi
2943 1537 3338 1602 tantummodo,
3368 1538 3492 1606 quia

1909 1615 1963 1668 in
1992 1629 2285 1688 conspectu
2310 1619 2523 1674 Domini
2547 1621 2833 1676 manifesta
2861 1633 2916 1679 et
2936 1635 3121 1696 aperta
3145 1635 3270 1681 sunt
3291 1630 3491 1683 omnia.

1907 1706 1987 1762 Ne
2018 1717 2078 1763 ut
2106 1711 2293 1780 spinas
2316 1727 2380 1767 ac
2407 1713 2634 1768 tribulos
2680 1714 2734 1768 in
2764 1725 2816 1770 te
2841 1731 3091 1773 crescere
3122 1719 3270 1774 sinas
3294 1721 3497 1792 cogita-

1833 1789 1879 1847 B
1909 1797 2084 1853 tiones
2106 1800 2296 1866 malas,
2331 1817 2508 1871 neque
2553 1811 2815 1874 tanquam
2844 1807 3067 1862 minima
3117 1810 3356 1881 negligas
3386 1829 3448 1868 ea
3478 1832 3490 1866 :

1911 1883 2017 1950 Qui
2036 1889 2175 1941 enim
2197 1892 2393 1958 spernit
2421 1892 2656 1957 minima,
2680 1893 2939 1964 paulatim
2965 1898 3178 1968 deﬂuet.
3199 1900 3316 1955 Noli
3345 1917 3494 1972 sper-

1907 1989 2038 2030 nere
2067 1992 2307 2032 morsum
2361 1977 2646 2050 serpentis,
2681 1999 2749 2038 ne
2778 2000 3044 2042 venenum
3091 1989 3206 2058 ejus
3233 2007 3492 2061 consper-

1905 2073 2066 2138 gatur
2095 2068 2150 2122 in
2206 2084 2303 2124 cor
2336 2077 2505 2126 tuum.
2552 2072 2824 2130 Abscindc
2854 2077 3084 2147 virgulta
3119 2081 3398 2150 spinarum
3428 2084 3495 2139 de

1905 2174 2037 2230 agro
2065 2161 2247 2216 cordis
2267 2163 2365 2229 tui,
2400 2179 2468 2218 ne
2498 2165 2734 2235 deligant
2753 2168 2807 2221 in
2841 2177 2892 2223 te
2916 2169 3054 2224 altas
3081 2173 3310 2229 radices.
3343 2174 3492 2230 Scito

1905 2253 2047 2318 quod
2098 2270 2193 2308 cor
2224 2263 2373 2309 tuum
2401 2272 2527 2326 ager
2565 2267 2650 2312 est
2691 2259 2930 2325 Domini,
2967 2265 3154 2320 excole
3185 2281 3306 2320 eum
3337 2269 3492 2324 coale-

1905 2343 2080 2398 stibus
2131 2346 2451 2416 disciplinis,
2490 2357 2542 2404 et
2585 2365 2689 2404 non
2724 2352 2872 2406 sinas
2902 2354 2954 2407 in
3003 2371 3131 2426 agro
3161 2356 3374 2412 Domini
3408 2362 3488 2412 zi-

1906 2433 2061 2486 zania
2098 2435 2379 2489 seminari.
2432 2435 2490 2490 Si
2524 2439 2688 2509 igitur
2737 2441 2918 2497 taliter
2965 2445 3292 2517 vigilaveris,
3330 2449 3491 2506 facile

1901 2525 2108 2593 poteris
2134 2527 2428 2584 ascendere
2458 2533 2525 2585 ad
2553 2516 2972 2600 perfectionem.

2485 2661 2713 2720 CAPUT
2752 2667 2884 2722 XIII.

2529 2773 2608 2828 De
2625 2776 2859 2847 jejunio.

1968 2883 2053 2939 Ad
2077 2883 2409 2956 vigilandum
2435 2895 2618 2944 autem
2647 2891 2877 2946 multum
2920 2892 3188 2965 jejunium
3218 2899 3485 2969 proderit.

1899 2971 2052 3030 Sicut
2080 2978 2226 3032 enim
2264 2977 2422 3034 miles
2463 2980 2696 3050 plurimo
2740 2997 2906 3040 onere
2950 3000 3324 3058 praegravatus
3354 3006 3486 3060 prae-

1893 3075 2131 3144 peditur,
2165 3078 2239 3132 ita
2265 3078 2565 3134 monachus
2611 3079 2680 3135 ad
2706 3080 2919 3153 vigilias
2942 3100 3064 3139 cum
3105 3103 3354 3143 escarum
3383 3091 3487 3162 lar-

208 3157 523 3213 Dominum.
575 3158 652 3213 Ne
685 3159 778 3212 tibi
838 3159 1004 3214 ullum
1040 3169 1272 3230 tempus,
1313 3161 1410 3230 fili,
1441 3165 1676 3220 otiosum
1708 3165 1791 3221 vel
1819 3160 1864 3225 C
1896 3169 2064 3238 gitate
2115 3171 2394 3240 torpescit.
2468 3171 2587 3227 Non
2608 3173 2754 3228 enim
2783 3189 3074 3244 possumus
3109 3181 3336 3250 vigilare
3359 3159 3482 3239 eum

206 3262 440 3302 vacuum
475 3256 754 3314 transeat;
791 3258 899 3303 tam
929 3250 982 3303 in
1011 3250 1201 3305 diebus
1229 3266 1394 3322 quam
1444 3252 1501 3307 in
1535 3253 1790 3309 noctibus

203 3337 436 3408 vigilare
464 3346 538 3392 -ιε
596 3339 869 3406 convenit,
913 3348 972 3394 ut
1008 3341 1380 3397 imminentem
1435 3346 1790 3400 tentationem

205 3428 421 3484 facilius
470 3431 710 3500 effugere
765 3432 961 3502 possis.
997 3431 1054 3488 Si
1092 3435 1237 3488 enim
1275 3436 1634 3506 cogitationes
1673 3453 1791 3493 sor-

205 3521 341 3576 didae
401 3521 849 3576 conturbaverint
888 3539 984 3580 eor
1035 3531 1206 3589 tuum,
1236 3527 1359 3581 etsi
1387 3535 1442 3581 te
1473 3537 1790 3584 coarctave-

206 3610 310 3664 rint
339 3611 486 3680 quod
517 3618 602 3665 est
637 3610 881 3666 illicitum
908 3623 1242 3684 perpetrare,
1278 3631 1376 3685 per
1415 3618 1690 3673 orationes
1722 3634 1787 3674 ac

207 3703 420 3773 vigilias
450 3701 790 3771 depellantur
810 3704 879 3758 ab
911 3704 1093 3759 anima
1123 3714 1236 3760 tua.
1271 3707 1458 3764 Oratio
1483 3710 1786 3764 munimen-

206 3799 312 3845 tum
369 3807 540 3862 grave
584 3800 664 3847 est
721 3791 935 3867 animae.
980 3792 1084 3848 Per
1144 3796 1416 3850 orationes
1463 3797 1784 3866 purissimas

203 3883 384 3936 omnia
410 3880 570 3936 nobis
617 3898 736 3951 quae
765 3891 892 3938 sunt
943 3885 1094 3939 utilia
1127 3885 1441 3940 tribuuntur
1465 3903 1496 3939 a
1534 3889 1779 3955 Domino,

201 3980 253 4028 et
275 3981 478 4028 cuneta
499 3988 618 4042 qua:
641 3973 800 4027 noxia
853 3984 978 4028 sunt
1004 3975 1192 4045 procul
1244 3976 1408 4031 dubio
1454 3977 1777 4049 cffugantur.

199 4063 254 4118 In
281 4075 532 4136 tempore
561 4065 872 4134 psalmodiae
899 4068 1171 4136 sapienter
1218 4069 1406 4138 psalle,
1456 4070 1552 4136 ﬁli,
1589 4082 1641 4126 et
1672 4075 1782 4144 spi-

199 4157 387 4214 ritales
450 4165 643 4212 cantus
693 4159 984 4230 vigilanter
1034 4176 1168 4216 cane
1196 4177 1380 4217 coram
1415 4163 1668 4231 Domino,
1721 4175 1782 4221 ut

200 4251 461 4306 virtutem
497 4251 830 4320 psalmorum
882 4253 1095 4311 facilius
1123 4257 1296 4327 possis
1322 4259 1623 4316 advertere.
1652 4261 1780 4317 Om-

198 4343 278 4398 nis
304 4359 548 4412 namque
585 4345 786 4400 duritia
817 4345 1000 4402 cordis
1032 4363 1219 4402 eorum
1247 4351 1533 4408 dulcedine
1571 4355 1780 4410 mollie—

199 4440 313 4502 tur;
357 4443 494 4489 tunc
523 4434 708 4490 dulces
760 4435 984 4492 habebis
1018 4435 1222 4503 fauces,
1279 4443 1624 4513 gaudensque
1650 4460 1779 4500 ean-

198 4527 333 4581 tabis
371 4544 384 4579 :
424 4525 598 4592 Quam
625 4526 805 4581 dulcia
829 4527 1074 4597 faucibus
1108 4530 1234 4584 meis
1265 4509 1472 4604 eloquia
1522 4509 1637 4599 tua,
1670 4537 1776 4589 Do-
1802 4509 1856 4568 D

198 4618 354 4683 mine,
378 4633 538 4686 super
557 4615 657 4671 mel
690 4625 739 4672 et
765 4617 942 4686 [avum
966 4619 1047 4671 ori
1067 4620 1371 4692 meo(Psal.
1402 4624 1592 4695 cxvm)
1625 4627 1636 4679 !
1669 4625 1774 4682 Sed

197 4727 293 4766 non
327 4711 540 4782 poteris
568 4711 771 4766 sentire
793 4711 935 4766 hanc
956 4712 1316 4778 dulcedinem,
1354 4716 1457 4771 nisi
1489 4732 1609 4772 cum
1636 4734 1776 4774 sum-

194 4816 271 4857 ma
301 4802 586 4873 vigilantia
614 4818 678 4858 ac
717 4803 984 4874 sapientia
1014 4807 1337 4861 cantaveris.
1371 4807 1576 4864 Fauces
1604 4811 1769 4876 enim,

190 4893 388 4964 inquit,
427 4909 612 4949 eseam
649 4895 961 4965 gustabunt,
1022 4911 1213 4952 sensus
1250 4910 1429 4952 autem
1467 4901 1629 4955 verba
1657 4902 1770 4956 dis-

192 4988 381 5042 cernit.
435 4986 588 5041 Sicut
614 4987 759 5042 enim
788 5003 855 5043 ex
901 4989 1210 5046 carnalibus
1257 4993 1398 5048 escis
1430 4993 1592 5050 alitur
1618 5012 1766 5062 caro,

190 5077 258 5133 ita
292 5088 355 5136 et
376 5079 576 5134 divinis
599 5078 829 5150 eloquiis
858 5079 1084 5136 interior
1114 5083 1276 5137 homo
1305 5086 1548 5153 pascitur
1577 5103 1642 5142 ac
1671 5107 1768 5144 nu-

191 5168 368 5225 tritur.
411 5166 519 5222 Sed
548 5167 605 5221 in
638 5168 722 5223 bis
767 5168 1019 5224 omnibus
1058 5170 1255 5240 vigiliis
1301 5175 1502 5229 sanctis
1537 5177 1764 5247 indiges,

188 5254 275 5309 ﬁli.
311 5257 416 5312 Hae
441 5265 568 5311 sunt
594 5272 828 5326 namque
872 5258 1069 5328 vigilite
1101 5260 1342 5327 inutiles,
1377 5279 1473 5332 per
1502 5282 1638 5336 quas
1670 5269 1766 5324 Iae-

187 5347 324 5403 ditur
369 5356 432 5403 et
464 5349 674 5420 deperit
701 5350 903 5414 anima,
962 5366 1082 5406 cum
1114 5353 1422 5422 vigilaverit
1465 5359 1589 5427 quis
1617 5361 1760 5416 circa

185 5444 545 5514 cogitationes
596 5445 955 5513 turpissimus,
984 5447 1071 5501 vel
1117 5449 1185 5503 ad
1221 5453 1516 5521 gerendum
1546 5466 1764 5512 contra-

188 5531 319 5588 rium
349 5532 581 5602 aliquid,
618 5533 703 5590 vel
742 5535 810 5589 ad
857 5540 1275 5606 perpetrandum
1307 5541 1537 5600 facinus.
1571 5545 1674 5603 Sed
1707 5558 1762 5605 tu

189 5623 379 5680 talibus
436 5624 626 5681 insiste
679 5625 900 5696 vigiliis,
960 5636 1020 5682 ut
1051 5631 1229 5698 possis
1258 5631 1396 5688 ellici
1425 5646 1665 5695 sanctus.
1704 5642 1758 5696 ln

186 5718 436 5774 omnibus
462 5717 670 5773 actibus
699 5725 752 5775 ct
780 5718 1020 5776 moribus
1040 5721 1146 5776 tuis
1165 5726 1412 5781 convenit
1445 5735 1494 5781 te
1519 5730 1757 5801 vigilare,

1894 3259 2060 3314 fuerit
2099 3261 2327 3331 dapibus
2379 3272 2570 3320 venter
2613 3275 2796 3320 noster
2819 3276 3080 3336 onustus;
3113 3273 3206 3326 sed
3237 3277 3484 3344 oppressi

1891 3365 2083 3407 somno
2129 3355 2456 3426 vigiliarium
2488 3356 2698 3414 fructus
2725 3361 3049 3426 amittimus,
3087 3372 3141 3417 et
3187 3368 3481 3424 maximum

1890 3443 2482 3505 detrimentumanimze
2512 3461 2714 3506 nostra:
2734 3455 3084 3522 acquirimus.
3121 3459 3327 3528 Vigiliis
3352 3479 3480 3534 ergo

1889 3532 2078 3605 ecpula
2089 3536 2386 3606 jejunium;
2429 3549 2488 3594 ut
2510 3543 2722 3596 cunctis
2747 3545 2941 3598 animae
2971 3546 3262 3601 virtutibus
3279 3532 3477 3604 ﬂorere

1886 3628 2081 3695 possis,
2106 3638 2159 3683 et
2193 3645 2320 3685 caro
2349 3640 2439 3686 tua
2467 3631 2709 3700 subjecta
2737 3634 2808 3688 sit
2829 3636 3023 3691 anima)
3046 3647 3168 3703 tuar,
3200 3651 3255 3694 et
3282 3642 3475 3694 ancilla

1887 3729 1979 3775 tua
2027 3721 2322 3777 famulctur
2350 3724 2580 3779 domina:
2607 3741 2738 3780 suae.
2785 3726 2865 3782 Ne
2892 3731 3136 3799 praebeas
3168 3733 3308 3788 vires
3355 3751 3477 3790 cor-

1883 3814 2002 3884 pori
2030 3823 2152 3879 tuo;
2188 3829 2256 3869 ne
2282 3814 2480 3870 bellum
2505 3816 2763 3872 adversus
2787 3819 3034 3888 spiritum
3058 3834 3341 3891 exerceat;
3380 3829 3473 3881 sed

1883 3921 2096 3976 semper
2130 3905 2372 3978 subjecta
2393 3907 2466 3961 sit
2499 3922 2625 3962 caro
2653 3908 2888 3977 spiritui,
2918 3920 2972 3966 et
2995 3913 3336 3985 obtemperet
3358 3917 3476 3986 jus-

1883 3996 1958 4051 sis
1981 3997 2221 4066 spiritus.
2266 3997 2385 4052 Noli
2410 3997 2720 4055 incrassare
2747 4002 3021 4068 ancillam,
3050 4021 3117 4060 ne
3142 4013 3471 4079 contemptui

1881 4089 2082 4144 habeat
2102 4091 2376 4146 dominam
2401 4107 2574 4158 suam,
2604 4095 2699 4148 sed
2723 4105 2782 4150 ut
2808 4096 2861 4150 in
2897 4101 3150 4155 omnibus
3175 4101 3290 4170 ejus
3319 4105 3472 4160 obsc-

1879 4180 2022 4248 quiis
2060 4182 2420 4252 mancipetur.
2477 4181 2822 4241 Sicutenim‘
2849 4191 3005 4259 equis
3041 4195 3342 4250 suntfrena
3367 4196 3470 4251 im-

1879 4267 2074 4337 posita,
2124 4269 2200 4323 ita
2223 4269 2552 4340 jejuniorum
2585 4273 2737 4331 frena
2773 4278 3117 4348 imponamus
3140 4289 3354 4356 corpori
3379 4306 3472 4342 nu—

1880 4366 2012 4413 stro.
2055 4359 2190 4415 Nam
2217 4367 2672 4431 quemadmodum
2705 4371 2911 4442 auriga,
2943 4373 2988 4427 si
3019 4389 3278 4443 equorum
3311 4378 3465 4434 frena

1880 4450 2163 4517 laxaverit,
2193 4457 2535 4524 rapidissimo
2555 4475 2718 4515 cursu
2749 4477 2869 4516 cum
2889 4479 2953 4517 eo
2976 4464 3028 4517 in
3049 4467 3345 4536 praecipitia
3374 4469 3467 4524 de-

1881 4542 2148 4607 feruntur,
2173 4544 2247 4600 ita
2270 4555 2324 4600 et
2352 4549 2553 4615 anima,
2579 4551 2624 4605 si
2653 4555 2864 4622 corpori
2887 4569 2986 4608 suo
3009 4571 3114 4609 non
3143 4555 3462 4627 imposuerit

1878 4633 2114 4702 frenum,
2130 4647 2355 4708 uterque
2373 4641 2440 4694 ad
2459 4641 2656 4698 inferni
2677 4646 2972 4716 praecipitia
2990 4649 3311 4705 devolvitur.
3331 4651 3464 4706 Esto

1875 4727 2240 4795 peritissimus
2266 4734 2452 4804 auriga
2481 4739 2697 4806 corpori
2723 4747 2832 4803 tuo,
2862 4748 2921 4794 ut
2947 4757 3044 4810 per
3075 4745 3348 4798 tramitem
3379 4761 3461 4802 re-

1877 4825 2021 4872 ctum
2046 4821 2222 4890 possis
2247 4838 2491 4894 pergere.
2542 4825 2692 4882 Esca:
2717 4829 2861 4883 enim
2886 4831 3131 4900 plurimm
3155 4850 3261 4888 non
3285 4836 3456 4892 solum

1876 4910 2132 4978 animam,
2163 4915 2255 4968 sed
2307 4923 2362 4970 et
2397 4931 2594 4986 corpus
2644 4927 2887 4974 nostrum
2916 4921 3207 4991 plurimum
3237 4925 3452 4983 lwdunt.

1879 4999 2033 5071 Saepe
2057 5005 2202 5058 enim
2240 5021 2337 5075 per
2364 5008 2607 5063 ciborum
2649 5010 2960 5067 aviditatem
3019 5019 3283 5073 stomachi
3313 5018 3458 5074 fran-

1875 5100 2076 5160 guntur
2130 5093 2302 5160 vires;
2358 5111 2458 5150 nec
2507 5113 2612 5152 non
2651 5100 3037 5155 alundantiam
3085 5105 3362 5175 sanguinis
3400 5119 3456 5165 et

1875 5182 2212 5238 cholerarum
2243 5187 2588 5256 aegritudines
2612 5188 2870 5258 plurimas
2897 5208 2992 5261 per
3015 5209 3262 5250 escarum
3291 5197 3453 5272 largi-

1875 5277 2036 5324 tatem
2065 5275 2412 5343 perpetimur.
2440 5276 2590 5330 Sicut
2610 5280 2753 5333 cnim
2776 5279 2878 5335 ista
2893 5293 3017 5339 sunt
3039 5287 3236 5344 anima:
3257 5298 3312 5345 et
3331 5307 3452 5348 cor-

1870 5363 1988 5432 pori
2013 5367 2306 5432 contraria,
2332 5368 2404 5421 ita
2434 5370 2596 5425 etiam
2621 5374 2840 5430 medela:
2863 5385 2989 5432 sunt
3010 5381 3291 5453 utriusque
3315 5393 3450 5442 tem-

1866 5463 2052 5523 perata
2075 5455 2300 5526 jejunia.
2356 5458 2628 5526 Quantum
2658 5480 2786 5520 vero
2833 5483 3120 5537 possumus
3144 5475 3328 5532 mundi
3355 5479 3448 5534 de-

1864 5546 2020 5603 licias
2047 5557 2104 5603 et
2127 5549 2365 5604 ciborum
2407 5553 2737 5622 opulentiam
2792 5557 3079 5631 fugiamus,
3136 5581 3204 5621 ne
3229 5572 3444 5638 quando

1862 5642 2088 5696 cruciati
2118 5643 2171 5696 in
2202 5641 2415 5698 flamma
2439 5654 2643 5716 guttam
2675 5666 2826 5720 aqum
2852 5668 3180 5726 quaeramus,
3230 5675 3328 5716 nec
3353 5676 3438 5717 rc-

1866 5735 2141 5804 frigcrium
2179 5752 2593 5820 consequamur.
