  <div class='ocr_page' id='page_1' title='image "/cluster/home/n/w/nwhite01/storage/ocr_20150623/103/hvd.32044054759691/353.png"; bbox 0 0 3974 6192; ppageno 0'>
   <div class='ocr_carea' id='block_1_1' title="bbox 468 306 573 364">
    <p class='ocr_par' dir='ltr' id='par_1_1' title="bbox 468 306 573 364">
     <span class='ocr_line' id='line_1_1' title="bbox 468 306 573 364; baseline -0.029 0"><span class='ocrx_word' id='word_1_1' title='bbox 468 306 573 364; x_wconf 73' lang='lat' dir='ltr'><strong>69S</strong></span> 
     </span>
    </p>
   </div>
   <div class='ocr_carea' id='block_1_2' title="bbox 1065 414 1471 471">
    <p class='ocr_par' dir='ltr' id='par_1_2' title="bbox 1065 414 1471 471">
     <span class='ocr_line' id='line_1_2' title="bbox 1065 414 1471 471; baseline -0.005 -1"><span class='ocrx_word' id='word_1_2' title='bbox 1065 414 1294 471; x_wconf 74' lang='lat' dir='ltr'><strong>CAPUT</strong></span> <span class='ocrx_word' id='word_1_3' title='bbox 1334 414 1471 470; x_wconf 83' lang='lat' dir='ltr'><strong>XIV.</strong></span> 
     </span>
    </p>
   </div>
   <div class='ocr_carea' id='block_1_3' title="bbox 953 506 1572 577">
    <p class='ocr_par' dir='ltr' id='par_1_3' title="bbox 953 506 1572 577">
     <span class='ocr_line' id='line_1_3' title="bbox 953 506 1572 577; baseline -0.002 -15"><span class='ocrx_word' id='word_1_4' title='bbox 953 507 1030 562; x_wconf 85' lang='lat' dir='ltr'><strong>De</strong></span> <span class='ocrx_word' id='word_1_5' title='bbox 1056 506 1274 577; x_wconf 80' lang='lat' dir='ltr'><strong>crapula</strong></span> <span class='ocrx_word' id='word_1_6' title='bbox 1300 506 1572 577; x_wconf 79' lang='lat' dir='ltr'><strong>fugienda.</strong></span> 
     </span>
    </p>
   </div>
   <div class='ocr_carea' id='block_1_4' title="bbox 540 597 2049 673">
    <p class='ocr_par' dir='ltr' id='par_1_4' title="bbox 540 597 2049 673">
     <span class='ocr_line' id='line_1_4' title="bbox 540 597 2049 673; baseline -0.004 -15"><span class='ocrx_word' id='word_1_7' title='bbox 540 602 834 673; x_wconf 81' lang='lat' dir='ltr'><strong>Fugiamus</strong></span> <span class='ocrx_word' id='word_1_8' title='bbox 876 597 1215 663; x_wconf 73' lang='lat' dir='ltr'><strong>ebrietatem,</strong></span> <span class='ocrx_word' id='word_1_9' title='bbox 1245 613 1311 653; x_wconf 88' lang='lat' dir='ltr'><strong>ne</strong></span> <span class='ocrx_word' id='word_1_10' title='bbox 1349 598 1405 652; x_wconf 90' lang='lat' dir='ltr'><strong>in</strong></span> <span class='ocrx_word' id='word_1_11' title='bbox 1448 598 1584 653; x_wconf 85' lang='lat' dir='ltr'><strong>retia</strong></span> <span class='ocrx_word' id='word_1_12' title='bbox 1616 597 1842 653; x_wconf 79' lang='lat' dir='ltr'><strong>luxuria:</strong></span> <span class='ocrx_word' id='word_1_13' title='bbox 1868 598 2049 653; x_wconf 87' lang='lat' dir='ltr'><strong>incur-</strong></span> 
     </span>
    </p>
   </div>
   <div class='ocr_carea' id='block_1_5' title="bbox 474 687 2046 746">
    <p class='ocr_par' dir='ltr' id='par_1_5' title="bbox 474 687 2046 746">
     <span class='ocr_line' id='line_1_5' title="bbox 474 687 2046 746; baseline -0.004 0"><span class='ocrx_word' id='word_1_14' title='bbox 474 708 673 746; x_wconf 87' lang='lat' dir='ltr'><strong>ramus.</strong></span> <span class='ocrx_word' id='word_1_15' title='bbox 714 689 910 745; x_wconf 80' lang='lat' dir='ltr'><strong>Vinum</strong></span> <span class='ocrx_word' id='word_1_16' title='bbox 937 688 1079 743; x_wconf 90' lang='lat' dir='ltr'><strong>enim</strong></span> <span class='ocrx_word' id='word_1_17' title='bbox 1103 688 1260 743; x_wconf 90' lang='lat' dir='ltr'><strong>nobis</strong></span> <span class='ocrx_word' id='word_1_18' title='bbox 1285 687 1545 743; x_wconf 87' lang='lat' dir='ltr'><strong>Dominus</strong></span> <span class='ocrx_word' id='word_1_19' title='bbox 1568 687 1636 743; x_wconf 89' lang='lat' dir='ltr'><strong>ad</strong></span> <span class='ocrx_word' id='word_1_20' title='bbox 1664 688 1907 744; x_wconf 65' lang='lat' dir='ltr'><strong>laetitiam</strong></span> <span class='ocrx_word' id='word_1_21' title='bbox 1927 703 2046 742; x_wconf 89' lang='lat' dir='ltr'><strong>cor-</strong></span> 
     </span>
    </p>
   </div>
   <div class='ocr_carea' id='block_1_6' title="bbox 471 777 2046 848">
    <p class='ocr_par' dir='ltr' id='par_1_6' title="bbox 471 777 2046 848">
     <span class='ocr_line' id='line_1_6' title="bbox 471 777 2046 848; baseline -0.006 -9"><span class='ocrx_word' id='word_1_22' title='bbox 471 786 577 848; x_wconf 85' lang='lat' dir='ltr'><strong>dis,</strong></span> <span class='ocrx_word' id='word_1_23' title='bbox 609 796 716 836; x_wconf 91' lang='lat' dir='ltr'><strong>non</strong></span> <span class='ocrx_word' id='word_1_24' title='bbox 748 777 817 833; x_wconf 90' lang='lat' dir='ltr'><strong>ad</strong></span> <span class='ocrx_word' id='word_1_25' title='bbox 867 778 1190 833; x_wconf 74' lang='lat' dir='ltr'><strong>ebrietatem</strong></span> <span class='ocrx_word' id='word_1_26' title='bbox 1224 778 1468 842; x_wconf 88' lang='lat' dir='ltr'><strong>creavit;</strong></span> <span class='ocrx_word' id='word_1_27' title='bbox 1502 793 1609 833; x_wconf 91' lang='lat' dir='ltr'><strong>non</strong></span> <span class='ocrx_word' id='word_1_28' title='bbox 1639 784 1896 846; x_wconf 88' lang='lat' dir='ltr'><strong>quantum</strong></span> <span class='ocrx_word' id='word_1_29' title='bbox 1924 777 2046 847; x_wconf 90' lang='lat' dir='ltr'><strong>gula</strong></span> 
     </span>
    </p>
   </div>
   <div class='ocr_carea' id='block_1_7' title="bbox 472 869 2045 945">
    <p class='ocr_par' dir='ltr' id='par_1_7' title="bbox 472 869 2045 945">
     <span class='ocr_line' id='line_1_7' title="bbox 472 869 2045 945; baseline -0.004 -17"><span class='ocrx_word' id='word_1_30' title='bbox 472 873 659 945; x_wconf 75' lang='lat' dir='ltr'><strong>exigit,</strong></span> <span class='ocrx_word' id='word_1_31' title='bbox 716 871 812 926; x_wconf 87' lang='lat' dir='ltr'><strong>sed</strong></span> <span class='ocrx_word' id='word_1_32' title='bbox 853 876 1117 940; x_wconf 83' lang='lat' dir='ltr'><strong>quantum</strong></span> <span class='ocrx_word' id='word_1_33' title='bbox 1156 877 1362 923; x_wconf 81' lang='lat' dir='ltr'><strong>naturae</strong></span> <span class='ocrx_word' id='word_1_34' title='bbox 1399 869 1738 932; x_wconf 66' lang='lat' dir='ltr'><strong>imbecillitas</strong></span> <span class='ocrx_word' id='word_1_35' title='bbox 1788 869 2045 938; x_wconf 76' lang='lat' dir='ltr'><strong>postulat.</strong></span> 
     </span>
    </p>
   </div>
   <div class='ocr_carea' id='block_1_8' title="bbox 476 958 2045 1034">
    <p class='ocr_par' dir='ltr' id='par_1_8' title="bbox 476 958 2045 1034">
     <span class='ocr_line' id='line_1_8' title="bbox 476 958 2045 1034; baseline -0.003 -16"><span class='ocrx_word' id='word_1_36' title='bbox 476 962 849 1034; x_wconf 75' lang='lat' dir='ltr'><strong>EtApostolus</strong></span> <span class='ocrx_word' id='word_1_37' title='bbox 903 961 1188 1015; x_wconf 85' lang='lat' dir='ltr'><strong>Timotheo</strong></span> <span class='ocrx_word' id='word_1_38' title='bbox 1241 959 1453 1014; x_wconf 89' lang='lat' dir='ltr'><strong>modico</strong></span> <span class='ocrx_word' id='word_1_39' title='bbox 1504 958 1748 1028; x_wconf 71' lang='lat' dir='ltr'><strong>przecipit</strong></span> <span class='ocrx_word' id='word_1_40' title='bbox 1773 958 1851 1012; x_wconf 92' lang='lat' dir='ltr'><strong>uti</strong></span> <span class='ocrx_word' id='word_1_41' title='bbox 1880 958 2045 1026; x_wconf 86' lang='lat' dir='ltr'><strong>vino;</strong></span> 
     </span>
    </p>
   </div>
   <div class='ocr_carea' id='block_1_9' title="bbox 472 1050 2050 1126">
    <p class='ocr_par' dir='ltr' id='par_1_9' title="bbox 472 1050 2050 1126">
     <span class='ocr_line' id='line_1_9' title="bbox 472 1050 2050 1126; baseline -0.002 -17"><span class='ocrx_word' id='word_1_42' title='bbox 472 1067 527 1110; x_wconf 76' lang='lat' dir='ltr'><strong>et</strong></span> <span class='ocrx_word' id='word_1_43' title='bbox 556 1059 660 1112; x_wconf 89' lang='lat' dir='ltr'><strong>hoc</strong></span> <span class='ocrx_word' id='word_1_44' title='bbox 692 1063 914 1126; x_wconf 87' lang='lat' dir='ltr'><strong>propter</strong></span> <span class='ocrx_word' id='word_1_45' title='bbox 963 1053 1206 1107; x_wconf 82' lang='lat' dir='ltr'><strong>dolorem</strong></span> <span class='ocrx_word' id='word_1_46' title='bbox 1262 1050 1546 1115; x_wconf 83' lang='lat' dir='ltr'><strong>stomachi,</strong></span> <span class='ocrx_word' id='word_1_47' title='bbox 1579 1058 1634 1105; x_wconf 90' lang='lat' dir='ltr'><strong>et</strong></span> <span class='ocrx_word' id='word_1_48' title='bbox 1674 1058 1897 1121; x_wconf 84' lang='lat' dir='ltr'><strong>prepter</strong></span> <span class='ocrx_word' id='word_1_49' title='bbox 1933 1050 2050 1121; x_wconf 84' lang='lat' dir='ltr'><strong>ejus</strong></span> 
     </span>
    </p>
   </div>
   <div class='ocr_carea' id='block_1_10' title="bbox 476 1140 2051 1217">
    <p class='ocr_par' dir='ltr' id='par_1_10' title="bbox 476 1140 2051 1217">
     <span class='ocr_line' id='line_1_10' title="bbox 476 1140 2051 1217; baseline -0.004 -16"><span class='ocrx_word' id='word_1_50' title='bbox 476 1146 940 1217; x_wconf 80' lang='lat' dir='ltr'><strong>frequentissimas</strong></span> <span class='ocrx_word' id='word_1_51' title='bbox 991 1143 1337 1199; x_wconf 77' lang='lat' dir='ltr'><strong>infirmitates</strong></span> <span class='ocrx_word' id='word_1_52' title='bbox 1388 1141 1441 1211; x_wconf 90' lang='lat' dir='ltr'><strong>(I</strong></span> <span class='ocrx_word' id='word_1_53' title='bbox 1474 1141 1606 1196; x_wconf 85' lang='lat' dir='ltr'><strong>Tim.</strong></span> <span class='ocrx_word' id='word_1_54' title='bbox 1633 1142 1710 1214; x_wconf 93' lang='lat' dir='ltr'><strong>v).</strong></span> <span class='ocrx_word' id='word_1_55' title='bbox 1772 1140 1850 1197; x_wconf 89' lang='lat' dir='ltr'><strong>Ne</strong></span> <span class='ocrx_word' id='word_1_56' title='bbox 1882 1141 2051 1212; x_wconf 80' lang='lat' dir='ltr'><strong>igitur</strong></span> 
     </span>
    </p>
   </div>
   <div class='ocr_carea' id='block_1_11' title="bbox 475 1231 2049 1308">
    <p class='ocr_par' dir='ltr' id='par_1_11' title="bbox 475 1231 2049 1308">
     <span class='ocr_line' id='line_1_11' title="bbox 475 1231 2049 1308; baseline -0.006 -15"><span class='ocrx_word' id='word_1_57' title='bbox 475 1255 574 1293; x_wconf 88' lang='lat' dir='ltr'><strong>nos</strong></span> <span class='ocrx_word' id='word_1_58' title='bbox 605 1237 748 1308; x_wconf 87' lang='lat' dir='ltr'><strong>quod</strong></span> <span class='ocrx_word' id='word_1_59' title='bbox 778 1237 847 1290; x_wconf 89' lang='lat' dir='ltr'><strong>ad</strong></span> <span class='ocrx_word' id='word_1_60' title='bbox 873 1233 1141 1289; x_wconf 87' lang='lat' dir='ltr'><strong>medelam</strong></span> <span class='ocrx_word' id='word_1_61' title='bbox 1164 1232 1408 1301; x_wconf 88' lang='lat' dir='ltr'><strong>corporis</strong></span> <span class='ocrx_word' id='word_1_62' title='bbox 1447 1231 1616 1286; x_wconf 89' lang='lat' dir='ltr'><strong>nostri</strong></span> <span class='ocrx_word' id='word_1_63' title='bbox 1659 1232 1916 1287; x_wconf 88' lang='lat' dir='ltr'><strong>tributum</strong></span> <span class='ocrx_word' id='word_1_64' title='bbox 1942 1239 2049 1295; x_wconf 91' lang='lat' dir='ltr'><strong>est,</strong></span> 
     </span>
    </p>
   </div>
   <div class='ocr_carea' id='block_1_12' title="bbox 475 1322 2051 1399">
    <p class='ocr_par' dir='ltr' id='par_1_12' title="bbox 475 1322 2051 1399">
     <span class='ocr_line' id='line_1_12' title="bbox 475 1322 2051 1399; baseline -0.006 -14"><span class='ocrx_word' id='word_1_65' title='bbox 475 1331 540 1385; x_wconf 87' lang='lat' dir='ltr'><strong>ad</strong></span> <span class='ocrx_word' id='word_1_66' title='bbox 562 1328 856 1399; x_wconf 88' lang='lat' dir='ltr'><strong>perniciem</strong></span> <span class='ocrx_word' id='word_1_67' title='bbox 878 1327 1214 1395; x_wconf 79' lang='lat' dir='ltr'><strong>deputemus.</strong></span> <span class='ocrx_word' id='word_1_68' title='bbox 1242 1323 1468 1378; x_wconf 86' lang='lat' dir='ltr'><strong>Plurimi</strong></span> <span class='ocrx_word' id='word_1_69' title='bbox 1495 1337 1729 1391; x_wconf 83' lang='lat' dir='ltr'><strong>namque</strong></span> <span class='ocrx_word' id='word_1_70' title='bbox 1756 1322 2051 1379; x_wconf 75' lang='lat' dir='ltr'><strong>maximam</strong></span> 
     </span>
    </p>
   </div>
   <div class='ocr_carea' id='block_1_13' title="bbox 473 1417 2054 1490">
    <p class='ocr_par' dir='ltr' id='par_1_13' title="bbox 473 1417 2054 1490">
     <span class='ocr_line' id='line_1_13' title="bbox 473 1417 2054 1490; baseline -0.004 -18"><span class='ocrx_word' id='word_1_71' title='bbox 473 1437 569 1490; x_wconf 85' lang='lat' dir='ltr'><strong>per</strong></span> <span class='ocrx_word' id='word_1_72' title='bbox 593 1422 776 1474; x_wconf 87' lang='lat' dir='ltr'><strong>vinum</strong></span> <span class='ocrx_word' id='word_1_73' title='bbox 807 1417 1137 1473; x_wconf 82' lang='lat' dir='ltr'><strong>debilitatem</strong></span> <span class='ocrx_word' id='word_1_74' title='bbox 1171 1422 1579 1479; x_wconf 82' lang='lat' dir='ltr'><strong>contraxerunt,</strong></span> <span class='ocrx_word' id='word_1_75' title='bbox 1633 1428 1736 1469; x_wconf 88' lang='lat' dir='ltr'><strong>nec</strong></span> <span class='ocrx_word' id='word_1_76' title='bbox 1760 1420 2054 1483; x_wconf 90' lang='lat' dir='ltr'><strong>potuerunt</strong></span> 
     </span>
    </p>
   </div>
   <div class='ocr_carea' id='block_1_14' title="bbox 474 1501 2052 1577">
    <p class='ocr_par' dir='ltr' id='par_1_14' title="bbox 474 1501 2052 1577">
     <span class='ocr_line' id='line_1_14' title="bbox 474 1501 2052 1577; baseline -0.005 -13"><span class='ocrx_word' id='word_1_77' title='bbox 474 1508 729 1577; x_wconf 86' lang='lat' dir='ltr'><strong>consequi</strong></span> <span class='ocrx_word' id='word_1_78' title='bbox 771 1507 1055 1577; x_wconf 88' lang='lat' dir='ltr'><strong>pristinam</strong></span> <span class='ocrx_word' id='word_1_79' title='bbox 1120 1503 1456 1570; x_wconf 86' lang='lat' dir='ltr'><strong>ﬁrmitatem,</strong></span> <span class='ocrx_word' id='word_1_80' title='bbox 1509 1502 1601 1574; x_wconf 89' lang='lat' dir='ltr'><strong>qui</strong></span> <span class='ocrx_word' id='word_1_81' title='bbox 1630 1502 1869 1573; x_wconf 87' lang='lat' dir='ltr'><strong>primum</strong></span> <span class='ocrx_word' id='word_1_82' title='bbox 1916 1501 2052 1572; x_wconf 76' lang='lat' dir='ltr'><strong>gula:</strong></span> 
     </span>
    </p>
   </div>
   <div class='ocr_carea' id='block_1_15' title="bbox 475 1591 2052 1666">
    <p class='ocr_par' dir='ltr' id='par_1_15' title="bbox 475 1591 2052 1666">
     <span class='ocr_line' id='line_1_15' title="bbox 475 1591 2052 1666; baseline -0.006 -12"><span class='ocrx_word' id='word_1_83' title='bbox 475 1616 581 1654; x_wconf 87' lang='lat' dir='ltr'><strong>non</strong></span> <span class='ocrx_word' id='word_1_84' title='bbox 634 1602 1077 1666; x_wconf 88' lang='lat' dir='ltr'><strong>temperaverunt</strong></span> <span class='ocrx_word' id='word_1_85' title='bbox 1114 1594 1387 1650; x_wconf 88' lang='lat' dir='ltr'><strong>ardorem.</strong></span> <span class='ocrx_word' id='word_1_86' title='bbox 1442 1592 1693 1662; x_wconf 86' lang='lat' dir='ltr'><strong>Plerique</strong></span> <span class='ocrx_word' id='word_1_87' title='bbox 1729 1606 1826 1662; x_wconf 91' lang='lat' dir='ltr'><strong>per</strong></span> <span class='ocrx_word' id='word_1_88' title='bbox 1866 1591 2052 1645; x_wconf 88' lang='lat' dir='ltr'><strong>vinum</strong></span> 
     </span>
    </p>
   </div>
   <div class='ocr_carea' id='block_1_16' title="bbox 473 1689 2053 1758">
    <p class='ocr_par' dir='ltr' id='par_1_16' title="bbox 473 1689 2053 1758">
     <span class='ocr_line' id='line_1_16' title="bbox 473 1689 2053 1758; baseline -0.006 -12"><span class='ocrx_word' id='word_1_89' title='bbox 473 1691 822 1746; x_wconf 82' lang='lat' dir='ltr'><strong>homicidium</strong></span> <span class='ocrx_word' id='word_1_90' title='bbox 857 1694 1333 1758; x_wconf 87' lang='lat' dir='ltr'><strong>perpetraverunt,</strong></span> <span class='ocrx_word' id='word_1_91' title='bbox 1362 1700 1462 1740; x_wconf 90' lang='lat' dir='ltr'><strong>nec</strong></span> <span class='ocrx_word' id='word_1_92' title='bbox 1506 1689 1679 1756; x_wconf 80' lang='lat' dir='ltr'><strong>ipsam</strong></span> <span class='ocrx_word' id='word_1_93' title='bbox 1705 1691 1933 1740; x_wconf 90' lang='lat' dir='ltr'><strong>mortem</strong></span> <span class='ocrx_word' id='word_1_94' title='bbox 1966 1698 2053 1737; x_wconf 90' lang='lat' dir='ltr'><strong>re-</strong></span> 
     </span>
    </p>
   </div>
   <div class='ocr_carea' id='block_1_17' title="bbox 476 1772 2048 1849">
    <p class='ocr_par' dir='ltr' id='par_1_17' title="bbox 476 1772 2048 1849">
     <span class='ocr_line' id='line_1_17' title="bbox 476 1772 2048 1849; baseline -0.01 -10"><span class='ocrx_word' id='word_1_95' title='bbox 476 1790 824 1840; x_wconf 86' lang='lat' dir='ltr'><strong>cusaverunt.</strong></span> <span class='ocrx_word' id='word_1_96' title='bbox 850 1779 955 1835; x_wconf 90' lang='lat' dir='ltr'><strong>Alii</strong></span> <span class='ocrx_word' id='word_1_97' title='bbox 986 1794 1083 1849; x_wconf 87' lang='lat' dir='ltr'><strong>per</strong></span> <span class='ocrx_word' id='word_1_98' title='bbox 1106 1777 1289 1832; x_wconf 89' lang='lat' dir='ltr'><strong>vinum</strong></span> <span class='ocrx_word' id='word_1_99' title='bbox 1318 1791 1349 1829; x_wconf 90' lang='lat' dir='ltr'><strong>a</strong></span> <span class='ocrx_word' id='word_1_100' title='bbox 1380 1774 1716 1829; x_wconf 70' lang='lat' dir='ltr'><strong>dmmonibus</strong></span> <span class='ocrx_word' id='word_1_101' title='bbox 1737 1772 1879 1842; x_wconf 86' lang='lat' dir='ltr'><strong>capti</strong></span> <span class='ocrx_word' id='word_1_102' title='bbox 1903 1779 2048 1839; x_wconf 90' lang='lat' dir='ltr'><strong>sunt,</strong></span> 
     </span>
    </p>
   </div>
   <div class='ocr_carea' id='block_1_18' title="bbox 474 1863 2049 1937">
    <p class='ocr_par' dir='ltr' id='par_1_18' title="bbox 474 1863 2049 1937">
     <span class='ocr_line' id='line_1_18' title="bbox 474 1863 2049 1937; baseline -0.006 -8"><span class='ocrx_word' id='word_1_103' title='bbox 474 1890 574 1930; x_wconf 89' lang='lat' dir='ltr'><strong>nec</strong></span> <span class='ocrx_word' id='word_1_104' title='bbox 612 1881 696 1929; x_wconf 91' lang='lat' dir='ltr'><strong>est</strong></span> <span class='ocrx_word' id='word_1_105' title='bbox 745 1871 891 1926; x_wconf 86' lang='lat' dir='ltr'><strong>aliud</strong></span> <span class='ocrx_word' id='word_1_106' title='bbox 949 1869 1187 1926; x_wconf 82' lang='lat' dir='ltr'><strong>ebrietas</strong></span> <span class='ocrx_word' id='word_1_107' title='bbox 1234 1881 1398 1937; x_wconf 90' lang='lat' dir='ltr'><strong>quam</strong></span> <span class='ocrx_word' id='word_1_108' title='bbox 1436 1864 1911 1922; x_wconf 86' lang='lat' dir='ltr'><strong>manifestissimus</strong></span> <span class='ocrx_word' id='word_1_109' title='bbox 1939 1863 2049 1919; x_wconf 71' lang='lat' dir='ltr'><strong>da:—</strong></span> 
     </span>
    </p>
   </div>
   <div class='ocr_carea' id='block_1_19' title="bbox 476 1955 2055 2032">
    <p class='ocr_par' dir='ltr' id='par_1_19' title="bbox 476 1955 2055 2032">
     <span class='ocr_line' id='line_1_19' title="bbox 476 1955 2055 2032; baseline -0.007 -13"><span class='ocrx_word' id='word_1_110' title='bbox 476 1980 623 2020; x_wconf 88' lang='lat' dir='ltr'><strong>mon.</strong></span> <span class='ocrx_word' id='word_1_111' title='bbox 655 1963 913 2018; x_wconf 84' lang='lat' dir='ltr'><strong>Ebriosus</strong></span> <span class='ocrx_word' id='word_1_112' title='bbox 935 1967 1089 2032; x_wconf 84' lang='lat' dir='ltr'><strong>putat</strong></span> <span class='ocrx_word' id='word_1_113' title='bbox 1115 1972 1175 2012; x_wconf 91' lang='lat' dir='ltr'><strong>se</strong></span> <span class='ocrx_word' id='word_1_114' title='bbox 1203 1956 1329 2012; x_wconf 93' lang='lat' dir='ltr'><strong>boni</strong></span> <span class='ocrx_word' id='word_1_115' title='bbox 1363 1955 1564 2025; x_wconf 88' lang='lat' dir='ltr'><strong>aliquid</strong></span> <span class='ocrx_word' id='word_1_116' title='bbox 1593 1970 1756 2026; x_wconf 87' lang='lat' dir='ltr'><strong>agere</strong></span> <span class='ocrx_word' id='word_1_117' title='bbox 1801 1970 1922 2008; x_wconf 89' lang='lat' dir='ltr'><strong>cum</strong></span> <span class='ocrx_word' id='word_1_118' title='bbox 1957 1969 2055 2024; x_wconf 90' lang='lat' dir='ltr'><strong>per</strong></span> 
     </span>
    </p>
   </div>
   <div class='ocr_carea' id='block_1_20' title="bbox 472 2044 2056 2127">
    <p class='ocr_par' dir='ltr' id='par_1_20' title="bbox 472 2044 2056 2127">
     <span class='ocr_line' id='line_1_20' title="bbox 472 2044 2056 2127; baseline -0.009 -17"><span class='ocrx_word' id='word_1_119' title='bbox 472 2054 774 2127; x_wconf 66' lang='lat' dir='ltr'><strong>praecipitia</strong></span> <span class='ocrx_word' id='word_1_120' title='bbox 802 2051 1086 2107; x_wconf 81' lang='lat' dir='ltr'><strong>devolutus</strong></span> <span class='ocrx_word' id='word_1_121' title='bbox 1112 2048 1298 2102; x_wconf 86' lang='lat' dir='ltr'><strong>fuerit.</strong></span> <span class='ocrx_word' id='word_1_122' title='bbox 1352 2046 1457 2101; x_wconf 88' lang='lat' dir='ltr'><strong>Per</strong></span> <span class='ocrx_word' id='word_1_123' title='bbox 1493 2044 1847 2100; x_wconf 85' lang='lat' dir='ltr'><strong>vinolentiam</strong></span> <span class='ocrx_word' id='word_1_124' title='bbox 1878 2059 2056 2098; x_wconf 90' lang='lat' dir='ltr'><strong>arma-</strong></span> 
     </span>
    </p>
   </div>
   <div class='ocr_carea' id='block_1_21' title="bbox 475 2133 2056 2206">
    <p class='ocr_par' dir='ltr' id='par_1_21' title="bbox 475 2133 2056 2206">
     <span class='ocr_line' id='line_1_21' title="bbox 475 2133 2056 2206; baseline -0.008 -7"><span class='ocrx_word' id='word_1_125' title='bbox 475 2154 565 2200; x_wconf 88' lang='lat' dir='ltr'><strong>tur</strong></span> <span class='ocrx_word' id='word_1_126' title='bbox 590 2159 655 2198; x_wconf 86' lang='lat' dir='ltr'><strong>os</strong></span> <span class='ocrx_word' id='word_1_127' title='bbox 683 2142 751 2196; x_wconf 88' lang='lat' dir='ltr'><strong>ad</strong></span> <span class='ocrx_word' id='word_1_128' title='bbox 780 2140 1071 2196; x_wconf 88' lang='lat' dir='ltr'><strong>maledicta</strong></span> <span class='ocrx_word' id='word_1_129' title='bbox 1097 2147 1152 2194; x_wconf 88' lang='lat' dir='ltr'><strong>et</strong></span> <span class='ocrx_word' id='word_1_130' title='bbox 1181 2137 1427 2193; x_wconf 89' lang='lat' dir='ltr'><strong>convicia</strong></span> <span class='ocrx_word' id='word_1_131' title='bbox 1457 2136 1851 2206; x_wconf 80' lang='lat' dir='ltr'><strong>proximorum,</strong></span> <span class='ocrx_word' id='word_1_132' title='bbox 1881 2143 1936 2188; x_wconf 90' lang='lat' dir='ltr'><strong>et</strong></span> <span class='ocrx_word' id='word_1_133' title='bbox 1961 2133 2056 2187; x_wconf 84' lang='lat' dir='ltr'><strong>im-</strong></span> 
     </span>
    </p>
   </div>
   <div class='ocr_carea' id='block_1_22' title="bbox 474 2225 2055 2302">
    <p class='ocr_par' dir='ltr' id='par_1_22' title="bbox 474 2225 2055 2302">
     <span class='ocr_line' id='line_1_22' title="bbox 474 2225 2055 2302; baseline -0.006 -13"><span class='ocrx_word' id='word_1_134' title='bbox 474 2243 718 2289; x_wconf 87' lang='lat' dir='ltr'><strong>mutatur</strong></span> <span class='ocrx_word' id='word_1_135' title='bbox 741 2247 913 2296; x_wconf 90' lang='lat' dir='ltr'><strong>mens,</strong></span> <span class='ocrx_word' id='word_1_136' title='bbox 943 2240 998 2285; x_wconf 92' lang='lat' dir='ltr'><strong>et</strong></span> <span class='ocrx_word' id='word_1_137' title='bbox 1019 2231 1199 2302; x_wconf 80' lang='lat' dir='ltr'><strong>lingua</strong></span> <span class='ocrx_word' id='word_1_138' title='bbox 1228 2228 1478 2286; x_wconf 85' lang='lat' dir='ltr'><strong>balbutit.</strong></span> <span class='ocrx_word' id='word_1_139' title='bbox 1501 2227 1692 2294; x_wconf 65' lang='lat' dir='ltr'><strong>Quaeso</strong></span> <span class='ocrx_word' id='word_1_140' title='bbox 1718 2226 1843 2295; x_wconf 89' lang='lat' dir='ltr'><strong>quid</strong></span> <span class='ocrx_word' id='word_1_141' title='bbox 1875 2225 2055 2279; x_wconf 87' lang='lat' dir='ltr'><strong>minus</strong></span> 
     </span>
    </p>
   </div>
   <div class='ocr_carea' id='block_1_23' title="bbox 476 2315 2055 2394">
    <p class='ocr_par' dir='ltr' id='par_1_23' title="bbox 476 2315 2055 2394">
     <span class='ocr_line' id='line_1_23' title="bbox 476 2315 2055 2394; baseline -0.006 -15"><span class='ocrx_word' id='word_1_142' title='bbox 476 2316 708 2380; x_wconf 83' lang='lat' dir='ltr'><strong>habetur</strong></span> <span class='ocrx_word' id='word_1_143' title='bbox 728 2338 890 2394; x_wconf 90' lang='lat' dir='ltr'><strong>quam</strong></span> <span class='ocrx_word' id='word_1_144' title='bbox 916 2321 1238 2377; x_wconf 66' lang='lat' dir='ltr'><strong>dmmonium</strong></span> <span class='ocrx_word' id='word_1_145' title='bbox 1258 2319 1539 2375; x_wconf 87' lang='lat' dir='ltr'><strong>ebrietas?</strong></span> <span class='ocrx_word' id='word_1_146' title='bbox 1570 2315 1886 2386; x_wconf 83' lang='lat' dir='ltr'><strong>Huiusmodi</strong></span> <span class='ocrx_word' id='word_1_147' title='bbox 1908 2316 2055 2370; x_wconf 88' lang='lat' dir='ltr'><strong>enim</strong></span> 
     </span>
    </p>
   </div>
   <div class='ocr_carea' id='block_1_24' title="bbox 475 2407 2052 2485">
    <p class='ocr_par' dir='ltr' id='par_1_24' title="bbox 475 2407 2052 2485">
     <span class='ocr_line' id='line_1_24' title="bbox 475 2407 2052 2485; baseline -0.007 -13"><span class='ocrx_word' id='word_1_148' title='bbox 475 2417 562 2472; x_wconf 88' lang='lat' dir='ltr'><strong>vir</strong></span> <span class='ocrx_word' id='word_1_149' title='bbox 587 2432 711 2470; x_wconf 86' lang='lat' dir='ltr'><strong>cum</strong></span> <span class='ocrx_word' id='word_1_150' title='bbox 740 2431 797 2470; x_wconf 90' lang='lat' dir='ltr'><strong>se</strong></span> <span class='ocrx_word' id='word_1_151' title='bbox 822 2421 975 2485; x_wconf 87' lang='lat' dir='ltr'><strong>putat</strong></span> <span class='ocrx_word' id='word_1_152' title='bbox 1005 2412 1213 2477; x_wconf 89' lang='lat' dir='ltr'><strong>bibere,</strong></span> <span class='ocrx_word' id='word_1_153' title='bbox 1243 2411 1466 2467; x_wconf 89' lang='lat' dir='ltr'><strong>bibitur.</strong></span> <span class='ocrx_word' id='word_1_154' title='bbox 1501 2407 1655 2465; x_wconf 90' lang='lat' dir='ltr'><strong>Sicut</strong></span> <span class='ocrx_word' id='word_1_155' title='bbox 1681 2409 1828 2464; x_wconf 87' lang='lat' dir='ltr'><strong>enim</strong></span> <span class='ocrx_word' id='word_1_156' title='bbox 1866 2407 2052 2477; x_wconf 81' lang='lat' dir='ltr'><strong>piscis,</strong></span> 
     </span>
    </p>
   </div>
   <div class='ocr_carea' id='block_1_25' title="bbox 476 2499 2058 2572">
    <p class='ocr_par' dir='ltr' id='par_1_25' title="bbox 476 2499 2058 2572">
     <span class='ocr_line' id='line_1_25' title="bbox 476 2499 2058 2572; baseline -0.009 -9"><span class='ocrx_word' id='word_1_157' title='bbox 476 2522 601 2563; x_wconf 87' lang='lat' dir='ltr'><strong>cum</strong></span> <span class='ocrx_word' id='word_1_158' title='bbox 649 2506 823 2561; x_wconf 85' lang='lat' dir='ltr'><strong>avidis</strong></span> <span class='ocrx_word' id='word_1_159' title='bbox 852 2503 1100 2560; x_wconf 84' lang='lat' dir='ltr'><strong>faucibus</strong></span> <span class='ocrx_word' id='word_1_160' title='bbox 1139 2509 1397 2572; x_wconf 87' lang='lat' dir='ltr'><strong>properat</strong></span> <span class='ocrx_word' id='word_1_161' title='bbox 1437 2510 1498 2555; x_wconf 86' lang='lat' dir='ltr'><strong>ut</strong></span> <span class='ocrx_word' id='word_1_162' title='bbox 1527 2499 1721 2572; x_wconf 83' lang='lat' dir='ltr'><strong>glutiat</strong></span> <span class='ocrx_word' id='word_1_163' title='bbox 1774 2503 2058 2561; x_wconf 88' lang='lat' dir='ltr'><strong>escam,et</strong></span> 
     </span>
    </p>
   </div>
   <div class='ocr_carea' id='block_1_26' title="bbox 476 2583 2057 2667">
    <p class='ocr_par' dir='ltr' id='par_1_26' title="bbox 476 2583 2057 2667">
     <span class='ocr_line' id='line_1_26' title="bbox 476 2583 2057 2667; baseline -0.009 -16"><span class='ocrx_word' id='word_1_164' title='bbox 476 2605 701 2667; x_wconf 84' lang='lat' dir='ltr'><strong>repente</strong></span> <span class='ocrx_word' id='word_1_165' title='bbox 757 2596 981 2650; x_wconf 88' lang='lat' dir='ltr'><strong>hamum</strong></span> <span class='ocrx_word' id='word_1_166' title='bbox 1020 2593 1162 2647; x_wconf 90' lang='lat' dir='ltr'><strong>inter</strong></span> <span class='ocrx_word' id='word_1_167' title='bbox 1210 2590 1395 2646; x_wconf 85' lang='lat' dir='ltr'><strong>fauces</strong></span> <span class='ocrx_word' id='word_1_168' title='bbox 1450 2588 1655 2658; x_wconf 91' lang='lat' dir='ltr'><strong>reperit</strong></span> <span class='ocrx_word' id='word_1_169' title='bbox 1691 2587 1942 2642; x_wconf 82' lang='lat' dir='ltr'><strong>hostem:</strong></span> <span class='ocrx_word' id='word_1_170' title='bbox 1973 2583 2057 2638; x_wconf 90' lang='lat' dir='ltr'><strong>vel</strong></span> 
     </span>
    </p>
   </div>
   <div class='ocr_carea' id='block_1_27' title="bbox 475 2675 2057 2754">
    <p class='ocr_par' dir='ltr' id='par_1_27' title="bbox 475 2675 2057 2754">
     <span class='ocr_line' id='line_1_27' title="bbox 475 2675 2057 2754; baseline -0.009 -12"><span class='ocrx_word' id='word_1_171' title='bbox 475 2686 619 2742; x_wconf 84' lang='lat' dir='ltr'><strong>sicut</strong></span> <span class='ocrx_word' id='word_1_172' title='bbox 646 2699 774 2740; x_wconf 89' lang='lat' dir='ltr'><strong>aves</strong></span> <span class='ocrx_word' id='word_1_173' title='bbox 794 2699 917 2740; x_wconf 90' lang='lat' dir='ltr'><strong>cum</strong></span> <span class='ocrx_word' id='word_1_174' title='bbox 961 2700 1060 2754; x_wconf 90' lang='lat' dir='ltr'><strong>per</strong></span> <span class='ocrx_word' id='word_1_175' title='bbox 1107 2697 1290 2737; x_wconf 91' lang='lat' dir='ltr'><strong>escam</strong></span> <span class='ocrx_word' id='word_1_176' title='bbox 1316 2680 1602 2750; x_wconf 83' lang='lat' dir='ltr'><strong>capiuntur</strong></span> <span class='ocrx_word' id='word_1_177' title='bbox 1622 2678 1677 2732; x_wconf 91' lang='lat' dir='ltr'><strong>in</strong></span> <span class='ocrx_word' id='word_1_178' title='bbox 1707 2677 1951 2741; x_wconf 90' lang='lat' dir='ltr'><strong>retibus;</strong></span> <span class='ocrx_word' id='word_1_179' title='bbox 1982 2675 2057 2729; x_wconf 88' lang='lat' dir='ltr'><strong>ita</strong></span> 
     </span>
    </p>
   </div>
   <div class='ocr_carea' id='block_1_28' title="bbox 474 2764 2061 2841">
    <p class='ocr_par' dir='ltr' id='par_1_28' title="bbox 474 2764 2061 2841">
     <span class='ocr_line' id='line_1_28' title="bbox 474 2764 2061 2841; baseline -0.009 -9"><span class='ocrx_word' id='word_1_180' title='bbox 474 2776 726 2831; x_wconf 90' lang='lat' dir='ltr'><strong>ebriosus</strong></span> <span class='ocrx_word' id='word_1_181' title='bbox 757 2774 900 2828; x_wconf 90' lang='lat' dir='ltr'><strong>intra</strong></span> <span class='ocrx_word' id='word_1_182' title='bbox 923 2787 983 2828; x_wconf 92' lang='lat' dir='ltr'><strong>se</strong></span> <span class='ocrx_word' id='word_1_183' title='bbox 1002 2773 1190 2827; x_wconf 90' lang='lat' dir='ltr'><strong>vinum</strong></span> <span class='ocrx_word' id='word_1_184' title='bbox 1217 2771 1443 2841; x_wconf 88' lang='lat' dir='ltr'><strong>suscipit</strong></span> <span class='ocrx_word' id='word_1_185' title='bbox 1476 2767 1779 2831; x_wconf 90' lang='lat' dir='ltr'><strong>inimicum,</strong></span> <span class='ocrx_word' id='word_1_186' title='bbox 1806 2764 1949 2835; x_wconf 92' lang='lat' dir='ltr'><strong>quod</strong></span> <span class='ocrx_word' id='word_1_187' title='bbox 1980 2764 2061 2818; x_wconf 89' lang='lat' dir='ltr'><strong>in-</strong></span> 
     </span>
    </p>
   </div>
   <div class='ocr_carea' id='block_1_29' title="bbox 476 2860 2054 2936">
    <p class='ocr_par' dir='ltr' id='par_1_29' title="bbox 476 2860 2054 2936">
     <span class='ocr_line' id='line_1_29' title="bbox 476 2860 2054 2936; baseline -0.007 -14"><span class='ocrx_word' id='word_1_188' title='bbox 476 2881 560 2924; x_wconf 89' lang='lat' dir='ltr'><strong>tra</strong></span> <span class='ocrx_word' id='word_1_189' title='bbox 580 2884 704 2924; x_wconf 89' lang='lat' dir='ltr'><strong>eum</strong></span> <span class='ocrx_word' id='word_1_190' title='bbox 727 2882 947 2925; x_wconf 90' lang='lat' dir='ltr'><strong>morans</strong></span> <span class='ocrx_word' id='word_1_191' title='bbox 970 2865 1199 2936; x_wconf 88' lang='lat' dir='ltr'><strong>impellit</strong></span> <span class='ocrx_word' id='word_1_192' title='bbox 1220 2865 1286 2920; x_wconf 89' lang='lat' dir='ltr'><strong>ad</strong></span> <span class='ocrx_word' id='word_1_193' title='bbox 1314 2880 1475 2921; x_wconf 90' lang='lat' dir='ltr'><strong>omne</strong></span> <span class='ocrx_word' id='word_1_194' title='bbox 1497 2878 1634 2932; x_wconf 84' lang='lat' dir='ltr'><strong>opus</strong></span> <span class='ocrx_word' id='word_1_195' title='bbox 1660 2860 2054 2923; x_wconf 72' lang='lat' dir='ltr'><strong>fmdissimum;</strong></span> 
     </span>
    </p>
   </div>
   <div class='ocr_carea' id='block_1_30' title="bbox 474 2949 2053 3019">
    <p class='ocr_par' dir='ltr' id='par_1_30' title="bbox 474 2949 2053 3019">
     <span class='ocr_line' id='line_1_30' title="bbox 474 2949 2053 3019; baseline -0.008 -6"><span class='ocrx_word' id='word_1_196' title='bbox 474 2971 530 3013; x_wconf 85' lang='lat' dir='ltr'><strong>et</strong></span> <span class='ocrx_word' id='word_1_197' title='bbox 560 2960 723 3015; x_wconf 89' lang='lat' dir='ltr'><strong>homo</strong></span> <span class='ocrx_word' id='word_1_198' title='bbox 745 2956 1085 3013; x_wconf 86' lang='lat' dir='ltr'><strong>rationabilis</strong></span> <span class='ocrx_word' id='word_1_199' title='bbox 1105 2963 1167 3009; x_wconf 88' lang='lat' dir='ltr'><strong>ut</strong></span> <span class='ocrx_word' id='word_1_200' title='bbox 1190 2954 1564 3009; x_wconf 87' lang='lat' dir='ltr'><strong>irrationabile</strong></span> <span class='ocrx_word' id='word_1_201' title='bbox 1591 2950 1792 3006; x_wconf 88' lang='lat' dir='ltr'><strong>animal</strong></span> <span class='ocrx_word' id='word_1_202' title='bbox 1822 2949 2053 3019; x_wconf 85' lang='lat' dir='ltr'><strong>capitur.</strong></span> 
     </span>
    </p>
   </div>
   <div class='ocr_carea' id='block_1_31' title="bbox 476 3041 2058 3106">
    <p class='ocr_par' dir='ltr' id='par_1_31' title="bbox 476 3041 2058 3106">
     <span class='ocr_line' id='line_1_31' title="bbox 476 3041 2058 3106; baseline -0.007 -3"><span class='ocrx_word' id='word_1_203' title='bbox 476 3049 557 3103; x_wconf 89' lang='lat' dir='ltr'><strong>Tu</strong></span> <span class='ocrx_word' id='word_1_204' title='bbox 594 3055 775 3103; x_wconf 90' lang='lat' dir='ltr'><strong>autem</strong></span> <span class='ocrx_word' id='word_1_205' title='bbox 818 3047 872 3101; x_wconf 93' lang='lat' dir='ltr'><strong>in</strong></span> <span class='ocrx_word' id='word_1_206' title='bbox 929 3045 1180 3100; x_wconf 90' lang='lat' dir='ltr'><strong>omnibus</strong></span> <span class='ocrx_word' id='word_1_207' title='bbox 1208 3044 1403 3098; x_wconf 81' lang='lat' dir='ltr'><strong>exhibe</strong></span> <span class='ocrx_word' id='word_1_208' title='bbox 1434 3050 1486 3097; x_wconf 89' lang='lat' dir='ltr'><strong>te</strong></span> <span class='ocrx_word' id='word_1_209' title='bbox 1512 3041 1775 3106; x_wconf 91' lang='lat' dir='ltr'><strong>sobrium,</strong></span> <span class='ocrx_word' id='word_1_210' title='bbox 1807 3047 1866 3093; x_wconf 90' lang='lat' dir='ltr'><strong>ut</strong></span> <span class='ocrx_word' id='word_1_211' title='bbox 1891 3048 1945 3094; x_wconf 90' lang='lat' dir='ltr'><strong>te</strong></span> <span class='ocrx_word' id='word_1_212' title='bbox 1972 3054 2058 3093; x_wconf 88' lang='lat' dir='ltr'><strong>so—</strong></span> 
     </span>
    </p>
   </div>
   <div class='ocr_carea' id='block_1_32' title="bbox 475 3134 1597 3194">
    <p class='ocr_par' dir='ltr' id='par_1_32' title="bbox 475 3134 1597 3194">
     <span class='ocr_line' id='line_1_32' title="bbox 475 3134 1597 3194; baseline -0.006 -1"><span class='ocrx_word' id='word_1_213' title='bbox 475 3140 683 3194; x_wconf 86' lang='lat' dir='ltr'><strong>brietas</strong></span> <span class='ocrx_word' id='word_1_214' title='bbox 705 3138 761 3191; x_wconf 91' lang='lat' dir='ltr'><strong>in</strong></span> <span class='ocrx_word' id='word_1_215' title='bbox 799 3137 1053 3192; x_wconf 90' lang='lat' dir='ltr'><strong>omnibus</strong></span> <span class='ocrx_word' id='word_1_216' title='bbox 1082 3147 1290 3190; x_wconf 90' lang='lat' dir='ltr'><strong>castum</strong></span> <span class='ocrx_word' id='word_1_217' title='bbox 1323 3134 1597 3189; x_wconf 84' lang='lat' dir='ltr'><strong>exhibeat.</strong></span> 
     </span>
    </p>
   </div>
   <div class='ocr_carea' id='block_1_33' title="bbox 1082 3246 1465 3303">
    <p class='ocr_par' dir='ltr' id='par_1_33' title="bbox 1082 3246 1465 3303">
     <span class='ocr_line' id='line_1_33' title="bbox 1082 3246 1465 3303; baseline -0.008 0"><span class='ocrx_word' id='word_1_218' title='bbox 1082 3246 1311 3303; x_wconf 81' lang='lat' dir='ltr'><strong>CAPUT</strong></span> <span class='ocrx_word' id='word_1_219' title='bbox 1347 3247 1465 3301; x_wconf 79' lang='lat' dir='ltr'><strong>XV.</strong></span> 
     </span>
    </p>
   </div>
   <div class='ocr_carea' id='block_1_34' title="bbox 964 3316 1574 3387">
    <p class='ocr_par' dir='ltr' id='par_1_34' title="bbox 964 3316 1574 3387">
     <span class='ocr_line' id='line_1_34' title="bbox 964 3316 1574 3387; baseline -0.003 -16"><span class='ocrx_word' id='word_1_220' title='bbox 964 3317 1039 3371; x_wconf 87' lang='lat' dir='ltr'><strong>De</strong></span> <span class='ocrx_word' id='word_1_221' title='bbox 1068 3317 1281 3371; x_wconf 77' lang='lat' dir='ltr'><strong>vitanda</strong></span> <span class='ocrx_word' id='word_1_222' title='bbox 1311 3316 1574 3387; x_wconf 80' lang='lat' dir='ltr'><strong>superbia.</strong></span> 
     </span>
    </p>
   </div>
   <div class='ocr_carea' id='block_1_35' title="bbox 550 3409 2063 3478">
    <p class='ocr_par' dir='ltr' id='par_1_35' title="bbox 550 3409 2063 3478">
     <span class='ocr_line' id='line_1_35' title="bbox 550 3409 2063 3478; baseline 0 -11"><span class='ocrx_word' id='word_1_223' title='bbox 550 3412 656 3467; x_wconf 86' lang='lat' dir='ltr'><strong>Sed</strong></span> <span class='ocrx_word' id='word_1_224' title='bbox 683 3419 870 3466; x_wconf 88' lang='lat' dir='ltr'><strong>caveto</strong></span> <span class='ocrx_word' id='word_1_225' title='bbox 897 3410 1018 3475; x_wconf 88' lang='lat' dir='ltr'><strong>hoc,</strong></span> <span class='ocrx_word' id='word_1_226' title='bbox 1051 3409 1157 3475; x_wconf 86' lang='lat' dir='ltr'><strong>ﬁli,</strong></span> <span class='ocrx_word' id='word_1_227' title='bbox 1183 3425 1249 3464; x_wconf 93' lang='lat' dir='ltr'><strong>ne</strong></span> <span class='ocrx_word' id='word_1_228' title='bbox 1276 3424 1375 3478; x_wconf 89' lang='lat' dir='ltr'><strong>per</strong></span> <span class='ocrx_word' id='word_1_229' title='bbox 1409 3409 1651 3463; x_wconf 89' lang='lat' dir='ltr'><strong>ciborum</strong></span> <span class='ocrx_word' id='word_1_230' title='bbox 1681 3410 2063 3467; x_wconf 83' lang='lat' dir='ltr'><strong>abstinentiam</strong></span> 
     </span>
    </p>
   </div>
   <div class='ocr_carea' id='block_1_36' title="bbox 476 3498 2065 3574">
    <p class='ocr_par' dir='ltr' id='par_1_36' title="bbox 476 3498 2065 3574">
     <span class='ocr_line' id='line_1_36' title="bbox 476 3498 2065 3574; baseline -0.001 -15"><span class='ocrx_word' id='word_1_231' title='bbox 476 3504 740 3574; x_wconf 87' lang='lat' dir='ltr'><strong>mergaris</strong></span> <span class='ocrx_word' id='word_1_232' title='bbox 790 3502 845 3556; x_wconf 87' lang='lat' dir='ltr'><strong>iu</strong></span> <span class='ocrx_word' id='word_1_233' title='bbox 870 3501 1198 3572; x_wconf 88' lang='lat' dir='ltr'><strong>superbiam,</strong></span> <span class='ocrx_word' id='word_1_234' title='bbox 1238 3508 1295 3554; x_wconf 91' lang='lat' dir='ltr'><strong>et</strong></span> <span class='ocrx_word' id='word_1_235' title='bbox 1343 3515 1409 3554; x_wconf 92' lang='lat' dir='ltr'><strong>ne</strong></span> <span class='ocrx_word' id='word_1_236' title='bbox 1451 3498 1654 3553; x_wconf 91' lang='lat' dir='ltr'><strong>inﬂeris</strong></span> <span class='ocrx_word' id='word_1_237' title='bbox 1679 3498 1940 3556; x_wconf 87' lang='lat' dir='ltr'><strong>adversus</strong></span> <span class='ocrx_word' id='word_1_238' title='bbox 1971 3517 2065 3557; x_wconf 91' lang='lat' dir='ltr'><strong>eos</strong></span> 
     </span>
    </p>
   </div>
   <div class='ocr_carea' id='block_1_37' title="bbox 477 3590 2065 3668">
    <p class='ocr_par' dir='ltr' id='par_1_37' title="bbox 477 3590 2065 3668">
     <span class='ocr_line' id='line_1_37' title="bbox 477 3590 2065 3668; baseline -0.004 -13"><span class='ocrx_word' id='word_1_239' title='bbox 477 3596 571 3668; x_wconf 86' lang='lat' dir='ltr'><strong>qui</strong></span> <span class='ocrx_word' id='word_1_240' title='bbox 607 3594 801 3665; x_wconf 87' lang='lat' dir='ltr'><strong>ieiunii</strong></span> <span class='ocrx_word' id='word_1_241' title='bbox 847 3595 924 3649; x_wconf 91' lang='lat' dir='ltr'><strong>tui</strong></span> <span class='ocrx_word' id='word_1_242' title='bbox 978 3608 1288 3648; x_wconf 89' lang='lat' dir='ltr'><strong>mensuram</strong></span> <span class='ocrx_word' id='word_1_243' title='bbox 1324 3606 1432 3648; x_wconf 91' lang='lat' dir='ltr'><strong>non</strong></span> <span class='ocrx_word' id='word_1_244' title='bbox 1458 3590 1641 3644; x_wconf 87' lang='lat' dir='ltr'><strong>valent</strong></span> <span class='ocrx_word' id='word_1_245' title='bbox 1677 3591 1957 3647; x_wconf 89' lang='lat' dir='ltr'><strong>obtinere:</strong></span> <span class='ocrx_word' id='word_1_246' title='bbox 1997 3609 2065 3650; x_wconf 90' lang='lat' dir='ltr'><strong>ne</strong></span> 
     </span>
    </p>
   </div>
   <div class='ocr_carea' id='block_1_38' title="bbox 477 3689 2066 3759">
    <p class='ocr_par' dir='ltr' id='par_1_38' title="bbox 477 3689 2066 3759">
     <span class='ocr_line' id='line_1_38' title="bbox 477 3689 2066 3759; baseline 0.003 -16"><span class='ocrx_word' id='word_1_247' title='bbox 477 3689 697 3759; x_wconf 89' lang='lat' dir='ltr'><strong>quando</strong></span> <span class='ocrx_word' id='word_1_248' title='bbox 720 3689 956 3745; x_wconf 90' lang='lat' dir='ltr'><strong>videaris</strong></span> <span class='ocrx_word' id='word_1_249' title='bbox 985 3690 1127 3745; x_wconf 87' lang='lat' dir='ltr'><strong>escis</strong></span> <span class='ocrx_word' id='word_1_250' title='bbox 1152 3689 1462 3746; x_wconf 85' lang='lat' dir='ltr'><strong>carnalibus</strong></span> <span class='ocrx_word' id='word_1_251' title='bbox 1483 3690 1777 3755; x_wconf 90' lang='lat' dir='ltr'><strong>abstinere,</strong></span> <span class='ocrx_word' id='word_1_252' title='bbox 1832 3699 1889 3746; x_wconf 91' lang='lat' dir='ltr'><strong>et</strong></span> <span class='ocrx_word' id='word_1_253' title='bbox 1918 3692 2066 3747; x_wconf 85' lang='lat' dir='ltr'><strong>vitiis</strong></span> 
     </span>
    </p>
   </div>
   <div class='ocr_carea' id='block_1_39' title="bbox 480 3779 2066 3853">
    <p class='ocr_par' dir='ltr' id='par_1_39' title="bbox 480 3779 2066 3853">
     <span class='ocr_line' id='line_1_39' title="bbox 480 3779 2066 3853; baseline 0.001 -18"><span class='ocrx_word' id='word_1_254' title='bbox 480 3789 672 3851; x_wconf 89' lang='lat' dir='ltr'><strong>pectus</strong></span> <span class='ocrx_word' id='word_1_255' title='bbox 697 3791 846 3836; x_wconf 90' lang='lat' dir='ltr'><strong>tuum</strong></span> <span class='ocrx_word' id='word_1_256' title='bbox 876 3780 1106 3853; x_wconf 90' lang='lat' dir='ltr'><strong>replere.</strong></span> <span class='ocrx_word' id='word_1_257' title='bbox 1174 3779 1410 3837; x_wconf 90' lang='lat' dir='ltr'><strong>Grandis</strong></span> <span class='ocrx_word' id='word_1_258' title='bbox 1436 3796 1670 3852; x_wconf 84' lang='lat' dir='ltr'><strong>namque</strong></span> <span class='ocrx_word' id='word_1_259' title='bbox 1702 3789 1785 3837; x_wconf 88' lang='lat' dir='ltr'><strong>est</strong></span> <span class='ocrx_word' id='word_1_260' title='bbox 1820 3782 2066 3838; x_wconf 89' lang='lat' dir='ltr'><strong>confusio</strong></span> 
     </span>
    </p>
   </div>
   <div class='ocr_carea' id='block_1_40' title="bbox 480 3869 2067 3942">
    <p class='ocr_par' dir='ltr' id='par_1_40' title="bbox 480 3869 2067 3942">
     <span class='ocr_line' id='line_1_40' title="bbox 480 3869 2067 3942; baseline 0.003 -20"><span class='ocrx_word' id='word_1_261' title='bbox 480 3870 673 3926; x_wconf 71' lang='lat' dir='ltr'><strong>animm</strong></span> <span class='ocrx_word' id='word_1_262' title='bbox 688 3886 808 3940; x_wconf 63' lang='lat' dir='ltr'><strong>quae</strong></span> <span class='ocrx_word' id='word_1_263' title='bbox 831 3886 954 3925; x_wconf 89' lang='lat' dir='ltr'><strong>cum</strong></span> <span class='ocrx_word' id='word_1_264' title='bbox 987 3870 1091 3925; x_wconf 89' lang='lat' dir='ltr'><strong>sibi</strong></span> <span class='ocrx_word' id='word_1_265' title='bbox 1112 3869 1406 3939; x_wconf 89' lang='lat' dir='ltr'><strong>subiecerit</strong></span> <span class='ocrx_word' id='word_1_266' title='bbox 1429 3886 1673 3936; x_wconf 89' lang='lat' dir='ltr'><strong>carnem,</strong></span> <span class='ocrx_word' id='word_1_267' title='bbox 1711 3872 1827 3942; x_wconf 90' lang='lat' dir='ltr'><strong>ipsa</strong></span> <span class='ocrx_word' id='word_1_268' title='bbox 1848 3873 1920 3927; x_wconf 89' lang='lat' dir='ltr'><strong>sit</strong></span> <span class='ocrx_word' id='word_1_269' title='bbox 1946 3873 2067 3927; x_wconf 86' lang='lat' dir='ltr'><strong>sub-</strong></span> 
     </span>
    </p>
   </div>
   <div class='ocr_carea' id='block_1_41' title="bbox 474 3962 2061 4033">
    <p class='ocr_par' dir='ltr' id='par_1_41' title="bbox 474 3962 2061 4033">
     <span class='ocr_line' id='line_1_41' title="bbox 474 3962 2061 4033; baseline 0.002 -16"><span class='ocrx_word' id='word_1_270' title='bbox 474 3962 617 4032; x_wconf 87' lang='lat' dir='ltr'><strong>iecta</strong></span> <span class='ocrx_word' id='word_1_271' title='bbox 639 3962 808 4017; x_wconf 84' lang='lat' dir='ltr'><strong>vitiis.</strong></span> <span class='ocrx_word' id='word_1_272' title='bbox 848 3962 987 4030; x_wconf 83' lang='lat' dir='ltr'><strong>Quid</strong></span> <span class='ocrx_word' id='word_1_273' title='bbox 1015 3964 1238 4033; x_wconf 90' lang='lat' dir='ltr'><strong>prodest</strong></span> <span class='ocrx_word' id='word_1_274' title='bbox 1256 3971 1504 4018; x_wconf 90' lang='lat' dir='ltr'><strong>ventrem</strong></span> <span class='ocrx_word' id='word_1_275' title='bbox 1534 3964 1602 4020; x_wconf 90' lang='lat' dir='ltr'><strong>ab</strong></span> <span class='ocrx_word' id='word_1_276' title='bbox 1628 3965 1771 4019; x_wconf 91' lang='lat' dir='ltr'><strong>escis</strong></span> <span class='ocrx_word' id='word_1_277' title='bbox 1795 3979 2061 4028; x_wconf 87' lang='lat' dir='ltr'><strong>resecare,</strong></span> 
     </span>
    </p>
   </div>
   <div class='ocr_carea' id='block_1_42' title="bbox 480 4051 2062 4120">
    <p class='ocr_par' dir='ltr' id='par_1_42' title="bbox 480 4051 2062 4120">
     <span class='ocr_line' id='line_1_42' title="bbox 480 4051 2062 4120; baseline 0.001 -15"><span class='ocrx_word' id='word_1_278' title='bbox 480 4062 536 4106; x_wconf 91' lang='lat' dir='ltr'><strong>et</strong></span> <span class='ocrx_word' id='word_1_279' title='bbox 564 4052 799 4106; x_wconf 84' lang='lat' dir='ltr'><strong>animam</strong></span> <span class='ocrx_word' id='word_1_280' title='bbox 820 4053 1165 4120; x_wconf 90' lang='lat' dir='ltr'><strong>passionibus</strong></span> <span class='ocrx_word' id='word_1_281' title='bbox 1190 4051 1420 4107; x_wconf 89' lang='lat' dir='ltr'><strong>obruere</strong></span> <span class='ocrx_word' id='word_1_282' title='bbox 1450 4055 1463 4107; x_wconf 76' lang='grc' dir='ltr'><strong>Ξ</strong></span> <span class='ocrx_word' id='word_1_283' title='bbox 1497 4052 1580 4107; x_wconf 92' lang='lat' dir='ltr'><strong>vel</strong></span> <span class='ocrx_word' id='word_1_284' title='bbox 1608 4053 1790 4108; x_wconf 88' lang='lat' dir='ltr'><strong>carnis</strong></span> <span class='ocrx_word' id='word_1_285' title='bbox 1823 4068 2062 4107; x_wconf 88' lang='lat' dir='ltr'><strong>amorem</strong></span> 
     </span>
    </p>
   </div>
   <div class='ocr_carea' id='block_1_43' title="bbox 481 4143 2069 4206">
    <p class='ocr_par' dir='ltr' id='par_1_43' title="bbox 481 4143 2069 4206">
     <span class='ocr_line' id='line_1_43' title="bbox 481 4143 2069 4206; baseline 0.003 -13"><span class='ocrx_word' id='word_1_286' title='bbox 481 4143 721 4206; x_wconf 86' lang='lat' dir='ltr'><strong>vincere,</strong></span> <span class='ocrx_word' id='word_1_287' title='bbox 745 4149 801 4197; x_wconf 92' lang='lat' dir='ltr'><strong>et</strong></span> <span class='ocrx_word' id='word_1_288' title='bbox 828 4144 883 4195; x_wconf 92' lang='lat' dir='ltr'><strong>in</strong></span> <span class='ocrx_word' id='word_1_289' title='bbox 915 4144 1080 4198; x_wconf 90' lang='lat' dir='ltr'><strong>corde</strong></span> <span class='ocrx_word' id='word_1_290' title='bbox 1108 4144 1298 4199; x_wconf 90' lang='lat' dir='ltr'><strong>livoris</strong></span> <span class='ocrx_word' id='word_1_291' title='bbox 1324 4145 1572 4199; x_wconf 91' lang='lat' dir='ltr'><strong>stimulos</strong></span> <span class='ocrx_word' id='word_1_292' title='bbox 1598 4145 1896 4199; x_wconf 88' lang='lat' dir='ltr'><strong>machinari</strong></span> <span class='ocrx_word' id='word_1_293' title='bbox 1921 4146 1933 4198; x_wconf 90' lang='lat'><strong>!</strong></span> <span class='ocrx_word' id='word_1_294' title='bbox 1968 4146 2069 4200; x_wconf 72' lang='lat' dir='ltr'><strong>Ve-</strong></span> 
     </span>
    </p>
   </div>
   <div class='ocr_carea' id='block_1_44' title="bbox 482 4233 2066 4305">
    <p class='ocr_par' dir='ltr' id='par_1_44' title="bbox 482 4233 2066 4305">
     <span class='ocr_line' id='line_1_44' title="bbox 482 4233 2066 4305; baseline 0.003 -17"><span class='ocrx_word' id='word_1_295' title='bbox 482 4249 576 4289; x_wconf 89' lang='lat' dir='ltr'><strong>rus</strong></span> <span class='ocrx_word' id='word_1_296' title='bbox 599 4233 742 4287; x_wconf 87' lang='lat' dir='ltr'><strong>enim</strong></span> <span class='ocrx_word' id='word_1_297' title='bbox 782 4233 1066 4289; x_wconf 89' lang='lat' dir='ltr'><strong>continens</strong></span> <span class='ocrx_word' id='word_1_298' title='bbox 1091 4244 1203 4289; x_wconf 87' lang='lat' dir='ltr'><strong>tam</strong></span> <span class='ocrx_word' id='word_1_299' title='bbox 1247 4250 1277 4287; x_wconf 90' lang='lat' dir='ltr'><strong>a</strong></span> <span class='ocrx_word' id='word_1_300' title='bbox 1323 4236 1570 4305; x_wconf 88' lang='lat' dir='ltr'><strong>corporis</strong></span> <span class='ocrx_word' id='word_1_301' title='bbox 1599 4251 1761 4305; x_wconf 90' lang='lat' dir='ltr'><strong>quam</strong></span> <span class='ocrx_word' id='word_1_302' title='bbox 1794 4235 1987 4291; x_wconf 73' lang='lat' dir='ltr'><strong>animae</strong></span> <span class='ocrx_word' id='word_1_303' title='bbox 2007 4251 2066 4291; x_wconf 90' lang='lat' dir='ltr'><strong>se</strong></span> 
     </span>
    </p>
   </div>
   <div class='ocr_carea' id='block_1_45' title="bbox 483 4324 2066 4398">
    <p class='ocr_par' dir='ltr' id='par_1_45' title="bbox 483 4324 2066 4398">
     <span class='ocr_line' id='line_1_45' title="bbox 483 4324 2066 4398; baseline 0.001 -19"><span class='ocrx_word' id='word_1_304' title='bbox 483 4324 826 4397; x_wconf 82' lang='lat' dir='ltr'><strong>passionibus</strong></span> <span class='ocrx_word' id='word_1_305' title='bbox 864 4325 1119 4393; x_wconf 87' lang='lat' dir='ltr'><strong>abstinet,</strong></span> <span class='ocrx_word' id='word_1_306' title='bbox 1165 4326 1291 4395; x_wconf 91' lang='lat' dir='ltr'><strong>quia</strong></span> <span class='ocrx_word' id='word_1_307' title='bbox 1339 4327 1393 4380; x_wconf 92' lang='lat' dir='ltr'><strong>in</strong></span> <span class='ocrx_word' id='word_1_308' title='bbox 1425 4327 1708 4398; x_wconf 90' lang='lat' dir='ltr'><strong>utriusque</strong></span> <span class='ocrx_word' id='word_1_309' title='bbox 1751 4326 2066 4383; x_wconf 85' lang='lat' dir='ltr'><strong>substantiis</strong></span> 
     </span>
    </p>
   </div>
   <div class='ocr_carea' id='block_1_46' title="bbox 487 4416 2065 4490">
    <p class='ocr_par' dir='ltr' id='par_1_46' title="bbox 487 4416 2065 4490">
     <span class='ocr_line' id='line_1_46' title="bbox 487 4416 2065 4490; baseline -0.003 -17"><span class='ocrx_word' id='word_1_310' title='bbox 487 4425 647 4473; x_wconf 63' lang='lat' dir='ltr'><strong>homo</strong></span> <span class='ocrx_word' id='word_1_311' title='bbox 675 4427 927 4472; x_wconf 88' lang='lat' dir='ltr'><strong>constare</strong></span> <span class='ocrx_word' id='word_1_312' title='bbox 948 4417 1180 4473; x_wconf 88' lang='lat' dir='ltr'><strong>videtur.</strong></span> <span class='ocrx_word' id='word_1_313' title='bbox 1244 4416 1403 4472; x_wconf 84' lang='lat' dir='ltr'><strong>Nulla</strong></span> <span class='ocrx_word' id='word_1_314' title='bbox 1423 4426 1509 4473; x_wconf 89' lang='lat' dir='ltr'><strong>est</strong></span> <span class='ocrx_word' id='word_1_315' title='bbox 1546 4419 1690 4474; x_wconf 88' lang='lat' dir='ltr'><strong>enim</strong></span> <span class='ocrx_word' id='word_1_316' title='bbox 1735 4418 1993 4490; x_wconf 80' lang='lat' dir='ltr'><strong>perfectio</strong></span> <span class='ocrx_word' id='word_1_317' title='bbox 2012 4418 2065 4471; x_wconf 93' lang='lat' dir='ltr'><strong>in</strong></span> 
     </span>
    </p>
   </div>
   <div class='ocr_carea' id='block_1_47' title="bbox 480 4507 2057 4580">
    <p class='ocr_par' dir='ltr' id='par_1_47' title="bbox 480 4507 2057 4580">
     <span class='ocr_line' id='line_1_47' title="bbox 480 4507 2057 4580; baseline 0 -18"><span class='ocrx_word' id='word_1_318' title='bbox 480 4527 587 4563; x_wconf 64' lang='lat' dir='ltr'><strong>una</strong></span> <span class='ocrx_word' id='word_1_319' title='bbox 616 4516 770 4580; x_wconf 89' lang='lat' dir='ltr'><strong>parte</strong></span> <span class='ocrx_word' id='word_1_320' title='bbox 819 4523 939 4563; x_wconf 87' lang='lat' dir='ltr'><strong>esse</strong></span> <span class='ocrx_word' id='word_1_321' title='bbox 968 4507 1274 4574; x_wconf 87' lang='lat' dir='ltr'><strong>sublimem,</strong></span> <span class='ocrx_word' id='word_1_322' title='bbox 1306 4508 1360 4563; x_wconf 91' lang='lat' dir='ltr'><strong>in</strong></span> <span class='ocrx_word' id='word_1_323' title='bbox 1387 4507 1491 4562; x_wconf 91' lang='lat' dir='ltr'><strong>alia</strong></span> <span class='ocrx_word' id='word_1_324' title='bbox 1526 4522 1648 4563; x_wconf 90' lang='lat' dir='ltr'><strong>esse</strong></span> <span class='ocrx_word' id='word_1_325' title='bbox 1685 4515 2016 4579; x_wconf 88' lang='lat' dir='ltr'><strong>prostratum</strong></span> <span class='ocrx_word' id='word_1_326' title='bbox 2043 4525 2057 4573; x_wconf 93' lang='lat'><strong>;</strong></span> 
     </span>
    </p>
   </div>
   <div class='ocr_carea' id='block_1_48' title="bbox 484 4600 2060 4674">
    <p class='ocr_par' dir='ltr' id='par_1_48' title="bbox 484 4600 2060 4674">
     <span class='ocr_line' id='line_1_48' title="bbox 484 4600 2060 4674; baseline -0.001 -16"><span class='ocrx_word' id='word_1_327' title='bbox 484 4605 537 4658; x_wconf 92' lang='lat' dir='ltr'><strong>in</strong></span> <span class='ocrx_word' id='word_1_328' title='bbox 565 4619 670 4658; x_wconf 90' lang='lat' dir='ltr'><strong>una</strong></span> <span class='ocrx_word' id='word_1_329' title='bbox 692 4610 846 4674; x_wconf 84' lang='lat' dir='ltr'><strong>parte</strong></span> <span class='ocrx_word' id='word_1_330' title='bbox 869 4600 1092 4672; x_wconf 86' lang='lat' dir='ltr'><strong>fulgere,</strong></span> <span class='ocrx_word' id='word_1_331' title='bbox 1118 4612 1171 4655; x_wconf 91' lang='lat' dir='ltr'><strong>et</strong></span> <span class='ocrx_word' id='word_1_332' title='bbox 1204 4600 1260 4655; x_wconf 89' lang='lat' dir='ltr'><strong>in</strong></span> <span class='ocrx_word' id='word_1_333' title='bbox 1288 4601 1393 4655; x_wconf 91' lang='lat' dir='ltr'><strong>alia</strong></span> <span class='ocrx_word' id='word_1_334' title='bbox 1416 4602 1671 4656; x_wconf 88' lang='lat' dir='ltr'><strong>vitiorum</strong></span> <span class='ocrx_word' id='word_1_335' title='bbox 1709 4602 1941 4670; x_wconf 81' lang='lat' dir='ltr'><strong>caligine</strong></span> <span class='ocrx_word' id='word_1_336' title='bbox 1967 4616 2060 4657; x_wconf 84' lang='lat' dir='ltr'><strong>oc—</strong></span> 
     </span>
    </p>
   </div>
   <div class='ocr_carea' id='block_1_49' title="bbox 482 4692 2059 4766">
    <p class='ocr_par' dir='ltr' id='par_1_49' title="bbox 482 4692 2059 4766">
     <span class='ocr_line' id='line_1_49' title="bbox 482 4692 2059 4766; baseline -0.003 -16"><span class='ocrx_word' id='word_1_337' title='bbox 482 4695 690 4766; x_wconf 85' lang='lat' dir='ltr'><strong>cupari.</strong></span> <span class='ocrx_word' id='word_1_338' title='bbox 749 4692 851 4761; x_wconf 86' lang='lat' dir='ltr'><strong>Qui</strong></span> <span class='ocrx_word' id='word_1_339' title='bbox 880 4692 1023 4748; x_wconf 92' lang='lat' dir='ltr'><strong>enim</strong></span> <span class='ocrx_word' id='word_1_340' title='bbox 1045 4698 1228 4747; x_wconf 71' lang='lat' dir='ltr'><strong>Castus</strong></span> <span class='ocrx_word' id='word_1_341' title='bbox 1257 4693 1407 4764; x_wconf 89' lang='lat' dir='ltr'><strong>cupit</strong></span> <span class='ocrx_word' id='word_1_342' title='bbox 1434 4707 1554 4747; x_wconf 90' lang='lat' dir='ltr'><strong>esse</strong></span> <span class='ocrx_word' id='word_1_343' title='bbox 1591 4707 1839 4762; x_wconf 87' lang='lat' dir='ltr'><strong>corpore,</strong></span> <span class='ocrx_word' id='word_1_344' title='bbox 1873 4700 2059 4749; x_wconf 87' lang='lat' dir='ltr'><strong>castus</strong></span> 
     </span>
    </p>
   </div>
   <div class='ocr_carea' id='block_1_50' title="bbox 484 4784 2061 4858">
    <p class='ocr_par' dir='ltr' id='par_1_50' title="bbox 484 4784 2061 4858">
     <span class='ocr_line' id='line_1_50' title="bbox 484 4784 2061 4858; baseline -0.003 -15"><span class='ocrx_word' id='word_1_345' title='bbox 484 4789 645 4843; x_wconf 85' lang='lat' dir='ltr'><strong>debet</strong></span> <span class='ocrx_word' id='word_1_346' title='bbox 671 4799 1020 4858; x_wconf 80' lang='lat' dir='ltr'><strong>perseverare</strong></span> <span class='ocrx_word' id='word_1_347' title='bbox 1042 4791 1096 4838; x_wconf 92' lang='lat' dir='ltr'><strong>et</strong></span> <span class='ocrx_word' id='word_1_348' title='bbox 1124 4784 1341 4854; x_wconf 90' lang='lat' dir='ltr'><strong>spiritu,</strong></span> <span class='ocrx_word' id='word_1_349' title='bbox 1387 4785 1513 4853; x_wconf 89' lang='lat' dir='ltr'><strong>quia</strong></span> <span class='ocrx_word' id='word_1_350' title='bbox 1545 4784 1679 4839; x_wconf 90' lang='lat' dir='ltr'><strong>nihil</strong></span> <span class='ocrx_word' id='word_1_351' title='bbox 1710 4784 1952 4855; x_wconf 83' lang='lat' dir='ltr'><strong>proderit</strong></span> <span class='ocrx_word' id='word_1_352' title='bbox 1976 4799 2061 4838; x_wconf 89' lang='lat' dir='ltr'><strong>ca-</strong></span> 
     </span>
    </p>
   </div>
   <div class='ocr_carea' id='block_1_51' title="bbox 485 4876 2058 4950">
    <p class='ocr_par' dir='ltr' id='par_1_51' title="bbox 485 4876 2058 4950">
     <span class='ocr_line' id='line_1_51' title="bbox 485 4876 2058 4950; baseline -0.001 -18"><span class='ocrx_word' id='word_1_353' title='bbox 485 4888 625 4932; x_wconf 89' lang='lat' dir='ltr'><strong>stum</strong></span> <span class='ocrx_word' id='word_1_354' title='bbox 657 4892 777 4933; x_wconf 87' lang='lat' dir='ltr'><strong>esse</strong></span> <span class='ocrx_word' id='word_1_355' title='bbox 802 4892 1049 4950; x_wconf 88' lang='lat' dir='ltr'><strong>corpore,</strong></span> <span class='ocrx_word' id='word_1_356' title='bbox 1080 4885 1135 4933; x_wconf 87' lang='lat' dir='ltr'><strong>et</strong></span> <span class='ocrx_word' id='word_1_357' title='bbox 1163 4887 1345 4933; x_wconf 89' lang='lat' dir='ltr'><strong>mente</strong></span> <span class='ocrx_word' id='word_1_358' title='bbox 1374 4887 1707 4949; x_wconf 88' lang='lat' dir='ltr'><strong>corruptum.</strong></span> <span class='ocrx_word' id='word_1_359' title='bbox 1756 4876 1961 4932; x_wconf 79' lang='lat' dir='ltr'><strong>Civitas</strong></span> <span class='ocrx_word' id='word_1_360' title='bbox 2013 4877 2058 4931; x_wconf 91' lang='lat' dir='ltr'><strong>si</strong></span> 
     </span>
    </p>
   </div>
   <div class='ocr_carea' id='block_1_52' title="bbox 484 4967 2057 5039">
    <p class='ocr_par' dir='ltr' id='par_1_52' title="bbox 484 4967 2057 5039">
     <span class='ocr_line' id='line_1_52' title="bbox 484 4967 2057 5039; baseline -0.001 -17"><span class='ocrx_word' id='word_1_361' title='bbox 484 4969 644 5024; x_wconf 88' lang='lat' dir='ltr'><strong>fuerit</strong></span> <span class='ocrx_word' id='word_1_362' title='bbox 672 4969 725 5023; x_wconf 88' lang='lat' dir='ltr'><strong>in</strong></span> <span class='ocrx_word' id='word_1_363' title='bbox 751 4985 853 5023; x_wconf 88' lang='lat' dir='ltr'><strong>una</strong></span> <span class='ocrx_word' id='word_1_364' title='bbox 874 4977 1028 5039; x_wconf 90' lang='lat' dir='ltr'><strong>parte</strong></span> <span class='ocrx_word' id='word_1_365' title='bbox 1066 4969 1293 5033; x_wconf 87' lang='lat' dir='ltr'><strong>munita,</strong></span> <span class='ocrx_word' id='word_1_366' title='bbox 1349 4983 1417 5023; x_wconf 79' lang='lat' dir='ltr'><strong>ex</strong></span> <span class='ocrx_word' id='word_1_367' title='bbox 1456 4968 1560 5023; x_wconf 91' lang='lat' dir='ltr'><strong>alia</strong></span> <span class='ocrx_word' id='word_1_368' title='bbox 1606 4983 1737 5022; x_wconf 89' lang='lat' dir='ltr'><strong>vero</strong></span> <span class='ocrx_word' id='word_1_369' title='bbox 1763 4967 2057 5030; x_wconf 89' lang='lat' dir='ltr'><strong>destructa,</strong></span> 
     </span>
    </p>
   </div>
   <div class='ocr_carea' id='block_1_53' title="bbox 482 5058 2059 5132">
    <p class='ocr_par' dir='ltr' id='par_1_53' title="bbox 482 5058 2059 5132">
     <span class='ocr_line' id='line_1_53' title="bbox 482 5058 2059 5132; baseline -0.002 -16"><span class='ocrx_word' id='word_1_370' title='bbox 482 5061 687 5117; x_wconf 86' lang='lat' dir='ltr'><strong>aditum</strong></span> <span class='ocrx_word' id='word_1_371' title='bbox 721 5062 787 5117; x_wconf 91' lang='lat' dir='ltr'><strong>ad</strong></span> <span class='ocrx_word' id='word_1_372' title='bbox 806 5076 864 5117; x_wconf 91' lang='lat' dir='ltr'><strong>se</strong></span> <span class='ocrx_word' id='word_1_373' title='bbox 893 5062 1035 5117; x_wconf 92' lang='lat' dir='ltr'><strong>hosti</strong></span> <span class='ocrx_word' id='word_1_374' title='bbox 1063 5061 1341 5132; x_wconf 78' lang='lat' dir='ltr'><strong>praebebit.</strong></span> <span class='ocrx_word' id='word_1_375' title='bbox 1394 5061 1463 5116; x_wconf 83' lang='lat' dir='ltr'><strong>Et</strong></span> <span class='ocrx_word' id='word_1_376' title='bbox 1490 5061 1643 5115; x_wconf 88' lang='lat' dir='ltr'><strong>navis</strong></span> <span class='ocrx_word' id='word_1_377' title='bbox 1671 5062 1717 5115; x_wconf 88' lang='lat' dir='ltr'><strong>si</strong></span> <span class='ocrx_word' id='word_1_378' title='bbox 1750 5058 1912 5114; x_wconf 85' lang='lat' dir='ltr'><strong>fuerit</strong></span> <span class='ocrx_word' id='word_1_379' title='bbox 1936 5059 2059 5113; x_wconf 84' lang='lat' dir='ltr'><strong>forti</strong></span> 
     </span>
    </p>
   </div>
   <div class='ocr_carea' id='block_1_54' title="bbox 478 5150 2059 5225">
    <p class='ocr_par' dir='ltr' id='par_1_54' title="bbox 478 5150 2059 5225">
     <span class='ocr_line' id='line_1_54' title="bbox 478 5150 2059 5225; baseline -0.001 -18"><span class='ocrx_word' id='word_1_380' title='bbox 478 5168 740 5225; x_wconf 71' lang='lat' dir='ltr'><strong>cornpage</strong></span> <span class='ocrx_word' id='word_1_381' title='bbox 780 5153 1028 5219; x_wconf 87' lang='lat' dir='ltr'><strong>solidata,</strong></span> <span class='ocrx_word' id='word_1_382' title='bbox 1072 5161 1127 5208; x_wconf 90' lang='lat' dir='ltr'><strong>et</strong></span> <span class='ocrx_word' id='word_1_383' title='bbox 1155 5169 1319 5207; x_wconf 90' lang='lat' dir='ltr'><strong>unam</strong></span> <span class='ocrx_word' id='word_1_384' title='bbox 1369 5151 1423 5206; x_wconf 90' lang='lat' dir='ltr'><strong>in</strong></span> <span class='ocrx_word' id='word_1_385' title='bbox 1450 5166 1509 5207; x_wconf 91' lang='lat' dir='ltr'><strong>se</strong></span> <span class='ocrx_word' id='word_1_386' title='bbox 1533 5152 1783 5206; x_wconf 87' lang='lat' dir='ltr'><strong>habuerit</strong></span> <span class='ocrx_word' id='word_1_387' title='bbox 1821 5150 2059 5206; x_wconf 88' lang='lat' dir='ltr'><strong>tabulam</strong></span> 
     </span>
    </p>
   </div>
   <div class='ocr_carea' id='block_1_55' title="bbox 483 5241 2057 5315">
    <p class='ocr_par' dir='ltr' id='par_1_55' title="bbox 483 5241 2057 5315">
     <span class='ocr_line' id='line_1_55' title="bbox 483 5241 2057 5315; baseline 0 -17"><span class='ocrx_word' id='word_1_388' title='bbox 483 5243 832 5313; x_wconf 84' lang='lat' dir='ltr'><strong>perforatam,</strong></span> <span class='ocrx_word' id='word_1_389' title='bbox 886 5245 1093 5315; x_wconf 89' lang='lat' dir='ltr'><strong>repleta</strong></span> <span class='ocrx_word' id='word_1_390' title='bbox 1121 5259 1383 5315; x_wconf 87' lang='lat' dir='ltr'><strong>aquarum</strong></span> <span class='ocrx_word' id='word_1_391' title='bbox 1432 5241 1681 5298; x_wconf 86' lang='lat' dir='ltr'><strong>ﬂuctibus</strong></span> <span class='ocrx_word' id='word_1_392' title='bbox 1703 5251 1975 5313; x_wconf 79' lang='lat' dir='ltr'><strong>mergetur</strong></span> <span class='ocrx_word' id='word_1_393' title='bbox 2003 5244 2057 5298; x_wconf 91' lang='lat' dir='ltr'><strong>in</strong></span> 
     </span>
    </p>
   </div>
   <div class='ocr_carea' id='block_1_56' title="bbox 482 5333 2057 5406">
    <p class='ocr_par' dir='ltr' id='par_1_56' title="bbox 482 5333 2057 5406">
     <span class='ocr_line' id='line_1_56' title="bbox 482 5333 2057 5406; baseline 0 -19"><span class='ocrx_word' id='word_1_394' title='bbox 482 5333 825 5403; x_wconf 87' lang='lat' dir='ltr'><strong>profundum.</strong></span> <span class='ocrx_word' id='word_1_395' title='bbox 880 5335 1054 5391; x_wconf 77' lang='lat' dir='ltr'><strong>Verus</strong></span> <span class='ocrx_word' id='word_1_396' title='bbox 1082 5336 1224 5390; x_wconf 93' lang='lat' dir='ltr'><strong>enim</strong></span> <span class='ocrx_word' id='word_1_397' title='bbox 1248 5335 1526 5390; x_wconf 89' lang='lat' dir='ltr'><strong>continens</strong></span> <span class='ocrx_word' id='word_1_398' title='bbox 1552 5343 1744 5389; x_wconf 89' lang='lat' dir='ltr'><strong>cuncta</strong></span> <span class='ocrx_word' id='word_1_399' title='bbox 1776 5350 1894 5406; x_wconf 74' lang='lat' dir='ltr'><strong>quze</strong></span> <span class='ocrx_word' id='word_1_400' title='bbox 1920 5349 2057 5388; x_wconf 88' lang='lat' dir='ltr'><strong>vana</strong></span> 
     </span>
    </p>
   </div>
   <div class='ocr_carea' id='block_1_57' title="bbox 380 5426 2054 5507">
    <p class='ocr_par' dir='ltr' id='par_1_57' title="bbox 380 5426 2054 5507">
     <span class='ocr_line' id='line_1_57' title="bbox 380 5426 2054 5507; baseline 0.001 -30"><span class='ocrx_word' id='word_1_401' title='bbox 380 5429 389 5438; x_wconf 84' lang='lat'><strong><em>°</em></strong></span> <span class='ocrx_word' id='word_1_402' title='bbox 484 5430 610 5507; x_wconf 82' lang='lat' dir='ltr'><strong>sunt</strong></span> <span class='ocrx_word' id='word_1_403' title='bbox 630 5426 855 5496; x_wconf 86' lang='lat' dir='ltr'><strong>spernit,</strong></span> <span class='ocrx_word' id='word_1_404' title='bbox 886 5441 988 5482; x_wconf 89' lang='lat' dir='ltr'><strong>nec</strong></span> <span class='ocrx_word' id='word_1_405' title='bbox 1016 5427 1174 5481; x_wconf 89' lang='lat' dir='ltr'><strong>ullam</strong></span> <span class='ocrx_word' id='word_1_406' title='bbox 1213 5427 1438 5498; x_wconf 78' lang='lat' dir='ltr'><strong>gloriam</strong></span> <span class='ocrx_word' id='word_1_407' title='bbox 1465 5434 1700 5482; x_wconf 88' lang='lat' dir='ltr'><strong>sectatur</strong></span> <span class='ocrx_word' id='word_1_408' title='bbox 1722 5426 2006 5481; x_wconf 86' lang='lat' dir='ltr'><strong>humanam</strong></span> <span class='ocrx_word' id='word_1_409' title='bbox 2039 5442 2054 5490; x_wconf 92' lang='lat'><strong>;</strong></span> 
     </span>
    </p>
   </div>
   <div class='ocr_carea' id='block_1_58' title="bbox 487 5515 2056 5589">
    <p class='ocr_par' dir='ltr' id='par_1_58' title="bbox 487 5515 2056 5589">
     <span class='ocr_line' id='line_1_58' title="bbox 487 5515 2056 5589; baseline 0.002 -22"><span class='ocrx_word' id='word_1_410' title='bbox 487 5515 722 5570; x_wconf 88' lang='lat' dir='ltr'><strong>furorem</strong></span> <span class='ocrx_word' id='word_1_411' title='bbox 750 5518 1040 5573; x_wconf 85' lang='lat' dir='ltr'><strong>iracundiae</strong></span> <span class='ocrx_word' id='word_1_412' title='bbox 1069 5517 1329 5589; x_wconf 86' lang='lat' dir='ltr'><strong>reprimit,</strong></span> <span class='ocrx_word' id='word_1_413' title='bbox 1355 5518 1784 5574; x_wconf 77' lang='lat' dir='ltr'><strong>exsecrationem</strong></span> <span class='ocrx_word' id='word_1_414' title='bbox 1809 5516 2056 5587; x_wconf 79' lang='lat' dir='ltr'><strong>deSpicit,</strong></span> 
     </span>
    </p>
   </div>
   <div class='ocr_carea' id='block_1_59' title="bbox 485 5604 2059 5677">
    <p class='ocr_par' dir='ltr' id='par_1_59' title="bbox 485 5604 2059 5677">
     <span class='ocr_line' id='line_1_59' title="bbox 485 5604 2059 5677; baseline 0.004 -26"><span class='ocrx_word' id='word_1_415' title='bbox 485 5605 664 5672; x_wconf 76' lang='lat' dir='ltr'><strong>potius</strong></span> <span class='ocrx_word' id='word_1_416' title='bbox 702 5606 931 5660; x_wconf 90' lang='lat' dir='ltr'><strong>sustinet</strong></span> <span class='ocrx_word' id='word_1_417' title='bbox 983 5606 1360 5660; x_wconf 84' lang='lat' dir='ltr'><strong>detrimentum</strong></span> <span class='ocrx_word' id='word_1_418' title='bbox 1390 5647 1405 5670; x_wconf 95' lang='lat'><strong>,</strong></span> <span class='ocrx_word' id='word_1_419' title='bbox 1454 5621 1614 5677; x_wconf 91' lang='lat' dir='ltr'><strong>quam</strong></span> <span class='ocrx_word' id='word_1_420' title='bbox 1653 5605 1911 5661; x_wconf 82' lang='lat' dir='ltr'><strong>dissolvat</strong></span> <span class='ocrx_word' id='word_1_421' title='bbox 1950 5604 2059 5657; x_wconf 84' lang='lat' dir='ltr'><strong>vin-</strong></span> 
     </span>
    </p>
   </div>
   <div class='ocr_carea' id='block_1_60' title="bbox 488 5692 2057 5769">
    <p class='ocr_par' dir='ltr' id='par_1_60' title="bbox 488 5692 2057 5769">
     <span class='ocr_line' id='line_1_60' title="bbox 488 5692 2057 5769; baseline 0.003 -24"><span class='ocrx_word' id='word_1_422' title='bbox 488 5692 664 5746; x_wconf 83' lang='lat' dir='ltr'><strong>culum</strong></span> <span class='ocrx_word' id='word_1_423' title='bbox 698 5694 1021 5759; x_wconf 81' lang='lat' dir='ltr'><strong>charitatis;</strong></span> <span class='ocrx_word' id='word_1_424' title='bbox 1077 5711 1183 5751; x_wconf 90' lang='lat' dir='ltr'><strong>non</strong></span> <span class='ocrx_word' id='word_1_425' title='bbox 1221 5698 1456 5753; x_wconf 82' lang='lat' dir='ltr'><strong>detrahit</strong></span> <span class='ocrx_word' id='word_1_426' title='bbox 1496 5698 1604 5753; x_wconf 84' lang='lat' dir='ltr'><strong>cito</strong></span> <span class='ocrx_word' id='word_1_427' title='bbox 1644 5698 1907 5769; x_wconf 73' lang='lat' dir='ltr'><strong>proximo,</strong></span> <span class='ocrx_word' id='word_1_428' title='bbox 1960 5713 2057 5751; x_wconf 78' lang='lat' dir='ltr'><strong>nec</strong></span> 
     </span>
    </p>
   </div>
   <div class='ocr_carea' id='block_1_61' title="bbox 1486 298 2735 356">
    <p class='ocr_par' dir='ltr' id='par_1_61' title="bbox 1486 298 2735 356">
     <span class='ocr_line' id='line_1_61' title="bbox 1486 298 2735 356; baseline 0.002 -2"><span class='ocrx_word' id='word_1_429' title='bbox 1486 298 1545 354; x_wconf 88' lang='lat' dir='ltr'><strong>S.</strong></span> <span class='ocrx_word' id='word_1_430' title='bbox 1586 299 1950 355; x_wconf 71' lang='lat' dir='ltr'><strong>BENEDICTI</strong></span> <span class='ocrx_word' id='word_1_431' title='bbox 1991 298 2288 354; x_wconf 79' lang='lat' dir='ltr'><strong>ABBATIS</strong></span> <span class='ocrx_word' id='word_1_432' title='bbox 2321 299 2735 356; x_wconf 71' lang='lat' dir='ltr'><strong>ANIANENSIS</strong></span> 
     </span>
    </p>
   </div>
   <div class='ocr_carea' id='block_1_62' title="bbox 3622 304 3737 365">
    <p class='ocr_par' dir='ltr' id='par_1_62' title="bbox 3622 304 3737 365">
     <span class='ocr_line' id='line_1_62' title="bbox 3622 304 3737 365; baseline 0.043 -5"><span class='ocrx_word' id='word_1_433' title='bbox 3622 304 3737 365; x_wconf 78' lang='lat' dir='ltr'><strong>69G</strong></span> 
     </span>
    </p>
   </div>
   <div class='ocr_carea' id='block_1_63' title="bbox 2073 400 3740 502">
    <p class='ocr_par' dir='ltr' id='par_1_63' title="bbox 2073 400 3740 502">
     <span class='ocr_line' id='line_1_63' title="bbox 2073 400 3740 502; baseline 0.006 -35"><span class='ocrx_word' id='word_1_434' title='bbox 2073 445 2120 502; x_wconf 61' lang='grc' dir='ltr'><strong>Α</strong></span> <span class='ocrx_word' id='word_1_435' title='bbox 2146 413 2377 470; x_wconf 88' lang='lat' dir='ltr'><strong>libenter</strong></span> <span class='ocrx_word' id='word_1_436' title='bbox 2418 416 2568 471; x_wconf 83' lang='lat' dir='ltr'><strong>audit</strong></span> <span class='ocrx_word' id='word_1_437' title='bbox 2626 416 3040 483; x_wconf 87' lang='lat' dir='ltr'><strong>detrahentem;</strong></span> <span class='ocrx_word' id='word_1_438' title='bbox 3108 419 3255 489; x_wconf 88' lang='lat' dir='ltr'><strong>cupit</strong></span> <span class='ocrx_word' id='word_1_439' title='bbox 3306 433 3522 488; x_wconf 79' lang='lat' dir='ltr'><strong>semper</strong></span> <span class='ocrx_word' id='word_1_440' title='bbox 3565 400 3740 477; x_wconf 87' lang='lat' dir='ltr'><strong>decli-</strong></span> 
     </span>
    </p>
   </div>
   <div class='ocr_carea' id='block_1_64' title="bbox 2149 506 3744 590">
    <p class='ocr_par' dir='ltr' id='par_1_64' title="bbox 2149 506 3744 590">
     <span class='ocr_line' id='line_1_64' title="bbox 2149 506 3744 590; baseline 0.005 -31"><span class='ocrx_word' id='word_1_441' title='bbox 2149 521 2282 561; x_wconf 86' lang='lat' dir='ltr'><strong>nare</strong></span> <span class='ocrx_word' id='word_1_442' title='bbox 2308 521 2340 560; x_wconf 92' lang='lat' dir='ltr'><strong>a</strong></span> <span class='ocrx_word' id='word_1_443' title='bbox 2369 506 2535 590; x_wconf 72' lang='lat' dir='ltr'><strong>vitiis,</strong></span> <span class='ocrx_word' id='word_1_444' title='bbox 2584 516 2641 561; x_wconf 88' lang='lat' dir='ltr'><strong>et</strong></span> <span class='ocrx_word' id='word_1_445' title='bbox 2676 507 2745 563; x_wconf 89' lang='lat' dir='ltr'><strong>ad</strong></span> <span class='ocrx_word' id='word_1_446' title='bbox 2775 509 3006 563; x_wconf 88' lang='lat' dir='ltr'><strong>virtutes</strong></span> <span class='ocrx_word' id='word_1_447' title='bbox 3042 509 3236 564; x_wconf 68' lang='lat' dir='ltr'><strong>anima:</strong></span> <span class='ocrx_word' id='word_1_448' title='bbox 3274 510 3628 581; x_wconf 87' lang='lat' dir='ltr'><strong>semetipsum</strong></span> <span class='ocrx_word' id='word_1_449' title='bbox 3654 512 3744 567; x_wconf 83' lang='lat' dir='ltr'><strong>in-</strong></span> 
     </span>
    </p>
   </div>
   <div class='ocr_carea' id='block_1_65' title="bbox 2147 597 2333 668">
    <p class='ocr_par' dir='ltr' id='par_1_65' title="bbox 2147 597 2333 668">
     <span class='ocr_line' id='line_1_65' title="bbox 2147 597 2333 668; baseline -0.005 -17"><span class='ocrx_word' id='word_1_450' title='bbox 2147 597 2333 668; x_wconf 88' lang='lat' dir='ltr'><strong>stigat.</strong></span> 
     </span>
    </p>
   </div>
   <div class='ocr_carea' id='block_1_66' title="bbox 2734 686 3141 744">
    <p class='ocr_par' dir='ltr' id='par_1_66' title="bbox 2734 686 3141 744">
     <span class='ocr_line' id='line_1_66' title="bbox 2734 686 3141 744; baseline 0.002 -1"><span class='ocrx_word' id='word_1_451' title='bbox 2734 686 2962 744; x_wconf 74' lang='lat' dir='ltr'><strong>CAPUT</strong></span> <span class='ocrx_word' id='word_1_452' title='bbox 3000 689 3141 744; x_wconf 80' lang='lat' dir='ltr'><strong>XVI.</strong></span> 
     </span>
    </p>
   </div>
   <div class='ocr_carea' id='block_1_67' title="bbox 2571 779 3303 859">
    <p class='ocr_par' dir='ltr' id='par_1_67' title="bbox 2571 779 3303 859">
     <span class='ocr_line' id='line_1_67' title="bbox 2571 779 3303 859; baseline 0.008 -28"><span class='ocrx_word' id='word_1_453' title='bbox 2571 779 2648 859; x_wconf 70' lang='lat' dir='ltr'><strong>De</strong></span> <span class='ocrx_word' id='word_1_454' title='bbox 2690 779 2871 850; x_wconf 81' lang='lat' dir='ltr'><strong>lingua</strong></span> <span class='ocrx_word' id='word_1_455' title='bbox 2897 783 3303 850; x_wconf 77' lang='lat' dir='ltr'><strong>compensanda.</strong></span> 
     </span>
    </p>
   </div>
   <div class='ocr_carea' id='block_1_68' title="bbox 2224 867 3751 941">
    <p class='ocr_par' dir='ltr' id='par_1_68' title="bbox 2224 867 3751 941">
     <span class='ocr_line' id='line_1_68' title="bbox 2224 867 3751 941; baseline 0.004 -20"><span class='ocrx_word' id='word_1_456' title='bbox 2224 867 2411 922; x_wconf 84' lang='lat' dir='ltr'><strong>Talem</strong></span> <span class='ocrx_word' id='word_1_457' title='bbox 2438 876 2491 922; x_wconf 89' lang='lat' dir='ltr'><strong>te</strong></span> <span class='ocrx_word' id='word_1_458' title='bbox 2525 868 2700 932; x_wconf 80' lang='lat' dir='ltr'><strong>exibe,</strong></span> <span class='ocrx_word' id='word_1_459' title='bbox 2747 867 2843 934; x_wconf 76' lang='lat' dir='ltr'><strong>(ili,</strong></span> <span class='ocrx_word' id='word_1_460' title='bbox 2898 884 3018 922; x_wconf 91' lang='lat' dir='ltr'><strong>cum</strong></span> <span class='ocrx_word' id='word_1_461' title='bbox 3043 869 3277 923; x_wconf 85' lang='lat' dir='ltr'><strong>volueris</strong></span> <span class='ocrx_word' id='word_1_462' title='bbox 3314 886 3573 926; x_wconf 82' lang='lat' dir='ltr'><strong>exercere</strong></span> <span class='ocrx_word' id='word_1_463' title='bbox 3596 870 3751 941; x_wconf 78' lang='lat' dir='ltr'><strong>ieiu-</strong></span> 
     </span>
    </p>
   </div>
   <div class='ocr_carea' id='block_1_69' title="bbox 2148 960 3753 1031">
    <p class='ocr_par' dir='ltr' id='par_1_69' title="bbox 2148 960 3753 1031">
     <span class='ocr_line' id='line_1_69' title="bbox 2148 960 3753 1031; baseline 0.003 -18"><span class='ocrx_word' id='word_1_464' title='bbox 2148 960 2391 1023; x_wconf 91' lang='lat' dir='ltr'><strong>nium,et</strong></span> <span class='ocrx_word' id='word_1_465' title='bbox 2418 975 2538 1013; x_wconf 92' lang='lat' dir='ltr'><strong>cum</strong></span> <span class='ocrx_word' id='word_1_466' title='bbox 2564 968 2616 1013; x_wconf 93' lang='lat' dir='ltr'><strong>te</strong></span> <span class='ocrx_word' id='word_1_467' title='bbox 2646 960 2994 1024; x_wconf 85' lang='lat' dir='ltr'><strong>ahstiuueris,</strong></span> <span class='ocrx_word' id='word_1_468' title='bbox 3014 961 3223 1015; x_wconf 83' lang='lat' dir='ltr'><strong>abstine</strong></span> <span class='ocrx_word' id='word_1_469' title='bbox 3244 969 3296 1015; x_wconf 85' lang='lat' dir='ltr'><strong>et</strong></span> <span class='ocrx_word' id='word_1_470' title='bbox 3323 961 3562 1031; x_wconf 77' lang='lat' dir='ltr'><strong>linguam</strong></span> <span class='ocrx_word' id='word_1_471' title='bbox 3593 973 3753 1018; x_wconf 88' lang='lat' dir='ltr'><strong>tuam</strong></span> 
     </span>
    </p>
   </div>
   <div class='ocr_carea' id='block_1_70' title="bbox 2149 1045 3756 1124">
    <p class='ocr_par' dir='ltr' id='par_1_70' title="bbox 2149 1045 3756 1124">
     <span class='ocr_line' id='line_1_70' title="bbox 2149 1045 3756 1124; baseline 0.005 -23"><span class='ocrx_word' id='word_1_472' title='bbox 2149 1048 2219 1103; x_wconf 89' lang='lat' dir='ltr'><strong>ab</strong></span> <span class='ocrx_word' id='word_1_473' title='bbox 2249 1047 2452 1101; x_wconf 90' lang='lat' dir='ltr'><strong>illicitis</strong></span> <span class='ocrx_word' id='word_1_474' title='bbox 2488 1045 2690 1101; x_wconf 85' lang='lat' dir='ltr'><strong>verbis.</strong></span> <span class='ocrx_word' id='word_1_475' title='bbox 2749 1046 2977 1103; x_wconf 89' lang='lat' dir='ltr'><strong>Omnem</strong></span> <span class='ocrx_word' id='word_1_476' title='bbox 3006 1049 3400 1120; x_wconf 83' lang='lat' dir='ltr'><strong>blasphemiam</strong></span> <span class='ocrx_word' id='word_1_477' title='bbox 3451 1051 3612 1124; x_wconf 86' lang='lat' dir='ltr'><strong>longe</strong></span> <span class='ocrx_word' id='word_1_478' title='bbox 3662 1053 3756 1109; x_wconf 86' lang='lat' dir='ltr'><strong>fac</strong></span> 
     </span>
    </p>
   </div>
   <div class='ocr_carea' id='block_1_71' title="bbox 2149 1137 3753 1211">
    <p class='ocr_par' dir='ltr' id='par_1_71' title="bbox 2149 1137 3753 1211">
     <span class='ocr_line' id='line_1_71' title="bbox 2149 1137 3753 1211; baseline 0.005 -20"><span class='ocrx_word' id='word_1_479' title='bbox 2149 1152 2181 1191; x_wconf 88' lang='lat' dir='ltr'><strong>a</strong></span> <span class='ocrx_word' id='word_1_480' title='bbox 2216 1146 2290 1204; x_wconf 92' lang='lat' dir='ltr'><strong>te,</strong></span> <span class='ocrx_word' id='word_1_481' title='bbox 2322 1153 2422 1193; x_wconf 91' lang='lat' dir='ltr'><strong>nec</strong></span> <span class='ocrx_word' id='word_1_482' title='bbox 2452 1137 2708 1207; x_wconf 88' lang='lat' dir='ltr'><strong>superﬂui</strong></span> <span class='ocrx_word' id='word_1_483' title='bbox 2746 1154 3027 1195; x_wconf 91' lang='lat' dir='ltr'><strong>sermones</strong></span> <span class='ocrx_word' id='word_1_484' title='bbox 3073 1142 3368 1211; x_wconf 85' lang='lat' dir='ltr'><strong>procedant</strong></span> <span class='ocrx_word' id='word_1_485' title='bbox 3412 1144 3479 1197; x_wconf 91' lang='lat' dir='ltr'><strong>de</strong></span> <span class='ocrx_word' id='word_1_486' title='bbox 3501 1160 3598 1199; x_wconf 90' lang='lat' dir='ltr'><strong>ore</strong></span> <span class='ocrx_word' id='word_1_487' title='bbox 3632 1155 3753 1210; x_wconf 89' lang='lat' dir='ltr'><strong>tuo,</strong></span> 
     </span>
    </p>
   </div>
   <div class='ocr_carea' id='block_1_72' title="bbox 2150 1230 3758 1303">
    <p class='ocr_par' dir='ltr' id='par_1_72' title="bbox 2150 1230 3758 1303">
     <span class='ocr_line' id='line_1_72' title="bbox 2150 1230 3758 1303; baseline 0.003 -18"><span class='ocrx_word' id='word_1_488' title='bbox 2150 1230 2276 1299; x_wconf 89' lang='lat' dir='ltr'><strong>quia</strong></span> <span class='ocrx_word' id='word_1_489' title='bbox 2299 1238 2353 1284; x_wconf 92' lang='lat' dir='ltr'><strong>et</strong></span> <span class='ocrx_word' id='word_1_490' title='bbox 2374 1245 2473 1301; x_wconf 94' lang='lat' dir='ltr'><strong>pro</strong></span> <span class='ocrx_word' id='word_1_491' title='bbox 2501 1230 2690 1285; x_wconf 91' lang='lat' dir='ltr'><strong>otiosis</strong></span> <span class='ocrx_word' id='word_1_492' title='bbox 2713 1231 2894 1285; x_wconf 85' lang='lat' dir='ltr'><strong>verbis</strong></span> <span class='ocrx_word' id='word_1_493' title='bbox 2930 1231 2986 1285; x_wconf 94' lang='lat' dir='ltr'><strong>in</strong></span> <span class='ocrx_word' id='word_1_494' title='bbox 3011 1232 3097 1287; x_wconf 92' lang='lat' dir='ltr'><strong>die</strong></span> <span class='ocrx_word' id='word_1_495' title='bbox 3134 1232 3323 1303; x_wconf 76' lang='lat' dir='ltr'><strong>iudicii</strong></span> <span class='ocrx_word' id='word_1_496' title='bbox 3360 1235 3631 1290; x_wconf 87' lang='lat' dir='ltr'><strong>reddituri</strong></span> <span class='ocrx_word' id='word_1_497' title='bbox 3659 1252 3758 1290; x_wconf 86' lang='lat' dir='ltr'><strong>su-</strong></span> 
     </span>
    </p>
   </div>
   <div class='ocr_carea' id='block_1_73' title="bbox 2150 1319 3755 1394">
    <p class='ocr_par' dir='ltr' id='par_1_73' title="bbox 2150 1319 3755 1394">
     <span class='ocr_line' id='line_1_73' title="bbox 2150 1319 3755 1394; baseline 0.004 -22"><span class='ocrx_word' id='word_1_498' title='bbox 2150 1334 2272 1374; x_wconf 89' lang='lat' dir='ltr'><strong>mus</strong></span> <span class='ocrx_word' id='word_1_499' title='bbox 2293 1319 2403 1373; x_wconf 87' lang='lat' dir='ltr'><strong>Deo</strong></span> <span class='ocrx_word' id='word_1_500' title='bbox 2425 1321 2711 1374; x_wconf 89' lang='lat' dir='ltr'><strong>rationem.</strong></span> <span class='ocrx_word' id='word_1_501' title='bbox 2743 1319 2855 1374; x_wconf 86' lang='lat' dir='ltr'><strong>Nec</strong></span> <span class='ocrx_word' id='word_1_502' title='bbox 2880 1321 2949 1376; x_wconf 90' lang='lat' dir='ltr'><strong>ad</strong></span> <span class='ocrx_word' id='word_1_503' title='bbox 2972 1322 3400 1378; x_wconf 89' lang='lat' dir='ltr'><strong>maledicendum</strong></span> <span class='ocrx_word' id='word_1_504' title='bbox 3425 1324 3755 1394; x_wconf 86' lang='lat' dir='ltr'><strong>quempiam</strong></span> 
     </span>
    </p>
   </div>
   <div class='ocr_carea' id='block_1_74' title="bbox 2152 1399 3761 1483">
    <p class='ocr_par' dir='ltr' id='par_1_74' title="bbox 2152 1399 3761 1483">
     <span class='ocr_line' id='line_1_74' title="bbox 2152 1399 3761 1483; baseline 0.006 -19"><span class='ocrx_word' id='word_1_505' title='bbox 2152 1425 2436 1466; x_wconf 86' lang='lat' dir='ltr'><strong>assuescas</strong></span> <span class='ocrx_word' id='word_1_506' title='bbox 2477 1412 2717 1481; x_wconf 80' lang='lat' dir='ltr'><strong>linguam</strong></span> <span class='ocrx_word' id='word_1_507' title='bbox 2740 1399 2930 1480; x_wconf 43' lang='lat' dir='ltr'><strong>&#39;tuam,</strong></span> <span class='ocrx_word' id='word_1_508' title='bbox 2955 1430 3075 1483; x_wconf 71' lang='lat' dir='ltr'><strong>quae</strong></span> <span class='ocrx_word' id='word_1_509' title='bbox 3111 1414 3177 1468; x_wconf 89' lang='lat' dir='ltr'><strong>ad</strong></span> <span class='ocrx_word' id='word_1_510' title='bbox 3213 1416 3657 1472; x_wconf 87' lang='lat' dir='ltr'><strong>benedicendum</strong></span> <span class='ocrx_word' id='word_1_511' title='bbox 3701 1429 3761 1474; x_wconf 85' lang='lat' dir='ltr'><strong>et</strong></span> 
     </span>
    </p>
   </div>
   <div class='ocr_carea' id='block_1_75' title="bbox 2152 1499 3764 1578">
    <p class='ocr_par' dir='ltr' id='par_1_75' title="bbox 2152 1499 3764 1578">
     <span class='ocr_line' id='line_1_75' title="bbox 2152 1499 3764 1578; baseline 0.006 -26"><span class='ocrx_word' id='word_1_512' title='bbox 2152 1499 2218 1552; x_wconf 88' lang='lat' dir='ltr'><strong>ad</strong></span> <span class='ocrx_word' id='word_1_513' title='bbox 2247 1499 2569 1555; x_wconf 88' lang='lat' dir='ltr'><strong>laudandum</strong></span> <span class='ocrx_word' id='word_1_514' title='bbox 2599 1501 2883 1555; x_wconf 89' lang='lat' dir='ltr'><strong>Dominum</strong></span> <span class='ocrx_word' id='word_1_515' title='bbox 2908 1513 3092 1557; x_wconf 89' lang='lat' dir='ltr'><strong>creata</strong></span> <span class='ocrx_word' id='word_1_516' title='bbox 3123 1513 3223 1558; x_wconf 89' lang='lat' dir='ltr'><strong>est.</strong></span> <span class='ocrx_word' id='word_1_517' title='bbox 3274 1504 3351 1559; x_wconf 86' lang='lat' dir='ltr'><strong>De</strong></span> <span class='ocrx_word' id='word_1_518' title='bbox 3380 1505 3578 1574; x_wconf 88' lang='lat' dir='ltr'><strong>quibus</strong></span> <span class='ocrx_word' id='word_1_519' title='bbox 3603 1506 3764 1578; x_wconf 80' lang='lat' dir='ltr'><strong>igno-</strong></span> 
     </span>
    </p>
   </div>
   <div class='ocr_carea' id='block_1_76' title="bbox 2153 1592 3763 1664">
    <p class='ocr_par' dir='ltr' id='par_1_76' title="bbox 2153 1592 3763 1664">
     <span class='ocr_line' id='line_1_76' title="bbox 2153 1592 3763 1664; baseline 0.006 -19"><span class='ocrx_word' id='word_1_520' title='bbox 2153 1605 2243 1645; x_wconf 89' lang='lat' dir='ltr'><strong>ras</strong></span> <span class='ocrx_word' id='word_1_521' title='bbox 2268 1592 2433 1647; x_wconf 79' lang='lat' dir='ltr'><strong>rebus</strong></span> <span class='ocrx_word' id='word_1_522' title='bbox 2473 1592 2524 1646; x_wconf 90' lang='lat' dir='ltr'><strong>in</strong></span> <span class='ocrx_word' id='word_1_523' title='bbox 2554 1604 2820 1648; x_wconf 71' lang='lat' dir='ltr'><strong>conventu</strong></span> <span class='ocrx_word' id='word_1_524' title='bbox 2851 1593 2959 1648; x_wconf 91' lang='lat' dir='ltr'><strong>noli</strong></span> <span class='ocrx_word' id='word_1_525' title='bbox 2993 1594 3238 1664; x_wconf 84' lang='lat' dir='ltr'><strong>proferre</strong></span> <span class='ocrx_word' id='word_1_526' title='bbox 3269 1610 3610 1664; x_wconf 88' lang='lat' dir='ltr'><strong>sermonem;</strong></span> <span class='ocrx_word' id='word_1_527' title='bbox 3657 1599 3763 1655; x_wconf 84' lang='lat' dir='ltr'><strong>sed</strong></span> 
     </span>
    </p>
   </div>
   <div class='ocr_carea' id='block_1_77' title="bbox 2153 1684 3764 1759">
    <p class='ocr_par' dir='ltr' id='par_1_77' title="bbox 2153 1684 3764 1759">
     <span class='ocr_line' id='line_1_77' title="bbox 2153 1684 3764 1759; baseline 0.007 -23"><span class='ocrx_word' id='word_1_528' title='bbox 2153 1692 2452 1752; x_wconf 86' lang='lat' dir='ltr'><strong>opportuna</strong></span> <span class='ocrx_word' id='word_1_529' title='bbox 2505 1684 2671 1738; x_wconf 80' lang='lat' dir='ltr'><strong>verba</strong></span> <span class='ocrx_word' id='word_1_530' title='bbox 2699 1686 2998 1756; x_wconf 85' lang='lat' dir='ltr'><strong>procedant</strong></span> <span class='ocrx_word' id='word_1_531' title='bbox 3046 1702 3078 1741; x_wconf 86' lang='lat' dir='ltr'><strong>a</strong></span> <span class='ocrx_word' id='word_1_532' title='bbox 3114 1694 3169 1742; x_wconf 85' lang='lat' dir='ltr'><strong>te</strong></span> <span class='ocrx_word' id='word_1_533' title='bbox 3206 1702 3330 1743; x_wconf 89' lang='lat' dir='ltr'><strong>cum</strong></span> <span class='ocrx_word' id='word_1_534' title='bbox 3381 1701 3764 1759; x_wconf 84' lang='lat' dir='ltr'><strong>opportunum</strong></span> 
     </span>
    </p>
   </div>
   <div class='ocr_carea' id='block_1_78' title="bbox 2153 1772 3767 1850">
    <p class='ocr_par' dir='ltr' id='par_1_78' title="bbox 2153 1772 3767 1850">
     <span class='ocr_line' id='line_1_78' title="bbox 2153 1772 3767 1850; baseline 0.006 -26"><span class='ocrx_word' id='word_1_535' title='bbox 2153 1777 2366 1840; x_wconf 86' lang='lat' dir='ltr'><strong>tempus</strong></span> <span class='ocrx_word' id='word_1_536' title='bbox 2399 1772 2695 1838; x_wconf 84' lang='lat' dir='ltr'><strong>inveneris,</strong></span> <span class='ocrx_word' id='word_1_537' title='bbox 2720 1782 2780 1827; x_wconf 93' lang='lat' dir='ltr'><strong>ut</strong></span> <span class='ocrx_word' id='word_1_538' title='bbox 2818 1782 2870 1830; x_wconf 90' lang='lat' dir='ltr'><strong>te</strong></span> <span class='ocrx_word' id='word_1_539' title='bbox 2899 1776 3242 1833; x_wconf 84' lang='lat' dir='ltr'><strong>audientibus</strong></span> <span class='ocrx_word' id='word_1_540' title='bbox 3273 1780 3484 1833; x_wconf 90' lang='lat' dir='ltr'><strong>cunctis</strong></span> <span class='ocrx_word' id='word_1_541' title='bbox 3513 1781 3767 1850; x_wconf 86' lang='lat' dir='ltr'><strong>gratiam</strong></span> 
     </span>
    </p>
   </div>
   <div class='ocr_carea' id='block_1_79' title="bbox 2156 1862 3767 1939">
    <p class='ocr_par' dir='ltr' id='par_1_79' title="bbox 2156 1862 3767 1939">
     <span class='ocr_line' id='line_1_79' title="bbox 2156 1862 3767 1939; baseline 0.006 -24"><span class='ocrx_word' id='word_1_542' title='bbox 2156 1862 2454 1930; x_wconf 81' lang='lat' dir='ltr'><strong>praebeant.</strong></span> <span class='ocrx_word' id='word_1_543' title='bbox 2527 1863 2609 1917; x_wconf 86' lang='lat' dir='ltr'><strong>Ab</strong></span> <span class='ocrx_word' id='word_1_544' title='bbox 2676 1865 2825 1919; x_wconf 88' lang='lat' dir='ltr'><strong>omni</strong></span> <span class='ocrx_word' id='word_1_545' title='bbox 2867 1865 3177 1936; x_wconf 87' lang='lat' dir='ltr'><strong>vaniloquio</strong></span> <span class='ocrx_word' id='word_1_546' title='bbox 3221 1875 3460 1937; x_wconf 85' lang='lat' dir='ltr'><strong>tempera</strong></span> <span class='ocrx_word' id='word_1_547' title='bbox 3506 1869 3767 1939; x_wconf 84' lang='lat' dir='ltr'><strong>linguam</strong></span> 
     </span>
    </p>
   </div>
   <div class='ocr_carea' id='block_1_80' title="bbox 2155 1954 3770 2025">
    <p class='ocr_par' dir='ltr' id='par_1_80' title="bbox 2155 1954 3770 2025">
     <span class='ocr_line' id='line_1_80' title="bbox 2155 1954 3770 2025; baseline 0.006 -19"><span class='ocrx_word' id='word_1_548' title='bbox 2155 1961 2333 2019; x_wconf 85' lang='lat' dir='ltr'><strong>tuam;</strong></span> <span class='ocrx_word' id='word_1_549' title='bbox 2366 1968 2434 2008; x_wconf 88' lang='lat' dir='ltr'><strong>ne</strong></span> <span class='ocrx_word' id='word_1_550' title='bbox 2456 1954 2670 2025; x_wconf 82' lang='lat' dir='ltr'><strong>quando</strong></span> <span class='ocrx_word' id='word_1_551' title='bbox 2691 1956 2783 2024; x_wconf 88' lang='lat' dir='ltr'><strong>qui</strong></span> <span class='ocrx_word' id='word_1_552' title='bbox 2813 1956 3040 2010; x_wconf 90' lang='lat' dir='ltr'><strong>audiunt</strong></span> <span class='ocrx_word' id='word_1_553' title='bbox 3084 1955 3459 2013; x_wconf 82' lang='lat' dir='ltr'><strong>horrescentes</strong></span> <span class='ocrx_word' id='word_1_554' title='bbox 3488 1960 3770 2016; x_wconf 83' lang='lat' dir='ltr'><strong>obturem</strong></span> 
     </span>
    </p>
   </div>
   <div class='ocr_carea' id='block_1_81' title="bbox 2155 2044 3771 2107">
    <p class='ocr_par' dir='ltr' id='par_1_81' title="bbox 2155 2044 3771 2107">
     <span class='ocr_line' id='line_1_81' title="bbox 2155 2044 3771 2107; baseline 0.006 -10"><span class='ocrx_word' id='word_1_555' title='bbox 2155 2058 2315 2098; x_wconf 83' lang='lat' dir='ltr'><strong>aures</strong></span> <span class='ocrx_word' id='word_1_556' title='bbox 2339 2059 2483 2107; x_wconf 86' lang='lat' dir='ltr'><strong>suas,</strong></span> <span class='ocrx_word' id='word_1_557' title='bbox 2533 2052 2588 2098; x_wconf 87' lang='lat' dir='ltr'><strong>et</strong></span> <span class='ocrx_word' id='word_1_558' title='bbox 2615 2044 2687 2103; x_wconf 87' lang='lat' dir='ltr'><strong>sit</strong></span> <span class='ocrx_word' id='word_1_559' title='bbox 2719 2046 2815 2100; x_wconf 91' lang='lat' dir='ltr'><strong>tibi</strong></span> <span class='ocrx_word' id='word_1_560' title='bbox 2841 2045 3087 2101; x_wconf 91' lang='lat' dir='ltr'><strong>confusio</strong></span> <span class='ocrx_word' id='word_1_561' title='bbox 3118 2063 3301 2102; x_wconf 86' lang='lat' dir='ltr'><strong>coram</strong></span> <span class='ocrx_word' id='word_1_562' title='bbox 3347 2050 3631 2105; x_wconf 86' lang='lat' dir='ltr'><strong>omnibus.</strong></span> <span class='ocrx_word' id='word_1_563' title='bbox 3689 2050 3771 2106; x_wconf 89' lang='lat' dir='ltr'><strong>De</strong></span> 
     </span>
    </p>
   </div>
   <div class='ocr_carea' id='block_1_82' title="bbox 2156 2135 3773 2207">
    <p class='ocr_par' dir='ltr' id='par_1_82' title="bbox 2156 2135 3773 2207">
     <span class='ocr_line' id='line_1_82' title="bbox 2156 2135 3773 2207; baseline 0.005 -20"><span class='ocrx_word' id='word_1_564' title='bbox 2156 2135 2353 2203; x_wconf 90' lang='lat' dir='ltr'><strong>quibus</strong></span> <span class='ocrx_word' id='word_1_565' title='bbox 2376 2135 2679 2189; x_wconf 85' lang='lat' dir='ltr'><strong>molestiam</strong></span> <span class='ocrx_word' id='word_1_566' title='bbox 2711 2152 2817 2191; x_wconf 90' lang='lat' dir='ltr'><strong>non</strong></span> <span class='ocrx_word' id='word_1_567' title='bbox 2847 2139 3072 2207; x_wconf 88' lang='lat' dir='ltr'><strong>pateris,</strong></span> <span class='ocrx_word' id='word_1_568' title='bbox 3100 2138 3212 2192; x_wconf 91' lang='lat' dir='ltr'><strong>noli</strong></span> <span class='ocrx_word' id='word_1_569' title='bbox 3250 2141 3589 2195; x_wconf 90' lang='lat' dir='ltr'><strong>contendere</strong></span> <span class='ocrx_word' id='word_1_570' title='bbox 3621 2142 3773 2195; x_wconf 84' lang='lat' dir='ltr'><strong>aeri-</strong></span> 
     </span>
    </p>
   </div>
   <div class='ocr_carea' id='block_1_83' title="bbox 2157 2229 3770 2307">
    <p class='ocr_par' dir='ltr' id='par_1_83' title="bbox 2157 2229 3770 2307">
     <span class='ocr_line' id='line_1_83' title="bbox 2157 2229 3770 2307; baseline 0.006 -25"><span class='ocrx_word' id='word_1_571' title='bbox 2157 2238 2263 2295; x_wconf 90' lang='lat' dir='ltr'><strong>ter,</strong></span> <span class='ocrx_word' id='word_1_572' title='bbox 2295 2244 2393 2284; x_wconf 89' lang='lat' dir='ltr'><strong>nec</strong></span> <span class='ocrx_word' id='word_1_573' title='bbox 2441 2229 2718 2287; x_wconf 88' lang='lat' dir='ltr'><strong>insuescas</strong></span> <span class='ocrx_word' id='word_1_574' title='bbox 2750 2232 3125 2287; x_wconf 89' lang='lat' dir='ltr'><strong>consuetudini</strong></span> <span class='ocrx_word' id='word_1_575' title='bbox 3153 2235 3423 2306; x_wconf 67' lang='lat' dir='ltr'><strong>pessimae,</strong></span> <span class='ocrx_word' id='word_1_576' title='bbox 3471 2237 3770 2307; x_wconf 82' lang='lat' dir='ltr'><strong>quiamos</strong></span> 
     </span>
    </p>
   </div>
   <div class='ocr_carea' id='block_1_84' title="bbox 2158 2320 3772 2401">
    <p class='ocr_par' dir='ltr' id='par_1_84' title="bbox 2158 2320 3772 2401">
     <span class='ocr_line' id='line_1_84' title="bbox 2158 2320 3772 2401; baseline 0.009 -28"><span class='ocrx_word' id='word_1_577' title='bbox 2158 2320 2250 2390; x_wconf 91' lang='lat' dir='ltr'><strong>qui</strong></span> <span class='ocrx_word' id='word_1_578' title='bbox 2299 2320 2458 2393; x_wconf 84' lang='lat' dir='ltr'><strong>longo</strong></span> <span class='ocrx_word' id='word_1_579' title='bbox 2488 2338 2588 2378; x_wconf 89' lang='lat' dir='ltr'><strong>usu</strong></span> <span class='ocrx_word' id='word_1_580' title='bbox 2619 2322 2781 2380; x_wconf 85' lang='lat' dir='ltr'><strong>fuerit</strong></span> <span class='ocrx_word' id='word_1_581' title='bbox 2814 2326 3187 2395; x_wconf 76' lang='lat' dir='ltr'><strong>confirmatus,</strong></span> <span class='ocrx_word' id='word_1_582' title='bbox 3216 2344 3322 2384; x_wconf 92' lang='lat' dir='ltr'><strong>non</strong></span> <span class='ocrx_word' id='word_1_583' title='bbox 3358 2346 3530 2401; x_wconf 85' lang='lat' dir='ltr'><strong>parvo</strong></span> <span class='ocrx_word' id='word_1_584' title='bbox 3566 2330 3772 2387; x_wconf 88' lang='lat' dir='ltr'><strong>labore</strong></span> 
     </span>
    </p>
   </div>
   <div class='ocr_carea' id='block_1_85' title="bbox 2157 2414 2377 2469">
    <p class='ocr_par' dir='ltr' id='par_1_85' title="bbox 2157 2414 2377 2469">
     <span class='ocr_line' id='line_1_85' title="bbox 2157 2414 2377 2469; baseline 0.005 -3"><span class='ocrx_word' id='word_1_585' title='bbox 2157 2414 2377 2469; x_wconf 82' lang='lat' dir='ltr'><strong>vitatur.</strong></span> 
     </span>
    </p>
   </div>
   <div class='ocr_carea' id='block_1_86' title="bbox 2078 1792 2126 1853">
    <p class='ocr_par' dir='ltr' id='par_1_86' title="bbox 2078 1792 2126 1853">
     <span class='ocr_line' id='line_1_86' title="bbox 2078 1792 2126 1853; baseline 0 0"><span class='ocrx_word' id='word_1_586' title='bbox 2078 1792 2126 1853; x_wconf 86' lang='lat' dir='ltr'><strong>B</strong></span> 
     </span>
    </p>
   </div>
   <div class='ocr_carea' id='block_1_87' title="bbox 2725 2508 3166 2565">
    <p class='ocr_par' dir='ltr' id='par_1_87' title="bbox 2725 2508 3166 2565">
     <span class='ocr_line' id='line_1_87' title="bbox 2725 2508 3166 2565; baseline 0 -1"><span class='ocrx_word' id='word_1_587' title='bbox 2725 2508 2954 2565; x_wconf 78' lang='lat' dir='ltr'><strong>CAPUT</strong></span> <span class='ocrx_word' id='word_1_588' title='bbox 3004 2509 3166 2564; x_wconf 78' lang='lat' dir='ltr'><strong>XVII.</strong></span> 
     </span>
    </p>
   </div>
   <div class='ocr_carea' id='block_1_88' title="bbox 2578 2598 3326 2672">
    <p class='ocr_par' dir='ltr' id='par_1_88' title="bbox 2578 2598 3326 2672">
     <span class='ocr_line' id='line_1_88' title="bbox 2578 2598 3326 2672; baseline 0.005 -20"><span class='ocrx_word' id='word_1_589' title='bbox 2578 2598 2657 2653; x_wconf 87' lang='lat' dir='ltr'><strong>De</strong></span> <span class='ocrx_word' id='word_1_590' title='bbox 2682 2617 2814 2654; x_wconf 87' lang='lat' dir='ltr'><strong>vano</strong></span> <span class='ocrx_word' id='word_1_591' title='bbox 2838 2602 3031 2672; x_wconf 79' lang='lat' dir='ltr'><strong>gaudio</strong></span> <span class='ocrx_word' id='word_1_592' title='bbox 3060 2602 3326 2672; x_wconf 80' lang='lat' dir='ltr'><strong>fugiendo.</strong></span> 
     </span>
    </p>
   </div>
   <div class='ocr_carea' id='block_1_89' title="bbox 2230 2686 3776 2763">
    <p class='ocr_par' dir='ltr' id='par_1_89' title="bbox 2230 2686 3776 2763">
     <span class='ocr_line' id='line_1_89' title="bbox 2230 2686 3776 2763; baseline 0.009 -23"><span class='ocrx_word' id='word_1_593' title='bbox 2230 2686 2349 2743; x_wconf 86' lang='lat' dir='ltr'><strong>Noli</strong></span> <span class='ocrx_word' id='word_1_594' title='bbox 2367 2688 2643 2746; x_wconf 89' lang='lat' dir='ltr'><strong>dissolutis</strong></span> <span class='ocrx_word' id='word_1_595' title='bbox 2668 2691 2825 2747; x_wconf 89' lang='lat' dir='ltr'><strong>labiis</strong></span> <span class='ocrx_word' id='word_1_596' title='bbox 2847 2693 3015 2747; x_wconf 89' lang='lat' dir='ltr'><strong>risum</strong></span> <span class='ocrx_word' id='word_1_597' title='bbox 3027 2693 3301 2763; x_wconf 86' lang='lat' dir='ltr'><strong>proferre:</strong></span> <span class='ocrx_word' id='word_1_598' title='bbox 3333 2697 3574 2751; x_wconf 89' lang='lat' dir='ltr'><strong>amentia</strong></span> <span class='ocrx_word' id='word_1_599' title='bbox 3600 2714 3776 2754; x_wconf 88' lang='lat' dir='ltr'><strong>nam-</strong></span> 
     </span>
    </p>
   </div>
   <div class='ocr_carea' id='block_1_90' title="bbox 2161 2782 3776 2861">
    <p class='ocr_par' dir='ltr' id='par_1_90' title="bbox 2161 2782 3776 2861">
     <span class='ocr_line' id='line_1_90' title="bbox 2161 2782 3776 2861; baseline 0.008 -31"><span class='ocrx_word' id='word_1_600' title='bbox 2161 2793 2266 2849; x_wconf 88' lang='lat' dir='ltr'><strong>que</strong></span> <span class='ocrx_word' id='word_1_601' title='bbox 2291 2786 2373 2832; x_wconf 89' lang='lat' dir='ltr'><strong>est</strong></span> <span class='ocrx_word' id='word_1_602' title='bbox 2400 2795 2522 2834; x_wconf 88' lang='lat' dir='ltr'><strong>cum</strong></span> <span class='ocrx_word' id='word_1_603' title='bbox 2553 2782 2778 2852; x_wconf 86' lang='lat' dir='ltr'><strong>strepitu</strong></span> <span class='ocrx_word' id='word_1_604' title='bbox 2808 2783 3119 2861; x_wconf 38' lang='lat' dir='ltr'><strong>riderensed</strong></span> <span class='ocrx_word' id='word_1_605' title='bbox 3148 2786 3477 2840; x_wconf 81' lang='lat' dir='ltr'><strong>subridendo</strong></span> <span class='ocrx_word' id='word_1_606' title='bbox 3513 2796 3776 2843; x_wconf 86' lang='lat' dir='ltr'><strong>tantum-</strong></span> 
     </span>
    </p>
   </div>
   <div class='ocr_carea' id='block_1_91' title="bbox 2160 2868 3778 2949">
    <p class='ocr_par' dir='ltr' id='par_1_91' title="bbox 2160 2868 3778 2949">
     <span class='ocr_line' id='line_1_91' title="bbox 2160 2868 3778 2949; baseline 0.009 -28"><span class='ocrx_word' id='word_1_607' title='bbox 2160 2868 2321 2922; x_wconf 83' lang='lat' dir='ltr'><strong>modo</strong></span> <span class='ocrx_word' id='word_1_608' title='bbox 2370 2870 2568 2924; x_wconf 84' lang='lat' dir='ltr'><strong>mentis</strong></span> <span class='ocrx_word' id='word_1_609' title='bbox 2606 2870 2849 2926; x_wconf 75' lang='lat' dir='ltr'><strong>lmtitiam</strong></span> <span class='ocrx_word' id='word_1_610' title='bbox 2897 2872 3093 2928; x_wconf 86' lang='lat' dir='ltr'><strong>indica.</strong></span> <span class='ocrx_word' id='word_1_611' title='bbox 3155 2872 3265 2928; x_wconf 86' lang='lat' dir='ltr'><strong>Nec</strong></span> <span class='ocrx_word' id='word_1_612' title='bbox 3293 2876 3345 2929; x_wconf 90' lang='lat' dir='ltr'><strong>in</strong></span> <span class='ocrx_word' id='word_1_613' title='bbox 3373 2877 3601 2931; x_wconf 84' lang='lat' dir='ltr'><strong>modum</strong></span> <span class='ocrx_word' id='word_1_614' title='bbox 3642 2896 3778 2949; x_wconf 81' lang='lat' dir='ltr'><strong>par-</strong></span> 
     </span>
    </p>
   </div>
   <div class='ocr_carea' id='block_1_92' title="bbox 2159 2957 3778 3040">
    <p class='ocr_par' dir='ltr' id='par_1_92' title="bbox 2159 2957 3778 3040">
     <span class='ocr_line' id='line_1_92' title="bbox 2159 2957 3778 3040; baseline 0.011 -31"><span class='ocrx_word' id='word_1_615' title='bbox 2159 2957 2271 3013; x_wconf 87' lang='lat' dir='ltr'><strong>vuli</strong></span> <span class='ocrx_word' id='word_1_616' title='bbox 2299 2957 2474 3028; x_wconf 87' lang='lat' dir='ltr'><strong>iocari</strong></span> <span class='ocrx_word' id='word_1_617' title='bbox 2497 2961 2631 3015; x_wconf 88' lang='lat' dir='ltr'><strong>velis</strong></span> <span class='ocrx_word' id='word_1_618' title='bbox 2654 2963 2890 3028; x_wconf 86' lang='lat' dir='ltr'><strong>assidue,</strong></span> <span class='ocrx_word' id='word_1_619' title='bbox 2920 2964 3042 3033; x_wconf 87' lang='lat' dir='ltr'><strong>quia</strong></span> <span class='ocrx_word' id='word_1_620' title='bbox 3070 2980 3176 3019; x_wconf 91' lang='lat' dir='ltr'><strong>non</strong></span> <span class='ocrx_word' id='word_1_621' title='bbox 3204 2967 3456 3020; x_wconf 78' lang='lat' dir='ltr'><strong>convenit</strong></span> <span class='ocrx_word' id='word_1_622' title='bbox 3477 2968 3531 3022; x_wconf 92' lang='lat' dir='ltr'><strong>ei</strong></span> <span class='ocrx_word' id='word_1_623' title='bbox 3562 2972 3671 3040; x_wconf 84' lang='lat' dir='ltr'><strong>qui</strong></span> <span class='ocrx_word' id='word_1_624' title='bbox 3705 2972 3778 3026; x_wconf 88' lang='lat' dir='ltr'><strong>ad</strong></span> 
     </span>
    </p>
   </div>
   <div class='ocr_carea' id='block_1_93' title="bbox 2160 3048 3777 3125">
    <p class='ocr_par' dir='ltr' id='par_1_93' title="bbox 2160 3048 3777 3125">
     <span class='ocr_line' id='line_1_93' title="bbox 2160 3048 3777 3125; baseline 0.009 -24"><span class='ocrx_word' id='word_1_625' title='bbox 2160 3048 2548 3119; x_wconf 86' lang='lat' dir='ltr'><strong>perfectionem</strong></span> <span class='ocrx_word' id='word_1_626' title='bbox 2598 3052 2790 3107; x_wconf 77' lang='lat' dir='ltr'><strong>nititur</strong></span> <span class='ocrx_word' id='word_1_627' title='bbox 2831 3052 2997 3119; x_wconf 81' lang='lat' dir='ltr'><strong>iocari</strong></span> <span class='ocrx_word' id='word_1_628' title='bbox 3045 3062 3108 3109; x_wconf 87' lang='lat' dir='ltr'><strong>ut</strong></span> <span class='ocrx_word' id='word_1_629' title='bbox 3153 3056 3428 3125; x_wconf 85' lang='lat' dir='ltr'><strong>parvulus.</strong></span> <span class='ocrx_word' id='word_1_630' title='bbox 3507 3058 3659 3113; x_wconf 85' lang='lat' dir='ltr'><strong>Esto</strong></span> <span class='ocrx_word' id='word_1_631' title='bbox 3722 3062 3777 3116; x_wconf 93' lang='lat' dir='ltr'><strong>in</strong></span> 
     </span>
    </p>
   </div>
   <div class='ocr_carea' id='block_1_94' title="bbox 2090 3140 3778 3225">
    <p class='ocr_par' dir='ltr' id='par_1_94' title="bbox 2090 3140 3778 3225">
     <span class='ocr_line' id='line_1_94' title="bbox 2090 3140 3778 3225; baseline 0.009 -31"><span class='ocrx_word' id='word_1_632' title='bbox 2090 3141 2134 3202; x_wconf 88' lang='lat' dir='ltr'><strong><em>C</em></strong></span> <span class='ocrx_word' id='word_1_633' title='bbox 2167 3140 2369 3195; x_wconf 83' lang='lat' dir='ltr'><strong>malitia</strong></span> <span class='ocrx_word' id='word_1_634' title='bbox 2396 3144 2676 3212; x_wconf 89' lang='lat' dir='ltr'><strong>parvulus,</strong></span> <span class='ocrx_word' id='word_1_635' title='bbox 2710 3154 2765 3199; x_wconf 89' lang='lat' dir='ltr'><strong>et</strong></span> <span class='ocrx_word' id='word_1_636' title='bbox 2796 3146 2881 3200; x_wconf 85' lang='lat' dir='ltr'><strong>vir</strong></span> <span class='ocrx_word' id='word_1_637' title='bbox 2902 3146 3176 3216; x_wconf 84' lang='lat' dir='ltr'><strong>perfectus</strong></span> <span class='ocrx_word' id='word_1_638' title='bbox 3204 3150 3255 3202; x_wconf 89' lang='lat' dir='ltr'><strong>in</strong></span> <span class='ocrx_word' id='word_1_639' title='bbox 3284 3166 3467 3204; x_wconf 88' lang='lat' dir='ltr'><strong>sensu.</strong></span> <span class='ocrx_word' id='word_1_640' title='bbox 3544 3152 3607 3207; x_wconf 84' lang='lat' dir='ltr'><strong>in</strong></span> <span class='ocrx_word' id='word_1_641' title='bbox 3644 3156 3778 3225; x_wconf 84' lang='lat' dir='ltr'><strong>qui-</strong></span> 
     </span>
    </p>
   </div>
   <div class='ocr_carea' id='block_1_95' title="bbox 2162 3231 3780 3309">
    <p class='ocr_par' dir='ltr' id='par_1_95' title="bbox 2162 3231 3780 3309">
     <span class='ocr_line' id='line_1_95' title="bbox 2162 3231 3780 3309; baseline 0.011 -26"><span class='ocrx_word' id='word_1_642' title='bbox 2162 3231 2386 3286; x_wconf 89' lang='lat' dir='ltr'><strong>busdam</strong></span> <span class='ocrx_word' id='word_1_643' title='bbox 2420 3241 2471 3287; x_wconf 93' lang='lat' dir='ltr'><strong>te</strong></span> <span class='ocrx_word' id='word_1_644' title='bbox 2498 3235 2693 3290; x_wconf 83' lang='lat' dir='ltr'><strong>exhibe</strong></span> <span class='ocrx_word' id='word_1_645' title='bbox 2727 3252 2933 3301; x_wconf 89' lang='lat' dir='ltr'><strong>senem,</strong></span> <span class='ocrx_word' id='word_1_646' title='bbox 2963 3246 3018 3291; x_wconf 89' lang='lat' dir='ltr'><strong>et</strong></span> <span class='ocrx_word' id='word_1_647' title='bbox 3049 3239 3101 3292; x_wconf 94' lang='lat' dir='ltr'><strong>in</strong></span> <span class='ocrx_word' id='word_1_648' title='bbox 3124 3240 3447 3309; x_wconf 89' lang='lat' dir='ltr'><strong>quihusdam</strong></span> <span class='ocrx_word' id='word_1_649' title='bbox 3474 3250 3531 3297; x_wconf 87' lang='lat' dir='ltr'><strong>te</strong></span> <span class='ocrx_word' id='word_1_650' title='bbox 3556 3246 3780 3301; x_wconf 79' lang='lat' dir='ltr'><strong>exhibe</strong></span> 
     </span>
    </p>
   </div>
   <div class='ocr_carea' id='block_1_96' title="bbox 2161 3323 3778 3398">
    <p class='ocr_par' dir='ltr' id='par_1_96' title="bbox 2161 3323 3778 3398">
     <span class='ocr_line' id='line_1_96' title="bbox 2161 3323 3778 3398; baseline 0.01 -24"><span class='ocrx_word' id='word_1_651' title='bbox 2161 3323 2465 3391; x_wconf 88' lang='lat' dir='ltr'><strong>parvulum.</strong></span> <span class='ocrx_word' id='word_1_652' title='bbox 2493 3323 2711 3379; x_wconf 85' lang='lat' dir='ltr'><strong>Parvuli</strong></span> <span class='ocrx_word' id='word_1_653' title='bbox 2737 3341 2973 3396; x_wconf 87' lang='lat' dir='ltr'><strong>namque</strong></span> <span class='ocrx_word' id='word_1_654' title='bbox 3001 3336 3087 3382; x_wconf 89' lang='lat' dir='ltr'><strong>est</strong></span> <span class='ocrx_word' id='word_1_655' title='bbox 3114 3327 3322 3394; x_wconf 91' lang='lat' dir='ltr'><strong>ludere,</strong></span> <span class='ocrx_word' id='word_1_656' title='bbox 3357 3330 3596 3398; x_wconf 86' lang='lat' dir='ltr'><strong>perfecti</strong></span> <span class='ocrx_word' id='word_1_657' title='bbox 3636 3350 3778 3390; x_wconf 84' lang='lat' dir='ltr'><strong>vero</strong></span> 
     </span>
    </p>
   </div>
   <div class='ocr_carea' id='block_1_97' title="bbox 2162 3411 3780 3493">
    <p class='ocr_par' dir='ltr' id='par_1_97' title="bbox 2162 3411 3780 3493">
     <span class='ocr_line' id='line_1_97' title="bbox 2162 3411 3780 3493; baseline 0.011 -32"><span class='ocrx_word' id='word_1_658' title='bbox 2162 3411 2268 3464; x_wconf 89' lang='lat' dir='ltr'><strong>viri</strong></span> <span class='ocrx_word' id='word_1_659' title='bbox 2312 3411 2528 3483; x_wconf 86' lang='lat' dir='ltr'><strong>lugere;</strong></span> <span class='ocrx_word' id='word_1_660' title='bbox 2585 3415 2677 3470; x_wconf 91' lang='lat' dir='ltr'><strong>sed</strong></span> <span class='ocrx_word' id='word_1_661' title='bbox 2725 3432 2965 3486; x_wconf 70' lang='lat' dir='ltr'><strong>prmsens</strong></span> <span class='ocrx_word' id='word_1_662' title='bbox 3017 3417 3195 3472; x_wconf 91' lang='lat' dir='ltr'><strong>luctus</strong></span> <span class='ocrx_word' id='word_1_663' title='bbox 3245 3418 3486 3474; x_wconf 69' lang='lat' dir='ltr'><strong>lzetitiam</strong></span> <span class='ocrx_word' id='word_1_664' title='bbox 3531 3434 3780 3493; x_wconf 83' lang='lat' dir='ltr'><strong>generat</strong></span> 
     </span>
    </p>
   </div>
   <div class='ocr_carea' id='block_1_98' title="bbox 2164 3502 3780 3573">
    <p class='ocr_par' dir='ltr' id='par_1_98' title="bbox 2164 3502 3780 3573">
     <span class='ocr_line' id='line_1_98' title="bbox 2164 3502 3780 3573; baseline 0.009 -18"><span class='ocrx_word' id='word_1_665' title='bbox 2164 3502 2581 3573; x_wconf 89' lang='lat' dir='ltr'><strong>sempiternam;</strong></span> <span class='ocrx_word' id='word_1_666' title='bbox 2631 3504 2791 3573; x_wconf 87' lang='lat' dir='ltr'><strong>iocus</strong></span> <span class='ocrx_word' id='word_1_667' title='bbox 2823 3517 3006 3562; x_wconf 87' lang='lat' dir='ltr'><strong>autem</strong></span> <span class='ocrx_word' id='word_1_668' title='bbox 3049 3510 3416 3564; x_wconf 87' lang='lat' dir='ltr'><strong>remissiorcm</strong></span> <span class='ocrx_word' id='word_1_669' title='bbox 3446 3510 3627 3567; x_wconf 82' lang='lat' dir='ltr'><strong>eﬂicit</strong></span> <span class='ocrx_word' id='word_1_670' title='bbox 3655 3517 3780 3571; x_wconf 55' lang='lat' dir='ltr'><strong>ani-</strong></span> 
     </span>
    </p>
   </div>
   <div class='ocr_carea' id='block_1_99' title="bbox 2164 3594 3778 3668">
    <p class='ocr_par' dir='ltr' id='par_1_99' title="bbox 2164 3594 3778 3668">
     <span class='ocr_line' id='line_1_99' title="bbox 2164 3594 3778 3668; baseline 0.009 -24"><span class='ocrx_word' id='word_1_671' title='bbox 2164 3607 2330 3656; x_wconf 87' lang='lat' dir='ltr'><strong>mam,</strong></span> <span class='ocrx_word' id='word_1_672' title='bbox 2361 3601 2415 3647; x_wconf 92' lang='lat' dir='ltr'><strong>et</strong></span> <span class='ocrx_word' id='word_1_673' title='bbox 2444 3594 2802 3666; x_wconf 87' lang='lat' dir='ltr'><strong>negligentem</strong></span> <span class='ocrx_word' id='word_1_674' title='bbox 2833 3613 2959 3668; x_wconf 87' lang='lat' dir='ltr'><strong>erga</strong></span> <span class='ocrx_word' id='word_1_675' title='bbox 2987 3597 3080 3652; x_wconf 90' lang='lat' dir='ltr'><strong>Dei</strong></span> <span class='ocrx_word' id='word_1_676' title='bbox 3111 3608 3401 3668; x_wconf 65' lang='lat' dir='ltr'><strong>praecepta,</strong></span> <span class='ocrx_word' id='word_1_677' title='bbox 3427 3615 3534 3654; x_wconf 89' lang='lat' dir='ltr'><strong>nec</strong></span> <span class='ocrx_word' id='word_1_678' title='bbox 3561 3603 3778 3659; x_wconf 88' lang='lat' dir='ltr'><strong>delicta</strong></span> 
     </span>
    </p>
   </div>
   <div class='ocr_carea' id='block_1_100' title="bbox 2164 3687 3779 3758">
    <p class='ocr_par' dir='ltr' id='par_1_100' title="bbox 2164 3687 3779 3758">
     <span class='ocr_line' id='line_1_100' title="bbox 2164 3687 3779 3758; baseline 0.011 -21"><span class='ocrx_word' id='word_1_679' title='bbox 2164 3698 2257 3737; x_wconf 88' lang='lat' dir='ltr'><strong>sua</strong></span> <span class='ocrx_word' id='word_1_680' title='bbox 2283 3694 2461 3756; x_wconf 89' lang='lat' dir='ltr'><strong>potest</strong></span> <span class='ocrx_word' id='word_1_681' title='bbox 2488 3687 2556 3741; x_wconf 89' lang='lat' dir='ltr'><strong>ad</strong></span> <span class='ocrx_word' id='word_1_682' title='bbox 2584 3690 2903 3743; x_wconf 90' lang='lat' dir='ltr'><strong>memoriam</strong></span> <span class='ocrx_word' id='word_1_683' title='bbox 2928 3706 3184 3747; x_wconf 88' lang='lat' dir='ltr'><strong>revocare</strong></span> <span class='ocrx_word' id='word_1_684' title='bbox 3215 3708 3230 3758; x_wconf 91' lang='lat'><strong>;</strong></span> <span class='ocrx_word' id='word_1_685' title='bbox 3288 3692 3383 3747; x_wconf 90' lang='lat' dir='ltr'><strong>sed</strong></span> <span class='ocrx_word' id='word_1_686' title='bbox 3421 3693 3779 3754; x_wconf 86' lang='lat' dir='ltr'><strong>oblivisceus</strong></span> 
     </span>
    </p>
   </div>
   <div class='ocr_carea' id='block_1_101' title="bbox 2164 3780 3777 3856">
    <p class='ocr_par' dir='ltr' id='par_1_101' title="bbox 2164 3780 3777 3856">
     <span class='ocr_line' id='line_1_101' title="bbox 2164 3780 3777 3856; baseline 0.008 -25"><span class='ocrx_word' id='word_1_687' title='bbox 2164 3791 2230 3831; x_wconf 89' lang='lat' dir='ltr'><strong>ea</strong></span> <span class='ocrx_word' id='word_1_688' title='bbox 2260 3794 2366 3832; x_wconf 88' lang='lat' dir='ltr'><strong>non</strong></span> <span class='ocrx_word' id='word_1_689' title='bbox 2394 3794 2452 3833; x_wconf 92' lang='lat' dir='ltr'><strong>se</strong></span> <span class='ocrx_word' id='word_1_690' title='bbox 2500 3780 2725 3851; x_wconf 77' lang='lat' dir='ltr'><strong>instigat</strong></span> <span class='ocrx_word' id='word_1_691' title='bbox 2757 3782 2821 3835; x_wconf 84' lang='lat' dir='ltr'><strong>ad</strong></span> <span class='ocrx_word' id='word_1_692' title='bbox 2844 3783 3240 3851; x_wconf 75' lang='lat' dir='ltr'><strong>pmnitentiam,</strong></span> <span class='ocrx_word' id='word_1_693' title='bbox 3288 3794 3342 3839; x_wconf 93' lang='lat' dir='ltr'><strong>et</strong></span> <span class='ocrx_word' id='word_1_694' title='bbox 3383 3786 3456 3839; x_wconf 89' lang='lat' dir='ltr'><strong>ita</strong></span> <span class='ocrx_word' id='word_1_695' title='bbox 3489 3790 3777 3856; x_wconf 85' lang='lat' dir='ltr'><strong>paulatim</strong></span> 
     </span>
    </p>
   </div>
   <div class='ocr_carea' id='block_1_102' title="bbox 2164 3866 3777 3940">
    <p class='ocr_par' dir='ltr' id='par_1_102' title="bbox 2164 3866 3777 3940">
     <span class='ocr_line' id='line_1_102' title="bbox 2164 3866 3777 3940; baseline 0.009 -20"><span class='ocrx_word' id='word_1_696' title='bbox 2164 3866 2234 3921; x_wconf 92' lang='lat' dir='ltr'><strong>ab</strong></span> <span class='ocrx_word' id='word_1_697' title='bbox 2267 3869 2519 3923; x_wconf 87' lang='lat' dir='ltr'><strong>omnibus</strong></span> <span class='ocrx_word' id='word_1_698' title='bbox 2542 3870 2698 3924; x_wconf 89' lang='lat' dir='ltr'><strong>bonis</strong></span> <span class='ocrx_word' id='word_1_699' title='bbox 2723 3871 3048 3940; x_wconf 86' lang='lat' dir='ltr'><strong>privabitur.</strong></span> <span class='ocrx_word' id='word_1_700' title='bbox 3107 3872 3318 3927; x_wconf 87' lang='lat' dir='ltr'><strong>Nullum</strong></span> <span class='ocrx_word' id='word_1_701' title='bbox 3349 3875 3495 3929; x_wconf 88' lang='lat' dir='ltr'><strong>enim</strong></span> <span class='ocrx_word' id='word_1_702' title='bbox 3535 3877 3777 3934; x_wconf 83' lang='lat' dir='ltr'><strong>habebit</strong></span> 
     </span>
    </p>
   </div>
   <div class='ocr_carea' id='block_1_103' title="bbox 2166 3955 3773 4030">
    <p class='ocr_par' dir='ltr' id='par_1_103' title="bbox 2166 3955 3773 4030">
     <span class='ocr_line' id='line_1_103' title="bbox 2166 3955 3773 4030; baseline 0.011 -22"><span class='ocrx_word' id='word_1_703' title='bbox 2166 3969 2445 4011; x_wconf 89' lang='lat' dir='ltr'><strong>accessum</strong></span> <span class='ocrx_word' id='word_1_704' title='bbox 2471 3959 2654 4014; x_wconf 91' lang='lat' dir='ltr'><strong>cordis</strong></span> <span class='ocrx_word' id='word_1_705' title='bbox 2675 3963 3037 4030; x_wconf 82' lang='lat' dir='ltr'><strong>compunctio,</strong></span> <span class='ocrx_word' id='word_1_706' title='bbox 3053 3963 3143 4017; x_wconf 90' lang='lat' dir='ltr'><strong>ubi</strong></span> <span class='ocrx_word' id='word_1_707' title='bbox 3166 3955 3330 4017; x_wconf 65' lang='grc' dir='ltr'><strong>[υθτῆ</strong></span> <span class='ocrx_word' id='word_1_708' title='bbox 3354 3965 3773 4025; x_wconf 82' lang='lat' dir='ltr'><strong>immoderatus</strong></span> 
     </span>
    </p>
   </div>
   <div class='ocr_carea' id='block_1_104' title="bbox 2165 4045 3778 4130">
    <p class='ocr_par' dir='ltr' id='par_1_104' title="bbox 2165 4045 3778 4130">
     <span class='ocr_line' id='line_1_104' title="bbox 2165 4045 3778 4130; baseline 0.009 -30"><span class='ocrx_word' id='word_1_709' title='bbox 2165 4045 2308 4101; x_wconf 90' lang='lat' dir='ltr'><strong>risus</strong></span> <span class='ocrx_word' id='word_1_710' title='bbox 2333 4063 2397 4102; x_wconf 90' lang='lat' dir='ltr'><strong>ac</strong></span> <span class='ocrx_word' id='word_1_711' title='bbox 2418 4045 2595 4116; x_wconf 83' lang='lat' dir='ltr'><strong>iocus.</strong></span> <span class='ocrx_word' id='word_1_712' title='bbox 2653 4051 2752 4106; x_wconf 90' lang='lat' dir='ltr'><strong>Ubi</strong></span> <span class='ocrx_word' id='word_1_713' title='bbox 2780 4066 2910 4107; x_wconf 92' lang='lat' dir='ltr'><strong>vero</strong></span> <span class='ocrx_word' id='word_1_714' title='bbox 2931 4050 3134 4107; x_wconf 88' lang='lat' dir='ltr'><strong>fuerint</strong></span> <span class='ocrx_word' id='word_1_715' title='bbox 3164 4053 3439 4125; x_wconf 69' lang='lat' dir='ltr'><strong>laerymre,</strong></span> <span class='ocrx_word' id='word_1_716' title='bbox 3475 4056 3557 4111; x_wconf 89' lang='lat' dir='ltr'><strong>ibi</strong></span> <span class='ocrx_word' id='word_1_717' title='bbox 3601 4062 3778 4130; x_wconf 85' lang='lat' dir='ltr'><strong>spiri-</strong></span> 
     </span>
    </p>
   </div>
   <div class='ocr_carea' id='block_1_105' title="bbox 2165 4136 3778 4213">
    <p class='ocr_par' dir='ltr' id='par_1_105' title="bbox 2165 4136 3778 4213">
     <span class='ocr_line' id='line_1_105' title="bbox 2165 4136 3778 4213; baseline 0.008 -22"><span class='ocrx_word' id='word_1_718' title='bbox 2165 4136 2293 4191; x_wconf 88' lang='lat' dir='ltr'><strong>talis</strong></span> <span class='ocrx_word' id='word_1_719' title='bbox 2330 4138 2469 4211; x_wconf 82' lang='lat' dir='ltr'><strong>ignis</strong></span> <span class='ocrx_word' id='word_1_720' title='bbox 2495 4141 2830 4207; x_wconf 88' lang='lat' dir='ltr'><strong>accenditur,</strong></span> <span class='ocrx_word' id='word_1_721' title='bbox 2872 4142 2965 4213; x_wconf 89' lang='lat' dir='ltr'><strong>qui</strong></span> <span class='ocrx_word' id='word_1_722' title='bbox 2992 4152 3198 4198; x_wconf 88' lang='lat' dir='ltr'><strong>secrcta</strong></span> <span class='ocrx_word' id='word_1_723' title='bbox 3235 4145 3435 4199; x_wconf 91' lang='lat' dir='ltr'><strong>mentis</strong></span> <span class='ocrx_word' id='word_1_724' title='bbox 3481 4144 3778 4204; x_wconf 86' lang='lat' dir='ltr'><strong>illuminat</strong></span> 
     </span>
    </p>
   </div>
   <div class='ocr_carea' id='block_1_106' title="bbox 2166 4231 3776 4295">
    <p class='ocr_par' dir='ltr' id='par_1_106' title="bbox 2166 4231 3776 4295">
     <span class='ocr_line' id='line_1_106' title="bbox 2166 4231 3776 4295; baseline 0.007 -11"><span class='ocrx_word' id='word_1_725' title='bbox 2166 4238 2223 4285; x_wconf 90' lang='lat' dir='ltr'><strong>et</strong></span> <span class='ocrx_word' id='word_1_726' title='bbox 2241 4231 2371 4285; x_wconf 88' lang='lat' dir='ltr'><strong>vitia</strong></span> <span class='ocrx_word' id='word_1_727' title='bbox 2410 4242 2603 4287; x_wconf 90' lang='lat' dir='ltr'><strong>cuncta</strong></span> <span class='ocrx_word' id='word_1_728' title='bbox 2627 4234 2825 4288; x_wconf 77' lang='lat' dir='ltr'><strong>exurit.</strong></span> <span class='ocrx_word' id='word_1_729' title='bbox 2862 4234 3015 4289; x_wconf 89' lang='lat' dir='ltr'><strong>Tune</strong></span> <span class='ocrx_word' id='word_1_730' title='bbox 3039 4235 3295 4291; x_wconf 86' lang='lat' dir='ltr'><strong>aviditate</strong></span> <span class='ocrx_word' id='word_1_731' title='bbox 3328 4236 3547 4292; x_wconf 76' lang='lat' dir='ltr'><strong>ctelesti</strong></span> <span class='ocrx_word' id='word_1_732' title='bbox 3578 4243 3776 4295; x_wconf 86' lang='lat' dir='ltr'><strong>anima</strong></span> 
     </span>
    </p>
   </div>
   <div class='ocr_carea' id='block_1_107' title="bbox 2166 4319 3779 4394">
    <p class='ocr_par' dir='ltr' id='par_1_107' title="bbox 2166 4319 3779 4394">
     <span class='ocr_line' id='line_1_107' title="bbox 2166 4319 3779 4394; baseline 0.008 -21"><span class='ocrx_word' id='word_1_733' title='bbox 2166 4319 2426 4392; x_wconf 84' lang='lat' dir='ltr'><strong>ﬂagrans,</strong></span> <span class='ocrx_word' id='word_1_734' title='bbox 2461 4322 2664 4379; x_wconf 82' lang='lat' dir='ltr'><strong>Christi</strong></span> <span class='ocrx_word' id='word_1_735' title='bbox 2720 4323 2893 4378; x_wconf 89' lang='lat' dir='ltr'><strong>amori</strong></span> <span class='ocrx_word' id='word_1_736' title='bbox 2921 4324 3203 4394; x_wconf 87' lang='lat' dir='ltr'><strong>copulatur</strong></span> <span class='ocrx_word' id='word_1_737' title='bbox 3231 4343 3244 4379; x_wconf 92' lang='lat'>:</span> <span class='ocrx_word' id='word_1_738' title='bbox 3294 4333 3348 4379; x_wconf 89' lang='lat' dir='ltr'><strong>et</strong></span> <span class='ocrx_word' id='word_1_739' title='bbox 3377 4326 3434 4380; x_wconf 91' lang='lat' dir='ltr'><strong>in</strong></span> <span class='ocrx_word' id='word_1_740' title='bbox 3462 4330 3647 4385; x_wconf 90' lang='lat' dir='ltr'><strong>terris</strong></span> <span class='ocrx_word' id='word_1_741' title='bbox 3684 4332 3779 4386; x_wconf 88' lang='lat' dir='ltr'><strong>de-</strong></span> 
     </span>
    </p>
   </div>
   <div class='ocr_carea' id='block_1_108' title="bbox 2168 4414 3779 4487">
    <p class='ocr_par' dir='ltr' id='par_1_108' title="bbox 2168 4414 3779 4487">
     <span class='ocr_line' id='line_1_108' title="bbox 2168 4414 3779 4487; baseline 0.005 -21"><span class='ocrx_word' id='word_1_742' title='bbox 2168 4428 2301 4483; x_wconf 87' lang='lat' dir='ltr'><strong>gens</strong></span> <span class='ocrx_word' id='word_1_743' title='bbox 2323 4414 2389 4468; x_wconf 89' lang='lat' dir='ltr'><strong>de</strong></span> <span class='ocrx_word' id='word_1_744' title='bbox 2402 4415 2711 4470; x_wconf 84' lang='lat' dir='ltr'><strong>coelestibus</strong></span> <span class='ocrx_word' id='word_1_745' title='bbox 2727 4424 2784 4469; x_wconf 91' lang='lat' dir='ltr'><strong>et</strong></span> <span class='ocrx_word' id='word_1_746' title='bbox 2807 4416 3057 4486; x_wconf 90' lang='lat' dir='ltr'><strong>supernis</strong></span> <span class='ocrx_word' id='word_1_747' title='bbox 3074 4414 3279 4487; x_wconf 84' lang='lat' dir='ltr'><strong>iugiter</strong></span> <span class='ocrx_word' id='word_1_748' title='bbox 3298 4416 3633 4486; x_wconf 85' lang='lat' dir='ltr'><strong>meditatur,</strong></span> <span class='ocrx_word' id='word_1_749' title='bbox 3660 4421 3779 4476; x_wconf 83' lang='lat' dir='ltr'><strong>cal-</strong></span> 
     </span>
    </p>
   </div>
   <div class='ocr_carea' id='block_1_109' title="bbox 2086 4488 3776 4575">
    <p class='ocr_par' dir='ltr' id='par_1_109' title="bbox 2086 4488 3776 4575">
     <span class='ocr_line' id='line_1_109' title="bbox 2086 4488 3776 4575; baseline 0.007 -19"><span class='ocrx_word' id='word_1_750' title='bbox 2086 4488 2140 4548; x_wconf 82' lang='lat' dir='ltr'><strong>D</strong></span> <span class='ocrx_word' id='word_1_751' title='bbox 2165 4512 2254 4557; x_wconf 89' lang='lat' dir='ltr'><strong>cat</strong></span> <span class='ocrx_word' id='word_1_752' title='bbox 2273 4504 2456 4557; x_wconf 68' lang='lat' dir='ltr'><strong>saeculi</strong></span> <span class='ocrx_word' id='word_1_753' title='bbox 2486 4505 2812 4574; x_wconf 87' lang='lat' dir='ltr'><strong>voluptates,</strong></span> <span class='ocrx_word' id='word_1_754' title='bbox 2838 4515 2894 4560; x_wconf 90' lang='lat' dir='ltr'><strong>et</strong></span> <span class='ocrx_word' id='word_1_755' title='bbox 2911 4506 2979 4560; x_wconf 91' lang='lat' dir='ltr'><strong>ad</strong></span> <span class='ocrx_word' id='word_1_756' title='bbox 3004 4508 3225 4575; x_wconf 49' lang='lat' dir='ltr'><strong>praemia</strong></span> <span class='ocrx_word' id='word_1_757' title='bbox 3250 4520 3309 4561; x_wconf 89' lang='lat' dir='ltr'><strong>se</strong></span> <span class='ocrx_word' id='word_1_758' title='bbox 3346 4505 3533 4562; x_wconf 86' lang='lat' dir='ltr'><strong>futura</strong></span> <span class='ocrx_word' id='word_1_759' title='bbox 3569 4520 3776 4567; x_wconf 75' lang='lat' dir='ltr'><strong>exten-</strong></span> 
     </span>
    </p>
   </div>
   <div class='ocr_carea' id='block_1_110' title="bbox 2163 4594 3776 4677">
    <p class='ocr_par' dir='ltr' id='par_1_110' title="bbox 2163 4594 3776 4677">
     <span class='ocr_line' id='line_1_110' title="bbox 2163 4594 3776 4677; baseline 0.006 -28"><span class='ocrx_word' id='word_1_760' title='bbox 2163 4594 2264 4661; x_wconf 90' lang='lat' dir='ltr'><strong>dit,</strong></span> <span class='ocrx_word' id='word_1_761' title='bbox 2296 4611 2397 4651; x_wconf 90' lang='lat' dir='ltr'><strong>nec</strong></span> <span class='ocrx_word' id='word_1_762' title='bbox 2437 4597 2544 4651; x_wconf 87' lang='lat' dir='ltr'><strong>ulla</strong></span> <span class='ocrx_word' id='word_1_763' title='bbox 2573 4598 2821 4653; x_wconf 72' lang='lat' dir='ltr'><strong>smculari</strong></span> <span class='ocrx_word' id='word_1_764' title='bbox 2859 4615 2990 4654; x_wconf 90' lang='lat' dir='ltr'><strong>cura</strong></span> <span class='ocrx_word' id='word_1_765' title='bbox 3028 4601 3095 4653; x_wconf 82' lang='lat' dir='ltr'><strong>ab</strong></span> <span class='ocrx_word' id='word_1_766' title='bbox 3123 4615 3307 4655; x_wconf 88' lang='lat' dir='ltr'><strong>amore</strong></span> <span class='ocrx_word' id='word_1_767' title='bbox 3334 4616 3453 4655; x_wconf 87' lang='lat' dir='ltr'><strong>eam</strong></span> <span class='ocrx_word' id='word_1_768' title='bbox 3503 4613 3776 4677; x_wconf 76' lang='lat' dir='ltr'><strong>segregat</strong></span> 
     </span>
    </p>
   </div>
   <div class='ocr_carea' id='block_1_111' title="bbox 2162 4687 3775 4760">
    <p class='ocr_par' dir='ltr' id='par_1_111' title="bbox 2162 4687 3775 4760">
     <span class='ocr_line' id='line_1_111' title="bbox 2162 4687 3775 4760; baseline 0.007 -18"><span class='ocrx_word' id='word_1_769' title='bbox 2162 4687 2400 4754; x_wconf 88' lang='lat' dir='ltr'><strong>Christi;</strong></span> <span class='ocrx_word' id='word_1_770' title='bbox 2432 4689 2526 4743; x_wconf 81' lang='lat' dir='ltr'><strong>sed</strong></span> <span class='ocrx_word' id='word_1_771' title='bbox 2556 4699 2615 4743; x_wconf 89' lang='lat' dir='ltr'><strong>ut</strong></span> <span class='ocrx_word' id='word_1_772' title='bbox 2641 4689 2811 4760; x_wconf 85' lang='lat' dir='ltr'><strong>ﬁgura</strong></span> <span class='ocrx_word' id='word_1_773' title='bbox 2832 4692 3075 4760; x_wconf 77' lang='lat' dir='ltr'><strong>qumdam</strong></span> <span class='ocrx_word' id='word_1_774' title='bbox 3108 4692 3253 4746; x_wconf 88' lang='lat' dir='ltr'><strong>inter</strong></span> <span class='ocrx_word' id='word_1_775' title='bbox 3270 4693 3523 4748; x_wconf 80' lang='lat' dir='ltr'><strong>homines</strong></span> <span class='ocrx_word' id='word_1_776' title='bbox 3542 4698 3775 4753; x_wconf 79' lang='lat' dir='ltr'><strong>versari</strong></span> 
     </span>
    </p>
   </div>
   <div class='ocr_carea' id='block_1_112' title="bbox 2163 4779 3772 4849">
    <p class='ocr_par' dir='ltr' id='par_1_112' title="bbox 2163 4779 3772 4849">
     <span class='ocr_line' id='line_1_112' title="bbox 2163 4779 3772 4849; baseline 0.007 -18"><span class='ocrx_word' id='word_1_777' title='bbox 2163 4780 2397 4844; x_wconf 89' lang='lat' dir='ltr'><strong>videtur,</strong></span> <span class='ocrx_word' id='word_1_778' title='bbox 2429 4788 2485 4835; x_wconf 90' lang='lat' dir='ltr'><strong>et</strong></span> <span class='ocrx_word' id='word_1_779' title='bbox 2508 4789 2617 4834; x_wconf 86' lang='lat' dir='ltr'><strong>tota</strong></span> <span class='ocrx_word' id='word_1_780' title='bbox 2652 4779 2770 4849; x_wconf 83' lang='lat' dir='ltr'><strong>eius</strong></span> <span class='ocrx_word' id='word_1_781' title='bbox 2792 4782 3130 4838; x_wconf 87' lang='lat' dir='ltr'><strong>conversatio</strong></span> <span class='ocrx_word' id='word_1_782' title='bbox 3150 4782 3216 4836; x_wconf 93' lang='lat' dir='ltr'><strong>de</strong></span> <span class='ocrx_word' id='word_1_783' title='bbox 3241 4781 3561 4838; x_wconf 77' lang='lat' dir='ltr'><strong>coelestibus</strong></span> <span class='ocrx_word' id='word_1_784' title='bbox 3594 4785 3772 4842; x_wconf 85' lang='lat' dir='ltr'><strong>intel-</strong></span> 
     </span>
    </p>
   </div>
   <div class='ocr_carea' id='block_1_113' title="bbox 2163 4872 3769 4949">
    <p class='ocr_par' dir='ltr' id='par_1_113' title="bbox 2163 4872 3769 4949">
     <span class='ocr_line' id='line_1_113' title="bbox 2163 4872 3769 4949; baseline 0.008 -24"><span class='ocrx_word' id='word_1_785' title='bbox 2163 4872 2365 4942; x_wconf 74' lang='lat' dir='ltr'><strong>ligitur.</strong></span> <span class='ocrx_word' id='word_1_786' title='bbox 2417 4872 2560 4927; x_wconf 83' lang='lat' dir='ltr'><strong>Mors</strong></span> <span class='ocrx_word' id='word_1_787' title='bbox 2592 4873 2665 4926; x_wconf 92' lang='lat' dir='ltr'><strong>illi</strong></span> <span class='ocrx_word' id='word_1_788' title='bbox 2695 4889 2936 4943; x_wconf 70' lang='lat' dir='ltr'><strong>praesens</strong></span> <span class='ocrx_word' id='word_1_789' title='bbox 2959 4882 3213 4945; x_wconf 90' lang='lat' dir='ltr'><strong>tanquam</strong></span> <span class='ocrx_word' id='word_1_790' title='bbox 3242 4877 3353 4931; x_wconf 84' lang='lat' dir='ltr'><strong>vita</strong></span> <span class='ocrx_word' id='word_1_791' title='bbox 3381 4878 3499 4949; x_wconf 86' lang='lat' dir='ltr'><strong>ipsa</strong></span> <span class='ocrx_word' id='word_1_792' title='bbox 3524 4890 3624 4936; x_wconf 84' lang='lat' dir='ltr'><strong>est</strong></span> <span class='ocrx_word' id='word_1_793' title='bbox 3650 4882 3769 4937; x_wconf 60' lang='lat' dir='ltr'><strong>dulc</strong></span> 
     </span>
    </p>
   </div>
   <div class='ocr_carea' id='block_1_114' title="bbox 2162 4966 3768 5045">
    <p class='ocr_par' dir='ltr' id='par_1_114' title="bbox 2162 4966 3768 5045">
     <span class='ocr_line' id='line_1_114' title="bbox 2162 4966 3768 5045; baseline 0.006 -26"><span class='ocrx_word' id='word_1_794' title='bbox 2162 4966 2283 5020; x_wconf 87' lang='lat' dir='ltr'><strong>cis:</strong></span> <span class='ocrx_word' id='word_1_795' title='bbox 2324 4966 2472 5034; x_wconf 90' lang='lat' dir='ltr'><strong>cupit</strong></span> <span class='ocrx_word' id='word_1_796' title='bbox 2527 4966 2767 5031; x_wconf 87' lang='lat' dir='ltr'><strong>dissolvi,</strong></span> <span class='ocrx_word' id='word_1_797' title='bbox 2821 4975 2878 5022; x_wconf 89' lang='lat' dir='ltr'><strong>et</strong></span> <span class='ocrx_word' id='word_1_798' title='bbox 2903 4982 3024 5022; x_wconf 87' lang='lat' dir='ltr'><strong>esse</strong></span> <span class='ocrx_word' id='word_1_799' title='bbox 3070 4983 3193 5023; x_wconf 91' lang='lat' dir='ltr'><strong>cum</strong></span> <span class='ocrx_word' id='word_1_800' title='bbox 3238 4968 3456 5025; x_wconf 89' lang='lat' dir='ltr'><strong>Christo</strong></span> <span class='ocrx_word' id='word_1_801' title='bbox 3485 4969 3768 5045; x_wconf 57' lang='lat' dir='ltr'><strong>(Phila),</strong></span> 
     </span>
    </p>
   </div>
   <div class='ocr_carea' id='block_1_115' title="bbox 2161 5058 3767 5136">
    <p class='ocr_par' dir='ltr' id='par_1_115' title="bbox 2161 5058 3767 5136">
     <span class='ocr_line' id='line_1_115' title="bbox 2161 5058 3767 5136; baseline 0.007 -26"><span class='ocrx_word' id='word_1_802' title='bbox 2161 5073 2319 5127; x_wconf 85' lang='lat' dir='ltr'><strong>quem</strong></span> <span class='ocrx_word' id='word_1_803' title='bbox 2347 5058 2398 5112; x_wconf 90' lang='lat' dir='ltr'><strong>in</strong></span> <span class='ocrx_word' id='word_1_804' title='bbox 2423 5074 2481 5112; x_wconf 87' lang='lat' dir='ltr'><strong>ca</strong></span> <span class='ocrx_word' id='word_1_805' title='bbox 2490 5074 2584 5113; x_wconf 87' lang='lat' dir='ltr'><strong>me</strong></span> <span class='ocrx_word' id='word_1_806' title='bbox 2599 5059 2785 5113; x_wconf 85' lang='lat' dir='ltr'><strong>vivens</strong></span> <span class='ocrx_word' id='word_1_807' title='bbox 2805 5058 2944 5113; x_wconf 90' lang='lat' dir='ltr'><strong>intra</strong></span> <span class='ocrx_word' id='word_1_808' title='bbox 2961 5075 3115 5115; x_wconf 91' lang='lat' dir='ltr'><strong>suum</strong></span> <span class='ocrx_word' id='word_1_809' title='bbox 3133 5069 3450 5130; x_wconf 84' lang='lat' dir='ltr'><strong>portaverat</strong></span> <span class='ocrx_word' id='word_1_810' title='bbox 3463 5066 3767 5136; x_wconf 86' lang='lat' dir='ltr'><strong>templum.</strong></span> 
     </span>
    </p>
   </div>
   <div class='ocr_carea' id='block_1_116' title="bbox 2169 5150 3768 5230">
    <p class='ocr_par' dir='ltr' id='par_1_116' title="bbox 2169 5150 3768 5230">
     <span class='ocr_line' id='line_1_116' title="bbox 2169 5150 3768 5230; baseline 0.006 -27"><span class='ocrx_word' id='word_1_811' title='bbox 2169 5150 2296 5204; x_wconf 74' lang='lat' dir='ltr'><strong>Vide</strong></span> <span class='ocrx_word' id='word_1_812' title='bbox 2320 5164 2449 5217; x_wconf 86' lang='lat' dir='ltr'><strong>ergo</strong></span> <span class='ocrx_word' id='word_1_813' title='bbox 2486 5162 2745 5219; x_wconf 90' lang='lat' dir='ltr'><strong>quantum</strong></span> <span class='ocrx_word' id='word_1_814' title='bbox 2776 5150 2980 5205; x_wconf 84' lang='lat' dir='ltr'><strong>lucrun</strong></span> <span class='ocrx_word' id='word_1_815' title='bbox 3009 5151 3241 5206; x_wconf 81' lang='lat' dir='ltr'><strong>aﬂ‘erant</strong></span> <span class='ocrx_word' id='word_1_816' title='bbox 3280 5151 3440 5209; x_wconf 86' lang='lat' dir='ltr'><strong>ﬂetus</strong></span> <span class='ocrx_word' id='word_1_817' title='bbox 3469 5162 3533 5209; x_wconf 91' lang='lat' dir='ltr'><strong>et</strong></span> <span class='ocrx_word' id='word_1_818' title='bbox 3581 5156 3768 5230; x_wconf 81' lang='lat' dir='ltr'><strong>lacry-</strong></span> 
     </span>
    </p>
   </div>
   <div class='ocr_carea' id='block_1_117' title="bbox 2161 5243 3765 5319">
    <p class='ocr_par' dir='ltr' id='par_1_117' title="bbox 2161 5243 3765 5319">
     <span class='ocr_line' id='line_1_117' title="bbox 2161 5243 3765 5319; baseline 0.007 -25"><span class='ocrx_word' id='word_1_819' title='bbox 2161 5257 2285 5304; x_wconf 69' lang='lat' dir='ltr'><strong>mm,</strong></span> <span class='ocrx_word' id='word_1_820' title='bbox 2329 5248 2383 5295; x_wconf 91' lang='lat' dir='ltr'><strong>et</strong></span> <span class='ocrx_word' id='word_1_821' title='bbox 2410 5250 2665 5309; x_wconf 84' lang='lat' dir='ltr'><strong>quantam</strong></span> <span class='ocrx_word' id='word_1_822' title='bbox 2700 5243 2995 5312; x_wconf 84' lang='lat' dir='ltr'><strong>perniciem</strong></span> <span class='ocrx_word' id='word_1_823' title='bbox 3034 5243 3274 5314; x_wconf 73' lang='lat' dir='ltr'><strong>prmbeat</strong></span> <span class='ocrx_word' id='word_1_824' title='bbox 3301 5245 3445 5301; x_wconf 90' lang='lat' dir='ltr'><strong>risus</strong></span> <span class='ocrx_word' id='word_1_825' title='bbox 3475 5262 3548 5302; x_wconf 92' lang='lat' dir='ltr'><strong>ac</strong></span> <span class='ocrx_word' id='word_1_826' title='bbox 3573 5249 3765 5319; x_wconf 89' lang='lat' dir='ltr'><strong>iocus.</strong></span> 
     </span>
    </p>
   </div>
   <div class='ocr_carea' id='block_1_118' title="bbox 2163 5332 3772 5407">
    <p class='ocr_par' dir='ltr' id='par_1_118' title="bbox 2163 5332 3772 5407">
     <span class='ocr_line' id='line_1_118' title="bbox 2163 5332 3772 5407; baseline 0.006 -22"><span class='ocrx_word' id='word_1_827' title='bbox 2163 5332 2263 5399; x_wconf 90' lang='lat' dir='ltr'><strong>Qui</strong></span> <span class='ocrx_word' id='word_1_828' title='bbox 2313 5334 2455 5387; x_wconf 89' lang='lat' dir='ltr'><strong>enim</strong></span> <span class='ocrx_word' id='word_1_829' title='bbox 2501 5334 2679 5389; x_wconf 89' lang='lat' dir='ltr'><strong>ridere</strong></span> <span class='ocrx_word' id='word_1_830' title='bbox 2708 5335 2798 5390; x_wconf 85' lang='lat' dir='ltr'><strong>hic</strong></span> <span class='ocrx_word' id='word_1_831' title='bbox 2852 5335 3168 5401; x_wconf 86' lang='lat' dir='ltr'><strong>delectatur,</strong></span> <span class='ocrx_word' id='word_1_832' title='bbox 3225 5339 3580 5407; x_wconf 89' lang='lat' dir='ltr'><strong>postmodum</strong></span> <span class='ocrx_word' id='word_1_833' title='bbox 3608 5341 3772 5397; x_wconf 85' lang='lat' dir='ltr'><strong>ﬂebit</strong></span> 
     </span>
    </p>
   </div>
   <div class='ocr_carea' id='block_1_119' title="bbox 2162 5425 3769 5503">
    <p class='ocr_par' dir='ltr' id='par_1_119' title="bbox 2162 5425 3769 5503">
     <span class='ocr_line' id='line_1_119' title="bbox 2162 5425 3769 5503; baseline 0.007 -26"><span class='ocrx_word' id='word_1_834' title='bbox 2162 5439 2378 5490; x_wconf 83' lang='lat' dir='ltr'><strong>amare;</strong></span> <span class='ocrx_word' id='word_1_835' title='bbox 2431 5425 2526 5494; x_wconf 90' lang='lat' dir='ltr'><strong>qui</strong></span> <span class='ocrx_word' id='word_1_836' title='bbox 2580 5435 2760 5481; x_wconf 85' lang='lat' dir='ltr'><strong>autem</strong></span> <span class='ocrx_word' id='word_1_837' title='bbox 2790 5426 2880 5483; x_wconf 88' lang='lat' dir='ltr'><strong>hic</strong></span> <span class='ocrx_word' id='word_1_838' title='bbox 2940 5427 3119 5501; x_wconf 88' lang='lat' dir='ltr'><strong>legere</strong></span> <span class='ocrx_word' id='word_1_839' title='bbox 3166 5429 3442 5496; x_wconf 89' lang='lat' dir='ltr'><strong>voluerit,</strong></span> <span class='ocrx_word' id='word_1_840' title='bbox 3493 5433 3769 5503; x_wconf 83' lang='lat' dir='ltr'><strong>gaudebit</strong></span> 
     </span>
    </p>
   </div>
   <div class='ocr_carea' id='block_1_120' title="bbox 2166 5515 3771 5588">
    <p class='ocr_par' dir='ltr' id='par_1_120' title="bbox 2166 5515 3771 5588">
     <span class='ocr_line' id='line_1_120' title="bbox 2166 5515 3771 5588; baseline 0.006 -20"><span class='ocrx_word' id='word_1_841' title='bbox 2166 5516 2218 5568; x_wconf 92' lang='lat' dir='ltr'><strong>in</strong></span> <span class='ocrx_word' id='word_1_842' title='bbox 2258 5524 2534 5585; x_wconf 90' lang='lat' dir='ltr'><strong>posterum</strong></span> <span class='ocrx_word' id='word_1_843' title='bbox 2582 5515 2799 5587; x_wconf 77' lang='lat' dir='ltr'><strong>(Matth.</strong></span> <span class='ocrx_word' id='word_1_844' title='bbox 2832 5517 2941 5588; x_wconf 87' lang='lat' dir='ltr'><strong>v).-</strong></span> <span class='ocrx_word' id='word_1_845' title='bbox 2993 5517 3128 5575; x_wconf 82' lang='lat' dir='ltr'><strong>Nam</strong></span> <span class='ocrx_word' id='word_1_846' title='bbox 3153 5526 3209 5572; x_wconf 90' lang='lat' dir='ltr'><strong>et</strong></span> <span class='ocrx_word' id='word_1_847' title='bbox 3246 5518 3503 5574; x_wconf 87' lang='lat' dir='ltr'><strong>Salvator</strong></span> <span class='ocrx_word' id='word_1_848' title='bbox 3567 5531 3771 5578; x_wconf 85' lang='lat' dir='ltr'><strong>noster</strong></span> 
     </span>
    </p>
   </div>
   <div class='ocr_carea' id='block_1_121' title="bbox 2165 5603 3769 5679">
    <p class='ocr_par' dir='ltr' id='par_1_121' title="bbox 2165 5603 3769 5679">
     <span class='ocr_line' id='line_1_121' title="bbox 2165 5603 3769 5679; baseline 0.006 -23"><span class='ocrx_word' id='word_1_849' title='bbox 2165 5603 2354 5658; x_wconf 86' lang='lat' dir='ltr'><strong>beatos</strong></span> <span class='ocrx_word' id='word_1_850' title='bbox 2411 5605 2644 5675; x_wconf 70' lang='lat' dir='ltr'><strong>appellat</strong></span> <span class='ocrx_word' id='word_1_851' title='bbox 2698 5605 2977 5676; x_wconf 89' lang='lat' dir='ltr'><strong>lugentes;</strong></span> <span class='ocrx_word' id='word_1_852' title='bbox 3024 5615 3080 5662; x_wconf 86' lang='lat' dir='ltr'><strong>et</strong></span> <span class='ocrx_word' id='word_1_853' title='bbox 3132 5607 3224 5679; x_wconf 91' lang='lat' dir='ltr'><strong>qui</strong></span> <span class='ocrx_word' id='word_1_854' title='bbox 3277 5623 3421 5663; x_wconf 88' lang='lat' dir='ltr'><strong>nunc</strong></span> <span class='ocrx_word' id='word_1_855' title='bbox 3470 5609 3769 5677; x_wconf 74' lang='lat' dir='ltr'><strong>izetantur,</strong></span> 
     </span>
    </p>
   </div>
   <div class='ocr_carea' id='block_1_122' title="bbox 2164 5692 3840 5770">
    <p class='ocr_par' dir='ltr' id='par_1_122' title="bbox 2164 5692 3840 5770">
     <span class='ocr_line' id='line_1_122' title="bbox 2164 5692 3840 5770; baseline 0.005 -23"><span class='ocrx_word' id='word_1_856' title='bbox 2164 5692 2295 5749; x_wconf 90' lang='lat' dir='ltr'><strong>ﬂere</strong></span> <span class='ocrx_word' id='word_1_857' title='bbox 2338 5709 2430 5750; x_wconf 84' lang='lat' dir='ltr'><strong>eos</strong></span> <span class='ocrx_word' id='word_1_858' title='bbox 2478 5696 2609 5751; x_wconf 87' lang='lat' dir='ltr'><strong>dicit</strong></span> <span class='ocrx_word' id='word_1_859' title='bbox 2645 5696 2700 5752; x_wconf 95' lang='lat' dir='ltr'><strong>in</strong></span> <span class='ocrx_word' id='word_1_860' title='bbox 2748 5697 3058 5753; x_wconf 88' lang='lat' dir='ltr'><strong>novissimo.</strong></span> <span class='ocrx_word' id='word_1_861' title='bbox 3117 5697 3233 5754; x_wconf 83' lang='lat' dir='ltr'><strong>Non</strong></span> <span class='ocrx_word' id='word_1_862' title='bbox 3266 5706 3316 5754; x_wconf 84' lang='lat' dir='ltr'><strong>te</strong></span> <span class='ocrx_word' id='word_1_863' title='bbox 3344 5714 3475 5770; x_wconf 86' lang='lat' dir='ltr'><strong>ergo</strong></span> <span class='ocrx_word' id='word_1_864' title='bbox 3519 5701 3772 5758; x_wconf 81' lang='lat' dir='ltr'><strong>delectet</strong></span> <span class='ocrx_word' id='word_1_865' title='bbox 3823 5727 3840 5739; x_wconf 89' lang='lat'><strong>-</strong></span> 
     </span>
    </p>
   </div>
  </div>
