3974 6192
225 309 333 368 697

699 307 927 364 CODEX
963 306 1418 363 REGULARUM.
1460 308 1828 366 APPENDIX.
1872 311 2183 368 EXllORT.
2222 313 2317 371 AD
2355 315 2663 373 MONACH.
2704 320 2794 374 ET
2834 320 2997 377 VIRG

3370 328 3475 385 698

472 423 630 496 iocus
666 425 753 497 vel
774 425 937 488 risus,
966 424 1061 479 sed
1109 423 1400 479 lectionum
1440 424 1799 495 spiritualium
1830 418 1880 488 Α
1904 425 2207 481 retribuere
2259 426 2357 494 illi,
2384 428 2595 484 etiamsi
2624 429 2820 498 possis,
2869 430 2961 485 sed
3001 433 3120 489 dote
3143 442 3322 503 potius
3376 453 3478 508 pro

223 529 447 578 cantus.
498 517 620 573 Non
643 525 698 573 te
718 517 927 575 solvant
951 516 1007 570 in
1054 515 1224 571 risum
1253 516 1416 570 verba
1446 515 1647 588 inania,
1705 515 1799 573 sed

222 611 509 685 proferant
533 623 603 664 ex
655 616 707 663 te
726 607 912 679 gaudii
940 606 1105 661 risum
1153 602 1517 675 perfectorum
1562 605 1800 662 virorum

224 705 481 765 virtutes,
508 708 568 752 ut
597 697 664 752 ad
700 711 885 752 eorum
916 694 1280 766 spectaculum
1314 695 1480 748 vitam
1514 704 1658 750 tuam
1685 712 1800 752 mo-

224 806 429 861 resque
476 802 792 857 componas.
836 785 1118 842 Perfectus
1144 786 1287 841 enim
1312 785 1401 840 ille
1443 785 1662 852 dicitur,
1692 801 1800 840 non

223 882 317 950 qui
348 883 404 934 in
443 886 620 943 aetate,
673 876 766 932 sed
809 876 899 946 qui
922 875 982 964 in
1019 890 1178 933 sensu
1218 872 1491 945 perfectus
1513 881 1635 941 est;
1692 890 1801 930 non

222 972 369 1026 enim
403 970 504 1025 tibi
543 968 697 1024 obest
718 961 943 1037 puerilis
963 973 1118 1028 tetas,
1142 964 1188 1019 si
1218 962 1387 1020 fueris
1423 972 1601 1019 mente
1626 961 1800 1033 perfe-

221 1073 387 1126 ctus;
434 1075 535 1115 nec
560 1058 748 1113 senilis
775 1056 871 1110 tibi
901 1055 1144 1125 proderit
1178 1062 1334 1119 tetas,
1382 1054 1427 1109 si
1470 1052 1640 1108 fueris
1666 1067 1802 1129 puer

220 1155 502 1210 sensibus.
552 1149 683 1205 Nam
729 1156 785 1203 et
820 1148 988 1201 David
1036 1162 1158 1201 cum
1199 1163 1335 1217 puer
1362 1155 1528 1213 esset,
1576 1154 1633 1200 et
1679 1161 1802 1215 per-

220 1247 428 1299 fectum
447 1257 544 1298 cor
575 1241 801 1294 haberet
832 1238 884 1291 in
912 1236 1159 1300 Domino,
1185 1237 1237 1289 in
1259 1251 1439 1307 regem
1455 1236 1659 1291 electus
1683 1241 1800 1299 est;

220 1345 272 1389 et
310 1333 447 1387 Saul
477 1346 598 1387 cum
625 1329 779 1384 senili
809 1337 966 1382 mtate
1000 1336 1146 1382 esset
1170 1327 1462 1398 perfectus,
1508 1326 1634 1396 quia
1665 1325 1718 1380 in
1745 1340 1805 1381 se

219 1423 489 1479 malitiam
540 1419 836 1491 perfectam
885 1419 1095 1482 habuit,
1153 1419 1220 1476 de
1248 1417 1484 1474 culmine
1517 1418 1685 1489 regali
1710 1432 1806 1473 ex-

220 1515 412 1585 pulsus
439 1520 542 1567 est.
598 1509 962 1565 Vetustissimi
1014 1507 1127 1577 jam
1155 1518 1313 1564 erant
1354 1510 1657 1579 presbyteri
1712 1508 1806 1579 qui

220 1605 535 1660 Susannam
571 1601 775 1656 violare
804 1600 985 1655 conati
1013 1608 1155 1664 sunt,
1204 1614 1342 1670 quos
1385 1599 1574 1655 Daniel
1629 1600 1807 1656 adhuc

219 1694 486 1765 parvulus
513 1692 724 1747 detecto
746 1706 935 1746 eorum
949 1692 1157 1747 scelere
1186 1692 1565 1746 condemnavit
1588 1708 1602 1745 :
1629 1701 1682 1746 et
1695 1692 1804 1746 Do-

1897 530 1984 583 eo,
2022 517 2148 587 quia
2194 517 2450 575 Dominus
2481 519 2744 575 irascetur
2772 522 2844 576 ei.
2904 522 3003 588 Qui
3035 525 3177 579 enim
3210 528 3480 597 patienter

1896 611 2361 680 pertuleritmala,
2392 613 2447 668 in
2469 612 2705 668 futurum
2733 617 3110 684 coronabitur;
3142 620 3374 688 quivero
3396 622 3478 678 in-

1898 702 2085 757 tulerit
2113 702 2274 767 mala,
2297 704 2351 757 in
2379 704 2466 759 die
2488 705 2627 759 mala
2650 714 2711 761 ut
2737 721 2862 764 reus
2884 707 3249 765 damnabitur.
3277 710 3354 767 Ne
3376 728 3477 783 pro

1897 798 2204 853 carnalibus
2230 799 2446 853 damnis
2468 798 2747 869 frangatur
2772 801 2985 856 animus
3034 810 3179 869 tuus,
3209 818 3313 858 nec
3331 806 3479 876 vigo-

1900 903 2014 943 rem
2070 888 2343 958 patientia:
2390 896 2494 955 tua:
2520 904 2608 944 res
2635 890 2910 944 emolliant
2945 892 3181 957 caducae,
3230 894 3322 949 sed
3348 894 3479 950 time

1898 980 2078 1050 potius
2104 980 2379 1043 damxmm,
2409 982 2454 1034 si
2488 997 2518 1033 a
2548 982 2827 1051 proposito
2870 990 2962 1037 tuo
2991 985 3372 1041 retardaveris.
3413 987 3483 1041 Et

1898 1072 2116 1140 quando
2144 1080 2195 1124 te
2220 1073 2458 1140 peccatis
2484 1073 2775 1131 obnoxium
2803 1075 3063 1141 senseris,
3106 1076 3174 1132 ad
3215 1078 3483 1146 paeniten-

1901 1162 2031 1215 tiam
2059 1161 2166 1216 cito
2201 1162 2440 1216 converti
2469 1178 2538 1217 ne
2564 1163 2942 1230 confundaris;
2974 1165 3063 1233 qui
3087 1164 3234 1220 enim
3258 1166 3348 1220 hic
3367 1182 3482 1236 pte-

1901 1250 2139 1313 nituerit,
2180 1250 2233 1304 in
2264 1251 2673 1305 novissimonon
2694 1251 2997 1320 pmnitebit,
3022 1250 3317 1307 clementer
3338 1255 3482 1308 enim

1902 1342 2160 1396 Dominus
2182 1341 2251 1396 ad
2283 1342 2656 1411 paenitentiam
2709 1341 3079 1415 confugientes
3115 1344 3358 1413 suscipit.
3416 1344 3485 1399 Et

1903 1447 1972 1487 ne
2012 1432 2386 1489 misericordia
2420 1432 2627 1487 Domini
2671 1431 2843 1491 fretus
2879 1436 3117 1505 peccatis
3148 1443 3369 1503 peccata
3396 1436 3486 1491 ad-

1897 1522 2080 1595 jicias,
2130 1537 2306 1592 neque
2342 1522 2481 1577 velis
2510 1521 2734 1576 dicere:
2783 1523 2963 1578 Donec
2987 1524 3133 1594 viget
3167 1533 3300 1579 mtas
3342 1540 3481 1591 mea,

1904 1614 2087 1671 carnis
2135 1614 2626 1686 concupiscentiam
2671 1613 2956 1681 exercebo,
3010 1626 3065 1670 et
3097 1626 3375 1686 postremo
3427 1618 3483 1672 in

1906 1713 2182 1761 senectute
2227 1705 2493 1759 malorum
2546 1719 2790 1758 meorum
2838 1704 3211 1773 paenitentiam
3255 1715 3480 1774 geram:

220 1786 407 1839 minus
460 1792 646 1858 ηοεῐθτ
698 1783 970 1853 ingressus
1030 1780 1458 1852 "icmSOlYmam
1505 1797 1535 1835 ³
1561 1782 1805 1851 Parvum
1832 1777 1879 1837 Β
1907 1798 2028 1867 pius
2045 1812 2279 1866 namque
2301 1805 2387 1852 est
2406 1796 2666 1851 Dominus
2691 1803 2747 1851 et
2769 1795 2994 1850 multum
3023 1797 3355 1863 misericors,
3384 1813 3486 1852 nec

219 1875 585 1931 collaudatur.
615 1873 750 1928 Nam
777 1882 831 1927 et
859 1872 1043 1938 arbor,
1076 1872 1204 1928 licet
1226 1874 1297 1928 sit
1320 1873 1609 1928 multorum
1637 1890 1806 1928 anno-

220 1981 366 2028 rum,
406 1965 451 2019 si
489 1963 655 2019 fuerit
706 1963 1064 2028 infructuosa,
1111 1964 1448 2019 abscinditur
1480 1983 1492 2018 :
1531 1965 1577 2019 si
1623 1975 1804 2020 autem

220 2054 436 2109 novella
491 2052 656 2110 fuerit
692 2053 884 2109 fertilis
911 2093 926 2120 ,
985 2054 1181 2109 colitur
1234 2062 1295 2109 ut
1349 2055 1518 2126 magis
1564 2053 1807 2126 proferat

223 2147 467 2203 fructus.

801 2238 1029 2295 CAPUT
1067 2239 1255 2298 XVIII.

513 2331 588 2385 De
617 2330 877 2384 malorum
917 2332 1255 2389 contubernio
1280 2333 1513 2390 vitando.

204 2465 213 2471 .
289 2422 673 2478 Perfectorum
717 2437 847 2477 vero
895 2423 1138 2478 virorum
1181 2428 1453 2482 consortio
1496 2428 1706 2496 fruere,
1752 2438 1806 2485 et

223 2514 586 2569 contubernio
622 2513 1004 2567 abstinentium
1052 2515 1353 2571 delectetur
1379 2518 1558 2572 anima
1587 2528 1697 2586 tua,
1751 2531 1806 2576 et

225 2623 254 2660 a
295 2604 589 2674 colloquiis
621 2617 805 2658 eorum
833 2618 901 2658 ne
946 2614 1160 2659 avertas
1184 2620 1370 2660 aurem
1409 2614 1589 2662 tuam:
1641 2610 1805 2665 verba

222 2697 366 2751 enim
399 2697 528 2748 vita:
552 2701 677 2748 sunt
700 2695 863 2748 verba
891 2710 1099 2759 eorum,
1132 2704 1188 2749 et
1227 2696 1567 2752 incolumitas
1614 2699 1807 2753 anima:

223 2788 290 2842 iis
311 2787 408 2857 qui
432 2801 498 2840 ea
520 2785 749 2840 libenter
771 2786 1075 2839 attendunt.
1139 2785 1292 2841 Sicut
1318 2788 1463 2842 enim
1493 2790 1573 2845 sol
1624 2790 1807 2845 oriens

222 2875 427 2947 effingat
457 2874 761 2945 caliginem,
814 2875 885 2929 ita
908 2883 1215 2930 sanctorum
1241 2878 1485 2931 doctrina
1508 2895 1536 2932 a
1560 2880 1808 2934 sensibus

226 2969 331 3021 tuis
363 2966 594 3037 expellit
624 2964 895 3020 tenebras.
950 2965 1162 3019 Talium
1194 2966 1456 3031 virorum,
1505 2983 1708 3037 qumso,
1738 2985 1810 3024 ne

225 3060 434 3114 devites
468 3059 773 3123 consortia;
798 3067 857 3112 ut
893 3074 1080 3112 eorum
1105 3059 1492 3125 monitionibus
1540 3075 1692 3122 mens
1714 3071 1807 3117 tua

1904 1887 2044 1941 ultra
2071 1885 2369 1947 facinorum
2399 1900 2643 1939 meorum
2665 1881 3074 1943 memorabitur.
3134 1886 3263 1943 Noli
3282 1886 3481 1951 taliter,

1904 1980 2003 2045 fili,
2019 1979 2279 2048 cogitare,
2296 1977 2422 2047 quia
2439 1991 2651 2031 summa
2669 1975 2897 2030 stultitia
2912 1982 2997 2030 est
3008 1976 3124 2031 haec
3143 1985 3323 2032 mente
3344 1977 3484 2047 apud

1904 2070 2189 2125 Dominum
2236 2068 2569 2136 concipere;
2622 2081 2744 2120 cum
2775 2072 2829 2120 et
2858 2064 3079 2134 impium
3117 2066 3188 2119 sit
3215 2065 3378 2119 talem
3415 2064 3484 2119 li-

1902 2161 2137 2218 centiam
2166 2176 2195 2214 a
2224 2159 2335 2215 Deo
2362 2165 2679 2227 exspectare
2698 2156 3028 2225 quempiam.
3069 2154 3211 2219 Noli.
3240 2155 3484 2223 inquam,

1904 2252 1985 2308 sic
2006 2251 2263 2323 cogitare,
2331 2264 2454 2309 cum
2507 2246 2719 2303 nescias
2754 2260 2858 2315 qua
2910 2245 2998 2299 die
3044 2244 3339 2299 moriturus
3386 2244 3484 2298 sis.

1906 2344 2036 2413 Quis
2054 2344 2200 2399 enim
2222 2340 2666 2403 novitbomiuum
2690 2338 2830 2392 diem
2855 2337 3032 2391 exitus
3044 2336 3169 2390 sui?
3210 2350 3317 2390 non
3342 2333 3487 2389 enim

1903 2448 2092 2491 omnes
2120 2433 2174 2487 in
2206 2438 2480 2487 senectute
2503 2427 2986 2503 privabunturhac
3011 2426 3165 2491 lucc,
3196 2425 3289 2481 sed
3313 2425 3366 2479 in
3404 2424 3488 2479 di-

1903 2525 2078 2579 versis
2102 2523 2352 2576 :etatibus
2385 2522 2438 2574 in
2469 2522 2572 2574 hoc
2603 2519 2802 2573 mundo
2824 2518 3157 2589 migrabunt;
3198 2524 3253 2570 et
3288 2516 3345 2571 in
3368 2515 3490 2585 qui-

1904 2614 2008 2669 bus
2036 2613 2250 2667 actibus
2286 2609 2571 2664 vocabitur
2606 2610 2793 2671 homo,
2822 2606 2879 2662 in
2934 2606 3126 2661 iisdem
3151 2620 3375 2660 necesse
3402 2611 3488 2658 est

1906 2703 2133 2757 reddere
2164 2701 2451 2754 rationem.
2505 2695 2847 2750 Nemo‘enim
2874 2694 2930 2749 in
2973 2693 3183 2748 inferno
3209 2690 3489 2747 confitebi-

1907 2802 1994 2848 tur
2020 2790 2248 2846 Domino
2293 2787 2468 2861 (Psal.
2495 2785 2595 2859 γι),
2634 2785 2729 2841 sed
2757 2800 2858 2840 nec
2884 2794 2941 2839 tu
2963 2784 3236 2840 cuncteris
3272 2783 3339 2838 ad
3370 2797 3487 2853 pm-

1905 2883 2187 2939 nitentiam
2217 2879 2481 2936 converti.

2494 2967 2723 3025 CAPUT
2761 2968 2882 3023 XX.

2393 3061 2467 3115 De
2496 3068 2661 3115 morte
2699 3057 2995 3128 cogitanda.

225 3153 471 3222 erigatur
493 3150 561 3203 ad
586 3149 800 3213 coelum,
829 3160 884 3204 et
913 3147 1110 3203 ﬂuxam
1135 3151 1312 3206 saaculi
1341 3151 1567 3220 gloriam
1596 3169 1694 3223 pro
1720 3154 1806 3208 ni-
1831 3122 1877 3184 Ο
1978 3153 2205 3224 Semper
2254 3160 2380 3205 ante
2430 3150 2616 3205 oculos
2638 3122 2889 3205 versatur
2921 3148 3144 3202 ultimus
3170 3146 3303 3203 dies.
3353 3146 3487 3201 Cum

225 3242 330 3296 hilo
359 3241 538 3311 possis
555 3240 1169 3309 despiccrc,etvirtutes
1196 3242 1388 3296 anima:
1418 3243 1804 3300 hauriautsen-

225 3343 314 3382 sus
348 3327 448 3380 tui.
526 3324 714 3379 Devita
737 3324 883 3380 viros
915 3340 1050 3395 quos
1079 3343 1206 3398 erga
1239 3330 1498 3384 mandata
1529 3330 1624 3385 Dei
1656 3333 1806 3388 vides

226 3418 586 3489 negligentes,
617 3415 708 3486 qui
751 3416 946 3470 mortui
984 3425 1109 3471 sunt
1138 3417 1429 3475 virtutibus
1459 3428 1515 3475 et
1558 3421 1807 3476 videntur

225 3509 409 3563 vivere
435 3505 800 3575 passionibus,
829 3505 953 3575 quia
977 3505 1229 3561 laetantur
1268 3508 1322 3561 in
1352 3509 1585 3577 propriis
1612 3508 1804 3564 volun-

228 3598 430 3653 tatibus
449 3605 508 3650 ct
524 3595 720 3666 gaudio
745 3604 932 3651 carent
951 3595 1150 3651 divino.
1190 3596 1323 3651 Cum
1344 3596 1646 3668 bujusmodi
1676 3596 1807 3652 viris

224 3708 322 3747 nec
351 3692 429 3746 sit
454 3689 554 3744 tibi
584 3687 691 3742 ulla
720 3688 1049 3753 commixtio,
1080 3701 1182 3742 nec
1202 3688 1337 3742 velis
1361 3703 1481 3743 cum
1502 3688 1582 3742 eis
1604 3702 1809 3742 sermo-

228 3781 399 3835 cinari
422 3779 661 3842 assidue,
691 3777 793 3831 nisi
816 3777 1018 3847 poteris
1041 3776 1374 3832 solummodo
1408 3776 1700 3851 ab,erroris
1724 3776 1807 3830 iti-

229 3887 356 3925 nere
385 3884 648 3925 revocare
684 3883 814 3923 eos:
859 3876 1111 3923 caeterum
1134 3867 1182 3922 si
1212 3884 1318 3922 non
1347 3867 1513 3932 vales,
1542 3868 1719 3923 devita
1748 3875 1810 3923 ut

228 3963 506 4030 publicum
545 3961 793 4015 hostem:
836 3974 979 4029 saepe
1005 3959 1150 4012 enim
1183 3973 1281 4028 per
1304 3974 1466 4013 unam
1484 3972 1638 4013 ovem
1660 3973 1805 4013 mor-

228 4053 409 4109 bidam
434 4067 567 4124 grex
594 4059 736 4106 totus
753 4049 1043 4121 polluitur;
1074 4058 1129 4105 et
1154 4050 1364 4107 modica
1388 4065 1514 4120 pars
1528 4048 1670 4105 fellis
1694 4065 1807 4104 ma-

227 4164 391 4220 gnam
422 4147 757 4202 dulcedinem
788 4146 843 4199 in
863 4142 1275 4200 amaritudinem
1304 4144 1485 4208 vertit,
1510 4153 1556 4197 et
1582 4142 1807 4212 fermen-

229 4250 337 4293 tum
360 4238 625 4292 modicum
656 4247 817 4291 totam
843 4253 1069 4291 massam
1090 4238 1374 4305 corrumpit
1398 4234 1450 4305 (Ι
1486 4234 1605 4288 Cor.
1631 4235 1703 4305 v).
1760 4231 1807 4286 A

231 4331 321 4383 tali
347 4330 499 4383 enim
523 4327 788 4383 fermento
823 4328 1081 4381 Dominus
1110 4327 1204 4380 tibi
1252 4326 1529 4381 attendere
1565 4323 1808 4394 praecipit

232 4419 449 4491 (Matth.
476 4417 609 4489 xvi).
649 4416 994 4473 Fermentum
1022 4416 1124 4472 hoc
1157 4417 1605 4486 nequissimorum
1639 4414 1811 4470 homi-

230 4528 361 4566 num
391 4511 640 4566 doctrina
674 4509 991 4581 intelligitur
1020 4526 1033 4563 :
1089 4525 1213 4565 nam
1236 4510 1337 4564 etsi
1374 4508 1429 4563 in
1466 4508 1650 4563 habitu
1684 4507 1807 4577 quis

229 4602 482 4656 videatur
519 4616 637 4656 esse
682 4600 860 4655 clarus
904 4609 959 4653 et
991 4598 1205 4662 nobilis,
1234 4605 1291 4651 et
1309 4596 1483 4651 dulcia
1509 4595 1673 4651 verba
1712 4594 1807 4648 tibi

231 4691 479 4763 proferat
503 4690 795 4761 eleganter,
848 4686 1116 4744 simulatio
1146 4686 1325 4741 cordis
1368 4684 1485 4753 ejus
1529 4700 1596 4739 ex
1624 4685 1811 4739 subse-

230 4782 528 4851 quentibus
578 4779 787 4834 aetibus
807 4778 1162 4849 intelligitur:
1209 4791 1313 4829 non
1338 4775 1481 4829 enim
1509 4788 1573 4828 ex
1605 4773 1808 4839 verbis,

232 4872 326 4926 sed
348 4869 706 4941 exlfructibus
732 4869 896 4923 homo
919 4866 1319 4936 comprobatur.
1372 4863 1611 4932 Denique
1644 4875 1810 4932 quam

230 4962 454 5031 plurimi
496 4960 689 5016 callide
737 4958 866 5013 vitia
901 4974 998 5013 sua
1043 4958 1221 5014 celare
1253 4953 1533 5020 festinant,
1573 4962 1629 5009 et
1671 4954 1812 5024 apud

232 5052 500 5120 quosdam
521 5050 773 5104 videntur
789 5064 909 5104 esse
925 5046 1219 5114 mirabiles,
1235 5047 1327 5102 sed
1356 5044 1574 5100 floribus
1597 5044 1813 5099 amissis

235 5139 447 5196 fructus
466 5140 643 5211 qualis
668 5148 750 5194 est
776 5140 1079 5195 ostenditur
1103 5158 1116 5192 :
1148 5154 1270 5193 cum
1298 5152 1425 5192 vero
1447 5136 1537 5191 diu
1563 5137 1706 5190 intra
1737 5135 1812 5190 si-

236 5248 366 5287 num
394 5239 1083 5301 servaveruntserpentem,
1112 5231 1296 5286 attacti
1326 5244 1508 5285 morsu
1527 5227 1644 5298 ejus
1663 5228 1809 5282 intu-

236 5332 507 5390 mescunt,
539 5331 598 5378 et
646 5323 824 5394 palam
857 5323 989 5377 fiunt
1016 5322 1284 5386 omnibus,
1311 5322 1436 5392 quia
1476 5319 1606 5375 nihil
1632 5316 1810 5374 occul-

236 5421 350 5468 tum
372 5415 611 5485 estquod
639 5431 741 5470 non
772 5414 1081 5469 revelabitur
1105 5413 1318 5486 (Matth.
1350 5411 1427 5484 χ).

824 5504 1049 5562 CAPUT
1088 5505 1231 5560 XIX.

396 5592 477 5650 De
504 5596 589 5649 ira
616 5595 900 5649 cohibenda
932 5606 980 5650 et
1016 5595 1305 5665 differenda
1337 5596 1654 5663 paenitentia.

1902 3243 2049 3301 enim
2097 3240 2332 3305 diluculo
2364 3239 2684 3302 surrexeris,
2716 3238 2784 3292 ad
2823 3251 3109 3308 veSperum
3144 3244 3197 3290 te
3237 3235 3483 3306 ambigas

1902 3333 2221 3405 pervenire;
2248 3340 2303 3387 et
2323 3345 2446 3385 cum
2469 3330 2523 3385 in
2537 3329 2789 3387 lectulum
2813 3328 2880 3385 ad
2909 3327 3293 3398 quiescendum
3319 3342 3491 3382 mem-

1903 3426 2000 3481 bra
2030 3434 2121 3479 tua
2153 3422 2423 3494 posueris,
2450 3422 2558 3477 noli
2588 3420 2857 3476 confidere
2891 3421 2957 3473 de
2986 3418 3121 3472 lucis
3146 3417 3399 3481 adventu,
3429 3424 3493 3470 ut

1904 3511 2116 3568 facilius
2151 3519 2205 3566 te
2229 3511 2406 3580 possis
2434 3527 2483 3565 ι’(
2497 3509 2711 3565 frenare
2750 3508 2818 3562 ab
2846 3507 3093 3563 omnibus
3120 3506 3283 3560 vitiis.
3337 3505 3491 3559 Sem-

1901 3616 2002 3672 per
2029 3616 2125 3655 cor
2161 3608 2311 3654 tuum
2357 3601 2623 3669 promissa
2671 3587 2912 3652 caelestia
2946 3597 3258 3660 meditetur,
3284 3603 3344 3651 ut
3372 3596 3490 3665 ipsa

1904 3698 1959 3744 te
1986 3690 2055 3743 ad
2067 3689 2285 3744 virtutis
2306 3689 2451 3743 viam
2473 3695 2787 3758 provocent.
2813 3686 2942 3741 Esto
2967 3700 3109 3740 nunc
3135 3683 3258 3739 talis
3278 3685 3331 3739 in
3363 3698 3491 3753 ope-

1904 3779 2056 3834 ribus
2078 3779 2237 3834 bonis
2258 3778 2473 3849 qualem
2504 3786 2558 3834 te
2585 3777 2669 3832 vis
2695 3775 2936 3830 futurum
2961 3777 3321 3846 postmodum.
3363 3775 3491 3830 Om-

1905 3868 1996 3921 nia
2037 3876 2250 3923 terrena
2302 3882 2422 3938 qua:
2474 3866 2717 3935 possides
2770 3865 2826 3918 in
2879 3864 3125 3919 cmlestes
3178 3866 3489 3921 mansiones

1907 3957 2159 4024 transfer,
2190 3965 2254 4012 ut
2279 3972 2402 4011 cum
2429 3956 2558 4011 illuc
2582 3954 2750 4010 fueris
2775 3950 3070 4022 profectus,
3098 3951 3296 4007 fruaris
3326 3953 3484 4007 bonis

1905 4047 2236 4104 ccelestibus.
2287 4048 2560 4103 Bonorum
2583 4059 2804 4116 operum
2826 4050 3072 4113 sumptus
3100 4042 3195 4096 tibi
3217 4043 3271 4095 in
3297 4042 3489 4096 itinere

1905 4154 2172 4210 praepara,
2219 4145 2280 4192 ut
2323 4138 2698 4193 incunctanter
2730 4133 3086 4202 libenterque,
3110 4118 3232 4186 cum
3268 4140 3491 4188 vocatus

1907 4230 2100 4296 fueris,
2126 4244 2322 4301 pergas
2345 4229 2411 4283 ad
2439 4227 2745 4283 Dominum.
2797 4224 2948 4279 Tunc
2966 4239 3091 4279 cum
3120 4238 3152 4277 a
3179 4224 3357 4278 carnis
3372 4223 3491 4277 vin-

1908 4322 2031 4378 culo
2082 4322 2263 4375 anima
2298 4329 2388 4376 tua
2440 4319 2685 4374 absoluta
2710 4315 2894 4380 fuerit,
2945 4331 3069 4370 mox
3100 4314 3153 4368 in
3199 4329 3487 4369 occursum

1909 4424 2060 4469 tuum
2088 4414 2399 4486 angelorum
2448 4412 2645 4468 chorus
2667 4416 2938 4475 occurret,
2978 4423 3138 4463 omne
3179 4418 3487 4462 sanctorum

1909 4522 2102 4579 agmen
2142 4506 2195 4560 in
2221 4506 2330 4567 tuis
2360 4503 2674 4559 miscebitur
2705 4499 3092 4571 complexibus,
3130 4504 3185 4551 et
3211 4504 3264 4551 te
3295 4501 3364 4550 ad
3391 4495 3485 4551 ad-

1908 4596 2175 4651 orandum
2216 4609 2405 4649 verum
2439 4591 2678 4661 judicem
2708 4591 3021 4661 perducent.
3052 4586 3204 4641 Tunc
3244 4584 3341 4639 tibi
3396 4583 3489 4639 fiet

1908 4703 2013 4757 pax
2040 4702 2137 4756 per
2162 4686 2335 4757 girum
2350 4692 2405 4739 et
2432 4699 2641 4739 summa
2674 4680 2958 4745 securitas,
2981 4692 3081 4733 nec
3106 4675 3320 4731 timebis
3343 4672 3488 4727 ultra

1904 4780 2083 4852 jacula
2108 4779 2278 4849 ignita
2299 4775 2516 4831 diaboli.
2567 4774 2683 4828 Non
2712 4773 2806 4828 tibi
2836 4780 3099 4826 terrorem
3125 4767 3351 4822 incutiet
3371 4763 3501 4818 bar-

1910 4873 2165 4928 barorum
2206 4868 2532 4931 immanitas,
2562 4881 2664 4921 nec
2693 4863 3009 4920 formidabis
3056 4862 3237 4916 hostes
3257 4857 3488 4914 ferocis-

1913 4962 2103 5026 simos,
2132 4961 2221 5030 qui
2281 4958 2504 5028 cupiunt
2551 4956 2756 5010 animas
2799 4952 3070 5024 jugulare,
3101 4965 3206 5005 non
3234 4960 3483 5017 corpora,

1913 5070 2020 5110 non
2054 5052 2278 5117 ferrum,
2336 5066 2446 5105 non
2501 5049 2699 5118 ignem,
2733 5061 2838 5101 non
2889 5045 3082 5099 faciem
3127 5039 3486 5096 truculentam

1913 5153 2317 5206 tortorum,non
2338 5140 2553 5204 famem,
2583 5153 2690 5192 non
2720 5136 2884 5199 sitim,
2912 5120 3010 5188 nec
3029 5130 3191 5186 ullam
3214 5127 3490 5201 πει-ἰωᾶί-

1911 5248 2034 5287 nem
2084 5233 2295 5297 carnis;
2344 5245 2445 5284 nec
2478 5236 2685 5283 metues
2738 5225 2993 5279 invidiam
3039 5221 3339 5285 hominum,
3386 5233 3488 5274 nec

1910 5322 2135 5377 insidias
2170 5320 2546 5390 malignorum,
2598 5316 2760 5369 verba
2792 5319 3055 5368 venenata
3094 5309 3377 5364 mulierum
3404 5306 3489 5360 lu-

1909 5429 2100 5483 parum
2129 5429 2144 5478 ;
2188 5427 2287 5466 nec
2308 5411 2450 5464 ultro
2474 5407 2844 5463 adversabitur
2871 5420 2999 5459 caro
3021 5411 3206 5458 contra
3238 5400 3485 5471 spiritum

1910 5514 2062 5559 tuum
2097 5522 2109 5556 :
2144 5519 2249 5557 non
2278 5500 2491 5555 timebis
2516 5498 2816 5570 peri-culum
2844 5495 3150 5561 maris,nec
3169 5493 3305 5548 ullos
3325 5505 3489 5548 casus

1913 5594 2188 5657 adversos,
2235 5592 2331 5646 sed
2380 5591 2497 5644 haec
2544 5589 2724 5642 omnia
2749 5586 3095 5643 sedabuntur.
3148 5583 3280 5640 Cum
3303 5584 3485 5638 anima

310 5681 375 5738 Si
401 5683 527 5754 quis
573 5684 673 5741 tibi
704 5685 943 5740 intulerit
964 5687 1125 5749 mala,
1157 5700 1223 5738 nc
1248 5685 1378 5738 velis
1432 5683 1590 5738 irasci
1621 5682 1669 5737 ci
1723 5692 1816 5736 aut
1915 5693 2001 5738 tua
2034 5682 2290 5750 abjecerit
2322 5681 2587 5736 sarcinam
2618 5679 2822 5741 carnis.
2851 5686 2975 5733 tunc
2998 5680 3233 5749 Spiritus
3266 5687 3486 5731 sanctus
