  <div class='ocr_page' id='page_1' title='image "/cluster/home/n/w/nwhite01/storage/ocr_20150623/103/hvd.32044054759691/355.png"; bbox 0 0 3974 6192; ppageno 0'>
   <div class='ocr_carea' id='block_1_1' title="bbox 483 299 3719 408">
    <p class='ocr_par' dir='ltr' id='par_1_1' title="bbox 483 299 3719 408">
     <span class='ocr_line' id='line_1_1' title="bbox 483 299 3719 408; baseline -0.02 0"><span class='ocrx_word' id='word_1_1' title='bbox 483 350 588 408; x_wconf 82' lang='lat'><strong>699</strong></span> <span class='ocrx_word' id='word_1_2' title='bbox 1469 329 1529 386; x_wconf 93' lang='lat' dir='ltr'><strong>S.</strong></span> <span class='ocrx_word' id='word_1_3' title='bbox 1569 321 1934 384; x_wconf 84' lang='lat' dir='ltr'><strong>BENEDICTI</strong></span> <span class='ocrx_word' id='word_1_4' title='bbox 1971 315 2262 374; x_wconf 79' lang='lat' dir='ltr'><strong>ABBATIS</strong></span> <span class='ocrx_word' id='word_1_5' title='bbox 2297 307 2706 368; x_wconf 76' lang='lat' dir='ltr'><strong>ANIANENSIS</strong></span> <span class='ocrx_word' id='word_1_6' title='bbox 3620 299 3719 356; x_wconf 83' lang='lat'><strong>700</strong></span> 
     </span>
    </p>
   </div>
   <div class='ocr_carea' id='block_1_2' title="bbox 484 415 3726 516">
    <p class='ocr_par' dir='ltr' id='par_1_2' title="bbox 484 415 3726 516">
     <span class='ocr_line' id='line_1_2' title="bbox 484 415 3726 516; baseline -0.014 0"><span class='ocrx_word' id='word_1_7' title='bbox 484 461 687 516; x_wconf 98' lang='lat' dir='ltr'><strong>tribuet</strong></span> <span class='ocrx_word' id='word_1_8' title='bbox 711 457 807 513; x_wconf 89' lang='lat' dir='ltr'><strong>tibi</strong></span> <span class='ocrx_word' id='word_1_9' title='bbox 833 455 886 510; x_wconf 89' lang='lat' dir='ltr'><strong>in</strong></span> <span class='ocrx_word' id='word_1_10' title='bbox 911 449 1218 509; x_wconf 72' lang='lat' dir='ltr'><strong>cmlestihus</strong></span> <span class='ocrx_word' id='word_1_11' title='bbox 1242 443 1599 508; x_wconf 85' lang='lat' dir='ltr'><strong>mansionem,</strong></span> <span class='ocrx_word' id='word_1_12' title='bbox 1633 440 1719 495; x_wconf 90' lang='lat' dir='ltr'><strong>cui</strong></span> <span class='ocrx_word' id='word_1_13' title='bbox 1749 437 1908 510; x_wconf 90' lang='lat' dir='ltr'><strong>paulo</strong></span> <span class='ocrx_word' id='word_1_14' title='bbox 1929 442 2054 490; x_wconf 83' lang='lat' dir='ltr'><strong>ante</strong></span> <span class='ocrx_word' id='word_1_15' title='bbox 2081 446 2134 504; x_wconf 76' lang='grc' dir='ltr'><strong>Α</strong></span> <span class='ocrx_word' id='word_1_16' title='bbox 2157 429 2242 484; x_wconf 93' lang='lat' dir='ltr'><strong>nis</strong></span> <span class='ocrx_word' id='word_1_17' title='bbox 2292 443 2402 483; x_wconf 72' lang='lat' dir='ltr'><strong>sua:</strong></span> <span class='ocrx_word' id='word_1_18' title='bbox 2426 425 2731 481; x_wconf 74' lang='lat' dir='ltr'><strong>voluntates</strong></span> <span class='ocrx_word' id='word_1_19' title='bbox 2761 419 2930 476; x_wconf 90' lang='lat' dir='ltr'><strong>secuti</strong></span> <span class='ocrx_word' id='word_1_20' title='bbox 2963 422 3108 472; x_wconf 90' lang='lat' dir='ltr'><strong>sunt.</strong></span> <span class='ocrx_word' id='word_1_21' title='bbox 3160 415 3221 470; x_wconf 85' lang='lat' dir='ltr'><strong>In</strong></span> <span class='ocrx_word' id='word_1_22' title='bbox 3263 429 3500 471; x_wconf 68' lang='lat' dir='ltr'><strong>maerore</strong></span> <span class='ocrx_word' id='word_1_23' title='bbox 3526 424 3584 470; x_wconf 92' lang='lat' dir='ltr'><strong>et</strong></span> <span class='ocrx_word' id='word_1_24' title='bbox 3602 415 3726 471; x_wconf 78' lang='lat' dir='ltr'><strong>fletu</strong></span> 
     </span>
    </p>
   </div>
   <div class='ocr_carea' id='block_1_3' title="bbox 484 506 3729 618">
    <p class='ocr_par' dir='ltr' id='par_1_3' title="bbox 484 506 3729 618">
     <span class='ocr_line' id='line_1_3' title="bbox 484 506 3729 618; baseline -0.014 -10"><span class='ocrx_word' id='word_1_25' title='bbox 484 555 628 607; x_wconf 89' lang='lat' dir='ltr'><strong>intra</strong></span> <span class='ocrx_word' id='word_1_26' title='bbox 657 547 897 618; x_wconf 89' lang='lat' dir='ltr'><strong>corporis</strong></span> <span class='ocrx_word' id='word_1_27' title='bbox 925 544 1003 598; x_wconf 88' lang='lat' dir='ltr'><strong>tui</strong></span> <span class='ocrx_word' id='word_1_28' title='bbox 1032 539 1323 610; x_wconf 77' lang='lat' dir='ltr'><strong>hospitium</strong></span> <span class='ocrx_word' id='word_1_29' title='bbox 1352 535 1560 590; x_wconf 86' lang='lat' dir='ltr'><strong>feceras</strong></span> <span class='ocrx_word' id='word_1_30' title='bbox 1583 531 1918 588; x_wconf 87' lang='lat' dir='ltr'><strong>mansionem</strong></span> <span class='ocrx_word' id='word_1_31' title='bbox 1943 545 1958 587; x_wconf 89' lang='lat'><strong>:</strong></span> <span class='ocrx_word' id='word_1_32' title='bbox 2003 535 2059 583; x_wconf 90' lang='lat' dir='ltr'><strong>et</strong></span> <span class='ocrx_word' id='word_1_33' title='bbox 2160 521 2396 576; x_wconf 80' lang='lat' dir='ltr'><strong>maximo</strong></span> <span class='ocrx_word' id='word_1_34' title='bbox 2443 518 2498 572; x_wconf 92' lang='lat' dir='ltr'><strong>in</strong></span> <span class='ocrx_word' id='word_1_35' title='bbox 2522 516 2908 585; x_wconf 89' lang='lat' dir='ltr'><strong>sempiternum</strong></span> <span class='ocrx_word' id='word_1_36' title='bbox 2959 517 3120 565; x_wconf 87' lang='lat' dir='ltr'><strong>erunt</strong></span> <span class='ocrx_word' id='word_1_37' title='bbox 3144 507 3237 578; x_wconf 90' lang='lat' dir='ltr'><strong>qui</strong></span> <span class='ocrx_word' id='word_1_38' title='bbox 3268 506 3412 561; x_wconf 83' lang='lat' dir='ltr'><strong>vitiis</strong></span> <span class='ocrx_word' id='word_1_39' title='bbox 3445 515 3504 561; x_wconf 92' lang='lat' dir='ltr'><strong>et</strong></span> <span class='ocrx_word' id='word_1_40' title='bbox 3527 506 3729 575; x_wconf 88' lang='lat' dir='ltr'><strong>passio-</strong></span> 
     </span>
    </p>
   </div>
   <div class='ocr_carea' id='block_1_4' title="bbox 487 594 3730 709">
    <p class='ocr_par' dir='ltr' id='par_1_4' title="bbox 487 594 3730 709">
     <span class='ocr_line' id='line_1_4' title="bbox 487 594 1150 618; baseline -0.018 -12"><span class='ocrx_word' id='word_1_41' title='bbox 659 594 894 618; x_wconf 46' lang='grc' dir='ltr'><strong>νων---</strong></span> <span class='ocrx_word' id='word_1_42' title='bbox 931 594 1002 598; x_wconf 72' lang='lat'>___</span> <span class='ocrx_word' id='word_1_43' title='bbox 1081 594 1088 595; x_wconf 62' lang='lat'><strong><em>,</em></strong></span> <span class='ocrx_word' id='word_1_44' title='bbox 1132 594 1150 610; x_wconf 70' lang='grc'><em>,</em></span> 
     </span>
     <span class='ocr_line' id='line_1_5' title="bbox 487 594 3730 709; baseline -0.016 -13"><span class='ocrx_word' id='word_1_45' title='bbox 487 645 642 699; x_wconf 76' lang='lat' dir='ltr'><strong>laetus</strong></span> <span class='ocrx_word' id='word_1_46' title='bbox 668 637 1008 709; x_wconf 77' lang='lat' dir='ltr'><strong>gaudensque</strong></span> <span class='ocrx_word' id='word_1_47' title='bbox 1036 628 1375 700; x_wconf 81' lang='lat' dir='ltr'><strong>exspectabis</strong></span> <span class='ocrx_word' id='word_1_48' title='bbox 1396 626 1536 680; x_wconf 91' lang='lat' dir='ltr'><strong>diem</strong></span> <span class='ocrx_word' id='word_1_49' title='bbox 1559 623 1746 697; x_wconf 86' lang='lat' dir='ltr'><strong>judicii</strong></span> <span class='ocrx_word' id='word_1_50' title='bbox 1784 619 1970 683; x_wconf 80' lang='lat' dir='ltr'><strong>futuri,</strong></span> <span class='ocrx_word' id='word_1_51' title='bbox 2002 619 2058 672; x_wconf 89' lang='lat' dir='ltr'><strong>in</strong></span> <span class='ocrx_word' id='word_1_52' title='bbox 2159 614 2320 668; x_wconf 92' lang='lat' dir='ltr'><strong>nibus</strong></span> <span class='ocrx_word' id='word_1_53' title='bbox 2363 609 2686 665; x_wconf 88' lang='lat' dir='ltr'><strong>servierunt.</strong></span> <span class='ocrx_word' id='word_1_54' title='bbox 2741 604 2808 658; x_wconf 88' lang='lat' dir='ltr'><strong>Et</strong></span> <span class='ocrx_word' id='word_1_55' title='bbox 2832 617 2955 658; x_wconf 89' lang='lat' dir='ltr'><strong>cum</strong></span> <span class='ocrx_word' id='word_1_56' title='bbox 2994 599 3050 655; x_wconf 90' lang='lat' dir='ltr'><strong>hi</strong></span> <span class='ocrx_word' id='word_1_57' title='bbox 3077 612 3267 652; x_wconf 91' lang='lat' dir='ltr'><strong>omnes</strong></span> <span class='ocrx_word' id='word_1_58' title='bbox 3289 611 3387 666; x_wconf 92' lang='lat' dir='ltr'><strong>pro</strong></span> <span class='ocrx_word' id='word_1_59' title='bbox 3411 595 3533 650; x_wconf 90' lang='lat' dir='ltr'><strong>suis</strong></span> <span class='ocrx_word' id='word_1_60' title='bbox 3553 594 3730 649; x_wconf 86' lang='lat' dir='ltr'><strong>crimi-</strong></span> 
     </span>
    </p>
   </div>
   <div class='ocr_carea' id='block_1_5' title="bbox 487 685 3727 801">
    <p class='ocr_par' dir='ltr' id='par_1_5' title="bbox 487 685 3727 801">
     <span class='ocr_line' id='line_1_6' title="bbox 488 685 1579 709; baseline -0.018 3"><span class='ocrx_word' id='word_1_61' title='bbox 488 685 641 699; x_wconf 62' lang='lat' dir='ltr'><strong>&#39;w&quot;“&quot;</strong></span> <span class='ocrx_word' id='word_1_62' title='bbox 668 685 957 709; x_wconf 57' lang='lat' dir='ltr'><strong>D&quot;&quot;&quot;&quot;“I&#39;</strong></span> <span class='ocrx_word' id='word_1_63' title='bbox 988 685 999 686; x_wconf 41' lang='grc' dir='ltr'>ί</span> <span class='ocrx_word' id='word_1_64' title='bbox 1048 685 1057 686; x_wconf 43' lang='grc' dir='ltr'>ί</span> <span class='ocrx_word' id='word_1_65' title='bbox 1136 685 1152 700; x_wconf 84' lang='grc' dir='ltr'>ι</span> <span class='ocrx_word' id='word_1_66' title='bbox 1559 685 1579 697; x_wconf 66' lang='grc' dir='ltr'>ν</span> 
     </span>
     <span class='ocr_line' id='line_1_7' title="bbox 487 685 3727 801; baseline -0.015 -16"><span class='ocrx_word' id='word_1_67' title='bbox 487 747 593 801; x_wconf 84' lang='lat' dir='ltr'><strong>quo</strong></span> <span class='ocrx_word' id='word_1_68' title='bbox 607 725 937 798; x_wconf 85' lang='lat' dir='ltr'><strong>singulorum</strong></span> <span class='ocrx_word' id='word_1_69' title='bbox 963 721 1156 774; x_wconf 81' lang='lat' dir='ltr'><strong>animae</strong></span> <span class='ocrx_word' id='word_1_70' title='bbox 1170 717 1430 787; x_wconf 77' lang='lat' dir='ltr'><strong>recipient</strong></span> <span class='ocrx_word' id='word_1_71' title='bbox 1450 715 1640 768; x_wconf 85' lang='lat' dir='ltr'><strong>merita</strong></span> <span class='ocrx_word' id='word_1_72' title='bbox 1669 727 1766 782; x_wconf 88' lang='lat' dir='ltr'><strong>pro</strong></span> <span class='ocrx_word' id='word_1_73' title='bbox 1791 710 1902 766; x_wconf 89' lang='lat' dir='ltr'><strong>suis</strong></span> <span class='ocrx_word' id='word_1_74' title='bbox 1927 723 2057 778; x_wconf 90' lang='lat' dir='ltr'><strong>ope-</strong></span> <span class='ocrx_word' id='word_1_75' title='bbox 2161 703 2318 758; x_wconf 93' lang='lat' dir='ltr'><strong>nibus</strong></span> <span class='ocrx_word' id='word_1_76' title='bbox 2345 701 2605 772; x_wconf 66' lang='lat' dir='ltr'><strong>gehennze</strong></span> <span class='ocrx_word' id='word_1_77' title='bbox 2635 696 2846 768; x_wconf 78' lang='lat' dir='ltr'><strong>ignibus</strong></span> <span class='ocrx_word' id='word_1_78' title='bbox 2877 693 3270 761; x_wconf 76' lang='lat' dir='ltr'><strong>mancipantur,</strong></span> <span class='ocrx_word' id='word_1_79' title='bbox 3322 687 3487 758; x_wconf 88' lang='lat' dir='ltr'><strong>justis</strong></span> <span class='ocrx_word' id='word_1_80' title='bbox 3533 685 3727 756; x_wconf 86' lang='lat' dir='ltr'><strong>sempi-</strong></span> 
     </span>
     <span class='ocr_line' id='line_1_8' title="bbox 2533 779 3727 801; baseline 0 0"><span class='ocrx_word' id='word_1_81' title='bbox 2533 794 2544 801; x_wconf 86' lang='lat'><strong>.</strong></span> <span class='ocrx_word' id='word_1_82' title='bbox 2650 800 2656 801; x_wconf 60' lang='lat'><strong><em>,</em></strong></span> <span class='ocrx_word' id='word_1_83' title='bbox 2697 793 2728 801; x_wconf 82' lang='lat'><strong>..</strong></span> <span class='ocrx_word' id='word_1_84' title='bbox 2863 798 2871 801; x_wconf 80' lang='lat'><strong>-</strong></span> <span class='ocrx_word' id='word_1_85' title='bbox 3078 785 3118 801; x_wconf 59' lang='grc' dir='ltr'>ἢ</span> <span class='ocrx_word' id='word_1_86' title='bbox 3215 784 3228 796; x_wconf 77' lang='grc' dir='ltr'><strong><em>ο</em></strong></span> <span class='ocrx_word' id='word_1_87' title='bbox 3279 797 3296 801; x_wconf 69' lang='lat'><strong>-</strong></span> <span class='ocrx_word' id='word_1_88' title='bbox 3382 781 3513 801; x_wconf 79' lang='lat' dir='ltr'>n____</span> <span class='ocrx_word' id='word_1_89' title='bbox 3567 779 3727 801; x_wconf 62' lang='grc' dir='ltr'><strong>Δ...Ι...</strong></span> 
     </span>
    </p>
   </div>
   <div class='ocr_carea' id='block_1_6' title="bbox 487 779 3730 878">
    <p class='ocr_par' dir='ltr' id='par_1_6' title="bbox 487 779 3730 878">
     <span class='ocr_line' id='line_1_9' title="bbox 487 779 3730 878; baseline -0.013 -3"><span class='ocrx_word' id='word_1_90' title='bbox 487 779 658 876; x_wconf 65' lang='lat' dir='ltr'><strong>:ibus.</strong></span> <span class='ocrx_word' id='word_1_91' title='bbox 692 779 824 872; x_wconf 53' lang='lat' dir='ltr'><strong>uSed</strong></span> <span class='ocrx_word' id='word_1_92' title='bbox 860 813 1059 868; x_wconf 82' lang='lat' dir='ltr'><strong>frustra</strong></span> <span class='ocrx_word' id='word_1_93' title='bbox 1090 821 1217 866; x_wconf 89' lang='lat' dir='ltr'><strong>tunc</strong></span> <span class='ocrx_word' id='word_1_94' title='bbox 1240 817 1553 878; x_wconf 88' lang='lat' dir='ltr'><strong>peccatores</strong></span> <span class='ocrx_word' id='word_1_95' title='bbox 1579 816 1633 859; x_wconf 84' lang='lat' dir='ltr'><strong>et</strong></span> <span class='ocrx_word' id='word_1_96' title='bbox 1661 779 1806 873; x_wconf 80' lang='lat' dir='ltr'><strong>impii</strong></span> <span class='ocrx_word' id='word_1_97' title='bbox 1833 801 2062 872; x_wconf 80' lang='lat' dir='ltr'><strong>poenite-</strong></span> <span class='ocrx_word' id='word_1_98' title='bbox 2161 807 2317 852; x_wconf 88' lang='lat' dir='ltr'><strong>terna</strong></span> <span class='ocrx_word' id='word_1_99' title='bbox 2360 794 2582 865; x_wconf 68' lang='lat' dir='ltr'><strong>praemia</strong></span> <span class='ocrx_word' id='word_1_100' title='bbox 2640 793 2944 847; x_wconf 88' lang='lat' dir='ltr'><strong>tribuentur</strong></span> <span class='ocrx_word' id='word_1_101' title='bbox 2991 802 3022 841; x_wconf 90' lang='lat' dir='ltr'><strong>a</strong></span> <span class='ocrx_word' id='word_1_102' title='bbox 3078 784 3337 849; x_wconf 89' lang='lat' dir='ltr'><strong>Domino,</strong></span> <span class='ocrx_word' id='word_1_103' title='bbox 3380 781 3514 846; x_wconf 73' lang='lat' dir='ltr'><strong>Quae</strong></span> <span class='ocrx_word' id='word_1_104' title='bbox 3558 779 3730 834; x_wconf 83' lang='lat' dir='ltr'><strong>oculus</strong></span> 
     </span>
    </p>
   </div>
   <div class='ocr_carea' id='block_1_7' title="bbox 489 868 3731 973">
    <p class='ocr_par' dir='ltr' id='par_1_7' title="bbox 489 868 3731 973">
     <span class='ocr_line' id='line_1_10' title="bbox 489 868 3731 973; baseline -0.013 -10"><span class='ocrx_word' id='word_1_105' title='bbox 489 911 643 973; x_wconf 89' lang='lat' dir='ltr'><strong>bunt,</strong></span> <span class='ocrx_word' id='word_1_106' title='bbox 696 905 1053 961; x_wconf 82' lang='lat' dir='ltr'><strong>fornicatores</strong></span> <span class='ocrx_word' id='word_1_107' title='bbox 1076 909 1130 957; x_wconf 89' lang='lat' dir='ltr'><strong>et</strong></span> <span class='ocrx_word' id='word_1_108' title='bbox 1158 899 1386 954; x_wconf 82' lang='lat' dir='ltr'><strong>adulteri</strong></span> <span class='ocrx_word' id='word_1_109' title='bbox 1439 897 1735 958; x_wconf 90' lang='lat' dir='ltr'><strong>ululabunt,</strong></span> <span class='ocrx_word' id='word_1_110' title='bbox 1776 910 1877 948; x_wconf 91' lang='lat' dir='ltr'><strong>nec</strong></span> <span class='ocrx_word' id='word_1_111' title='bbox 1896 892 2060 946; x_wconf 85' lang='lat' dir='ltr'><strong>ullam</strong></span> <span class='ocrx_word' id='word_1_112' title='bbox 2165 901 2269 938; x_wconf 84' lang='lat' dir='ltr'><strong>non</strong></span> <span class='ocrx_word' id='word_1_113' title='bbox 2312 883 2470 948; x_wconf 79' lang='lat' dir='ltr'><strong>vidit,</strong></span> <span class='ocrx_word' id='word_1_114' title='bbox 2513 898 2606 936; x_wconf 84' lang='lat' dir='ltr'><strong>nec</strong></span> <span class='ocrx_word' id='word_1_115' title='bbox 2639 880 2784 935; x_wconf 83' lang='lat' dir='ltr'><strong>auris</strong></span> <span class='ocrx_word' id='word_1_116' title='bbox 2829 877 3069 941; x_wconf 84' lang='lat' dir='ltr'><strong>audivit,</strong></span> <span class='ocrx_word' id='word_1_117' title='bbox 3121 889 3214 928; x_wconf 85' lang='lat' dir='ltr'><strong>nec</strong></span> <span class='ocrx_word' id='word_1_118' title='bbox 3267 872 3323 925; x_wconf 84' lang='lat' dir='ltr'><strong>in</strong></span> <span class='ocrx_word' id='word_1_119' title='bbox 3370 887 3462 925; x_wconf 87' lang='lat' dir='ltr'><strong>cor</strong></span> <span class='ocrx_word' id='word_1_120' title='bbox 3517 868 3731 922; x_wconf 79' lang='lat' dir='ltr'><strong>hominis</strong></span> 
     </span>
    </p>
   </div>
   <div class='ocr_carea' id='block_1_8' title="bbox 492 959 3732 1068">
    <p class='ocr_par' dir='ltr' id='par_1_8' title="bbox 492 959 3732 1068">
     <span class='ocr_line' id='line_1_11' title="bbox 492 959 3732 1068; baseline -0.013 -14"><span class='ocrx_word' id='word_1_121' title='bbox 492 999 733 1068; x_wconf 79' lang='lat' dir='ltr'><strong>requiem</strong></span> <span class='ocrx_word' id='word_1_122' title='bbox 754 1002 1008 1066; x_wconf 90' lang='lat' dir='ltr'><strong>poterunt</strong></span> <span class='ocrx_word' id='word_1_123' title='bbox 1042 991 1301 1047; x_wconf 90' lang='lat' dir='ltr'><strong>invenire.</strong></span> <span class='ocrx_word' id='word_1_124' title='bbox 1348 988 1590 1058; x_wconf 84' lang='lat' dir='ltr'><strong>Rapaces</strong></span> <span class='ocrx_word' id='word_1_125' title='bbox 1611 995 1665 1041; x_wconf 91' lang='lat' dir='ltr'><strong>et</strong></span> <span class='ocrx_word' id='word_1_126' title='bbox 1693 984 1841 1039; x_wconf 88' lang='lat' dir='ltr'><strong>avari</strong></span> <span class='ocrx_word' id='word_1_127' title='bbox 1864 983 2067 1037; x_wconf 84' lang='lat' dir='ltr'><strong>ﬂebunt</strong></span> <span class='ocrx_word' id='word_1_128' title='bbox 2170 979 2436 1045; x_wconf 80' lang='lat' dir='ltr'><strong>ascendit,</strong></span> <span class='ocrx_word' id='word_1_129' title='bbox 2490 993 2607 1050; x_wconf 72' lang='lat' dir='ltr'><strong>qua:</strong></span> <span class='ocrx_word' id='word_1_130' title='bbox 2654 972 2970 1048; x_wconf 74' lang='lat' dir='ltr'><strong>prwparavit</strong></span> <span class='ocrx_word' id='word_1_131' title='bbox 3013 970 3156 1024; x_wconf 83' lang='lat' dir='ltr'><strong>Deus</strong></span> <span class='ocrx_word' id='word_1_132' title='bbox 3209 963 3545 1035; x_wconf 80' lang='lat' dir='ltr'><strong>diligentibus</strong></span> <span class='ocrx_word' id='word_1_133' title='bbox 3595 978 3645 1014; x_wconf 84' lang='lat' dir='ltr'><strong>se</strong></span> <span class='ocrx_word' id='word_1_134' title='bbox 3685 959 3732 1029; x_wconf 91' lang='grc'>(1</span> 
     </span>
    </p>
   </div>
   <div class='ocr_carea' id='block_1_9' title="bbox 494 1069 2406 1150">
    <p class='ocr_par' dir='ltr' id='par_1_9' title="bbox 494 1069 2406 1150">
     <span class='ocr_line' id='line_1_12' title="bbox 494 1069 2406 1150; baseline -0.009 -8"><span class='ocrx_word' id='word_1_135' title='bbox 494 1090 767 1150; x_wconf 83' lang='lat' dir='ltr'><strong>amariter,</strong></span> <span class='ocrx_word' id='word_1_136' title='bbox 820 1099 923 1139; x_wconf 91' lang='lat' dir='ltr'><strong>nec</strong></span> <span class='ocrx_word' id='word_1_137' title='bbox 948 1081 1210 1136; x_wconf 88' lang='lat' dir='ltr'><strong>malorum</strong></span> <span class='ocrx_word' id='word_1_138' title='bbox 1241 1092 1460 1150; x_wconf 88' lang='lat' dir='ltr'><strong>suorum</strong></span> <span class='ocrx_word' id='word_1_139' title='bbox 1494 1075 1705 1130; x_wconf 88' lang='lat' dir='ltr'><strong>veniam</strong></span> <span class='ocrx_word' id='word_1_140' title='bbox 1736 1083 2070 1140; x_wconf 90' lang='lat' dir='ltr'><strong>consequen—</strong></span> <span class='ocrx_word' id='word_1_141' title='bbox 2172 1071 2294 1127; x_wconf 86' lang='lat' dir='ltr'><strong>Cor.</strong></span> <span class='ocrx_word' id='word_1_142' title='bbox 2323 1069 2406 1144; x_wconf 86' lang='grc' dir='ltr'><strong>ιι).</strong></span> 
     </span>
    </p>
   </div>
   <div class='ocr_carea' id='block_1_10' title="bbox 497 1147 2070 1232">
    <p class='ocr_par' dir='ltr' id='par_1_10' title="bbox 497 1147 2070 1232">
     <span class='ocr_line' id='line_1_13' title="bbox 497 1147 2070 1232; baseline -0.012 0"><span class='ocrx_word' id='word_1_143' title='bbox 497 1189 602 1232; x_wconf 88' lang='lat' dir='ltr'><strong>tur.</strong></span> <span class='ocrx_word' id='word_1_144' title='bbox 665 1177 725 1232; x_wconf 88' lang='lat' dir='ltr'><strong>In</strong></span> <span class='ocrx_word' id='word_1_145' title='bbox 762 1176 911 1230; x_wconf 89' lang='lat' dir='ltr'><strong>luctu</strong></span> <span class='ocrx_word' id='word_1_146' title='bbox 941 1173 1177 1227; x_wconf 85' lang='lat' dir='ltr'><strong>maximo</strong></span> <span class='ocrx_word' id='word_1_147' title='bbox 1197 1147 1577 1223; x_wconf 49' lang='lat' dir='ltr'><strong>detineb’untur</strong></span> <span class='ocrx_word' id='word_1_148' title='bbox 1600 1179 1789 1220; x_wconf 91' lang='lat' dir='ltr'><strong>omnes</strong></span> <span class='ocrx_word' id='word_1_149' title='bbox 1824 1161 1916 1232; x_wconf 91' lang='lat' dir='ltr'><strong>qui</strong></span> <span class='ocrx_word' id='word_1_150' title='bbox 1949 1175 2070 1216; x_wconf 88' lang='lat' dir='ltr'><strong>car-</strong></span> 
     </span>
    </p>
   </div>
   <div class='ocr_carea' id='block_1_11' title="bbox 515 1277 3725 1342">
    <p class='ocr_par' dir='ltr' id='par_1_11' title="bbox 515 1277 3725 1342">
     <span class='ocr_line' id='line_1_14' title="bbox 515 1277 3725 1342; baseline -0.012 -10"><span class='ocrx_word' id='word_1_151' title='bbox 515 1277 3725 1342; x_wconf 81' lang='lat'><strong>________________________________————-</strong></span> 
     </span>
    </p>
   </div>
   <div class='ocr_carea' id='block_1_12' title="bbox 973 1396 3266 1541">
    <p class='ocr_par' dir='ltr' id='par_1_12' title="bbox 973 1396 3266 1541">
     <span class='ocr_line' id='line_1_15' title="bbox 973 1396 3266 1541; baseline -0.013 -4"><span class='ocrx_word' id='word_1_152' title='bbox 973 1419 1554 1541; x_wconf 82' lang='lat' dir='ltr'><strong>EVAGRII</strong></span> <span class='ocrx_word' id='word_1_153' title='bbox 1634 1408 2286 1528; x_wconf 85' lang='lat' dir='ltr'><strong>MONACHI</strong></span> <span class='ocrx_word' id='word_1_154' title='bbox 2375 1396 3266 1518; x_wconf 64' lang='lat' dir='ltr'><strong>SENTENTIIE.</strong></span> 
     </span>
    </p>
   </div>
   <div class='ocr_carea' id='block_1_13' title="bbox 1457 1603 2801 1690">
    <p class='ocr_par' dir='ltr' id='par_1_13' title="bbox 1457 1603 2801 1690">
     <span class='ocr_line' id='line_1_16' title="bbox 1457 1603 2801 1690; baseline -0.013 -11"><span class='ocrx_word' id='word_1_155' title='bbox 1457 1616 1633 1689; x_wconf 85' lang='lat' dir='ltr'><strong>(Vide</strong></span> <span class='ocrx_word' id='word_1_156' title='bbox 1661 1612 2048 1690; x_wconf 74' lang='lat' dir='ltr'><strong>Patrologice</strong></span> <span class='ocrx_word' id='word_1_157' title='bbox 2073 1618 2220 1671; x_wconf 88' lang='lat' dir='ltr'><strong>tom.</strong></span> <span class='ocrx_word' id='word_1_158' title='bbox 2253 1607 2390 1680; x_wconf 81' lang='lat' dir='ltr'><strong>XX,</strong></span> <span class='ocrx_word' id='word_1_159' title='bbox 2439 1604 2561 1666; x_wconf 88' lang='lat' dir='ltr'><strong>col.</strong></span> <span class='ocrx_word' id='word_1_160' title='bbox 2598 1603 2801 1676; x_wconf 90' lang='lat'><strong>1181.)</strong></span> 
     </span>
    </p>
   </div>
   <div class='ocr_carea' id='block_1_14' title="bbox 1519 1739 3734 1779">
    <p class='ocr_par' dir='ltr' id='par_1_14' title="bbox 1519 1739 3734 1779">
     <span class='ocr_line' id='line_1_17' title="bbox 1519 1739 3734 1779; baseline -0.012 0"><span class='ocrx_word' id='word_1_161' title='bbox 1519 1739 3734 1779; x_wconf 51' lang='grc' dir='ltr'>Μ</span> 
     </span>
    </p>
   </div>
   <div class='ocr_carea' id='block_1_15' title="bbox 520 1769 1518 1800">
    <p class='ocr_par' dir='ltr' id='par_1_15' title="bbox 520 1769 1518 1800">
     <span class='ocr_line' id='line_1_18' title="bbox 520 1769 1518 1800; baseline -0.012 -9"><span class='ocrx_word' id='word_1_162' title='bbox 520 1769 1518 1800; x_wconf 65' lang='grc'><strong>,-,,,,,,,-,-.......-.---.</strong></span> 
     </span>
    </p>
   </div>
   <div class='ocr_carea' id='block_1_16' title="bbox 643 1847 3629 1958">
    <p class='ocr_par' dir='ltr' id='par_1_16' title="bbox 643 1847 3629 1958">
     <span class='ocr_line' id='line_1_19' title="bbox 643 1847 3629 1958; baseline -0.012 -1"><span class='ocrx_word' id='word_1_163' title='bbox 643 1875 1014 1958; x_wconf 79' lang='lat' dir='ltr'><strong>FAUSTI</strong></span> <span class='ocrx_word' id='word_1_164' title='bbox 1090 1869 1520 1949; x_wconf 81' lang='lat' dir='ltr'><strong>ABBATIS</strong></span> <span class='ocrx_word' id='word_1_165' title='bbox 1595 1859 2180 1943; x_wconf 82' lang='lat' dir='ltr'><strong>LIRINENSIS</strong></span> <span class='ocrx_word' id='word_1_166' title='bbox 2256 1853 2785 1934; x_wconf 82' lang='lat' dir='ltr'><strong>SEBMONES</strong></span> <span class='ocrx_word' id='word_1_167' title='bbox 2843 1852 2974 1927; x_wconf 83' lang='lat' dir='ltr'><strong>AD</strong></span> <span class='ocrx_word' id='word_1_168' title='bbox 3051 1847 3629 1928; x_wconf 84' lang='lat' dir='ltr'><strong>MONACHOS.</strong></span> 
     </span>
    </p>
   </div>
   <div class='ocr_carea' id='block_1_17' title="bbox 1447 2007 2833 2097">
    <p class='ocr_par' dir='ltr' id='par_1_17' title="bbox 1447 2007 2833 2097">
     <span class='ocr_line' id='line_1_20' title="bbox 1447 2007 2833 2097; baseline -0.012 -14"><span class='ocrx_word' id='word_1_169' title='bbox 1447 2019 1621 2097; x_wconf 87' lang='lat' dir='ltr'><strong>(Vide</strong></span> <span class='ocrx_word' id='word_1_170' title='bbox 1648 2016 2030 2096; x_wconf 75' lang='lat' dir='ltr'><strong>Patrologiw</strong></span> <span class='ocrx_word' id='word_1_171' title='bbox 2059 2020 2208 2074; x_wconf 84' lang='lat' dir='ltr'><strong>tom.</strong></span> <span class='ocrx_word' id='word_1_172' title='bbox 2237 2009 2476 2083; x_wconf 89' lang='lat' dir='ltr'><strong><em>LVIII,</em></strong></span> <span class='ocrx_word' id='word_1_173' title='bbox 2511 2007 2632 2070; x_wconf 79' lang='lat' dir='ltr'><strong>col.</strong></span> <span class='ocrx_word' id='word_1_174' title='bbox 2664 2007 2833 2081; x_wconf 86' lang='lat'><strong>869.)</strong></span> 
     </span>
    </p>
   </div>
   <div class='ocr_carea' id='block_1_18' title="bbox 1343 2268 3077 2398">
    <p class='ocr_par' dir='ltr' id='par_1_18' title="bbox 1343 2268 3077 2398">
     <span class='ocr_line' id='line_1_21' title="bbox 1343 2268 3077 2398; baseline -0.013 1"><span class='ocrx_word' id='word_1_175' title='bbox 1343 2277 2007 2398; x_wconf 71' lang='lat' dir='ltr'><strong>SANCTI</strong></span> <span class='ocrx_word' id='word_1_176' title='bbox 2076 2268 2950 2388; x_wconf 73' lang='lat' dir='ltr'><strong>EUCEEBII</strong></span> <span class='ocrx_word' id='word_1_177' title='bbox 3072 2313 3077 2330; x_wconf 90' lang='grc'><strong>·</strong></span> 
     </span>
    </p>
   </div>
   <div class='ocr_carea' id='block_1_19' title="bbox 1732 2463 2567 2529">
    <p class='ocr_par' dir='ltr' id='par_1_19' title="bbox 1732 2463 2567 2529">
     <span class='ocr_line' id='line_1_22' title="bbox 1732 2463 2567 2529; baseline -0.016 1"><span class='ocrx_word' id='word_1_178' title='bbox 1732 2468 2222 2529; x_wconf 84' lang='lat' dir='ltr'><strong>LUGDUNENSIS</strong></span> <span class='ocrx_word' id='word_1_179' title='bbox 2259 2463 2567 2521; x_wconf 85' lang='lat' dir='ltr'><strong>EPISCOPI</strong></span> 
     </span>
    </p>
   </div>
   <div class='ocr_carea' id='block_1_20' title="bbox 1065 2596 3192 2710">
    <p class='ocr_par' dir='ltr' id='par_1_20' title="bbox 1065 2596 3192 2710">
     <span class='ocr_line' id='line_1_23' title="bbox 1065 2596 3192 2710; baseline -0.014 1"><span class='ocrx_word' id='word_1_180' title='bbox 1065 2619 1851 2710; x_wconf 78' lang='lat' dir='ltr'><strong>EXHOBTATIO</strong></span> <span class='ocrx_word' id='word_1_181' title='bbox 1925 2615 2082 2697; x_wconf 91' lang='lat' dir='ltr'><strong>AD</strong></span> <span class='ocrx_word' id='word_1_182' title='bbox 2157 2603 2858 2699; x_wconf 87' lang='lat' dir='ltr'><strong>MONACHOS,</strong></span> <span class='ocrx_word' id='word_1_183' title='bbox 2928 2596 3192 2684; x_wconf 87' lang='lat' dir='ltr'><strong>ETC.</strong></span> 
     </span>
    </p>
   </div>
   <div class='ocr_carea' id='block_1_21' title="bbox 1361 2753 2912 2860">
    <p class='ocr_par' dir='ltr' id='par_1_21' title="bbox 1361 2753 2912 2860">
     <span class='ocr_line' id='line_1_24' title="bbox 1361 2753 2912 2860; baseline -0.012 -20"><span class='ocrx_word' id='word_1_184' title='bbox 1361 2778 1535 2860; x_wconf 87' lang='lat' dir='ltr'><strong>(Vide</strong></span> <span class='ocrx_word' id='word_1_185' title='bbox 1563 2773 1808 2836; x_wconf 84' lang='lat' dir='ltr'><strong>Patrol.</strong></span> <span class='ocrx_word' id='word_1_186' title='bbox 1834 2779 1981 2833; x_wconf 84' lang='lat' dir='ltr'><strong>tom.</strong></span> <span class='ocrx_word' id='word_1_187' title='bbox 2021 2769 2090 2841; x_wconf 89' lang='lat' dir='ltr'><strong>L,</strong></span> <span class='ocrx_word' id='word_1_188' title='bbox 2123 2766 2244 2828; x_wconf 87' lang='lat' dir='ltr'><strong>col.</strong></span> <span class='ocrx_word' id='word_1_189' title='bbox 2276 2765 2597 2837; x_wconf 64' lang='lat'><strong>8625,1207</strong></span> <span class='ocrx_word' id='word_1_190' title='bbox 2625 2770 2679 2823; x_wconf 80' lang='lat' dir='ltr'><strong>et</strong></span> <span class='ocrx_word' id='word_1_191' title='bbox 2713 2753 2912 2835; x_wconf 89' lang='grc'>1209.)</span> 
     </span>
    </p>
   </div>
   <div class='ocr_carea' id='block_1_22' title="bbox 539 2893 3734 2972">
    <p class='ocr_par' dir='ltr' id='par_1_22' title="bbox 539 2893 3734 2972">
     <span class='ocr_line' id='line_1_25' title="bbox 539 2893 3734 2972; baseline -0.012 1"><span class='ocrx_word' id='word_1_192' title='bbox 539 2893 3734 2972; x_wconf 54' lang='lat'><strong>_____________________———————————-——————-—&#39;—-——-—&quot;‘</strong></span> 
     </span>
    </p>
   </div>
   <div class='ocr_carea' id='block_1_23' title="bbox 1482 3040 2841 3160">
    <p class='ocr_par' dir='ltr' id='par_1_23' title="bbox 1482 3040 2841 3160">
     <span class='ocr_line' id='line_1_26' title="bbox 1482 3040 2841 3160; baseline -0.011 -1"><span class='ocrx_word' id='word_1_193' title='bbox 1482 3051 2040 3160; x_wconf 83' lang='lat' dir='ltr'><strong>SANCTI</strong></span> <span class='ocrx_word' id='word_1_194' title='bbox 2164 3040 2841 3150; x_wconf 71' lang='lat' dir='ltr'><strong>CZESARII</strong></span> 
     </span>
    </p>
   </div>
   <div class='ocr_carea' id='block_1_24' title="bbox 1742 3235 2565 3295">
    <p class='ocr_par' dir='ltr' id='par_1_24' title="bbox 1742 3235 2565 3295">
     <span class='ocr_line' id='line_1_27' title="bbox 1742 3235 2565 3295; baseline -0.005 -1"><span class='ocrx_word' id='word_1_195' title='bbox 1742 3237 2222 3295; x_wconf 79' lang='lat' dir='ltr'><strong>ARELATENSIS</strong></span> <span class='ocrx_word' id='word_1_196' title='bbox 2259 3235 2565 3293; x_wconf 85' lang='lat' dir='ltr'><strong>EPISCOPI</strong></span> 
     </span>
    </p>
   </div>
   <div class='ocr_carea' id='block_1_25' title="bbox 777 3343 3518 3429">
    <p class='ocr_par' dir='ltr' id='par_1_25' title="bbox 777 3343 3518 3429">
     <span class='ocr_line' id='line_1_28' title="bbox 777 3343 3518 3429; baseline -0.006 -4"><span class='ocrx_word' id='word_1_197' title='bbox 777 3361 892 3426; x_wconf 78' lang='lat' dir='ltr'><strong>AD</strong></span> <span class='ocrx_word' id='word_1_198' title='bbox 930 3357 1357 3422; x_wconf 71' lang='lat' dir='ltr'><strong>CIESARIAM</strong></span> <span class='ocrx_word' id='word_1_199' title='bbox 1389 3353 1904 3417; x_wconf 41' lang='lat' dir='ltr'><strong>&#39;ABBATISSAM</strong></span> <span class='ocrx_word' id='word_1_200' title='bbox 1939 3351 2282 3429; x_wconf 82' lang='lat' dir='ltr'><strong>EJUSQUE</strong></span> <span class='ocrx_word' id='word_1_201' title='bbox 2322 3346 3069 3411; x_wconf 82' lang='lat' dir='ltr'><strong>CONGREGATIONEM</strong></span> <span class='ocrx_word' id='word_1_202' title='bbox 3108 3343 3518 3409; x_wconf 76' lang='lat' dir='ltr'><strong>EPlSTOLA.</strong></span> 
     </span>
    </p>
   </div>
   <div class='ocr_carea' id='block_1_26' title="bbox 1312 3464 2878 3554">
    <p class='ocr_par' dir='ltr' id='par_1_26' title="bbox 1312 3464 2878 3554">
     <span class='ocr_line' id='line_1_29' title="bbox 1312 3464 2878 3554; baseline -0.006 -20"><span class='ocrx_word' id='word_1_203' title='bbox 1312 3469 1316 3472; x_wconf 71' lang='grc'><em>’</em></span> <span class='ocrx_word' id='word_1_204' title='bbox 1419 3472 1594 3554; x_wconf 86' lang='lat' dir='ltr'><strong>(Vide</strong></span> <span class='ocrx_word' id='word_1_205' title='bbox 1619 3469 2004 3548; x_wconf 76' lang='lat' dir='ltr'><strong>Patrologice</strong></span> <span class='ocrx_word' id='word_1_206' title='bbox 2038 3478 2185 3529; x_wconf 81' lang='lat' dir='ltr'><strong>tom.</strong></span> <span class='ocrx_word' id='word_1_207' title='bbox 2216 3468 2479 3542; x_wconf 84' lang='lat' dir='ltr'><strong>LXVII,</strong></span> <span class='ocrx_word' id='word_1_208' title='bbox 2515 3467 2637 3528; x_wconf 82' lang='lat' dir='ltr'><strong>col.</strong></span> <span class='ocrx_word' id='word_1_209' title='bbox 2676 3464 2878 3546; x_wconf 82' lang='lat'><strong>1125.)</strong></span> 
     </span>
    </p>
   </div>
   <div class='ocr_carea' id='block_1_27' title="bbox 537 3614 3729 3652">
    <p class='ocr_par' dir='ltr' id='par_1_27' title="bbox 537 3614 3729 3652">
     <span class='ocr_line' id='line_1_30' title="bbox 537 3614 3729 3652; baseline -0.012 0"><span class='ocrx_word' id='word_1_210' title='bbox 537 3614 3729 3652; x_wconf 81' lang='lat'><strong>____________________________________________</strong></span> 
     </span>
    </p>
   </div>
   <div class='ocr_carea' id='block_1_28' title="bbox 1444 3734 2861 3857">
    <p class='ocr_par' dir='ltr' id='par_1_28' title="bbox 1444 3734 2861 3857">
     <span class='ocr_line' id='line_1_31' title="bbox 1444 3734 2861 3857; baseline -0.008 1"><span class='ocrx_word' id='word_1_211' title='bbox 1444 3737 1988 3857; x_wconf 85' lang='lat' dir='ltr'><strong>NOVATI</strong></span> <span class='ocrx_word' id='word_1_212' title='bbox 2097 3734 2861 3849; x_wconf 81' lang='lat' dir='ltr'><strong>CATHOLICI</strong></span> 
     </span>
    </p>
   </div>
   <div class='ocr_carea' id='block_1_29' title="bbox 634 3907 3654 3992">
    <p class='ocr_par' dir='ltr' id='par_1_29' title="bbox 634 3907 3654 3992">
     <span class='ocr_line' id='line_1_32' title="bbox 634 3907 3654 3992; baseline -0.008 1"><span class='ocrx_word' id='word_1_213' title='bbox 634 3926 1075 3992; x_wconf 83' lang='lat' dir='ltr'><strong>SENTENTIA</strong></span> <span class='ocrx_word' id='word_1_214' title='bbox 1119 3923 1227 3983; x_wconf 88' lang='lat' dir='ltr'><strong>DE</strong></span> <span class='ocrx_word' id='word_1_215' title='bbox 1268 3915 1771 3981; x_wconf 83' lang='lat' dir='ltr'><strong>HUMILITATE</strong></span> <span class='ocrx_word' id='word_1_216' title='bbox 1809 3914 1914 3976; x_wconf 92' lang='lat' dir='ltr'><strong>ET</strong></span> <span class='ocrx_word' id='word_1_217' title='bbox 1958 3911 2446 3974; x_wconf 81' lang='lat' dir='ltr'><strong>OBEDIENTIA</strong></span> <span class='ocrx_word' id='word_1_218' title='bbox 2487 3907 2594 3969; x_wconf 72' lang='lat' dir='ltr'><strong>ET</strong></span> <span class='ocrx_word' id='word_1_219' title='bbox 2635 3910 2743 3970; x_wconf 88' lang='lat' dir='ltr'><strong>DE</strong></span> <span class='ocrx_word' id='word_1_220' title='bbox 2785 3909 3212 3972; x_wconf 83' lang='lat' dir='ltr'><strong>CALCANDA</strong></span> <span class='ocrx_word' id='word_1_221' title='bbox 3259 3910 3654 3972; x_wconf 77' lang='lat' dir='ltr'><strong>SUPERBIA.</strong></span> 
     </span>
    </p>
   </div>
   <div class='ocr_carea' id='block_1_30' title="bbox 1461 4025 2840 4110">
    <p class='ocr_par' dir='ltr' id='par_1_30' title="bbox 1461 4025 2840 4110">
     <span class='ocr_line' id='line_1_33' title="bbox 1461 4025 2840 4110; baseline -0.008 -13"><span class='ocrx_word' id='word_1_222' title='bbox 1461 4025 1642 4108; x_wconf 88' lang='lat' dir='ltr'><strong>(Vide</strong></span> <span class='ocrx_word' id='word_1_223' title='bbox 1675 4032 2059 4110; x_wconf 73' lang='lat' dir='ltr'><strong>Patrologice</strong></span> <span class='ocrx_word' id='word_1_224' title='bbox 2094 4037 2240 4090; x_wconf 85' lang='lat' dir='ltr'><strong>tom.</strong></span> <span class='ocrx_word' id='word_1_225' title='bbox 2278 4027 2523 4100; x_wconf 83' lang='lat' dir='ltr'><strong><em>XVIII,</em></strong></span> <span class='ocrx_word' id='word_1_226' title='bbox 2561 4026 2680 4088; x_wconf 89' lang='lat' dir='ltr'><strong>col.</strong></span> <span class='ocrx_word' id='word_1_227' title='bbox 2713 4027 2840 4099; x_wconf 87' lang='lat'><strong>67.)</strong></span> 
     </span>
    </p>
   </div>
   <div class='ocr_carea' id='block_1_31' title="bbox 573 4180 3746 4226">
    <p class='ocr_par' dir='ltr' id='par_1_31' title="bbox 573 4180 3746 4226">
     <span class='ocr_line' id='line_1_34' title="bbox 573 4180 3746 4226; baseline -0.012 0"><span class='ocrx_word' id='word_1_228' title='bbox 573 4180 3746 4226; x_wconf 77' lang='lat'><strong>________________________________._.______—</strong></span> 
     </span>
    </p>
   </div>
   <div class='ocr_carea' id='block_1_32' title="bbox 1575 4297 3208 4492">
    <p class='ocr_par' dir='ltr' id='par_1_32' title="bbox 1575 4297 3208 4492">
     <span class='ocr_line' id='line_1_35' title="bbox 1575 4297 3208 4492; baseline -0.002 -81"><span class='ocrx_word' id='word_1_229' title='bbox 1575 4299 2088 4492; x_wconf 75' lang='lat' dir='ltr'><strong>SANeTI</strong></span> <span class='ocrx_word' id='word_1_230' title='bbox 2165 4297 2731 4411; x_wconf 81' lang='lat' dir='ltr'><strong>PAULINI</strong></span> <span class='ocrx_word' id='word_1_231' title='bbox 3198 4455 3208 4466; x_wconf 18' lang='grc' dir='ltr'><em>η</em></span> 
     </span>
    </p>
   </div>
   <div class='ocr_carea' id='block_1_33' title="bbox 1135 4498 2620 4618">
    <p class='ocr_par' dir='ltr' id='par_1_33' title="bbox 1135 4505 2620 4598">
     <span class='ocr_line' id='line_1_36' title="bbox 1135 4505 2620 4598; baseline -0.007 1"><span class='ocrx_word' id='word_1_232' title='bbox 1135 4509 1323 4598; x_wconf 78' lang='grc' dir='ltr'><strong>..ΑΒ</strong></span> <span class='ocrx_word' id='word_1_233' title='bbox 1397 4505 2055 4594; x_wconf 84' lang='lat' dir='ltr'><strong>MONACHOS</strong></span> <span class='ocrx_word' id='word_1_234' title='bbox 2128 4505 2286 4586; x_wconf 89' lang='lat' dir='ltr'><strong>DE</strong></span> <span class='ocrx_word' id='word_1_235' title='bbox 2359 4505 2620 4588; x_wconf 73' lang='lat' dir='ltr'><strong>POEP</strong></span> 
     </span>
    </p>
   </div>
   <div class='ocr_carea' id='block_1_34' title="bbox 1575 4498 3162 4618">
    <p class='ocr_par' dir='ltr' id='par_1_34' title="bbox 1581 4498 3162 4618">
     <span class='ocr_line' id='line_1_37' title="bbox 1581 4498 3162 4618; baseline -0.002 -27"><span class='ocrx_word' id='word_1_236' title='bbox 1581 4505 2055 4594; x_wconf 84' lang='lat' dir='ltr'><strong>NACHOS</strong></span> <span class='ocrx_word' id='word_1_237' title='bbox 2128 4505 2286 4586; x_wconf 89' lang='lat' dir='ltr'><strong>DE</strong></span> <span class='ocrx_word' id='word_1_238' title='bbox 2359 4498 3162 4618; x_wconf 81' lang='grc' dir='ltr'><strong>ΡΟΕΝΙΤΕΝΤΙᾼ.</strong></span> 
     </span>
    </p>
   </div>
   <div class='ocr_carea' id='block_1_35' title="bbox 1924 4664 2390 4679">
    <p class='ocr_par' dir='ltr' id='par_1_35' title="bbox 1924 4664 2390 4679">
     <span class='ocr_line' id='line_1_38' title="bbox 1924 4664 2390 4679; baseline -0.011 0"><span class='ocrx_word' id='word_1_239' title='bbox 1924 4664 2390 4679; x_wconf 75' lang='lat'><strong>—————</strong></span> 
     </span>
    </p>
   </div>
   <div class='ocr_carea' id='block_1_36' title="bbox 1114 4721 2620 4797">
    <p class='ocr_par' dir='ltr' id='par_1_36' title="bbox 1114 4724 2620 4797">
     <span class='ocr_line' id='line_1_39' title="bbox 1114 4724 2620 4797; baseline -0.004 -12"><span class='ocrx_word' id='word_1_240' title='bbox 1114 4745 1530 4786; x_wconf 74' lang='lat' dir='ltr'><strong>INTERROGATIO.</strong></span> <span class='ocrx_word' id='word_1_241' title='bbox 2140 4729 2186 4787; x_wconf 89' lang='lat' dir='ltr'><strong>B</strong></span> <span class='ocrx_word' id='word_1_242' title='bbox 2213 4735 2348 4778; x_wconf 84' lang='lat' dir='ltr'><strong>serto</strong></span> <span class='ocrx_word' id='word_1_243' title='bbox 2365 4724 2506 4797; x_wconf 87' lang='lat' dir='ltr'><strong>(Job.</strong></span> <span class='ocrx_word' id='word_1_244' title='bbox 2526 4742 2620 4779; x_wconf 74' lang='lat' dir='ltr'><strong>xxx</strong></span> 
     </span>
    </p>
   </div>
   <div class='ocr_carea' id='block_1_37' title="bbox 1575 4721 3743 4797">
    <p class='ocr_par' dir='ltr' id='par_1_37' title="bbox 2140 4721 3743 4797">
     <span class='ocr_line' id='line_1_40' title="bbox 2140 4721 3743 4797; baseline -0.002 -19"><span class='ocrx_word' id='word_1_245' title='bbox 2140 4729 2186 4787; x_wconf 89' lang='lat' dir='ltr'><strong>B</strong></span> <span class='ocrx_word' id='word_1_246' title='bbox 2213 4735 2348 4778; x_wconf 84' lang='lat' dir='ltr'><strong>serto</strong></span> <span class='ocrx_word' id='word_1_247' title='bbox 2365 4724 2506 4797; x_wconf 87' lang='lat' dir='ltr'><strong>(Job.</strong></span> <span class='ocrx_word' id='word_1_248' title='bbox 2526 4742 2711 4791; x_wconf 67' lang='grc' dir='ltr'>χχχιχ,</span> <span class='ocrx_word' id='word_1_249' title='bbox 2738 4727 2831 4797; x_wconf 83' lang='lat'><strong>5)?</strong></span> <span class='ocrx_word' id='word_1_250' title='bbox 2857 4725 2898 4780; x_wconf 83' lang='grc' dir='ltr'><strong>Α</strong></span> <span class='ocrx_word' id='word_1_251' title='bbox 2927 4727 3079 4782; x_wconf 89' lang='lat' dir='ltr'><strong>leone</strong></span> <span class='ocrx_word' id='word_1_252' title='bbox 3105 4721 3316 4783; x_wconf 72' lang='lat' dir='ltr'><strong>fdrtiter</strong></span> <span class='ocrx_word' id='word_1_253' title='bbox 3338 4737 3524 4784; x_wconf 77' lang='lat' dir='ltr'><strong>caveat</strong></span> <span class='ocrx_word' id='word_1_254' title='bbox 3549 4735 3599 4783; x_wconf 89' lang='lat' dir='ltr'><strong>et</strong></span> <span class='ocrx_word' id='word_1_255' title='bbox 3615 4739 3743 4780; x_wconf 85' lang='lat' dir='ltr'><strong>aren-</strong></span> 
     </span>
    </p>
   </div>
   <div class='ocr_carea' id='block_1_38' title="bbox 616 4815 3746 4900">
    <p class='ocr_par' dir='ltr' id='par_1_38' title="bbox 616 4815 3746 4900">
     <span class='ocr_line' id='line_1_41' title="bbox 616 4815 3746 4900; baseline -0.007 -13"><span class='ocrx_word' id='word_1_256' title='bbox 616 4827 892 4900; x_wconf 82' lang='lat' dir='ltr'><strong>Quomodo</strong></span> <span class='ocrx_word' id='word_1_257' title='bbox 926 4823 1182 4879; x_wconf 86' lang='lat' dir='ltr'><strong>debemus</strong></span> <span class='ocrx_word' id='word_1_258' title='bbox 1204 4835 1362 4890; x_wconf 88' lang='lat' dir='ltr'><strong>agere</strong></span> <span class='ocrx_word' id='word_1_259' title='bbox 1392 4819 1799 4888; x_wconf 69' lang='lat' dir='ltr'><strong>pmnitentiam?</strong></span> <span class='ocrx_word' id='word_1_260' title='bbox 1939 4863 1948 4875; x_wconf 90' lang='lat'><strong>.</strong></span> <span class='ocrx_word' id='word_1_261' title='bbox 2217 4817 2356 4870; x_wconf 87' lang='lat' dir='ltr'><strong>tibus</strong></span> <span class='ocrx_word' id='word_1_262' title='bbox 2379 4818 2583 4883; x_wconf 88' lang='lat' dir='ltr'><strong>herbis,</strong></span> <span class='ocrx_word' id='word_1_263' title='bbox 2615 4819 2908 4887; x_wconf 89' lang='lat' dir='ltr'><strong>poculoque</strong></span> <span class='ocrx_word' id='word_1_264' title='bbox 2935 4820 3126 4891; x_wconf 79' lang='lat' dir='ltr'><strong>exiguo</strong></span> <span class='ocrx_word' id='word_1_265' title='bbox 3147 4819 3320 4874; x_wconf 88' lang='lat' dir='ltr'><strong>alatur</strong></span> <span class='ocrx_word' id='word_1_266' title='bbox 3345 4821 3401 4876; x_wconf 91' lang='lat' dir='ltr'><strong>in</strong></span> <span class='ocrx_word' id='word_1_267' title='bbox 3449 4835 3645 4877; x_wconf 88' lang='lat' dir='ltr'><strong>eremo:</strong></span> <span class='ocrx_word' id='word_1_268' title='bbox 3663 4815 3746 4869; x_wconf 84' lang='lat' dir='ltr'><strong>eri-</strong></span> 
     </span>
    </p>
   </div>
   <div class='ocr_carea' id='block_1_39' title="bbox 1183 4906 3745 4979">
    <p class='ocr_par' dir='ltr' id='par_1_39' title="bbox 1183 4906 3745 4979">
     <span class='ocr_line' id='line_1_42' title="bbox 1183 4906 3745 4979; baseline -0.004 -13"><span class='ocrx_word' id='word_1_269' title='bbox 1183 4926 1481 4966; x_wconf 68' lang='lat' dir='ltr'><strong>nssponsm.</strong></span> <span class='ocrx_word' id='word_1_270' title='bbox 2215 4916 2304 4976; x_wconf 85' lang='lat' dir='ltr'><strong>gat</strong></span> <span class='ocrx_word' id='word_1_271' title='bbox 2336 4906 2386 4959; x_wconf 90' lang='lat' dir='ltr'><strong>in</strong></span> <span class='ocrx_word' id='word_1_272' title='bbox 2420 4922 2543 4960; x_wconf 88' lang='lat' dir='ltr'><strong>aera</strong></span> <span class='ocrx_word' id='word_1_273' title='bbox 2575 4915 2753 4977; x_wconf 86' lang='lat' dir='ltr'><strong>caput,</strong></span> <span class='ocrx_word' id='word_1_274' title='bbox 2792 4917 2847 4962; x_wconf 90' lang='lat' dir='ltr'><strong>et</strong></span> <span class='ocrx_word' id='word_1_275' title='bbox 2873 4907 3187 4979; x_wconf 86' lang='lat' dir='ltr'><strong>ﬂagrantem</strong></span> <span class='ocrx_word' id='word_1_276' title='bbox 3217 4911 3443 4966; x_wconf 91' lang='lat' dir='ltr'><strong>nimium</strong></span> <span class='ocrx_word' id='word_1_277' title='bbox 3477 4911 3590 4967; x_wconf 88' lang='lat' dir='ltr'><strong>sitis</strong></span> <span class='ocrx_word' id='word_1_278' title='bbox 3615 4906 3745 4962; x_wconf 59' lang='lat' dir='ltr'><strong>ardeo</strong></span> 
     </span>
    </p>
   </div>
   <div class='ocr_carea' id='block_1_40' title="bbox 615 4994 3745 5079">
    <p class='ocr_par' dir='ltr' id='par_1_40' title="bbox 615 4994 3745 5079">
     <span class='ocr_line' id='line_1_43' title="bbox 615 4994 3745 5079; baseline -0.007 -10"><span class='ocrx_word' id='word_1_279' title='bbox 615 5016 782 5069; x_wconf 87' lang='lat' dir='ltr'><strong>Detur</strong></span> <span class='ocrx_word' id='word_1_280' title='bbox 800 5010 983 5079; x_wconf 86' lang='lat' dir='ltr'><strong>utique</strong></span> <span class='ocrx_word' id='word_1_281' title='bbox 1011 5005 1324 5076; x_wconf 73' lang='lat' dir='ltr'><strong>poenitentia</strong></span> <span class='ocrx_word' id='word_1_282' title='bbox 1348 5002 1613 5067; x_wconf 67' lang='lat' dir='ltr'><strong>saeculari,</strong></span> <span class='ocrx_word' id='word_1_283' title='bbox 1630 5000 1782 5070; x_wconf 85' lang='lat' dir='ltr'><strong>cujus</strong></span> <span class='ocrx_word' id='word_1_284' title='bbox 1802 5001 1976 5056; x_wconf 89' lang='lat' dir='ltr'><strong>adhuc</strong></span> <span class='ocrx_word' id='word_1_285' title='bbox 2001 5015 2119 5055; x_wconf 88' lang='lat' dir='ltr'><strong>cer-</strong></span> <span class='ocrx_word' id='word_1_286' title='bbox 2214 5011 2329 5050; x_wconf 92' lang='lat' dir='ltr'><strong>rem</strong></span> <span class='ocrx_word' id='word_1_287' title='bbox 2378 4997 2548 5051; x_wconf 87' lang='lat' dir='ltr'><strong>sancti</strong></span> <span class='ocrx_word' id='word_1_288' title='bbox 2575 4997 2806 5066; x_wconf 89' lang='lat' dir='ltr'><strong>Spiritus</strong></span> <span class='ocrx_word' id='word_1_289' title='bbox 2824 5013 2959 5060; x_wconf 83' lang='lat' dir='ltr'><strong>aura</strong></span> <span class='ocrx_word' id='word_1_290' title='bbox 3007 5000 3337 5070; x_wconf 85' lang='lat' dir='ltr'><strong>restinguat:</strong></span> <span class='ocrx_word' id='word_1_291' title='bbox 3381 5016 3448 5056; x_wconf 90' lang='lat' dir='ltr'><strong>ne</strong></span> <span class='ocrx_word' id='word_1_292' title='bbox 3480 5001 3595 5055; x_wconf 91' lang='lat' dir='ltr'><strong>dum</strong></span> <span class='ocrx_word' id='word_1_293' title='bbox 3619 4994 3745 5052; x_wconf 85' lang='lat' dir='ltr'><strong>valde</strong></span> 
     </span>
    </p>
   </div>
   <div class='ocr_carea' id='block_1_41' title="bbox 546 5083 3745 5172">
    <p class='ocr_par' dir='ltr' id='par_1_41' title="bbox 546 5083 3745 5172">
     <span class='ocr_line' id='line_1_44' title="bbox 546 5083 3745 5172; baseline -0.008 -11"><span class='ocrx_word' id='word_1_294' title='bbox 546 5107 634 5160; x_wconf 83' lang='lat' dir='ltr'><strong>vix</strong></span> <span class='ocrx_word' id='word_1_295' title='bbox 660 5103 761 5159; x_wconf 88' lang='lat' dir='ltr'><strong>sub</strong></span> <span class='ocrx_word' id='word_1_296' title='bbox 785 5102 915 5172; x_wconf 85' lang='lat' dir='ltr'><strong>jugo</strong></span> <span class='ocrx_word' id='word_1_297' title='bbox 937 5096 1199 5166; x_wconf 87' lang='lat' dir='ltr'><strong>dependet</strong></span> <span class='ocrx_word' id='word_1_298' title='bbox 1227 5094 1441 5159; x_wconf 65' lang='lat' dir='ltr'><strong>saeculi;</strong></span> <span class='ocrx_word' id='word_1_299' title='bbox 1481 5102 1536 5147; x_wconf 86' lang='lat' dir='ltr'><strong>et</strong></span> <span class='ocrx_word' id='word_1_300' title='bbox 1562 5093 1686 5148; x_wconf 90' lang='lat' dir='ltr'><strong>huic</strong></span> <span class='ocrx_word' id='word_1_301' title='bbox 1730 5107 1829 5162; x_wconf 91' lang='lat' dir='ltr'><strong>pro</strong></span> <span class='ocrx_word' id='word_1_302' title='bbox 1876 5091 2119 5145; x_wconf 85' lang='lat' dir='ltr'><strong>immani—</strong></span> <span class='ocrx_word' id='word_1_303' title='bbox 2216 5087 2485 5141; x_wconf 84' lang='lat' dir='ltr'><strong>desiderat</strong></span> <span class='ocrx_word' id='word_1_304' title='bbox 2523 5103 2735 5143; x_wconf 80' lang='lat' dir='ltr'><strong>amoena</strong></span> <span class='ocrx_word' id='word_1_305' title='bbox 2778 5088 3027 5153; x_wconf 88' lang='lat' dir='ltr'><strong>virentia,</strong></span> <span class='ocrx_word' id='word_1_306' title='bbox 3077 5090 3237 5144; x_wconf 86' lang='lat' dir='ltr'><strong>nimis</strong></span> <span class='ocrx_word' id='word_1_307' title='bbox 3273 5089 3482 5146; x_wconf 87' lang='lat' dir='ltr'><strong>deliciis</strong></span> <span class='ocrx_word' id='word_1_308' title='bbox 3522 5083 3745 5160; x_wconf 61' lang='lat' dir='ltr'><strong>praepedi-</strong></span> 
     </span>
    </p>
   </div>
   <div class='ocr_carea' id='block_1_42' title="bbox 448 5170 3743 5271">
    <p class='ocr_par' dir='ltr' id='par_1_42' title="bbox 448 5170 3743 5271">
     <span class='ocr_line' id='line_1_45' title="bbox 448 5170 3743 5271; baseline -0.008 -19"><span class='ocrx_word' id='word_1_309' title='bbox 448 5263 456 5271; x_wconf 37' lang='lat'><em>.</em></span> <span class='ocrx_word' id='word_1_310' title='bbox 549 5205 659 5250; x_wconf 85' lang='lat' dir='ltr'><strong>tate</strong></span> <span class='ocrx_word' id='word_1_311' title='bbox 684 5170 890 5264; x_wconf 80' lang='lat' dir='ltr'><strong>peccati</strong></span> <span class='ocrx_word' id='word_1_312' title='bbox 920 5189 1032 5243; x_wconf 91' lang='lat' dir='ltr'><strong>sive</strong></span> <span class='ocrx_word' id='word_1_313' title='bbox 1057 5186 1234 5242; x_wconf 83' lang='lat' dir='ltr'><strong>delicti</strong></span> <span class='ocrx_word' id='word_1_314' title='bbox 1263 5185 1581 5240; x_wconf 86' lang='lat' dir='ltr'><strong>terminetur</strong></span> <span class='ocrx_word' id='word_1_315' title='bbox 1606 5190 1833 5251; x_wconf 89' lang='lat' dir='ltr'><strong>tempus,</strong></span> <span class='ocrx_word' id='word_1_316' title='bbox 1869 5184 1994 5252; x_wconf 91' lang='lat' dir='ltr'><strong>quia</strong></span> <span class='ocrx_word' id='word_1_317' title='bbox 2023 5183 2115 5236; x_wconf 91' lang='lat' dir='ltr'><strong>ad-</strong></span> <span class='ocrx_word' id='word_1_318' title='bbox 2216 5185 2302 5232; x_wconf 90' lang='lat' dir='ltr'><strong>tus</strong></span> <span class='ocrx_word' id='word_1_319' title='bbox 2331 5179 2626 5247; x_wconf 79' lang='lat' dir='ltr'><strong>periculum</strong></span> <span class='ocrx_word' id='word_1_320' title='bbox 2656 5181 2847 5235; x_wconf 87' lang='lat' dir='ltr'><strong>salutis</strong></span> <span class='ocrx_word' id='word_1_321' title='bbox 2872 5180 3132 5235; x_wconf 86' lang='lat' dir='ltr'><strong>incurrat.</strong></span> <span class='ocrx_word' id='word_1_322' title='bbox 3192 5182 3359 5252; x_wconf 84' lang='lat' dir='ltr'><strong>Igitur</strong></span> <span class='ocrx_word' id='word_1_323' title='bbox 3383 5170 3743 5239; x_wconf 80' lang='lat' dir='ltr'><strong>abrenuntiauti</strong></span> 
     </span>
    </p>
   </div>
   <div class='ocr_carea' id='block_1_43' title="bbox 551 5274 3745 5352">
    <p class='ocr_par' dir='ltr' id='par_1_43' title="bbox 551 5274 3745 5352">
     <span class='ocr_line' id='line_1_46' title="bbox 551 5274 3745 5352; baseline -0.007 -12"><span class='ocrx_word' id='word_1_324' title='bbox 551 5288 656 5340; x_wconf 93' lang='lat' dir='ltr'><strong>huc</strong></span> <span class='ocrx_word' id='word_1_325' title='bbox 701 5281 927 5352; x_wconf 90' lang='lat' dir='ltr'><strong>tempori</strong></span> <span class='ocrx_word' id='word_1_326' title='bbox 966 5279 1151 5333; x_wconf 87' lang='lat' dir='ltr'><strong>servit.</strong></span> <span class='ocrx_word' id='word_1_327' title='bbox 1219 5275 1484 5330; x_wconf 64' lang='lat' dir='ltr'><strong>Czeterum</strong></span> <span class='ocrx_word' id='word_1_328' title='bbox 1515 5275 1901 5329; x_wconf 91' lang='lat' dir='ltr'><strong>abrenuntians</strong></span> <span class='ocrx_word' id='word_1_329' title='bbox 1922 5274 2116 5329; x_wconf 61' lang='lat' dir='ltr'><strong>sarculo</strong></span> <span class='ocrx_word' id='word_1_330' title='bbox 2217 5275 2534 5346; x_wconf 72' lang='lat' dir='ltr'><strong>pmnitentia</strong></span> <span class='ocrx_word' id='word_1_331' title='bbox 2557 5276 2769 5344; x_wconf 88' lang='lat' dir='ltr'><strong>publica</strong></span> <span class='ocrx_word' id='word_1_332' title='bbox 2804 5291 2908 5331; x_wconf 92' lang='lat' dir='ltr'><strong>non</strong></span> <span class='ocrx_word' id='word_1_333' title='bbox 2932 5284 3015 5332; x_wconf 92' lang='lat' dir='ltr'><strong>est</strong></span> <span class='ocrx_word' id='word_1_334' title='bbox 3047 5279 3372 5345; x_wconf 88' lang='lat' dir='ltr'><strong>necessaria,</strong></span> <span class='ocrx_word' id='word_1_335' title='bbox 3411 5279 3528 5349; x_wconf 88' lang='lat' dir='ltr'><strong>quia</strong></span> <span class='ocrx_word' id='word_1_336' title='bbox 3562 5281 3745 5330; x_wconf 79' lang='lat' dir='ltr'><strong>conver-</strong></span> 
     </span>
    </p>
   </div>
   <div class='ocr_carea' id='block_1_44' title="bbox 550 5359 3743 5442">
    <p class='ocr_par' dir='ltr' id='par_1_44' title="bbox 550 5359 3743 5442">
     <span class='ocr_line' id='line_1_47' title="bbox 550 5359 3743 5442; baseline -0.006 -12"><span class='ocrx_word' id='word_1_337' title='bbox 550 5384 607 5430; x_wconf 91' lang='lat' dir='ltr'><strong>et</strong></span> <span class='ocrx_word' id='word_1_338' title='bbox 659 5373 774 5442; x_wconf 88' lang='lat' dir='ltr'><strong>ejus</strong></span> <span class='ocrx_word' id='word_1_339' title='bbox 798 5371 1021 5433; x_wconf 58' lang='lat' dir='ltr'><strong>militiai,</strong></span> <span class='ocrx_word' id='word_1_340' title='bbox 1072 5369 1446 5438; x_wconf 87' lang='lat' dir='ltr'><strong>spondensque</strong></span> <span class='ocrx_word' id='word_1_341' title='bbox 1473 5381 1530 5420; x_wconf 88' lang='lat' dir='ltr'><strong>se</strong></span> <span class='ocrx_word' id='word_1_342' title='bbox 1560 5367 1765 5420; x_wconf 88' lang='lat' dir='ltr'><strong>cunctis</strong></span> <span class='ocrx_word' id='word_1_343' title='bbox 1790 5367 1979 5421; x_wconf 91' lang='lat' dir='ltr'><strong>diebus</strong></span> <span class='ocrx_word' id='word_1_344' title='bbox 2008 5381 2120 5421; x_wconf 89' lang='lat' dir='ltr'><strong>ser-</strong></span> <span class='ocrx_word' id='word_1_345' title='bbox 2221 5383 2313 5421; x_wconf 90' lang='lat' dir='ltr'><strong>sus</strong></span> <span class='ocrx_word' id='word_1_346' title='bbox 2343 5368 2601 5436; x_wconf 80' lang='lat' dir='ltr'><strong>ingemuit</strong></span> <span class='ocrx_word' id='word_1_347' title='bbox 2629 5376 2683 5422; x_wconf 91' lang='lat' dir='ltr'><strong>et</strong></span> <span class='ocrx_word' id='word_1_348' title='bbox 2711 5385 2831 5423; x_wconf 91' lang='lat' dir='ltr'><strong>cum</strong></span> <span class='ocrx_word' id='word_1_349' title='bbox 2863 5369 2974 5424; x_wconf 85' lang='lat' dir='ltr'><strong>Deo</strong></span> <span class='ocrx_word' id='word_1_350' title='bbox 3019 5378 3218 5424; x_wconf 70' lang='lat' dir='ltr'><strong>artemo</strong></span> <span class='ocrx_word' id='word_1_351' title='bbox 3246 5380 3457 5440; x_wconf 86' lang='lat' dir='ltr'><strong>pactum</strong></span> <span class='ocrx_word' id='word_1_352' title='bbox 3481 5366 3636 5422; x_wconf 87' lang='lat' dir='ltr'><strong>inivit.</strong></span> <span class='ocrx_word' id='word_1_353' title='bbox 3679 5359 3743 5413; x_wconf 83' lang='lat' dir='ltr'><strong>Ex</strong></span> 
     </span>
    </p>
   </div>
   <div class='ocr_carea' id='block_1_45' title="bbox 551 5453 3745 5530">
    <p class='ocr_par' dir='ltr' id='par_1_45' title="bbox 551 5453 3745 5530">
     <span class='ocr_line' id='line_1_48' title="bbox 551 5453 3745 5530; baseline -0.004 -11"><span class='ocrx_word' id='word_1_354' title='bbox 551 5467 786 5521; x_wconf 87' lang='lat' dir='ltr'><strong>viturum</strong></span> <span class='ocrx_word' id='word_1_355' title='bbox 819 5464 952 5526; x_wconf 93' lang='lat' dir='ltr'><strong>Deo,</strong></span> <span class='ocrx_word' id='word_1_356' title='bbox 1006 5477 1101 5515; x_wconf 93' lang='lat' dir='ltr'><strong>cur</strong></span> <span class='ocrx_word' id='word_1_357' title='bbox 1130 5459 1502 5530; x_wconf 71' lang='lat' dir='ltr'><strong>pmnitentiam</strong></span> <span class='ocrx_word' id='word_1_358' title='bbox 1547 5468 1838 5522; x_wconf 86' lang='lat' dir='ltr'><strong>mereatur,</strong></span> <span class='ocrx_word' id='word_1_359' title='bbox 1867 5459 1958 5528; x_wconf 90' lang='lat' dir='ltr'><strong>qui</strong></span> <span class='ocrx_word' id='word_1_360' title='bbox 1985 5453 2123 5511; x_wconf 84' lang='lat' dir='ltr'><strong>liber</strong></span> <span class='ocrx_word' id='word_1_361' title='bbox 2221 5456 2315 5512; x_wconf 89' lang='lat' dir='ltr'><strong>illo</strong></span> <span class='ocrx_word' id='word_1_362' title='bbox 2354 5457 2517 5527; x_wconf 86' lang='lat' dir='ltr'><strong>igitur</strong></span> <span class='ocrx_word' id='word_1_363' title='bbox 2547 5457 2633 5512; x_wconf 90' lang='lat' dir='ltr'><strong>die</strong></span> <span class='ocrx_word' id='word_1_364' title='bbox 2662 5474 2766 5512; x_wconf 94' lang='lat' dir='ltr'><strong>non</strong></span> <span class='ocrx_word' id='word_1_365' title='bbox 2820 5466 3191 5513; x_wconf 86' lang='lat' dir='ltr'><strong>memorantur</strong></span> <span class='ocrx_word' id='word_1_366' title='bbox 3241 5458 3357 5528; x_wconf 84' lang='lat' dir='ltr'><strong>ejus</strong></span> <span class='ocrx_word' id='word_1_367' title='bbox 3405 5459 3604 5517; x_wconf 87' lang='lat' dir='ltr'><strong>delicta,</strong></span> <span class='ocrx_word' id='word_1_368' title='bbox 3647 5459 3745 5518; x_wconf 69' lang='lat' dir='ltr'><strong>qua!</strong></span> 
     </span>
    </p>
   </div>
   <div class='ocr_carea' id='block_1_46' title="bbox 556 5535 3780 5650">
    <p class='ocr_par' dir='ltr' id='par_1_46' title="bbox 556 5535 3780 5650">
     <span class='ocr_line' id='line_1_49' title="bbox 556 5535 3780 5650; baseline -0.005 -42"><span class='ocrx_word' id='word_1_369' title='bbox 556 5553 800 5650; x_wconf 55' lang='lat' dir='ltr'><strong>edoctus,</strong></span> <span class='ocrx_word' id='word_1_370' title='bbox 842 5551 998 5650; x_wconf 56' lang='lat' dir='ltr'><strong>velut</strong></span> <span class='ocrx_word' id='word_1_371' title='bbox 1023 5564 1241 5619; x_wconf 85' lang='lat' dir='ltr'><strong>onager,</strong></span> <span class='ocrx_word' id='word_1_372' title='bbox 1284 5556 1522 5602; x_wconf 90' lang='lat' dir='ltr'><strong>sectatur</strong></span> <span class='ocrx_word' id='word_1_373' title='bbox 1558 5547 1723 5601; x_wconf 87' lang='lat' dir='ltr'><strong>eremi</strong></span> <span class='ocrx_word' id='word_1_374' title='bbox 1766 5547 2124 5602; x_wconf 78' lang='lat' dir='ltr'><strong>vastitatem?</strong></span> <span class='ocrx_word' id='word_1_375' title='bbox 2223 5548 2390 5620; x_wconf 83' lang='lat' dir='ltr'><strong>gessit</strong></span> <span class='ocrx_word' id='word_1_376' title='bbox 2424 5548 2492 5601; x_wconf 76' lang='lat' dir='ltr'><strong>.in</strong></span> <span class='ocrx_word' id='word_1_377' title='bbox 2516 5548 2733 5613; x_wconf 72' lang='lat' dir='ltr'><strong>saeculo,</strong></span> <span class='ocrx_word' id='word_1_378' title='bbox 2777 5548 2829 5602; x_wconf 88' lang='lat' dir='ltr'><strong>in</strong></span> <span class='ocrx_word' id='word_1_379' title='bbox 2877 5565 2982 5618; x_wconf 90' lang='lat' dir='ltr'><strong>quo</strong></span> <span class='ocrx_word' id='word_1_380' title='bbox 3020 5548 3284 5604; x_wconf 82' lang='lat' dir='ltr'><strong>facturum</strong></span> <span class='ocrx_word' id='word_1_381' title='bbox 3322 5565 3380 5605; x_wconf 90' lang='lat' dir='ltr'><strong>se</strong></span> <span class='ocrx_word' id='word_1_382' title='bbox 3407 5546 3648 5617; x_wconf 88' lang='lat' dir='ltr'><strong>justitiam</strong></span> <span class='ocrx_word' id='word_1_383' title='bbox 3691 5535 3780 5606; x_wconf 78' lang='lat' dir='ltr'><strong>de_</strong></span> 
     </span>
    </p>
   </div>
   <div class='ocr_carea' id='block_1_47' title="bbox 559 5633 3742 5734">
    <p class='ocr_par' dir='ltr' id='par_1_47' title="bbox 559 5633 3742 5734">
     <span class='ocr_line' id='line_1_50' title="bbox 559 5633 3742 5734; baseline -0.006 -39"><span class='ocrx_word' id='word_1_384' title='bbox 559 5637 712 5695; x_wconf 86' lang='lat' dir='ltr'><strong>Sicut</strong></span> <span class='ocrx_word' id='word_1_385' title='bbox 732 5643 806 5696; x_wconf 91' lang='lat' dir='ltr'><strong>ait</strong></span> <span class='ocrx_word' id='word_1_386' title='bbox 831 5640 931 5698; x_wconf 84' lang='lat' dir='ltr'><strong>Job</strong></span> <span class='ocrx_word' id='word_1_387' title='bbox 960 5659 972 5694; x_wconf 89' lang='lat'><strong>:</strong></span> <span class='ocrx_word' id='word_1_388' title='bbox 1034 5640 1164 5706; x_wconf 86' lang='lat' dir='ltr'><strong>Quis</strong></span> <span class='ocrx_word' id='word_1_389' title='bbox 1193 5640 1388 5695; x_wconf 79' lang='lat' dir='ltr'><strong>dimisit</strong></span> <span class='ocrx_word' id='word_1_390' title='bbox 1424 5657 1677 5734; x_wconf 72' lang='lat' dir='ltr'><strong>onagrum</strong></span> <span class='ocrx_word' id='word_1_391' title='bbox 1704 5639 1922 5695; x_wconf 78' lang='lat' dir='ltr'><strong>liberum</strong></span> <span class='ocrx_word' id='word_1_392' title='bbox 1953 5642 2007 5694; x_wconf 86' lang='lat' dir='ltr'><strong>in</strong></span> <span class='ocrx_word' id='word_1_393' title='bbox 2029 5641 2122 5697; x_wconf 86' lang='lat' dir='ltr'><strong>de-</strong></span> <span class='ocrx_word' id='word_1_394' title='bbox 2224 5639 2431 5710; x_wconf 87' lang='lat' dir='ltr'><strong>reliquo</strong></span> <span class='ocrx_word' id='word_1_395' title='bbox 2446 5642 2756 5711; x_wconf 86' lang='lat' dir='ltr'><strong>promiserit</strong></span> <span class='ocrx_word' id='word_1_396' title='bbox 2785 5643 2909 5699; x_wconf 71' lang='lat' dir='ltr'><strong>Dee.</strong></span> <span class='ocrx_word' id='word_1_397' title='bbox 2974 5641 3114 5710; x_wconf 79' lang='lat' dir='ltr'><strong>Ergo</strong></span> <span class='ocrx_word' id='word_1_398' title='bbox 3150 5641 3549 5712; x_wconf 83' lang='lat' dir='ltr'><strong>chirographum</strong></span> <span class='ocrx_word' id='word_1_399' title='bbox 3575 5633 3635 5687; x_wconf 89' lang='lat' dir='ltr'><strong>de</strong></span> <span class='ocrx_word' id='word_1_400' title='bbox 3658 5639 3742 5696; x_wconf 82' lang='lat' dir='ltr'><strong>quo</strong></span> 
     </span>
    </p>
   </div>
  </div>
