1987 3096
94 138 144 172 705

530 141 724 170 CONCORDIA
741 141 967 171 REGULARUM.
987 157 1022 162 -—
1041 137 1307 172 PROLEGOMENA.

1670 146 1721 177 706

93 202 256 230 Benedictus
282 199 333 228 fuit
359 199 505 227 multorum
537 200 765 227 monasteriorum
795 198 878 226 abbas
891 199 914 229 Α
929 199 1062 226 bliothcca
1091 200 1258 228 Corlieiensi.
1284 200 1385 236 Regula
1405 202 1490 229 sancti
1515 201 1673 230 Coluiubani
1689 208 1718 231 et

93 253 118 276 et
135 248 225 276 sancti
239 246 388 277 Maximini,
402 250 432 272 ut
443 249 536 272 notum
550 250 592 272 est
605 253 637 272 ex
653 245 710 279 ejus
733 245 805 273 Vita.
823 244 881 270 Hoc

91 300 183 322 autem
199 292 394 321 monasterium
418 292 505 319 sancti
528 291 667 318 Maximini
694 291 776 318 silum
794 294 837 317 est
854 290 880 316 in

91 340 204 368 dioecesi
219 338 418 370 Aurelianensi,
431 345 482 365 nec
497 338 535 364 ita
551 341 684 364 remotum
706 344 721 363 a
744 340 880 363 monaste-

93 386 131 412 rio
146 384 325 412 Floriacensi.
341 384 393 410 Sed
404 383 467 418 quia
488 387 598 410 sanctus
612 381 684 409 Ardo
697 389 751 408 non
771 380 880 415 scripsit

92 430 164 457 hunc
179 433 303 456 sanctum
319 428 492 455 Benedictum
513 427 624 454 Aniante
648 427 772 454 abbatem
797 425 880 453 fuisse

92 474 174 501 etiam
185 473 310 501 abbatem
326 472 483 500 monasterii
497 471 688 504 Floriacensis,
701 472 812 498 omnino
826 478 879 498 non

93 519 246 550 deﬁnimus.

120 564 170 591 Hic
181 564 251 590 liber
260 563 413 590 inscribitur
421 562 567 590 Concordia
578 562 747 598 Regularnm.
756 562 831 589 Hanc
841 570 881 588 ra-

93 611 193 637 tionem
207 609 294 636 reddit
305 608 434 635 auctorin
447 615 494 635 sua
503 607 660 643 prtefalione
672 617 677 634 :
691 617 699 632 ι
710 608 881 641 Quapropter

93 663 137 683 seu
152 659 266 690 propter
280 662 337 687 eos,
351 654 397 689 qui
409 662 456 681 eas
469 654 602 690 (regulas)
614 655 745 682 habentes
757 655 881 690 ignorant

94 701 189 735 quibus
206 700 233 727 in
254 699 320 727 locis
333 700 368 727 sit
381 707 475 727 eorum
488 700 630 727 concordia
643 720 650 732 ,
672 700 773 734 placuit
787 707 882 726 omnes

94 755 123 774 ex
137 746 267 773 omnibus
290 745 315 772 in
334 752 416 771 unum
429 745 563 772 coarctari
575 745 732 776 sententias,
746 752 805 778 quae
820 752 880 771 cum

94 791 182 818 Patris
194 790 334 818 Benedicti
348 790 515 817 concordare
529 794 679 817 noscuntur
698 789 802 823 regula,
816 797 882 823 qua-

94 842 171 864 tenus
188 845 260 863 unns
275 844 308 864 ex
323 836 413 863 multis
432 836 562 863 existeret
587 835 681 867 codex,
706 835 742 862 ita
766 839 795 861 ut
809 834 880 861 beati

931 244 989 278 ejus
1001 245 1201 272 Poenitentialis
1222 253 1287 273 mss.
1305 253 1338 273 ex
1359 245 1521 273 bibliotheca
1536 246 1719 280 Floriacensi;

930 290 995 317 item
1016 291 1075 318 dua:
1100 289 1219 325 ejusdem
1247 291 1355 326 Regulae
1373 291 1462 323 editm,
1486 292 1572 319 altera
1592 292 1720 320 editionis

930 336 1102 370 Parisiensis,
1128 338 1214 365 altera
1230 338 1326 365 Insula:
1344 337 1466 365 Goldasti
1487 338 1576 365 studio
1600 343 1628 365 et
1653 346 1719 366 cura

930 384 1012 411 edita.
1038 383 1140 418 Regula
1164 383 1322 418 Paphnutii,
1352 383 1520 417 Serapionis,
1546 383 1667 415 Macarii,
1693 387 1723 410 et

931 429 1044 456 aliorum
1055 436 1105 456 ms.
1119 437 1151 456 ex
1161 429 1323 456 bibliotheca
1336 428 1499 456 Floriacensi
1511 433 1539 456 ct
1549 428 1717 456 Corbeiensi.

930 475 1110 503 Accesserunt
1124 475 1182 502 dure
1201 475 1309 510 Regula:
1322 475 1432 502 Patrum
1447 482 1508 502 cum
1523 475 1622 509 Regula
1642 475 1720 502 Pauli

931 526 959 549 et
970 521 1099 555 Stephani
1119 528 1183 547 mss.
1197 528 1230 548 ex
1244 520 1407 547 bibliotheca
1423 520 1599 552 Floriacensi,
1613 528 1720 547 necnon

930 566 1040 601 Regula:
1051 566 1137 593 sancti
1150 565 1270 597 ersarii,
1286 569 1313 591 et
1324 565 1410 592 sancti
1430 565 1524 591 lsidori
1540 572 1655 592 excusm.
1668 564 1723 591 Nec

930 619 1027 647 parum
1043 611 1103 645 opis
1115 610 1263 637 attulerunt
1277 610 1342 637 mihi
1362 610 1471 637 decreta
1492 610 1652 641 Burchardi,
1666 610 1724 637 Iro-

932 658 975 685 nis
994 658 1166 685 Carnotensis
1180 660 1207 684 et
1223 656 1354 687 Gratiani,
1369 663 1473 682 necnon
1486 655 1592 682 libellus
1610 660 1720 682 centum

932 702 1138 739 quatuordecim
1158 702 1353 729 sententiarum
1367 701 1399 728 de
1411 701 1572 728 Rcctoribus
1583 701 1723 731 Ecclesim.

933 750 960 776 in
975 748 1072 783 quibus
1092 748 1213 782 quamam
1228 747 1366 775 sementim
1378 751 1405 773 et
1429 746 1545 780 capitula
1559 745 1722 781 [tegularum

933 794 1014 828 hujus
1039 793 1197 820 Concordia:
1222 793 1349 819 citantur.
1375 791 1526 818 A'lruerunt
1548 791 1630 817 etiam
1657 790 1723 816 mihi

934 844 1036 873 septem
1062 837 1170 871 Regium
1198 837 1284 863 sancti
1312 836 1449 862 Beueiicti
1474 842 1540 862 mss.
1557 843 1563 860 ε
1580 842 1649 865 una,
1679 833 1722 860 cui

93 882 230 910 Benedicti
258 881 463 917 praecederent,
487 881 585 915 quibus
609 884 752 915 sequentes
777 884 881 907 caetera:
896 873 918 902 Β
933 883 1140 918 adjuncticrant
1152 881 1336 908 commentarii
1353 881 1485 907 Ruthardi
1498 880 1623 909 monachi
1633 879 1724 906 Ercmi

93 929 162 956 necti
186 931 298 963 possent
322 936 328 954 :
351 926 527 962 quamobrem
544 926 690 953 Concordia
716 925 879 960 Regularum

93 974 133 1001 hic
157 972 228 1000 liber
253 973 365 1000 sortitus
389 975 431 999 est
456 979 565 999 nomen.
587 981 596 997 ι
626 971 664 998 lta
691 977 803 1005 prorsus
833 970 881 997 do-

93 1022 134 1045 cet
157 1022 269 1045 sanctus
292 1017 364 1044 Ardo
380 1016 459 1051 paulo
477 1021 539 1043 ante
554 1017 653 1043 citatus
673 1020 701 1042 et
716 1015 880 1042 Tritheuiius

93 1064 159 1091 libro
173 1064 268 1091 citato.
287 1063 336 1090 Hic
349 1062 418 1089 liber
433 1062 561 1097 appellari
573 1062 655 1090 etiam
671 1065 763 1095 posset
780 1060 879 1087 Catena

93 1109 258 1143 regularum,
272 1112 302 1135 ut
314 1111 376 1134 sunt
395 1111 498 1134 catena:
512 1107 624 1134 Patrum
639 1114 654 1133 a
669 1106 761 1132 Niceta
776 1111 802 1132 et
820 1105 880 1132 aliis

94 1155 255 1190 quibusdam
278 1153 380 1181 Graecis
405 1153 561 1180 auctoribus
581 1151 735 1186 composita:
762 1152 788 1177 in
808 1150 883 1177 Psal—

95 1201 206 1232 terium,
222 1200 248 1226 in
266 1199 326 1231 Job,
341 1198 368 1225 in
396 1198 536 1226 Canticum
558 1198 734 1229 canticorum,
752 1197 779 1223 in
795 1197 881 1223 Evan-

94 1246 169 1282 gelia,
186 1250 255 1276 etc.,
275 1245 301 1271 iu
319 1245 416 1279 quibus
428 1244 634 1271 accumulantur
648 1244 815 1270 diversorum
831 1243 880 1269 Pa-

96 1295 165 1318 trum
190 1291 330 1317 sententia:
349 1290 381 1316 ad
402 1289 497 1316 horum
522 1288 653 1315 librorum
675 1287 880 1314 elucidationem

96 1339 259 1370 spectantes,
272 1334 335 1361 licet
349 1334 481 1361 interdum
496 1334 608 1360 diversa:
622 1333 688 1365 sint,
706 1331 882 1366 quemadmo—

97 1383 157 1409 dum
176 1382 260 1408 etiam
284 1380 427 1414 aliquando
452 1379 585 1414 contingit
609 1379 637 1406 in
661 1379 711 1405 hac
733 1377 882 1415 Concordia

96 1429 262 1462 regularum.

128 1473 221 1500 Codex
236 1480 287 1499 ms.
312 1479 391 1506 quem
409 1471 489 1498 modo
507 1471 622 1502 edimus,
637 1473 760 1503 sumptus
787 1472 828 1495 est
849 1476 882 1495 ex

96 1518 260 1545 bibliotheca
274 1516 431 1543 monasterii
440 1515 525 1543 sancti
536 1515 674 1542 Benedicti
686 1513 880 1544 Floriacensis;

931 934 1031 958 sancta:
1057 929 1148 956 Maria:
1166 929 1235 962 apud
1249 928 1404 958 Ilelrctios;
1422 928 1481 954 dure
1504 934 1538 953 ex
1559 927 1722 954 bibliotheca

930 974 1088 1002 monasterii
1107 973 1192 1000 sancti
1208 972 1335 999 Germani
1358 980 1372 998 a
1388 972 1494 1004 Pratis;
1517 972 1580 998 item
1607 972 1667 998 dum
1687 978 1722 998 ex

930 1021 1092 1048 bibliotheca
1116 1019 1271 1047 monasterii
1296 1019 1381 1046 sancti
1397 1018 1513 1045 Victoris
1528 1017 1639 1044 Parisiis
1655 1017 1720 1049 siti;

930 1075 983 1093 una
995 1074 1027 1093 ex
1044 1066 1209 1092 monasterio
1231 1065 1317 1092 sancti
1336 1064 1465 1098 Ebrulphi
1489 1063 1616 1090 ditecesis
1630 1063 1723 1089 Luxo-

930 1111 1046 1143 viensis;
1062 1115 1198 1145 postrema
1211 1114 1238 1137 ct
1256 1110 1390 1136 recentior
1408 1109 1493 1135 sancti
1511 1108 1624 1134 Faronis
1639 1114 1724 1142 prope

932 1156 1041 1184 Meldas.
1057 1156 1104 1183 llis
1117 1156 1221 1183 accedit
1235 1155 1337 1190 Regula
1365 1154 1452 1181 sancti
1475 1153 1614 1180 Benedicti
1628 1160 1643 1178 a
1660 1160 1722 1179 san-

932 1206 976 1229 cto
992 1202 1131 1228 Dunstano
1145 1200 1348 1235 archiepiscopo
1360 1198 1550 1226 Cantuariensi
1563 1196 1723 1227 emendata;

932 1246 1187 1274 duzevetustissimae
1199 1244 1324 1271 editionis
1336 1243 1509 1274 Parisiensis,
1525 1242 1610 1268 altera
1625 1249 1656 1268 ex
1667 1240 1723 1268 olli-

934 1292 995 1319 cina
1008 1291 1118 1318 Colintei
1133 1290 1301 1325 typograpbi,
1311 1289 1394 1315 altera
1409 1289 1482 1315 edita
1496 1287 1587 1314 studio
1599 1291 1624 1313 el
1639 1294 1722 1320 opera

932 1336 1062 1364 Guitlonis
1075 1335 1211 1362 Juvenalis
1230 1334 1335 1361 abbatis
1350 1333 1436 1359 sancti
1451 1332 1559 1366 Sulpitii
1574 1331 1726 1357 Bituricen-

933 1382 981 1414 sis,
1004 1389 1065 1408 cum
1079 1380 1137 1415 ejus
1152 1380 1375 1414 interpretatione
1389 1378 1506 1407 Gallica,
1524 1381 1552 1404 et
1572 1384 1624 1403 una
1649 1376 1727 1403 Colo-

934 1428 1035 1455 niensis
1057 1435 1126 1454 anno
1152 1425 1237 1457 1575,
1264 1426 1337 1452 edita
1360 1432 1412 1451 una
1438 1431 1499 1451 cum
1521 1422 1725 1450 commentariis

934 1473 1076 1507 Smaragdi
1089 1476 1117 1499 et
1130 1472 1242 1499 Joannis
1259 1479 1274 1498 a
1290 1471 1510 1498 Turrecrcmata.
1524 1468 1631 1502 Aliquid
1644 1468 1727 1494 etiam

935 1518 1026 1546 auxilii
1051 1516 1128 1544 nobis
1145 1516 1260 1543 contulit
1274 1515 1451 1542 Alamannica
1479 1512 1666 1547 interpretatio
1679 1519 1727 1537 vo-

97 1564 128 1590 ad
152 1563 230 1597 cujus
259 1562 466 1589 elucidationem
492 1565 519 1588 ct
544 1560 749 1594 castigationem
776 1558 884 1585 {uerum

937 1565 1091 1592 cabulorum
1108 1563 1218 1597 Regulae
1235 1562 1321 1589 sancti
1340 1561 1475 1588 Benedicti
1491 1568 1504 1586 a
1519 1559 1625 1586 lierone
1645 1557 1729 1585 disci—

98 1609 173 1636 nobis
202 1608 350 1635 auxiliares
366 1608 449 1641 copiae
471 1607 539 1633 alter
553 1606 637 1633 codex
654 1613 704 1632 ms.
725 1604 883 1632 Concordia:

98 1654 270 1689 Regularum,
285 1661 318 1681 ex
332 1653 496 1680 bibliotheca
507 1652 664 1679 monasterii
681 1656 783 1678 sancta:
795 1651 885 1677 Trini-

99 1701 159 1727 tatis
181 1700 216 1727 de
241 1699 401 1735 Vindocino,
418 1706 498 1733 quem
526 1698 603 1725 nobis
616 1697 786 1725 commodato
811 1697 885 1724 dedit

98 1745 272 1772 Reverendus
296 1744 439 1771 admodum
464 1744 548 1770 abbas
576 1743 696 1778 ejusdem
722 1741 881 1768 monasterii

99 1791 210 1818 Michael
224 1790 361 1817 Subletus.
370 1789 470 1824 Regula
483 1789 601 1824 Magistri
610 1797 661 1816 ms.
674 1797 707 1815 ex
721 1788 883 1815 bibliotheca

99 1837 269 1869 Corbeieusi;
298 1837 399 1872 Regula
414 1836 498 1864 sancti
521 1836 663 1863 Fructuosi
684 1834 882 1868 archiepiscopi

99 1882 274 1911 Bracarensis
289 1890 340 1910 ms.
354 1890 388 1909 ex
407 1882 567 1910 bibliotheca
579 1880 735 1908 monasterii
753 1879 884 1907 Crasseu-

99 1927 151 1960 sis;
163 1927 276 1963 Regulae
291 1928 377 1954 sancti
391 1926 531 1962 Augustini
548 1930 576 1953 et
590 1925 700 1952 Patrum
714 1932 779 1951 mss.
797 1932 829 1951 ex
844 1924 886 1950 bi-

932 1610 996 1645 pulo
1011 1610 1096 1637 sancti
1108 1609 1230 1636 0thmari
1245 1608 1350 1635 abbatis
1366 1607 1517 1633 elaborata.

970 1656 1081 1683 Librum
1097 1655 1168 1682 notis
1182 1658 1209 1681 et
1228 1652 1464 1680 observationibus
1479 1649 1676 1677 illustravimus
1700 1648 1728 1674 in

935 1701 1032 1736 quibus
1058 1700 1131 1727 locos
1165 1698 1339 1725 obscuriores
1370 1695 1557 1730 cxpliramus,
1586 1696 1731 1725 cor-ruptos

935 1746 1113 1780 castigamus,
1131 1748 1159 1770 et
1173 1743 1288 1770 diversis
1310 1741 1471 1769 lectionibus
1488 1745 1548 1773 qua?
1563 1737 1673 1765 inutiles
1688 1736 1730 1762 vi-

937 1791 1083 1821 debantur,
1096 1788 1217 1822 rejectis,
1229 1787 1309 1813 utiles
1331 1785 1404 1812 solas
1427 1784 1591 1810 notavimus.
1608 1781 1672 1808 llaec
1688 1784 1730 1806 est

938 1839 993 1861 tota
1008 1833 1093 1860 nostri
1110 1832 1224 1859 instituti
1239 1831 1319 1857 ratio.
1334 1829 1414 1856 Faxit
1427 1827 1499 1855 Deus
1510 1831 1540 1854 ut
1560 1826 1619 1854 hac
1638 1824 1731 1852 omnia

938 1879 965 1905 in
984 1878 1024 1905 sui
1048 1877 1166 1904 nominis
1190 1876 1304 1911 gloriam
1322 1874 1429 1906 cedant,
1445 1876 1473 1899 et
1497 1872 1525 1899 in
1544 1875 1629 1903 tuam,
1644 1869 1731 1897 lector

938 1923 1077 1955 benevole,
1093 1921 1248 1948 utilitatem.

488 2033 552 2070 DE
580 2030 745 2093 HUJUS
773 2030 1075 2070 CONGORDUE
1113 2029 1334 2069 REGULIS

666 2107 888 2144 EARUMQUE
909 2106 1169 2137 AUCTORIBUS.

135 2218 174 2244 Ad
189 2217 338 2244 faciliorem
349 2215 428 2250 hujus
441 2215 595 2243 Concordiae
609 2214 812 2249 intelligentiam
825 2222 889 2248 ope-
904 2216 928 2245 D

104 2260 139 2280 ne
153 2254 270 2287 pretium
292 2258 333 2279 est.
350 2253 375 2278 in
387 2249 455 2285 ipso
476 2251 568 2277 limine
582 2250 684 2287 aliquid
705 2250 737 2276 de
750 2249 858 2287 ltegulis
874 2256 889 2275 a

105 2284 194 2315 nostro
210 2292 321 2314 auctore
335 2284 456 2321 prolatis,
472 2293 618 2320 earumque
633 2284 810 2321 scriptoribus
820 2291 892 2319 prat-

105 2322 201 2355 tibare;
218 2323 294 2357 prius
311 2319 354 2348 hic
367 2322 487 2355 subjecto
501 2319 657 2348 earumdem
673 2319 805 2354 catalogo.

193 2368 219 2394 ί.
232 2367 333 2402 Regula
348 2367 432 2393 sancti
447 2366 535 2402 Patris
550 2365 699 2402 Benedicti.

190 2403 217 2430 2.
255 2401 291 2422 4-
345 2402 430 2429 sancti
446 2401 592 2429 Pachomii.

194 2438 220 2464 3.
259 2453 295 2458 —
349 2437 570 2464 sanctiOrsicsii.

193 2472 220 2499 4;
257 2488 293 2493 —-
347 2472 502 2499 Orientalis.

195 2507 221 2535 5.
258 2523 294 2528 —-
348 2508 434 2534 sancti
450 2506 569 2532 Macarii.

195 2542 220 2570 6.
257 2558 293 2563 —-
347 2543 410 2569 item
425 2542 544 2568 Macarii.

196 2578 221 2606 7.
257 2593 295 2599 —
348 2578 468 2604 Patrum.

194 2614 222 2641 8.
260 2629 296 2634 —
352 2613 414 2640 item
427 2612 546 2638 Patrum.

195 2649 221 2676 9.
258 2664 295 2669 ——
350 2649 413 2674 item
428 2648 549 2673 Patrum.

180 2684 223 2713 10.
261 2699 297 2704 -
351 2683 436 2709 sancti
452 2681 552 2708 Basilii.

178 2719 222 2746 Η.
260 2734 296 2740 -—
351 2718 437 2745 sancti
453 2717 618 2751 Hieronymi.

180 2754 223 2782 η.
258 2769 295 2775 -
349 2754 434 2779 sancti
447 2753 597 2787 Augustini.

178 2790 222 2817 43.
260 2804 297 2812 ν-
350 2788 483 2815 Cassiani.

180 2824 223 2851 M.
260 2839 297 2845 —-
350 2823 479 2857 Stephani
494 2827 522 2849 et
538 2821 623 2848 Pauli.

180 2859 223 2888 ιδ.
262 2875 298 2879 -
352 2858 536 2885 Tarnatensis.

1013 2213 1057 2240 16.
1074 2213 1175 2247 Regula
1189 2212 1276 2239 sancti
1287 2210 1408 2247 Ctesarii.

1015 2248 1059 2274 Π.
1095 2243 1132 2267 -Ξ
1184 2247 1271 2274 sancti
1285 2245 1422 2273 Aureliani
1434 2243 1566 2279 episcopi.

1016 2283 1059 2310 18.
1097 2298 1132 2302 —
1186 2282 1270 2308 sancti
1288 2281 1408 2308 Ferreoli
1427 2279 1557 2315 episcopi.

1016 2318 1060 2345 l9.
1097 2333 1132 2337 —-
1186 2317 1271 2344 sancti
1288 2317 1381 2343 lsidori
1394 2315 1523 2350 episcopi.

1016 2353 1060 2379 20.
1097 2367 1133 2372 ——
1185 2352 1272 2378 sancti
1286 2351 1428 2378 Fructuosi
1440 2350 1569 2385 episcopi.

1015 2388 1060 2414 21.
1098 2402 1133 2406 ——
1186 2386 1297 2413 alterius
1320 2386 1472 2412 Fructuosi.

1016 2422 1062 2449 Q2.
1099 2436 1134 2441 -—
1187 2421 1273 2447 sancti
1287 2420 1456 2447 Columbani.

1015 2457 1061 2484 25.
1098 2471 1133 2476 --
1187 2455 1294 2482 Donati.

1016 2492 1062 2519 21L
1099 2506 1134 2511 —-
1188 2490 1318 2525 Magistri.

1016 2526 1061 2554 25.
1098 2541 1133 2546 ——-
1186 2523 1324 2559 cujusdam
1337 2523 1436 2559 Patris.

1018 2562 1063 2589 26.
1099 2576 1136 2581 -
1189 2557 1253 2587 item
1272 2558 1409 2593 cujusdam
1425 2557 1525 2585 Patris.

982 2608 1058 2641 Quod
1070 2610 1174 2641 spectat
1184 2607 1217 2633 ad
1228 2605 1356 2641 Regulam
1367 2604 1453 2631 sancti
1461 2603 1608 2635 Benedicti,
1623 2602 1737 2641 ejusque

948 2638 1102 2674 auctorem}
1123 2650 1175 2669 non
1190 2645 1233 2668 est
1244 2638 1316 2674 quod
1330 2640 1516 2671 immoremur,
1538 2646 1599 2666 cum
1612 2638 1689 2665 multi
1703 2639 1737 2665 de

948 2679 982 2706 iis
993 2678 1075 2705 multa
1089 2677 1258 2711 scripserint.

982 2713 1084 2748 Regula
1101 2707 1344 2748 san-ctiHPachomii
1357 2716 1410 2748 non
1425 2712 1466 2748 est
1476 2716 1506 2748 ea
1522 2716 1581 2748 quae
1596 2708 1629 2735 ab
1641 2707 1738 2748 angelo

949 2743 1048 2776 dictata
1067 2747 1136 2781 apud
1152 2745 1300 2772 Palladium
1318 2745 1344 2781 in
1357 2744 1475 2781 Historia
1489 2743 1734 2781 Lausiaca_ex§_tat,

949 2784 996 2811 sed
1013 2787 1054 2811 est
1070 2777 1113 2813 ea,
1128 2781 1209 2808 etiam
1223 2781 1257 2808 ab
1269 2780 1364 2815 angelo
1379 2778 1646 2815 revelata,rquamAde_
1656 2777 1737 2813 (Egy-

949 2818 1036 2853 ptiaca
1046 2817 1146 2853 ilingua
1159 2816 1185 2843 in
1203 2813 1323 2853 Graecam
1339 2822 1445 2853 versam
1457 2814 1579 2841 Latinam
1597 2813 1660 2853 fecit
1675 2820 1737 2853 san-

950 2846 1010 2880 ctus
1033 2846 1219 2886 Hieronymus.
1236 2850 1301 2884 Quae
1315 2849 1422 2885 quidem
1440 2855 1494 2876 non
1514 2853 1555 2876 est
1581 2848 1662 2875 solius
1684 2846 1735 2874 Pa-
