1987 3096
157 130 212 158 713

641 130 834 160 CONCORDIA
857 131 1082 161 REGULARUM.
1103 148 1137 152 —
1156 132 1351 163 PREFATIO.

1721 139 1772 165 7H

152 193 217 228 ctus
235 187 354 228 Donatus
368 186 496 228 Regulam
513 188 647 228 mitiorem
672 189 708 228 ῘιιΔ
723 189 878 228 Hispaniam
905 190 943 228 in-
958 196 982 224 Α
997 194 1128 228 tenentem
1144 191 1321 228 disciplinam.
1341 202 1349 218 I
1365 192 1415 228 Sed
1433 198 1497 226 puto
1522 194 1571 220 bos
1594 193 1702 228 Vigilios
1718 203 1778 222 esse

152 224 294 259 vexisseta
309 222 347 259 ltl»
361 224 425 259 satis
451 227 524 259 patet
540 231 573 250 ex
589 224 708 258 Eutropii
733 222 864 251 Valentini
887 226 944 259 epi-

151 258 229 292 scopi
253 257 425 293 epristolarad
450 257 559 285 Petrum
583 258 748 292 episcopum,
770 266 862 293 quam,
882 257 942 286 eum

151 297 226 320 esset
248 292 333 319 abbas
354 292 515 324 Sirvitanus,
530 293 637 327 scripsit
654 294 687 320 de
701 292 870 320 districtione
885 301 944 320 mo-

151 328 314 359 nachorum,
336 327 362 353 in
384 335 437 360 qua
450 328 626 354 austeriorcm
648 328 840 354 monachorum
861 328 942 355 vitam

152 361 286 388 adversus
309 362 509 396 impugnatores
529 361 655 389 defendit.
682 362 759 395 Quod
778 362 876 389 frustra
905 363 943 389 fe-

151 396 247 432 cissetA,
266 397 287 423 si
311 396 369 432 ejus
393 396 573 432 prazdecessor
592 401 702 432 sanctus
720 397 837 432 Donatus
855 396 943 432 Regu-

151 430 207 457 lam
228 430 408 466 Eremitarum
433 431 566 458 mitiorem
586 431 705 459 fecisset.
721 431 805 466 llujus
824 430 943 466 epistolm

151 466 319 492 mentionem
331 465 394 492 facit
404 469 514 493 sanctus
523 466 639 494 Isidorus
650 467 696 493 lib.
708 466 742 494 de
754 465 826 494 Viris
836 465 942 493 illustri-

151 499 213 534 bus,
222 508 283 534 cap.
291 499 336 532 45,
345 504 486 534 exstatque
497 508 546 528 ms.
557 501 583 527 in
595 501 756 528 bibliotheca
766 500 940 528 Floriaccnsi.

150 533 288 571 Prmterea
301 535 367 571 tanti
388 533 514 571 fuit’olim
529 536 644 562 nominis
659 536 735 571 apud
745 543 839 563 omnes
855 536 942 563 natio-

150 576 201 596 nes
215 569 312 597 beatus
328 569 510 605 Augustinus,
532 575 573 602 ut,
595 571 617 597 si
641 569 699 604 ejtis
722 570 865 605 Regulam,
890 571 940 597 etsi

150 611 206 631 non
221 604 368 640 mitiorem,
376 604 535 640 advexisset
549 605 576 632 in
590 605 745 640 Hispaniam
763 604 874 632 sanctus
887 605 940 631 Do-

149 642 242 674 natus,
255 646 290 666 ne
303 639 411 674 quidem
426 639 495 667 ullus
506 639 710 667 adversus’eum
728 640 839 674 ejusque
861 640 941 666 disci-

148 673 230 709 pulos
243 673 450 709 hiscereiausus
470 673 574 701 fuisset.
595 674 715 701 Tandem
729 673 838 701 sanctus
852 674 941 701 Dona-

148 712 194 735 tus
208 716 264 736 non
279 708 330 736 fuit
344 708 534 741 Eremitarum,
551 709 599 736 sed
615 709 809 736 monachorum
822 709 940 736 coenobi—

148 746 240 779 tamm
253 744 349 779 Pater;
360 743 417 777 ipse
429 744 501 771 enim
512 752 573 771 cum
585 744 752 779 septuaginta
761 744 901 779 monachis
912 744 939 771 in

149 776 308 813 Hispaniam
325 776 438 812 trajecit,
455 780 551 812 quibus
568 776 759 806 monasterium
775 778 940 805 Sirvitanum

148 813 273 848 subsidio
289 819 316 840 et
335 821 385 848 ope
408 813 526 839 Micinezc
541 814 652 841 illustris
668 813 772 840 femina:
785 813 938 848 :edificavit,

148 851 178 884 ut
202 847 283 875 docet
294 854 402 874 sanctus
419 848 588 875 llildcfonsus
606 848 694 884 capite
712 848 804 875 citato.
823 847 884 884 limo
899 848 939 874 fu-

148 881 207 922 sius
220 887 380 922 prosecutus
395 891 464 914 sum,
479 888 515 922 ιιι
536 881 706 922 ostenderem
720 882 939 922 quamfutilibus

146 916 258 951 ineptiis
269 924 284 943 a
297 918 388 944 nescio
403 925 457 951 quo
479 918 530 945 hoc
546 918 634 945 sancti
660 916 768 944 Maximi
787 917 938 944 Chronicon

145 958 323 986 conspersum
338 951 428 979 fuerit.
445 952 506 979 Fuit
518 952 586 979 alius
599 952 718 979 Dentatus
731 953 816 979 sancti
832 952 939 979 Colma-

145 985 254 1022 banigirn
268 986 403 1022 baptismo
419 986 500 1022 ﬁlius,
513 987 729 1022 archiepiscopus
745 986 939 1014 Vcsontiouen-

146 1020 197 1057 sis.
209 1020 340 1057 Libenter
360 1021 430 1048 hanc
448 1021 576 1057 Regulam
589 1020 691 1049 Donato
704 1021 768 1049 Afro
779 1022 937 1052 tribuerem,

145 1055 199 1091 nisi
213 1055 307 1082 multis
328 1056 407 1084 annis
426 1057 451 1084 ei
473 1055 582 1084 sanctus
602 1057 782 1084 Columbanus
802 1061 939 1091 superstes

145 1089 255 1122 fuisset,
280 1090 335 1122 vix,
360 1091 423 1117 dum
450 1091 525 1123 vixit,
551 1091 676 1125 Hispanis
700 1096 787 1118 notus.
816 1089 904 1124 Quare
915 1091 938 1118 si

144 1124 282 1160 ejusmodi
298 1125 426 1160 Regulam
445 1130 538 1153 sancto
557 1124 660 1152 Donato
674 1126 878 1153 Vesontionensi
895 1133 938 1152 ar-

144 1133 160 1151 e
173 1133 282 1151 usmoot
299 1133 426 1160 [tegulam
445 1133 538 1153 sancto
558 1133 660 1152 Donato
677 1133 878 1153 VCSOIIIIODCDSI
895 1133 937 1152 ar-

144 1133 321 1194 ciiiepiscopo
337 1159 502 1193 addixerim,
526 1168 580 1187 non
605 1161 717 1187 multum
744 1161 793 1187 abs
822 1167 851 1187 re
874 1160 937 1192 erit,

144 1196 209 1221 cu‘m
226 1194 272 1221 ille
293 1195 442 1222 monachus
457 1195 547 1227 fuerit,
562 1199 589 1222 et
602 1196 794 1222 monasterium
813 1195 863 1222 sub
886 1195 938 1222 Re-

144 1229 209 1264 gula
224 1233 383 1264 sanctorum
392 1229 528 1257 Benedicti
543 1235 570 1256 et
582 1229 739 1257 Columbani
753 1229 937 1264 aediﬁcaverit,

144 1267 175 1305 ut
187 1263 521 1305 habetur‘inIfragmento
533 1265 601 1305 Vitae
612 1265 682 1305 illius
694 1264 763 1305 apud
775 1263 937 1291 Chillletium

145 1297 198 1334 libl
214 1305 235 1325 ll
250 1298 285 1334 de
302 1297 519 1334 Archiepiscopis
533 1297 799 1334 Vesontionensibus.

180 1332 287 1373 Regula
301 1332 637 1373 magistriitmappellatur
655 1334 682 1361 in
706 1334 756 1373 hac
774 1333 935 1373 Concordia,

184 1367 211 1395 ia
224 1367 254 1403 in
270 1375 301 1394 ea
316 1367 462 1403 discipulus
474 1367 630 1403 interrogat,
644 1372 672 1396 et
685 1368 813 1403 magister
825 1375 937 1403 respon—

144 1374 211 1428 qma
226 1374 254 1394 tn
270 1375 301 1394 ea
316 1374 462 1403 tll'SCIplllus
475 1374 630 1403 tnterrogat,
644 1374 672 1396 et
685 1374 813 1429 malgtster
825 1375 937 1430 respon—

144 1406 202 1429 tet.
224 1402 321 1429 Exstat
336 1403 362 1429 in
386 1404 470 1430 veteri
490 1404 582 1431 codice
605 1411 656 1431 ms.
680 1403 848 1430 bibtothecaa
890 1410 937 1429 or-

145 1437 266 1473 beiensis
287 1438 345 1465 sine
364 1439 482 1466 auctoris
499 1439 607 1465 nomine
621 1439 740 1473 quinque
753 1442 779 1465 et
793 1438 936 1473 nonaginta

144 1472 235 1508 capita
263 1473 453 1508 complectens,
482 1473 553 1500 inter
575 1472 637 1508 quae
655 1472 744 1500 omnia
769 1473 825 1500 fere
848 1472 936 1508 capita

145 1506 257 1541 Regula:
271 1506 357 1534 sancti
373 1508 508 1535 Benedicti
523 1506 705 1535 receitscntur.
725 1508 774 1535 Hic
790 1507 870 1535 Pater
882 1506 934 1535 non

143 1548 209 1578 raro
223 1547 337 1578 usurpat
352 1542 436 1570 sancti
452 1542 588 1570 Benedicti
611 1543 758 1570 sententias
773 1543 892 1578 integras
909 1547 936 1570 et

144 1576 263 1610 ipsamet
275 1577 366 1609 verba,
383 1578 515 1605 interdum
533 1579 566 1605 ab
584 1586 616 1605 eo
630 1578 763 1609 dissentit,
788 1583 816 1604 et
833 1576 896 1612 qum
920 1585 935 1605 ιι

143 1616 240 1648 sancto
255 1612 399 1640 Benedicto
410 1613 571 1648 generaliter
590 1617 688 1640 statuta
704 1616 775 1645 sunt,
794 1613 935 1647 specialius

143 1645 177 1672 ab
189 1653 223 1673 eo
235 1654 308 1681 saepe
319 1645 488 1675 ordinantur.
503 1648 591 1675 Codex
606 1652 695 1675 autem
712 1645 816 1675 citatus
829 1648 936 1674 videtur

142 1687 203 1718 esse
215 1682 335 1718 scriptas
351 1683 423 1718 circa
438 1691 537 1710 annum
549 1684 655 1711 Domini
667 1682 935 1718 septingentesimum

141 1715 282 1750 primum;
289 1715 356 1743 Nam
371 1717 404 1744 ad
419 1718 520 1745 calcem
543 1718 613 1745 illius
626 1715 716 1745 exstat
729 1715 867 1752 catalogus
882 1717 935 1743 llo-

142 1758 288 1787 manerum
304 1752 459 1785 pontilicum
482 1752 597 1787 scriptus
618 1753 711 1780 eadem
734 1759 815 1779 manu
836 1752 934 1787 litteris

143 1786 299 1819 quadratis,
311 1787 461 1821 desinitque
474 1787 501 1814 in
513 1786 616 1814 leanne
626 1792 713 1818 sexto,
726 1787 771 1821 qui
785 1786 854 1813 sedit
863 1794 935 1813 anno

142 1821 385 1857 septingentesimo
407 1822 505 1856 primo.
534 1822 595 1849 Haec
624 1822 724 1857 Regula
750 1828 847 1857 magna
871 1828 933 1848 cum

142 1854 330 1891 simplicitate,
350 1854 456 1884 fervore
478 1861 505 1883 et
527 1857 657 1891 regularis
666 1854 851 1891 'obscrvatitim
868 1863 933 1883 cura

142 1888 276 1926 procedit.
285 1890 388 1918 Auctor
400 1891 470 1918 illius
481 1888 757 1926 juxta‘Trithemium,
770 1889 860 1926 libuet
872 1898 931 1926 cap.

143 1924 249 1956 citatis,
275 1929 317 1952 est
330 1926 440 1960 Vigilius
465 1924 548 1953 abbas
571 1930 598 1953 et
620 1926 771 1953 diaconus:
793 1934 804 1949 ι
823 1924 934 1960 Vigilius

143 1966 252 1997 quoque
268 1958 396 1997 diaconus
410 1965 439 1997 et.
452 1961 536 1997 abbas
554 1961 579 1987 in
587 1960 704 1997 capitulo
714 1960 748 1997 ὗᾷ
759 1966 814 1997 sua:
825 1958 934 1997 Regula:

141 1994 181 2021 sic
205 1993 325 2030 loquitur
345 2004 351 2021 :
377 2004 386 2021 ι
407 1995 434 2023 Si
450 1996 512 2030 quid
525 1993 660 2030 peculiare
675 1995 743 2030 apud
762 1993 877 2028 aliqucni
892 1994 934 2020 in-

145 2037 155 2053 I
177 2032 289 2055 ventum
308 2029 399 2062 fuerit,
417 2029 511 2065 grandi
523 2029 584 2057 éum
600 2029 731 2057 abbas’et
744 2029 872 2065 diuturna
886 2034 933 2065 ex-

144 2071 154 2088 ι
176 2063 605 2097 οοιιιιιιιιιιὶεειιίοιιὸεοιιάειηιιει,
620 2069 650 2092 ut
667 2065 738 2092 illius
750 2063 873 2098 exemplo
888 2064 934 2091 de-

143 2106 153 2123 ι
177 2099 269 2126 territi
285 2107 391 2132 omnes,
411 2101 499 2128 nullus
522 2100 573 2128 hoc
596 2100 693 2127 audeat
710 2098 822 2126 imitari.
843 2108 853 2124 ι
869 2099 933 2132 Qua:

141 2133 252 2170 quidem
265 2135 346 2170 verba
360 2139 467 2162 exstant
493 2135 520 2162 in
536 2134 637 2170 Regula
657 2134 794 2170 Magistri,
811 2141 870 2168 cap.
888 2134 931 2170 8:}.

140 2167 186 2204 ubi
201 2168 293 2204 agitur
307 2169 340 2195 de
352 2170 537 2204 peculiaritate
559 2167 751 2197 monachorum
768 2178 774 2195 :
788 2169 825 2196 ita
845 2167 875 2195 iit
897 2169 934 2195 ci-

995 226 1205 263 distinguendos.
1222 226 1288 263 Nam
1304 227 1347 263 hic
1361 227 1489 254 Gennadii
1507 229 1616 262 Vigilius
1629 226 1729 263 aperto
1752 235 1777 256 et

992 260 1249 297 breviatosermone
1263 261 1391 297 Regulam
1406 263 1523 295 scripsit,
1540 260 1573 289 at
1592 263 1635 290 hic
1654 260 1778 297 Magister

993 301 1040 321 seu
1050 295 1160 334 Vigilius
1171 295 1312 334 Tritlremii
1326 296 1415 334 longo,
1427 297 1541 334 obscuro
1553 302 1632 334 atque
1641 295 1778 332 perplexo,

993 337 1053 366 cum
1068 329 1111 356 vix
1126 329 1220 366 Latine
1240 330 1312 366 loqui
1328 329 1424 366 possit.
1442 331 1553 366 Vigilins
1563 329 1697 359 GI-nuadii
1713 329 1777 361 vixii

992 364 1065 400 circa
1079 365 1296 400 annum_Domini
1321 365 1383 395 ΗΟ,
1409 364 1485 392 anle‘
1499 370 1617 400 tempora
1636 367 1727 394 Gt-nna
1749 369 1778 400 ii,

992 402 1021 424 at
1036 398 1146 431 Vigilius
1173 398 1312 434 Trithcmii
1338 400 1405 425 vixit
1434 404 1492 434 post
1518 398 1642 427 sanctum
1665 402 1773 429 Benedi-

992 437 1080 464 ctum;
1098 441 1159 459 nam
1170 433 1252 459 multa
1263 441 1279 459 a
1294 437 1388 460 sancto
1399 433 1551 466 Benedicto,
1567 440 1597 461 ut
1611 435 1675 467 dixi,
1691 445 1782 464 emen-

992 467 1074 502 dicat,
1094 475 1153 501 qua;
1172 475 1187 494 a
1207 467 1309 502 reliquo
1329 468 1386 500 ejus
1406 476 1531 496 somnone
1553 471 1609 497 rudi
1632 475 1659 497 et
1683 473 1783 501 scabro

991 501 1069 540 Longe
1099 501 1395 540 discrepant.’_\'ixisse
1423 504 1527 530 videtur
1559 505 1630 531 circa
1660 511 1776 540 tempore

991 536 1122 563 Clodovmi
1134 537 1258 574 secundi,
1272 536 1435 574 Francorum
1456 540 1534 572 regis,
1557 547 1607 565 non
1624 540 1707 566 multo
1715 536 1782 574 post

991 574 1112 607 sanctum
1123 571 1288 607 Gregorium
1311 572 1446 607 Magnum,
1470 571 1531 606 quia
1555 574 1639 600 utitur
1652 571 1785 602 vocabulo

990 606 1099 640 majoris
1109 606 1214 638 domus,
1229 607 1300 640 quod
1313 606 1376 640 tunc
1388 607 1505 634 maxime
1519 613 1578 634 erat
1592 608 1617 634 in
1638 617 1697 635 usu.
1719 610 1783 637 Gal-

991 636 1039 678 lus'
1057 640 1181 678 fuittaut
1201 636 1274 678 certe
1299 636 1454 678 aliquandiu
1477 643 1503 669 in
1521 642 1605 669 Gallia
1622 644 1701 675 vixit,
1718 636 1780 678 quia

990 675 1105 712 phrasis»
1113 675 1188 712 illius
1197 675 1327 712 Gallicum
1338 675 1506 712 idiotismnm
1521 678 1599 712 sapit,
1616 682 1640 704 et
1658 675 1779 712 quaaiaai

992 710 1121 736 vocabula
1142 709 1238 746 habet
1254 718 1269 737 a
1296 710 1379 737 Gallis
1402 712 1510 738 usitata.
1540 709 1700 746 Sttspicat-er
1723 724 1781 740 rsu-

990 748 1114 781 sanctum
1142 744 1315 781 Benedictum
1339 746 1491 780 Biscopium
1514 744 1644 781 Anglum;
1662 749 1710 774 sed
1727 759 1767 775 ιι,

990 779 1060 814 plitts
1074 780 1247 814 quaerendum
1262 785 1311 807 est.

1027 813 1129 854 Regula
1142 813 1279 854 cujusdam
1296 815 1392 854 duplex
1413 819 1464 842 est.
1478 815 1551 854 _Qu:e
1576 816 1780 854 prior_citattti-,

991 852 1033 875 est
1045 849 1111 875 mihi
1127 856 1239 883 prorsus
1252 849 1383 883 incognita
1397 851 1483 884 quoad
1505 849 1643 877 auctorem
1658 851 1781 885 illiusque

993 888 1099 920 tempus
1121 891 1175 917 quo
1197 884 1298 920 scripta
1319 885 1362 920 sit.
1382 885 1487 920 Altera,
1511 893 1570 919 qua:
1588 887 1704 912 secunda
1723 884 1781 920 post

991 918 1064 945 illam
1076 918 1184 950 citatur.
1197 923 1238 945 est
1249 919 1329 945 veluti
1345 920 1466 952 qumdam
1481 918 1588 952 Regula:
1600 921 1685 947 salicti
1700 918 1781 948 Bene-

990 953 1053 988 dicti
1065 953 1246 987 paraphrasis.
1255 952 1327 979 lllius
1338 958 1432 980 auctor
1441 952 1610 988 appeliatura
1619 955 1779 988 'l‘ritbemio,

988 987 1057 1024 libro
1074 991 1101 1014 et
1115 995 1174 1024 cap.
1192 988 1396 1024 citatis,seft:us
1412 987 1553 1015 DeiflVam
1573 990 1609 1016 ibi
1627 990 1693 1016 citat
1706 999 1780 1024 qum-

989 1023 1049 1048 dam
1063 1029 1102 1057 ex
1117 1022 1216 1056 Regula
1235 1023 1301 1049 servi
1321 1022 1377 1054 Dei,
1393 1031 1452 1057 qua:
1468 1024 1601 1050 habentur
1621 1024 1648 1050 in
1669 1022 1721 1051 hac
1737 1033 1781 1051 se—

988 1056 1076 1083 cunda
1087 1056 1189 1091 Regula
1210 1057 1358 1091 cujusdam,
1376 1058 1401 1084 in
1418 1066 1476 1091 cap.
1501 1058 1536 1084 £2
1560 1059 1728 1090 Concordiae,
1751 1065 1780 1086 ut

989 1066 1076 1083 cunua
1087 1066 1189 1091 negtna
1210 1066 1358 1091 cujusaam,
1376 1066 1401 1084 ιιι
1418 1066 1447 1084 ca
1470 1078 1476 1084 .
1501 1066 1536 1084 es
1560 1066 1728 1090 ιιοηροπιιιω,
1751 1066 1778 1086 ut

989 1091 1088 1127 ibidem
1109 1092 1271 1127 notavimus.
1292 1092 1352 1119 Haec
1375 1066 1475 1127 Regni;
1489 1093 1522 1119 ad
1543 1101 1618 1119 usum
1632 1094 1778 1121 sanctimo-

989 1126 1099 1152 nialittm
1122 1126 1220 1160 scripta
1235 1130 1286 1157 est,
1302 1131 1332 1153 ut
1346 1126 1428 1188 liquet
1449 1135 1478 1153 ex
1497 1128 1589 1154 eodem
1612 1128 1777 1159 Trithemio;

989 1160 1025 1187 ita
1040 1165 1068 1187 ut
1082 1161 1234 1187 existimem
1258 1161 1362 1188 eiusmo
1383 1162 1388 1188 i
1405 1162 1534 1188 Regulam
1548 1162 1614 1188 nihil
1628 1163 1699 1188 aliud
1718 1170 1777 1188 esse

988 1160 1025 1187 ita
1040 1165 1068 1187 ut
1082 1161 1234 1197 existimem
1258 1160 1388 1197 ejusmodi
1405 1162 1534 1197 Regulam
1548 1162 1614 1189 nihil
1628 1163 1699 1190 aliud
1718 1170 1779 1190 esse

988 1202 1068 1231 quam
1084 1195 1213 1231 Regulam
1228 1196 1315 1223 sancti
1331 1195 1467 1224 Benedicii
1487 1197 1520 1223 ad
1535 1204 1612 1223 usum
1634 1198 1779 1225 sanctimo-

988 1229 1098 1256 nialium
1107 1229 1348 1262 accommodatam,
1355 1232 1405 1258 etsi
1415 1236 1514 1258 nostra:
1523 1231 1678 1259 Concordizc
1685 1238 1779 1259 auctor

987 1271 1036 1298 pro
1048 1271 1096 1300 suo
1110 1272 1186 1300 more
1206 1264 1364 1292 femininum
1386 1274 1471 1300 genus
1487 1266 1513 1292 in
1528 1266 1704 1293 masculinum
1720 1275 1778 1293 mu-

989 1299 1096 1325 taverit.
1120 1298 1187 1326 Cum
1208 1304 1298 1326 autem
1316 1298 1400 1327 multi
1408 1300 1504 1327 fuerint
1522 1301 1629 1327 nomine
1648 1303 1715 1327 servi
1729 1301 1778 1328 Dei

988 1333 1143 1368 nuncupati,
1157 1334 1331 1370 qnisillorum
1345 1334 1425 1369 hujus
1439 1334 1548 1370 Regula:
1568 1335 1683 1369 scriptor
1698 1336 1778 1363 fuerit

988 1374 1042 1403 non
1066 1372 1171 1395 constat
1185 1377 1192 1395 :
1208 1369 1315 1396 videtur
1334 1373 1422 1396 tamen
1438 1369 1491 1396 non
1508 1370 1592 1396 multo
1612 1373 1672 1403 post
1689 1372 1777 1398 sancti

987 1401 1110 1440 Gregorii
1133 1403 1222 1440 Magni
1246 1407 1367 1440 tempora
1387 1405 1497 1431 vixisse.
1518 1401 1642 1440 citantur
1667 1404 1777 1440 insuper

987 1437 1133 1472 capitulum
1152 1437 1261 1465 unicum
1281 1437 1314 1465 ex
1335 1438 1402 1466 Jona
1426 1440 1522 1465 abbate
1541 1439 1573 1465 de
1594 1440 1652 1465 Vita
1675 1437 1775 1467 sanctae

987 1472 1210 1509 Burgundoform,
1222 1480 1305 1509 unum
1315 1481 1360 1509 rex
1375 1474 1435 1509 divo
1451 1473 1580 1509 Gregorio
1595 1473 1775 1506 Nazianzeno,

987 1515 1117 1543 unumrex
1138 1508 1298 1535 Cassiodoro
1313 1508 1339 1534 in
1353 1508 1481 1543 psalmos,
1505 1508 1626 1542 quaedam
1641 1509 1721 1536 etiam
1742 1517 1775 1536 ex

987 1543 1049 1578 divo
1060 1542 1235 1578 Hieronymo,
1248 1543 1310 1569 divo
1323 1542 1472 1578 Atigustino
1485 1547 1513 1570 et
1523 1543 1604 1575 Beda,
1614 1547 1641 1569 et
1653 1545 1775 1571 quaedam

988 1577 1104 1611 capitula
1119 1577 1252 1609 Caesarie,
1268 1578 1301 1605 de
1316 1577 1485 1612 qua’tlicetur
1495 1585 1544 1605 suo
1556 1578 1624 1604 loco.

1022 1612 1128 1648 (litatur
1139 1616 1270 1646 prmterea
1290 1617 1368 1648 caput
1386 1613 1495 1648 unicum
1509 1620 1542 1639 ex
1562 1616 1656 1640 saneto
1669 1613 1776 1640 Valerio

986 1647 1019 1673 de
1031 1647 1174 1681 generibus
1189 1647 1393 1674 monachorum.
1409 1647 1458 1674 Hic
1468 1647 1591 1674 Valerius
1604 1648 1711 1675 natione
1726 1649 1775 1675 fuit

985 1681 1129 1717 Hispanus,
1145 1682 1254 1709 civitate
1268 1682 1451 1709 Asturicensis
1473 1681 1513 1717 (ut
1539 1683 1595 1716 ipse
1616 1683 1725 1716 scripsit
1749 1685 1774 1709 in

985 1723 1033 1742 sua
1045 1716 1115 1748 Vita,
1127 1725 1206 1751 quam
1220 1717 1302 1744 refert
1313 1717 1475 1744 Prudentius
1487 1717 1673 1744 Saud0valdus
1687 1718 1774 1751 prima

985 1755 1060 1784 parte
1083 1751 1249 1778 fundationis
1269 1752 1509 1781 monasteriorum,
1540 1759 1565 1777 n.
1593 1752 1632 1785 5).
1655 1752 1775 1785 Appetiit

984 1785 1174 1812 monaohatum
1195 1786 1221 1812 in
1245 1786 1409 1812 monasterio
1427 1785 1513 1811 sancti
1529 1785 1669 1812 Fructuosi
1693 1787 1775 1812 (Iom—

983 1819 1098 1853 plutico;
1114 1821 1161 1846 scd
1175 1820 1335 1854 quibusdam
1350 1821 1382 1846 de
1395 1820 1493 1851 causis,
1509 1827 1576 1852 quas
1589 1827 1642 1846 non
1661 1820 1774 1854 profert,

984 1854 1146 1888 aproposito
1161 1855 1307 1881 deterritus
1323 1854 1434 1881 secessit
1445 1854 1470 1880 in
1485 1858 1602 1880 montem
1617 1854 1772 1888 Vergidum.

985 1889 1011 1915 in
1039 1889 1209 1916 solitudinem
1229 1888 1306 1922 juxta
1333 1894 1453 1916 castrutn
1477 1889 1562 1915 sancti
1586 1888 1669 1915 Petri.
1695 1889 1775 1916 Varie

983 1923 1135 1958 exagitatus
1153 1931 1223 1958 suape
1237 1927 1341 1950 mutare
1363 1923 1440 1950 sedes
1455 1927 1564 1958 coactus
1579 1928 1629 1950 est.
1654 1923 1773 1950 Tandem

984 1957 1144 1992 pcr’multas
1163 1957 1334 1992 tempestates
1352 1957 1444 1992 viginti
1460 1957 1537 1984 annis
1558 1958 1633 1984 varie
1655 1961 1773 1985 tenta‘tus

983 1997 1011 2020 et
1021 1997 1132 2020 vexatus
1145 1993 1298 2027 conquievit
1313 1993 1339 2019 in
1356 1992 1476 2019 oratorio
1488 1993 1574 2019 sancti
1587 1992 1671 2024 Petri,
1687 1993 1773 2020 :edifi-

984 2032 1046 2055 cato
1060 2028 1123 2055 olim
1143 2036 1158 2054 a
1174 2026 1268 2055 Sancto
1281 2027 1431 2063 Fructuose
1450 2027 1477 2054 in
1492 2026 1637 2063 solitudine
1654 2027 1772 2063 Vergidi.

984 2062 1037 2090 Sed
1051 2063 1114 2097 quia
1129 2063 1263 2090 litteratus
1274 2067 1345 2095 erat,
1369 2062 1487 2090 Isidorus
1505 2062 1647 2096 episcopus
1669 2062 1775 2090 Asturi—

983 2098 1072 2125 censis
1090 2105 1152 2124 eum
1168 2098 1228 2125 inde
1244 2098 1409 2125 abstractum
1425 2097 1545 2124 Toletum
1563 2105 1653 2124 secum
1675 2098 1774 2125 ducere

983 2133 1069 2160 voluit
1081 2132 1209 2164 invitum;
1222 2133 1292 2166 quod
1306 2137 1396 2159 tamen
1410 2136 1497 2167 morte
1510 2132 1704 2160 interveniente
1718 2133 1774 2167 epi-

984 2168 1182 2208 scopiﬂminirne
1194 2167 1342 2208 perfectum
1357 2172 1408 2208 est.
1426 2166 1774 2208 Variamqpus’culaicompo-

141 2203 208 2230 latio
221 2201 372 2231 ‘Tritbemii
391 2205 426 2232 sit
446 2205 473 2231 in
497 2205 567 2232 notis
591 2204 769 2232 arithmeticis
791 2204 929 2231 mendosa.
946 2205 970 2234 D
983 2201 1047 2230 suit.
1062 2202 1164 2229 Floruit
1176 2201 1247 2230 circa
1262 2210 1361 2229 annum
1379 2201 1483 2229 Domini
1499 2202 1559 2228 675.
1584 2201 1660 2234 Quod
1681 2206 1772 2228 autem

139 2237 298 2274 Gennadius
322 2239 350 2266 in
372 2239 499 2274 Catalogo
522 2241 615 2267 scribit
639 2240 672 2266 de
692 2239 807 2274 quodam
832 2238 929 2272 Vigilio

140 2272 338 2309 diQCODOLﬂIIi
361 2275 442 2302 etiam
462 2272 655 2302 monachorum
672 2272 801 2309 Régulam
822 2280 929 2309 compo-

139 2308 216 2345 guit:
238 2317 248 2333 ‹
272 2308 384 2344 Vigilius
408 2310 537 2345 diaconus
557 2308 764 2345 composuitfex
787 2308 929 2345 traditione

139 2341 250 2380 Patrum
265 2341 458 2380 monachorum
478 2341 693 2380 Regttlam,'qua:
714 2344 742 2370 in
754 2342 879 2380 ccenobio
896 2344 929 2370 ad

138 2377 289 2411 profectum
310 2378 424 2406 fratrum
438 2380 464 2407 in
478 2377 612 2407 conventu
631 2377 737 2414 legitur,
760 2378 882 2414 breviato
902 2382 929 2404 et

138 2416 232 2446 aperto
245 2420 372 2442 sermone
386 2415 469 2442 totius
483 2415 640 2442 monasticae
659 2413 832 2449 perfectionis
853 2413 880 2439 in
899 2420 929 2439 se

139 2471 937 2484 —————-——————————-——-——-

983 2238 1053 2265 dicla
1073 2238 1158 2264 sancti
1173 2238 1272 2265 Valerii
1284 2246 1298 2264 a
1311 2242 1404 2264 nostro
1420 2242 1530 2263 auctore
1545 2236 1625 2263 citata
1649 2236 1702 2263 sint
1721 2237 1771 2263 bu—

978 2273 1023 2313 jus
1035 2272 1131 2313 Valerii
1142 2292 1149 2304 ,
1161 2272 1276 2313 exillius
1286 2273 1375 2313 verbis
1391 2272 1491 2313 clarum
1504 2275 1570 2313 est:
1589 2280 1597 2295 ι
1615 2271 1650 2313 Er
1665 2279 1726 2311 cum
1745 2271 1771 2297 in

983 2306 1034 2334 ista
1049 2308 1149 2334 ultima:
1163 2307 1340 2334 extremitatis
1354 2307 1471 2334 occidua:
1484 2306 1569 2341 partis
1582 2306 1698 2333 confinia
1710 2313 1771 2332 rara

983 2342 1106 2379 videlicet
1120 2340 1531 2379 ct‘exiguapullularentsacra:
1553 2340 1691 2379 religionis
1712 2347 1772 2379 cre-

982 2378 1093 2412 pundia.
1112 2387 1121 2403 ι
1138 2375 1297 2412 Ωιιωήνει-βει
1309 2377 1411 2403 homini
1425 2377 1543 2410 llispano
1564 2375 1649 2410 eoque
1665 2375 1771 2402 Asturi-

983 2411 1056 2439 censi
1070 2411 1149 2446 plane
1158 2411 1329 2438 conveniunt.

944 2467 1762 2480 _——_—————————-—

437 2522 750 2601 liliNlitlBlllA
801 2521 934 2597 llliGl

988 2520 1150 2597 Allllill
1202 2520 1458 2596 PATRUM.

825 2638 1104 2678 PRIEFATIO.

171 2740 344 2768 Bsnzntcws
355 2740 466 2769 ultimus
479 2741 616 2773 abbatum,
630 2740 772 2769 abbatibus
791 2743 819 2767 et
835 2746 930 2766 mona—

132 2787 199 2816 cbis
212 2787 340 2814 omnibus
351 2787 379 2814 in
394 2787 449 2815 Deo
463 2787 571 2815 Christo
587 2787 711 2815 salutem.

171 2847 186 2861 ι
207 2840 275 2867 Dum
295 2842 435 2868 communi.
451 2841 507 2869 Hac
518 2842 630 2877 epistola
646 2847 740 2879 auctor
761 2841 839 2875 hujus
856 2841 927 2868 Con-

360 2887 492 2917 ΡΔΊἯΟΙ..
509 2888 587 2919 Clll.

1019 2745 1032 2759 ι
1045 2738 1113 2765 Dum
1126 2738 1262 2766 communi
1276 2737 1385 2766 utilitati
1397 2737 1540 2765 consulens
1558 2737 1687 2764 attentius
1699 2744 1772 2771 quau

981 2791 1069 2812 rercm
1092 2783 1226 2818 quomodo
1246 2783 1340 2811 utilius
1368 2791 1475 2819 possem
1503 2782 1608 2809 cunctis
1629 2782 1768 2816 prodesse.

981 2842 1079 2870 cordia:
1105 2846 1213 2869 sanctus
1237 2840 1397 2868 Benedictus
1427 2839 1590 2867 Anianensis
1621 2838 1767 2872 alloquitur

1511 2885 1550 2914 '23
