3958 6198
435 304 534 360 τις

1353 273 1356 276 ’
1432 305 1492 361 s.
1532 304 1893 360 BENEDICTI
1933 302 2222 361 ABBATIS
2261 305 2670 364 ANIANENSIS

3577 301 3679 356 716

433 416 571 483 ctr'pi
614 422 920 468 sanctorum
966 415 1116 470 Vitas
1159 414 1478 484 regulasque
1524 415 1702 483 legere
1759 415 2002 469 Patrum.
2035 421 2081 478 Α
2111 416 2147 468 ti
2183 417 2355 472 rivulo
2384 417 2607 487 cupiens
2643 418 2929 472 ostendere
2977 428 3205 479 nomen;
3249 409 3342 467 sed
3381 409 3682 468 dilectionis

433 508 579 572 Quas
603 505 729 559 dum
756 505 935 573 sagaci
965 505 1260 558 intentione
1293 519 1691 573 percurrerem,
1725 512 1780 558 et
1817 506 2006 558 eadem

431 612 591 668 pene,
635 611 753 665 qua
782 609 811 648 a
850 605 1037 648 saneto
1061 594 1349 648 Benedicto
1398 593 1606 664 prolata
1650 603 1811 658 sunt,
1843 594 2005 646 verba

433 687 490 744 in
541 686 861 756 quibusdam
920 684 1076 749 locis,
1137 686 1189 738 in
1244 684 1564 754 quibusdam
1611 699 1738 738 vero
1791 699 2006 739 sensum

430 775 676 830 eumdem
729 789 1131 842 cognoscerem,
1185 774 1421 828 occurrit
1481 774 1660 828 animo
1713 787 1774 826 ea
1823 789 1942 841 quze
1975 788 2008 826 a

432 866 629 935 tepidis
653 864 1014 935 segnibusque
1044 863 1326 918 monachis
1359 864 1463 917 diei
1492 863 1708 918 assolet.
1741 863 1879 930 Quid
1901 877 2006 915 ca:-

429 963 559 1008 terze
585 954 710 1008 huic
739 952 1022 1008 conferunt
1045 952 1278 1023 regulae?
1304 951 1442 1017 Quid
1466 951 1533 1004 ad
1563 966 1668 1018 me,
1695 965 1719 992 α
1750 965 1884 1020 quas
1903 966 2006 1004 non

430 1047 678 1114 promisi,
728 1045 963 1115 pertinet
1016 1044 1232 1114 legere?
1281 1051 1337 1097 et
1385 1045 1500 1098 base
1557 1044 1773 1112 quidem
1825 1043 2008 1097 dicunt

429 1135 740 1204 ignorantes
765 1133 981 1188 beatum
1003 1132 1354 1188 Benedictum
1395 1133 1421 1172 δ
1445 1147 1599 1188 suam
1636 1149 1665 1187 a
1689 1133 1900 1188 caeteris
1925 1148 2009 1186 as-

430 1224 728 1292 sumpsisse
766 1221 1045 1292 Regulam,
1100 1230 1156 1276 et
1189 1222 1354 1276 veluti
1401 1236 1467 1275 ex
1509 1221 1796 1292 manipulis
1839 1235 2005 1274 unum

429 1321 649 1366 strenue
697 1311 1028 1365 contraxisse
1078 1310 1427 1379 manipulum.
1479 1309 1848 1380 QuaprOpter,
1909 1325 2006 1365 seu

428 1411 649 1471 propter
669 1415 762 1455 eos
791 1401 881 1470 qui
912 1416 1003 1454 eas
1041 1401 1301 1454 habentes
1329 1401 1577 1470 ignorant
1609 1400 1804 1470 quibus
1843 1399 1895 1453 in
1931 1399 2008 1454 lo-

429 1493 511 1548 cis
539 1495 610 1548 sit
638 1508 823 1546 eorum
851 1492 1162 1556 concordia,
1193 1491 1394 1560 placuit
1423 1506 1614 1545 omnes
1654 1505 1720 1544 ex
1758 1490 2008 1544 omnibus

428 1585 484 1638 in
515 1599 680 1638 unum
712 1583 976 1637 coarctari
1005 1583 1303 1638 sententias
1327 1598 1444 1651 quae
1478 1597 1601 1636 cum
1626 1582 1805 1637 Patris
1836 1582 2008 1636 Bene-

429 1675 559 1730 dicti
588 1675 917 1729 concordare
952 1682 1248 1728 noscuntur
1281 1673 1484 1743 Regula
1506 1713 1520 1738 ,
1564 1681 1829 1743 quatenus
1869 1689 2008 1728 unus

2114 503 2328 568 affectu,
2357 505 2552 559 anima:
2586 520 2718 560 mese
2757 505 3105 573 omniumque
3133 503 3308 572 legere
3351 500 3679 569 cupientium

2109 592 2300 647 salutis
2323 601 2611 662 augmento
2641 609 2670 646 a
2702 609 2788 648 me
2803 608 2923 647 esse
2944 603 3201 662 coeptum.
3231 591 3347 658 Qua
3382 591 3450 646 de
3492 607 3551 645 re
3582 601 3684 646 tes-

2111 691 2218 736 tem
2247 683 2436 737 invoco
2465 699 2570 736 non
2616 684 2716 737 mei
2748 684 3101 746 solummodo,
3133 682 3227 736 sed
3275 681 3515 735 omnium
3558 696 3681 734 cor-

2109 773 2255 826 dium
2285 774 2615 844 cognitorem
2649 791 2662 825 :
2702 775 2957 844 quoniam
2980 773 3096 843 ipse
3139 772 3288 826 novit
3328 786 3414 825 me
3461 787 3568 824 non
3602 779 3686 824 tu-

2109 862 2300 926 moris,
2330 863 2422 916 sed
2448 863 2732 918 charitatis
2767 879 2929 918 causa
2970 864 3074 918 hoc
3106 878 3242 932 opus
3280 862 3479 931 egisse.
3513 862 3684 928 Quem

2109 954 2237 1008 tutis
2264 955 2470 1009 viribus
2522 955 2707 1009 sedulo
2758 956 3040 1024 deprecor,
3085 963 3164 1019 ut,
3205 954 3295 1023 qui
3325 969 3384 1008 se
3427 954 3680 1007 daturum

2108 1060 2207 1115 pro
2236 1045 2404 1100 calice
2431 1062 2583 1116 aqua;
2613 1045 2819 1116 frigida:
2860 1045 3166 1100 mercedem
3209 1046 3495 1116 promisit,
3538 1062 3684 1100 meo-

2109 1150 2230 1188 rum
2269 1134 2458 1190 sallem
2483 1151 2583 1206 pro
2623 1137 2726 1191 hoc
2755 1139 2950 1206 exiguo
2977 1150 3142 1204 opere
3172 1135 3550 1190 remissionem
3589 1136 3685 1189 tri-

2107 1223 2239 1277 buat
2269 1225 2509 1278 omnium
2563 1234 2929 1294 peccatorum.
2984 1223 3094 1278 Vos
3149 1238 3278 1278 vero
3325 1239 3538 1287 omnes,
3591 1228 3682 1294 qui

2107 1314 2250 1369 hunc
2319 1315 2577 1380 audituri,
2629 1315 2927 1385 lecturique
2981 1315 3113 1369 estis
3166 1313 3401 1377 librum,
3457 1315 3677 1385 supplex

2107 1421 2272 1461 exoro
2294 1414 2353 1460 ut
2383 1407 2509 1460 dum
2539 1422 2608 1461 ex
2634 1407 2786 1462 vobis
2821 1407 3085 1476 spiritalia
3125 1408 3467 1476 sumpseritis
3505 1410 3678 1469 mella.

2106 1512 2205 1566 pro
2230 1497 2366 1550 meis
2398 1497 2639 1551 reatibus
2673 1497 2900 1552 Domino
2935 1513 3041 1550 non
3071 1496 3430 1566 dedignemini
3461 1495 3682 1552 fundere

2105 1601 2322 1656 precem
2351 1602 2363 1638 :
2390 1595 2656 1654 quatenus
2684 1626 2698 1651 ,
2745 1586 2870 1641 dum
2917 1586 3072 1641 vobis
3127 1586 3359 1656 propriis
3408 1586 3679 1640 laboribus

2106 1694 2316 1734 merces
2345 1679 2602 1748 largietur
2626 1686 2848 1746 aeterna,
2888 1693 3130 1734 meorum
3188 1678 3271 1732 vel
3318 1679 3451 1732 mihi
3500 1687 3680 1733 vestro

429 1781 496 1820 ex
524 1765 711 1819 multis
741 1765 999 1819 collectus
1038 1765 1302 1819 existeret
1322 1765 1509 1819 codex.
1547 1763 1624 1817 lta
1653 1765 1918 1818 duntaxat
1947 1773 2006 1817 ut
2030 1762 2076 1820 B
2105 1769 2360 1840 suffragio
2388 1770 2546 1824 detur
2588 1769 2838 1824 remissio
2878 1775 3245 1838 peccatorum.
3297 1766 3506 1822 Sumite
3552 1783 3681 1836 ergo

428 1857 572 1911 beati
599 1857 866 1910 Benedicti
904 1856 1289 1925 praecederent,
1333 1856 1528 1926 quibus
1573 1864 1860 1925 sequentes
1903 1871 2004 1911 cae-

429 1955 561 2000 tera:
594 1947 733 1999 necti
773 1952 1011 2014 possent.
1040 1945 1399 2011 Quamobrem
1438 1943 1743 2000 Concordia:
1778 1945 2004 2016 Regula-

437 2057 553 2094 rum
587 2041 672 2094 hic
703 2041 836 2094 liber
861 2041 1084 2095 sortitus
1129 2050 1213 2094 est
1259 2055 1480 2094 nomen.
1524 2038 1782 2094 Noverint
1823 2047 2003 2092 tamen

428 2144 621 2183 omnes
658 2130 748 2197 qui
791 2131 932 2184 hunc
958 2129 1151 2184 lecturi
1180 2140 1306 2183 sunt
1330 2128 1525 2183 librum
1552 2169 1565 2193 ,
1604 2129 1856 2198 quoniam
1897 2144 2002 2183 non

434 2234 586 2272 vanm
607 2219 778 2273 laudis
807 2220 1088 2285 instinctu,
1125 2235 1226 2274 nec
1258 2219 1582 2289 arrogantiae
1626 2219 1804 2285 fastu,
1846 2221 2003 2289 quasi

433 2325 612 2364 meum
633 2317 755 2366 cost
791 2311 843 2363 in
872 2318 984 2365 toto
1010 2311 1142 2366 orbe
1171 2309 1417 2364 diffusam
1447 2310 1745 2364 doctrinam
1770 2310 1824 2364 in
1847 2325 2004 2363 aren-

429 2459 617 2498 onmes
667 2445 981 2507 monachos,
1020 2443 1255 2497 maxime
1314 2440 1674 2497 Occidentalis
1724 2441 1998 2500 Ecclesiae.

428 2522 767 2581 quatuorque
825 2522 1061 2581 prtestat.
1118 2512 1318 2576 Primo,
1367 2513 1603 2566 occurrit
1647 2511 2003 2581 quorumdam

429 2579 780 2637 remissorum
827 2579 1212 2637 monachorum
1281 2580 1608 2648 objectioni,
1661 2580 1754 2649 qui
1807 2579 2002 2633 dicturi

426 2661 612 2706 essent
637 2653 770 2705 nihil
819 2652 884 2705 ad
909 2667 967 2706 se
993 2652 1132 2706 hunc
1162 2651 1357 2704 librum
1392 2651 1645 2713 attinere,
1676 2649 1764 2717 qui
1793 2657 2001 2702 tantum

428 2719 483 2792 in
513 2722 684 2775 sancti
707 2720 980 2776 Benedicti
1008 2720 1284 2792 Regulam,
1314 2720 1496 2774 nonin
1528 2719 1661 2792 alias
1699 2717 1999 2792 iurassent;

427 2789 489 2844 9.0
542 2807 698 2844 suum
750 2787 1113 2860 propositum;
1157 2790 1428 2858 totiusque
1493 2789 1674 2857 operis
1741 2787 2002 2860 rationem

428 2861 624 2930 aperit;
651 2862 708 2914 5°
751 2856 978 2914 causam
1008 2859 1200 2930 reddit
1238 2856 1459 2930 propter
1509 2856 1670 2930 quam
1712 2871 1775 2930 se
1795 2856 1861 2908 ad
1904 2857 2006 2909 hoc

429 2925 566 2997 opus
593 2930 917 2994 accinxerit;
969 2929 1149 2998 aitque
1181 2925 1255 2982 se'
1281 2925 1566 2981 charitatis
1611 2925 1866 2998 impulsu.
1899 2940 2006 2998 non

431 2994 583 3052 venre
640 2997 824 3064 gloria:
868 3008 1015 3052 motu
1064 2994 1199 3066 opus
1253 3011 1596 3066 aggressum;
1643 2994 1702 3048 ιο
1739 2995 2008 3049 mercedis

433 3067 652 3136 nomine
683 3067 900 3122 lectoris
922 3068 1093 3136 poscit
1112 3067 1404 3136 orationes.

502 3148 527 3174 δ
564 3135 706 3199 Quas
740 3153 842 3198 non
873 3135 1107 3205 promisi.
1131 3135 1264 3205 Cum
1313 3135 1401 3205 hic
1435 3141 1628 3205 auctor
1662 3141 1846 3205 noster
1887 3145 2003 3185 om-

432 3205 593 3257 nibus
617 3201 894 3258 monachis
919 3205 1108 3258 saltem
1131 3203 1381 3258 Ecclesiae
1423 3201 1783 3258 Occidentalis
1817 3202 2003 3269 loqua-

434 3282 540 3338 tur,
565 3274 889 3343 quidamque
915 3273 1203 3343 lepidiores
1223 3279 1496 3343 opponant
1519 3286 1579 3326 se
1619 3271 1787 3343 solam
1826 3272 2001 3326 sancti

434 3340 706 3398 Benedicti
737 3340 994 3413 Regulam
1026 3341 1258 3407 vovisse,
1282 3340 1434 3407 alias,
1482 3355 1604 3410 qua:
1638 3341 1693 3396 in
1734 3341 1837 3396 hoc
1875 3355 2001 3408 ope-

457 3480 574 3492 -—-.

2105 1869 2383 1931 gratanter
2415 1875 2445 1914 a
2473 1860 2628 1914 nobis
2652 1859 2840 1914 utilem
2868 1859 3024 1912 vobis
3049 1865 3384 1911 contractum
3419 1855 3676 1910 libellum.

2107 1951 2384 2021 Siquidem
2434 1949 2693 2004 invictam
2754 1947 2990 2003 robustis
3049 1946 3388 2001 condidimus
3454 1953 3677 2007 turrem,

2104 2057 2334 2112 eamque
2360 2041 2640 2110 praeclaris
2666 2039 2993 2094 munivimus
3022 2037 3192 2090 armis
3217 2053 3231 2100 ;
3275 2035 3525 2090 invalidis
3553 2051 3686 2090 vero

2107 2134 2415 2203 multigenis
2452 2147 2520 2187 ex
2566 2131 2791 2188 ﬂoribus
2841 2138 3061 2186 nectare
3110 2136 3388 2198 assumpto
3444 2127 3682 2182 lucidmn

2107 2224 2448 2294 depinximus
2479 2223 2681 2278 favum.

2616 2313 2846 2383 Explicit
2883 2311 3144 2383 prrefatio.

2108 2464 2167 2501 re
2195 2445 2563 2511 continentur,
2593 2445 2872 2514 ignorare;
2904 2444 3118 2514 planum
3154 2452 3239 2514 est
3282 2442 3451 2514 solam
3507 2443 3682 2494 sancti

2105 2516 2380 2570 Benedicti
2413 2511 2666 2585 Regulam
2695 2511 2936 2585 tempore
2963 2511 3466 2585 huj_us_Concort_l_i:e
3491 2522 3679 2564 aucto-

2108 2588 2202 2648 ris,
2241 2587 2343 2640 boc
2365 2594 2468 2649 est,
2494 2580 2677 2638 Caroli
2725 2580 2897 2649 Magni
2935 2593 2991 2637 et
3039 2580 3295 2636 Ludovici
3324 2580 3404 2634 Pii
3436 2597 3465 2633 a
3496 2597 3684 2633 inena-

2107 2656 2226 2710 chis
2248 2654 2502 2709 Ecclesia:
2528 2649 2887 2708 Occidentalis
2913 2652 3250 2707 observatam
3281 2665 3400 2704 esse
3430 2668 3443 2702 :
3477 2649 3680 2717 alioqui

2107 2725 2348 2794 epistolae
2393 2723 2659 2779 dedicatio
2707 2723 3051 2791 auctorisque
3089 2719 3323 2788 obiectio
3369 2720 3566 2787 ineptae
3592 2736 3677 2773 es-

2212 2803 2251 2847 ι.
3722 2836 3732 2847 .

2212 2810 2251 2847 ι.

2111 2810 2207 2904 se:
2236 2863 2398 2918 Suam
2434 2881 2465 2916 α
2499 2863 2696 2916 steteris
2713 2861 2962 2932 Regulam
2983 2860 3342 2929 assumpsisse.
3368 2855 3572 2932 idempe
3609 2855 3682 2932 _ah

2110 2934 2178 2988 iis
2206 2935 2296 3001 qui
2344 2941 2470 2986 ante
2515 2947 2639 2986 eum
2674 2925 2945 3001 vixerunt,
2990 2937 3050 3001 ut
3080 2945 3124 3001 Aa
3153 2925 3341 3001 sancto
3368 2925 3680 3001 Pachumii),

2111 2995 2328 3067 Basilio,
2358 3001 2637 3066 Cassiano,
2688 3012 2794 3056 etc.
2850 3000 2984 3054 Nam
3036 2999 3126 3053 hic
3175 2999 3410 3051 citantur
3461 2995 3680 3067 Regulae

2116 3063 2470 3142 quorumdam
2510 3063 2730 3126 Patrum
2779 3073 2871 3139 qui
2925 3077 3084 3124 aetate
3127 3075 3251 3142 sunt
3300 3074 3486 3142 sancto
3512 3063 3679 3118 Bene—

2106 3134 2247 3196 dicto
2277 3143 2620 3212 posteriores;
2653 3151 2710 3196 ut
2738 3134 2862 3212 sunt
2891 3147 3106 3212 sanctus
3133 3137 3390 3198 lsidorus,
3419 3134 3678 3212 Fructuo-

2106 3228 2200 3266 sus
2226 3202 2476 3281 uterque,
2505 3202 2722 3266 sanctus
2757 3208 3116 3264 Columbanus
3137 3247 3152 3273 ,
3187 3215 3243 3260 et
3289 3203 3526 3259 nonnulli
3561 3202 3675 3262 alii,

2105 3290 2166 3335 ut
2201 3295 2270 3335 ex
2305 3296 2468 3352 supra
2503 3282 2662 3336 dictis
2683 3281 2887 3335 clarum
2913 3286 3012 3332 est.

581 3467 3661 3494 MM

1639 3586 1890 3663 I'I‘EM
1953 3583 2504 3663 PRIEFATIO.

440 3883 462 3908 ο
503 3868 720 3923 Arbiter
743 3876 803 3922 ut
834 3871 1019 3925 mundi
1053 3872 1309 3928 tenebras
1337 3871 1624 3943 depelleret
1659 3885 1868 3935 omnes,

436 3957 596 4012 Sidus
626 3957 693 4011 ab
723 3957 834 4012 Eoo
863 3958 1030 4028 jussit
1059 3975 1415 4032 consurgere;
1447 3962 1601 4033 cujus

431 4046 574 4102 Luce
598 4061 882 4116 peropaeze
910 4047 1122 4119 fugiunt
1149 4066 1217 4105 ex
1248 4053 1379 4106 orbe
1406 4053 1663 4114 tenebrae,

433 4136 844 4205 Multigenaeque
869 4137 1026 4192 simul
1049 4139 1286 4194 micuere
1307 4155 1404 4209 per
1430 4142 1632 4196 aethera
1663 4139 1848 4194 stella.

434 4230 580 4293 Quas
609 4227 840 4284 lustrare
869 4244 966 4284 suo
994 4229 1156 4300 jussit
1185 4246 1250 4285 ex
1280 4231 1480 4288 lumine
1510 4242 1696 4288 noctes

433 4316 512 4370 Ne
539 4316 739 4372 frustra
769 4325 987 4388 pateant
1012 4319 1152 4373 oculi
1174 4319 1290 4375 sine
1319 4320 1520 4375 lumine
1546 4323 1737 4376 nostri.

435 4409 607 4463 Fulsit
628 4417 684 4462 et
711 4409 977 4478 extemplo
1002 4411 1243 4479 pandens
1278 4426 1375 4466 sua
1404 4427 1604 4467 cornua
1635 4413 1758 4467 luna
1779 4455 1793 4478 ,

434 4501 542 4554 Nec
569 4516 722 4554 mora
758 4500 786 4540 ι’
815 4498 1064 4568 lucifugae
1087 4498 1298 4568 fugiunt
1324 4516 1421 4570 per
1455 4517 1689 4557 concava
1722 4511 1898 4567 terrae,

433 4592 712 4662 Expavere
733 4588 950 4659 quidem
981 4589 1259 4644 rutilantia
1287 4592 1460 4645 sidera
1490 4592 1630 4647 coeli.

431 4678 619 4736 Caseus
639 4687 760 4734 erat
792 4677 1052 4745 mundus,
1082 4679 1315 4749 paradisi
1343 4681 1536 4749 gaudia
1563 4691 1847 4750 postquam

505 4850 528 4878 ι
555 4833 759 4886 Arbiter
793 4838 848 4885 ut
869 4829 1078 4883 mundi.
1123 4830 1304 4884 Altera
1354 4829 1594 4899 praefatio
1633 4840 1716 4884 est
1759 4833 2004 4886 versibus

436 4905 762 4972 conscripta,
793 4902 846 4955 in
897 4899 1091 4972 quibus
1119 4917 1223 4954 non
1257 4916 1468 4972 semper
1511 4903 2005 4972 servaturiquanti~

436 4916 762 4972 conscripta,
793 4917 846 4955 in
897 4916 1091 5024 quibus
1119 4917 1223 4954 non
1257 4916 1468 4967 semper
1511 4916 1758 4954 servatur
1792 4916 2001 4970 quanti—

435 4984 519 5029 tas
546 4973 888 5045 syllabarum.
914 4986 971 5045 _n
999 4970 1100 5023 hac
1119 4978 1296 5045 autem
1331 4968 1645 5045 praefatione
1660 4970 2001 5045 scribitquod

437 5038 882 5112 quemadmodum
912 5041 1053 5094 Deus
1087 5040 1292 5112 creavit
1313 5038 1478 5112 solem
1507 5047 1562 5092 et
1600 5038 1775 5112 lunam
1814 5038 1891 5112 ad
1911 5040 2002 5093 de-

438 5108 709 5183 ponendas
741 5110 1020 5183 tenebras,
1048 5110 1144 5183 ‘sic
1185 5124 1307 5162 cum
1331 5108 1505 5183 homo
1547 5109 1784 5183 peccatis
1810 5111 2001 5183 obscu-

439 5177 586 5235 ratus
606 5181 814 5242 fuisset,
841 5180 985 5233 misit
1015 5179 1240 5234 alterum
1267 5177 1456 5239 solem,
1493 5194 1680 5247 nempe
1705 5177 1998 5240 Christum,

437 5252 528 5322 qui
578 5249 871 5322 Ecclesiam
925 5248 1292 5322 illuminavit;_
1323 5248 1374 5300 in
1431 5262 1533 5314 qua
1581 5250 1752 5322 primo
1803 5248 2002 5322 fulsere

439 5318 684 5390 apostoli,
717 5328 828 5372 tum
850 5328 1134 5390 martyres,
1168 5319 1382 5390 tandem
1413 5318 1658 5390 monachi
1685 5325 1738 5369 et
1769 5318 2003 5390 anacho-

440 5384 592 5453 retcc,
639 5390 732 5458 qui
774 5404 877 5442 non
927 5384 1084 5458 modo
1128 5385 1344 5458 virtutis
1391 5384 1692 5458 splendore,
1724 5388 1816 5458 sed
1838 5388 2000 5440 etiam

440 5455 760 5528 scriptorum
796 5472 1016 5512 suorum
1043 5456 1160 5510 luce
1187 5456 1339 5528 nobis
1367 5455 1832 5528 viam_ad__coelum_
1873 5471 2002 5528 _mu-

444 5523 676 5582 nierunt.
732 5528 806 5580 Ex
849 5543 1075 5595 quorum
1131 5526 1450 5595 scriptorum
1509 5523 1728 5595 floribus
1758 5525 1912 5595 dicit
1948 5539 2006 5578 se

444 5605 647 5650 sertum
675 5593 1056 5664 composuisse,
1087 5603 1141 5648 et
1164 5593 1485 5664 [tegularum
1525 5593 1878 5664 Concordiam
1908 5609 2008 5664 ap-

447 5665 692 5736 pellasse,
724 5661 830 5734 quo
857 5664 1046 5718 horum
1077 5661 1382 5720 sanctorum
1408 5661 1626 5718 Patrum
1659 5679 1818 5719 uuam
1850 5663 2006 5718 (idem

2109 3867 2426 3924 Perdiderat
2451 3875 2668 3939 gestans
2705 3876 2870 3923 tetras
2891 3869 2944 3922 in
2983 3867 3148 3922 corde
3179 3865 3462 3928 tenebras,

2106 3958 2221 4014 Nec
2246 3959 2416 4014 oculis
2443 3957 2619 4014 lucem
2649 3966 2860 4028 poterat
2886 3957 3166 4013 intendere
3199 3956 3398 4011 clausis

2107 4048 2256 4104 Luce
2283 4049 2496 4118 quidem
2527 4064 2744 4114 vacuus,
2765 4047 2904 4103 male
2924 4063 3106 4114 sanus,
3131 4047 3373 4101 daemone
3398 4045 3607 4115 plenus.

2111 4141 2222 4196 Has
2251 4150 2432 4196 tamen
2459 4148 2522 4195 ut
2556 4143 2806 4196 tenebras
2832 4155 3058 4210 superus
3079 4137 3400 4193 discinderet
3426 4152 3652 4198 omnes,

2109 4230 2368 4300 Fulgidus
2395 4232 2446 4285 in
2471 4246 2632 4286 carne
2653 4232 2823 4302 patuit
2844 4231 2925 4286 sol
2954 4244 3110 4286 verus
3136 4230 3252 4284 Eoi.

2115 4334 2137 4362 ο
2179 4321 2434 4377 Ecclesia:
2461 4321 2743 4392 splendere
2761 4321 2922 4390 jubar
2941 4322 3113 4393 jubet,
3137 4321 3244 4375 alta
3271 4320 3521 4390 polorum

2116 4411 2185 4466 Ut
2213 4419 2384 4481 petat,
2414 4411 2649 4474 edocuit,
2681 4409 2856 4480 typice
2879 4425 3000 4479 quae
3027 4410 3151 4462 luna
3171 4417 3417 4462 vocatur.

2113 4502 2298 4570 Surgit
2323 4510 2377 4556 et
2403 4501 2593 4556 exinde
2618 4501 2843 4555 nimium
2856 4509 2938 4554 sat
2969 4500 3120 4553 turba
3148 4499 3328 4563 beata,

2113 4589 2299 4645 Canus
2327 4590 2655 4658 apostolicus
2682 4589 2915 4643 reboans
2935 4602 3032 4655 per
3060 4588 3291 4656 compita
3325 4585 3509 4639 mundi

2033 4675 2086 4732 D
2114 4680 2287 4734 Verba
2309 4680 2588 4735 Tonantis.
2621 4679 2688 4733 Et
2721 4677 2964 4747 exsurgit
2993 4677 3019 4716 ἀ
3056 4685 3177 4746 post
3213 4677 3443 4745 denique
3477 4675 3685 4745 fulgens

2106 4846 2378 4899 unamque
2406 4838 2641 4884 mentem
2695 4829 2862 4885 fuisse
2909 4829 3236 4884 ostenderet.
3285 4827 3527 4899 Tandem
3561 4831 3684 4883 sub-

2098 4899 2276 4980 jungit
2296 4897 2598 4980 epilogum,
2628 4915 2734 4980 quo
2755 4899 2976 4953 abbates
3003 4908 3059 4952 et
3092 4897 3384 4980 monachos
3409 4901 3483 4980 ad
3526 4901 3681 4970 hujus

2105 4968 2225 5024 libri
2251 4968 2509 5024 lecturam
2541 4968 2818 5031 hortatur;
2848 4984 3006 5038 quem
3039 4969 3283 5036 sequitur
3305 4968 3503 5022 oratio.

2178 5041 2205 5078 b
2239 5037 2777 5108 Lucifugw.7$cilicet
2806 5037 3062 5092 tenebrte.

2176 5120 2197 5147 ο
2232 5105 2503 5162 Ecclesia}.
2539 5107 2662 5162 Haec
2688 5109 2760 5161 ita
2787 5105 3156 5176 distinguenda
3185 5114 3342 5160 sunt:

2229 5219 2464 5270 Ecclesiae
2487 5220 2754 5281 splendere
2771 5220 2913 5280 jubar
2939 5219 3073 5280 iubet
3097 5255 3112 5278 ,
3136 5218 3229 5266 alta
3256 5216 3478 5278 polorum

2231 5281 2296 5332 Ut
2321 5290 2476 5344 petat,
2502 5283 2718 5340 edocuit,
2745 5283 2906 5342 lypice
2931 5292 3041 5340 quae
3067 5281 3175 5327 luna
3199 5286 3413 5328 vocatur.

2106 5387 2172 5439 Et
2199 5387 2326 5440 luna
2355 5384 2672 5439 vocabulum
2695 5385 2764 5438 ad
2805 5385 2861 5440 τὸ
2897 5380 3144 5435 Ecclesia!
3191 5389 3274 5436 est
3319 5380 3677 5440 referendum,

2107 5457 2210 5510 hoc
2239 5456 2417 5518 modo,
2453 5455 2722 5518 Ecclesia,
2750 5469 2866 5523 qua:
2894 5453 3061 5522 typice
3097 5450 3224 5523 [uno
3258 5464 3503 5523 vocatur,
3537 5452 3680 5523 jacet

2107 5524 2376 5648 ἱριεηίίῦνε
2392 5525 2556 5593 jubnr
2578 5539 2596 5575 :
2617 5520 2842 5588 edocuit,
2874 5531 2930 5574 ut
2951 5520 3097 5591 petat
3149 5522 3256 5574 alta
3287 5522 3545 5590 polorum.
3594 5520 3680 5572 Est

2149 5610 2280 5648 vner
2321 5605 2469 5648 aton.

2149 5610 2373 5718 ³1901ςὲῗέ
2379 5611 2617 5734 (z'eonique
2643 5663 2868 5734 fulgens,
2891 5671 2996 5716 etc.
3028 5657 3285 5730 Martyres
3318 5659 3585 5729 intelligit.
