3958 6198
248 293 353 351 71⁸1

249 406 560 473 Astrigerus
590 400 723 456 ordo
754 415 915 457 roseo
937 398 1164 453 vestitus
1191 396 1397 450 amictu
1431 413 1442 447 :

249 493 526 562 Sanguine
563 491 759 560 quippe
782 507 879 546 suo
904 489 1151 553 rutilans,
1183 501 1346 556 quem
1371 483 1594 539 fundere
1624 483 1828 538 Christi

249 582 401 637 Fecit
428 594 584 635 amor
613 593 637 620 α
662 595 870 634 sacrus.
893 579 922 618 ι)
939 577 1116 632 Patuit
1141 584 1290 646 post,
1319 573 1487 627 millia
1512 572 1657 626 mille

248 671 598 740 Exsuperans
626 684 911 723 numerum
937 667 1095 721 niveo
1120 665 1210 733 qui
1242 664 1405 718 micat
1436 663 1636 714 amictu

247 761 394 816 Ordo
423 761 615 815 beatus
638 760 742 814 iter
761 759 1012 830 gradiens
1037 755 1180 827 quod
1211 753 1380 808 tendit
1408 753 1474 806 ad
1509 759 1654 805 astra
1672 792 1687 814 ,

248 860 271 887 ε
303 849 536 902 lbicibus
563 847 757 902 similis
783 856 1029 901 temnens
1057 841 1343 899 morientia
1365 849 1582 904 cuncta,

249 939 318 994 Et
345 937 560 992 deserta
589 945 800 1006 petens,
834 936 1099 990 recubans
1127 933 1178 987 in
1204 932 1477 986 montibus
1506 931 1647 994 altis,

245 1029 358 1084 Aut
376 1027 645 1098 profunda
673 1025 835 1079 nimis
859 1025 1098 1079 retinens
1128 1023 1361 1078 confinia
1386 1021 1542 1075 vallis

249 1116 578 1172 Mortificare
607 1124 781 1169 semet
811 1114 1052 1183 cupiens;
1082 1124 1142 1166 ut
1169 1112 1430 1167 scandere
1458 1110 1655 1165 coelum

247 1211 461 1273 Posset,
483 1217 538 1261 et
559 1205 1049 1278 angelicisjunctus
1073 1220 1171 1274 per
1193 1203 1390 1259 smcula
1413 1202 1689 1258 Christum

247 1298 589 1354 Conlaudarc
614 1296 797 1349 choris
821 1294 962 1348 dulci
985 1293 1347 1348 modulamine
1369 1301 1618 1348 cantans.

250 1387 349 1442 Hic
372 1401 538 1456 opere
568 1385 854 1452 verbisque
880 1383 994 1438 suis
1025 1383 1350 1438 documenta
1390 1381 1583 1436 salutis

249 1474 656 1531 Demonstravit
683 1488 851 1528 ovans
877 1473 1108 1538 cunctis,
1139 1473 1230 1542 qui
1258 1488 1424 1543 regna
1455 1473 1702 1542 polorum

249 1564 528 1619 Scandere
552 1562 874 1631 quantocius
903 1571 1173 1632 satagunt.
1200 1560 1335 1616 Nam
1361 1562 1525 1615 multa
1559 1562 1750 1618 libellis

248 1653 634 1722 Conscripsere
658 1651 899 1722 quidam,
930 1652 1112 1722 potius
1140 1667 1276 1722 quos
1301 1652 1434 1706 ordo
1455 1653 1644 1707 beatus

247 1743 494 1798 Eximios
517 1743 710 1807 tenuit,
744 1743 925 1797 docuit
953 1757 1089 1811 quos
1112 1741 1345 1796 maxime
1374 1741 1622 1797 Christus

247 1834 348 1901 Qui
378 1833 623 1903 pandunt
650 1833 754 1886 iter
779 1833 1124 1904 astrigerum,
1161 1833 1253 1902 qui
1276 1833 1470 1903 gaudia
1491 1835 1616 1888 vitae

251 1924 491 1978 Vocibus
513 1921 742 1977 excelsis
766 1924 1011 1988 reboant,
1043 1931 1103 1977 ut
1135 1932 1312 1977 terrea
1341 1923 1585 1993 linquant

248 2012 508 2067 Mortales
535 2011 782 2066 homines
810 2029 822 2065 :
853 2013 1068 2067 valeant
1105 2022 1166 2068 ut
1193 2014 1372 2069 vivere
1396 2029 1628 2082 semper.

248 2102 346 2155 Vir
376 2099 703 2155 Benedictus
725 2109 780 2156 et
801 2100 1057 2165 Isidorus,
1085 2101 1318 2158 Basilius
1347 2111 1561 2157 exstant

247 2191 472 2256 Eximii,
500 2203 733 2260 quorum
759 2193 993 2247 renitent
1023 2199 1109 2246 sat
1139 2192 1281 2248 dicta
1307 2207 1404 2261 per
1436 2193 1644 2246 orbem.

318 2358 346 2387 ι
374 2345 607 2402 Socrus.
629 2346 737 2402 Pro
775 2363 944 2402 sacer.
971 2345 1177 2402 Glossa:
1204 2355 1418 2403 veteres
1446 2365 1462 2403 :
1489 2349 1621 2411 θεῖος
1651 2350 1829 2413 τόπος,

246 2433 456 2479 sacras,
481 2434 651 2482 sacer,
682 2418 834 2473 locus
860 2417 1134 2472 videlicet.

320 2486 347 2525 ι)
387 2484 577 2557 Potuit
610 2496 725 2557 post
767 2486 933 2557 millia
977 2487 1119 2540 mille
1163 2503 1484 2556 exsuperans
1537 2504 1834 2554 numerum,

247 2565 356 2610 etc.
385 2555 642 2625 intelligit
681 2555 974 2610 monachos
999 2565 1054 2610 et
1075 2555 1451 2610 anachoretas.

321 2637 344 2662 ε
383 2625 640 2679 lbicibus.
673 2627 727 2679 ln
754 2625 1052 2681 Concordia
1082 2641 1183 2680 ms.
1213 2626 1416 2681 codicis
1429 2625 1842 2682 Vindocinensis

248 2694 453 2766 legitur
490 2694 758 2748 Obicibus.
800 2695 956 2750 Male.
991 2696 1160 2750 lbices
1182 2706 1555 2766 sunticapreae
1583 2698 1844 2752 mirandae

249 2765 548 2819 admodum
577 2766 935 2833 pernicitatis.
977 2767 1051 2820 De
1086 2765 1282 2834 quibus
1309 2765 1542 2830 Plinius,
1577 2766 1671 2820 lib.
1714 2783 1838 2832 vut,

247 2850 372 2904 cap.
407 2835 480 2887 55
513 2853 528 2906 ς
565 2852 582 2906 t
620 2835 759 2889 Sunt
780 2851 1004 2905 capt-ere,
1031 2843 1159 2888 sunt
1185 2835 1516 2906 rupicapreze
1537 2876 1551 2900 ,
1582 2845 1708 2891 sunt
1741 2838 1843 2891 ibi-

247 2920 341 2958 ces
371 2904 721 2976 pernicitatis
749 2904 1024 2976 mirandae,
1054 2904 1637 2976 quanquam'oneratae
1665 2907 1843 2976 capite

246 2975 426 3045 vastis
478 2976 751 3037 cornibus,
803 2974 1209 3045 gladiorumque
1259 2975 1486 3045 vaginis.
1544 2977 1600 3030 In
1629 2974 1745 3030 hazé
1783 2991 1842 3032 se

247 3043 480 3107 librant,
510 3054 568 3097 ut
598 3043 869 3101 tormento
897 3045 1075 3114 aliquo
1107 3045 1268 3098 rotati
1299 3043 1353 3099 in
1402 3055 1582 3114 petras
1611 3047 1838 3114 potissi-

248 3129 404 3168 tuum
433 3129 465 3167 e
489 3123 673 3169 monte
698 3115 879 3185 aliquo
924 3115 978 3169 in
1031 3113 1194 3168 alium
1233 3113 1504 3185 transilire
1538 3113 1845 3185 quirrcntes

1264 277 1654 338 CONCORDIA
1690 273 2148 336 RECULARUM.
2189 264 2258 319 ξ-ἔ-
2295 273 2446 335 CAP.
2484 275 2528 333 ῐ.

1861 396 1909 452 Α
1937 391 2011 444 Ex
2048 404 2277 459 quorum
2312 378 2649 445 documentis
2673 386 2776 444 hos
2803 385 3096 459 decerpere
3118 386 3276 445 ﬂores

3401 282 3505 341 'll8

1936 477 2253 552 Multigenos
2279 476 2506 550 placuit,
2533 493 2749 548 unoque
2771 474 3010 532 scribere
3038 478 3198 542 libro,

1934 569 2268 642 Florigerum
2297 570 2464 625 veluti
2493 567 2775 624 monachis
2805 568 3094 638 depingere
3125 576 3354 632 sertum,

1933 661 1992 718 In
2017 678 2125 732 quo
2159 662 2312 717 valde
2338 678 2474 718 rosae
2497 661 2740 724 rutilant,
2770 669 2824 715 et
2847 660 2958 713 lilia
2987 661 3258 724 candent,

1933 751 2014 807 Ac
2041 752 2194 806 viola:
2220 750 2444 822 fulgent,
2474 750 2721 806 redolent
2742 750 3023 805 vernantia
3049 765 3298 820 quaeque.

1934 841 2054 896 Jam
2083 841 2345 912 quidquid
2372 842 2607 896 docuere
2635 840 2828 894 Patres
2855 839 3216 904 concorditer,
3242 849 3406 910 atque

1935 930 2130 988 Verius
2152 941 2211 986 ut
2235 931 2429 998 fatear,
2452 931 2478 971 ἀ
2511 933 2700 986 eadem
2737 930 2897 987 simul
2918 947 3057 985 unus
3083 939 3139 986 et
3159 931 3275 1002 ipsa

1936 1021 2134 1086 Verba,
2158 1021 2286 1078 licet
2308 1033 2500 1077 sensus
2528 1021 2735 1092 dispar,
2767 1035 2874 1075 non
2893 1021 3162 1075 scinditur
3184 1037 3344 1088 unus,

1937 1110 2052 1166 Una
2081 1119 2230 1166 tenet
2254 1112 2450 1180 patria,
2483 1119 2686 1166 trames
2718 1125 2824 1180 qua
2845 1111 2998 1165 duxit
3017 1118 3075 1164 et
3091 1125 3264 1176 unus,

1936 1200 2175 1258 Dicimus
2195 1216 2324 1271 ergo
2349 1201 2474 1256 libri
2502 1215 2700 1256 nomen
2732 1198 3029 1255 Concordia
3057 1199 3180 1255 rite.

1937 1293 2170 1358 Sumite,
2203 1293 2436 1348 cmlicoli
2463 1293 2676 1357 Patres,
2707 1293 2825 1347 haec
2849 1291 3034 1346 munia
3062 1289 3306 1346 Patrum.

1894 1355 2314 1452 agamite'hazc,
2345 1385 2620 1450 monachi,
2652 1355 2878 1450 monita,
2901 1399 3022 1456 quae
3051 1395 3076 1424 ο
3102 1383 3303 1456 Regula
3330 1392 3516 1439 saneta

1937 1475 2046 1530 Vos
2067 1483 2254 1530 mouet
2279 1475 2529 1540 assidue;
2554 1473 2751 1544 pavido
2775 1488 2845 1528 ne
2867 1475 3030 1529 corde
3051 1473 3272 1544 fugaces

1935 1567 2069 1621 Avia
2093 1566 2316 1622 sectetis
2334 1564 2605 1628 barathri,
2631 1565 2776 1635 quod
2807 1565 2978 1619 tendit
3006 1565 3074 1619 ad
3110 1565 3218 1619 ima
3245 1578 3263 1616 :

1937 1656 2064 1711 Haec
2095 1663 2180 1712 est
2204 1670 2333 1710 vera
2359 1656 2480 1720 via;
2513 1655 2693 1726 porgit
2718 1655 2837 1709 haec
2861 1653 3052 1725 pocula
3080 1655 3206 1710 vita:

1862 1742 1912 1801 B
1937 1745 2138 1800 Pabula
2171 1745 2420 1800 dulciﬂua
2451 1744 2630 1808 melle,
2661 1758 2782 1812 quae
2817 1742 3025 1799 dulcius
3049 1753 3289 1812 exstant,

1937 1834 2064 1889 Haec
2091 1834 2281 1888 tribuit
2300 1834 2493 1896 codex,
2535 1832 2724 1886 tribuit
2746 1832 2863 1886 sine
2899 1831 3007 1887 fine
3030 1834 3188 1889 beate

1937 1923 2132 1977 Vivere
2157 1937 2282 1977 cum
2309 1919 2547 1985 Christo,
2575 1921 2870 1989 dignasque
2896 1936 3146 1990 promere
3172 1931 3373 1995 grates.

1938 2011 2038 2077 Te,
2062 2012 2320 2076 Trinitas,
2343 2011 2540 2082 rogito,
2571 2011 2724 2065 nobis
2754 2010 2858 2064 iter
2881 2019 3002 2066 esto
3028 2011 3239 2080 salutis,

1942 2099 2014 2155 Ut
2040 2108 2093 2154 te
2115 2100 2280 2155 dante
2310 2108 2402 2156 tuo
2429 2098 2706 2154 valeamus
2727 2098 2910 2155 vivere
2936 2114 3124 2172 regno.

1935 2347 2645 2420 Comparanturwmonacbi
2697 2349 2930 2404 ibicibus
2967 2352 3122 2420 juxta
3177 2349 3307 2407 illud
3364 2351 3520 2410 Cant.

1938 2433 2060 2487 cap.
2077 2416 2131 2472 ‘It
2173 2416 2417 2489 :Signilis
2469 2417 2894 2489 dilectursrmeus
2949 2416 3153 2489 caprea:
3203 2421 3525 2489 hinnuloque

1941 2441 2060 2487 cap.
2094 2441 2131 2472 II
2173 2441 2417 2472 :ormms
2469 2441 2693 2472 (meatus
2749 2441 2894 2473 meus
2949 2441 3153 2489 caprea:
3203 2441 3424 2477 ηιηπυιο
3461 2441 3521 2478 ue

1941 2504 2231 2561 cervorugn.
2271 2487 2409 2561 Sunt
2445 2488 2612 2561 etiam
2658 2488 2829 2543 ibices
2867 2500 2996 2561 aves
3019 2498 3285 2561 _streper:e
3324 2501 3380 2545 et
3404 2441 3521 2547 εἵα-

1942 2572 2128 2630 mestis.
2151 2555 2283 2621 Ἰϐιξ
2304 2555 2438 2619 εἶδος
2463 2559 2638 2630 ὀρνέου
2659 2565 2954 2630 κρητικοῦ.
2978 2557 3032 2612 Id
3055 2555 3159 2624 est;
3188 2561 3298 2614 ihix
3318 2564 3525 2629 species

1945 2627 2061 2699 avis
2088 2627 2536 2699 strepermau‘nde
2563 2627 2788 2699 verbum
2818 2630 3100 2689 ὶϐυκνὶσαις
3125 2630 3266 2699 quod
3297 2627 3394 2699 per
3421 2649 3528 2686 me-

1946 2646 2061 2680 aus
2088 2646 2368 2696 Strcperm.
2394 2646 2536 2680 unae
2563 2646 2788 2681 vernum
2818 2646 3100 2689 ιδυκνισαις
3163 2646 3266 2683 ιιοα
3297 2646 3394 2699 per
3421 2649 3526 2686 me-

1946 2696 2230 2764 taphoram
2261 2696 2530 2767 significat
2562 2695 2855 2752 buccinare
2878 2737 2893 2763 ,
2925 2699 3082 2753 docet
3122 2646 3526 2771 glymologicon

1944 2773 2124 2820 vetus.

2013 2834 2053 2908 d_
2079 2835 2280 2890 Eadem
2306 2835 2465 2890 simul
2494 2854 2630 2892 unus
2659 2838 2886 2908 etripsa,
2933 2845 3040 2892 etc.
3082 2835 3138 2908 Id
3177 2846 3292 2902 est,
3335 2841 3526 2896 eadem

1943 2905 2130 2968 verba,
2162 2921 2301 2982 unus
2331 2921 2527 2962 sensus
2563 2923 2670 2982 non
2703 2905 2927 2974 divisus,
2957 2908 3058 2962 etsi
3089 2907 3310 2978 dispar,
3333 2926 3526 2982 nempe

1944 2990 2044 3046 pro
2059 2976 2326 3046 varietate
2351 2976 2766 3033 sententiarum.

2021 3055 2044 3085 ο
2071 3044 2275 3120 Regula
2297 3056 2504 3120 sancta.
2532 3047 2587 3120 Id
2612 3055 2728 3120 est,
2774 3047 3188 3120 Regulaisancti
3231 3047 3527 3106 Benedicti.

1944 3115 2024 3195 lta
2061 3115 2364 3195 appellatur
2384 3132 2415 3170 a
2445 3116 2612 3172 Paulo
2631 3115 2881 3184 diacono,
2927 3117 3158 3188 aliisque
3191 3120 3532 3187 auctoribus,

246 3192 419 3253 atque
442 3197 669 3240 recussu
706 3181 1012 3255 pernicius,
1058 3200 1166 3254 quo
1203 3184 1450 3250 libuerit,
1493 3181 1783 3241 exsultant.
1819 3206 1838 3238 ι
1872 3181 1916 3242 C
1949 3194 2008 3240 ut
2039 3181 2172 3240 alias
2200 3186 2502 3242 docuimus.

262 3321 3521 3346 Mm

1008 3498 1854 3636 INCIPIT

2005 3499 2761 3638 LIBER.

1445 3773 1780 3850 CAPUT
1859 3771 2298 3849 PRIMUM.

1351 3944 1443 3999 DE
1477 3941 1868 4000 CONCORDIA
1904 3939 2364 3998 REGULARUM.

265 4163 292 4234 ᾗ
323 4163 363 4218 I.
382 4193 453 4204 --
475 4163 554 4217 Ex
578 4162 793 4238 Renum
822 4180 1009 4238 ssxcri
1031 4164 1322 4238 Bensotcrt
1353 4164 1490 4237 (cap.
1512 4166 1662 4238 ξιιμ).
1693 4169 1845 4234 Quod

334 4252 439 4314 non
468 4234 636 4354 pinnis
661 4235 943 4288 observatio
959 4234 1181 4304 justitia’
1205 4237 1259 4290 in
1286 4234 1385 4290 hac
1407 4234 1472 4291 sit
1501 4234 1702 4308 Regula
1722 4255 1847 4292 con-

334 4315 462 4354 smu
492 4321 544 4354 a.

332 4315 544 4356 ειιιαια.

339 4453 363 4478 ι
401 4437 658 4506 Regulam
685 4446 864 4491 autem
896 4439 1036 4492 hanc
1064 4437 1444 4507 descripsimus
1462 4478 1478 4504 ,
1503 4446 1564 4493 ut
1585 4439 1725 4494 hanc
1751 4439 1848 4494 ob-

267 4538 550 4583 servantes
569 4529 622 4581 in
649 4528 995 4582 monasteriis
1022 4527 1050 4567 b
1081 4528 1441 4596 aliquatenus,
1473 4526 1557 4581 vel
1592 4528 1845 4582 honesta-

266 4627 378 4673 tem
399 4633 638 4684 morum,
669 4627 764 4674 aut
785 4619 998 4676 initium
1036 4619 1462 4673 conversationis
1505 4633 1604 4674 nos
1629 4620 1849 4674 demon-

1945 4179 2182 4226 stremus
2206 4168 2426 4223 habere.
2459 4166 2728 4223 Caeterum
2771 4165 2841 4222 ad
2885 4164 3271 4236 perfectionem
3307 4182 3532 4225 conver-

1947 4262 2176 4317 sationis
2211 4272 2233 4300 ο
2278 4260 2371 4330 qui
2411 4258 2704 4326 festinant,
2753 4267 2880 4315 sunt
2925 4259 3182 4315 doctrina:
3217 4269 3530 4316 sanctorum

1948 4353 2191 4415 Patrum,
2237 4363 2466 4419 quarum
2501 4350 2806 4406 observatio
2844 4350 3110 4420 perducat
3143 4349 3418 4404 hominem
3463 4349 3533 4405 ad

1947 4442 2320 4498 celsitudinem
2353 4440 2722 4512 perfectionis.
2756 4439 2948 4508 tlQuae
2988 4440 3132 4496 enim
3173 4439 3404 4510 pagina,
3441 4449 3538 4496 aut

1948 4533 2070 4602 quis
2107 4548 2288 4588 sermo
2323 4532 2519 4586 divina:
2547 4533 2883 4589 auctoritatis
2915 4530 3127 4587 Veteris
3165 4546 3230 4586 ac
3263 4529 3398 4586 Novi
3426 4529 3535 4585 Te-

1956 4621 2208 4678 stamenti
2243 4635 2351 4675 non
2387 4629 2474 4676 est
2517 4621 2821 4677 rectissima
2851 4634 3043 4676 norma
3084 4619 3210 4675 vita:
3245 4617 3537 4675 humanm?

339 4789 362 4816 α
399 4775 649 4844 Regulam
677 4785 871 4830 autem.
915 4773 1190 4843 taispiam
1231 4773 1466 4844 fortasse
1504 4783 1710 4842 qumrct
1754 4790 1854 4844 cur
1877 4777 1930 4836 D
1955 4774 2309 4830 Concordiam
2332 4773 2656 4844 Regularum
2688 4775 2938 4844 appellat.
2970 4772 3084 4844 Dici
3117 4773 3281 4829 etiam
3314 4779 3531 4844 potest:

271 4847 432 4916 hujus
458 4842 786 4916 Concordia;
807 4855 996 4898 auctor
1013 4842 1272 4916 ultimum
1303 4842 1515 4916 Regula:
1553 4844 1723 4916 sancti
1750 4843 1852 4916 Bcf

270 4912 473 4968 neilicti
514 4923 675 4982 caput
703 4915 826 4968 huic
865 4930 974 4968 sua:
1000 4913 1316 4967 Concordia:
1349 4912 1678 4980 przelixerit;
1721 4923 1775 4968 et
1802 4913 1855 4966 id

270 4983 411 5052 quod
444 4993 526 5036 est
557 4984 773 5052 Regula:
803 4983 1065 5052 epilogus,
1112 4983 1292 5049 operis
1335 4982 1418 5035 sui
1456 4982 1694 5052 voluerit
1735 4997 1856 5038 esse

271 5051 610 5132 prsctl‘utlium.
638 5051 1014 5132 Verum,__cum
1042 5061 1230 5132 auctor
1251 5051 1858 5132 nostcrllegnlanusan-

274 5123 347 5176 eti
377 5122 651 5176 Benedicti
676 5137 796 5175 cum
823 5121 1050 5176 aliorum
1080 5121 1300 5174 Patrum
1332 5121 1590 5174 institutis
1609 5123 1855 5176 conferre

275 5191 328 5243 in
359 5193 462 5245 hoc
490 5205 651 5259 opere
679 5192 990 5254 instituerit,
1023 5207 1128 5244 non
1152 5191 1249 5244 abs
1270 5207 1330 5244 re
1355 5189 1454 5243 fuit
1479 5190 1580 5245 hoc
1607 5192 1856 5246 ultimum

278 5260 494 5327 Regula:
522 5270 682 5330 caput
721 5262 845 5314 huic
893 5262 1030 5315 libro
1063 5274 1408 5329 praeponere;
1449 5260 1504 5313 in
1542 5276 1648 5330 quo
1690 5262 1855 5315 etiam
1934 5281 1937 5285 ·

278 5338 498 5382 sanctus
528 5329 849 5384 Benedictus
875 5331 1136 5399 Regulam
1167 5345 1318 5383 suam
1345 5345 1468 5384 cum
1499 5329 1724 5384 aliorum
1757 5330 1855 5384 Pa-

280 5407 422 5450 trum
456 5399 885 5455 institutionibus
925 5401 1258 5454 monachicis
1290 5400 1560 5463 contulit,
1599 5415 1661 5454 ea
1698 5400 1858 5453 nimi-

281 5483 399 5520 rum
447 5470 684 5533 ratione,
717 5478 775 5523 ut
804 5485 921 5524 eam
955 5471 1058 5524 illis
1082 5477 1460 5538 postponeret;
1498 5470 1600 5523 etsi
1644 5469 1856 5523 illorum

284 5539 550 5608 vestigiis.
573 5551 833 5606 quantum
858 5541 1089 5592 maxime
1112 5539 1364 5606 potuerit,
1381 5539 1859 5606 institerit,quem-

286 5607 574 5661 admodum
603 5609 692 5662 hic
717 5618 904 5663 auctor
926 5617 1112 5664 noster
1148 5610 1518 5664 demonstrare
1549 5608 1856 5674 contendit,

292 5677 376 5742 qui
401 5686 455 5731 et
485 5678 585 5732 hoc
611 5692 850 5747 praesens
892 5687 1055 5750 caput
1096 5679 1150 5735 in
1193 5679 1501 5734 lemmatum
1547 5679 1859 5734 recensione

1955 4846 2081 4912 quia
2103 4859 2232 4900 suos
2255 4845 2323 4899 ad
2348 4841 2467 4898 illas
2488 4841 2854 4898 institutiones
2874 4843 3104 4897 remittit
3123 4851 3343 4897 sanctus
3364 4841 3535 4901 Bene-

1957 4914 2154 4968 dictus.

2028 4983 2057 5023 ι)
2085 4983 2427 5055 Aliquatenus
2458 4980 2535 5055 vel
2561 4981 2882 5055 honestatem
2901 4995 3133 5055 nierum.
3167 4981 3291 5055 Haec
3313 4993 3413 5055 per
3438 4993 3534 5034 ex-

1959 5047 2325 5109 tenuationem
2350 5050 2669 5106 humilitatis
2692 5049 2860 5119 gratia
2885 5048 3028 5119 dicta
3051 5058 3196 5103 sunt.
3226 5047 3359 5119 Nam
3381 5047 3536 5119 longe

1959 5123 2397 5178 excellentiorem
2421 5117 2804 5192 perfectionem
2826 5118 3000 5174 sancti
3028 5119 3301 5176 Benedicti
3331 5117 3534 5191 Regula

1959 5195 2354 5262 complectitur.
2832 5258 2865 5270 η

1982 5329 1985 5330 ν
2032 5273 2055 5299 ο
2096 5263 2198 5326 Qui
2225 5262 2494 5330 festinant.
2527 5259 2788 5324 Subaudi,
2825 5274 2912 5312 ns.
2942 5257 3058 5314 Hoc
3089 5259 3289 5314 modo:
3328 5259 3416 5324 iis,
3445 5259 3539 5330 qui.

1962 5329 2233 5399 festinant.
2260 5331 2356 5385 Est
2383 5330 2752 5385 hellenismus.

2031 5399 2058 5438 ιι
2087 5400 2218 5464 Quae
2241 5401 2377 5453 enim
2405 5399 2619 5468 pagina,
2663 5408 2768 5453 etc.
2809 5397 2935 5456 Hmc
2976 5413 3085 5454 non
3113 5398 3254 5454 dicta
3284 5404 3410 5454 sunt
3440 5410 3540 5465 per

1961 5468 2312 5524 elevationem
2333 5508 2350 5533 ,
2381 5485 2475 5523 seu
2517 5469 2977 5534 extenuationem,
3017 5471 3111 5524 sed
3152 5484 3238 5524 res
3267 5468 3341 5522 ita
3370 5475 3454 5521 est
3481 5471 3537 5519 ut

1963 5540 2128 5593 verba
2170 5547 2384 5594 sonant.
2431 5537 2600 5592 Nemo
2625 5546 2708 5594 cst
2735 5539 2877 5594 enim
2905 5541 3038 5596 adeo
3072 5541 3140 5596 ab
3162 5540 3308 5594 omni
3335 5535 3538 5604 judicio

1965 5623 2188 5682 aversus
2225 5609 2317 5677 qui
2342 5608 2533 5682 sancti
2579 5607 2850 5682 Benedicti
2898 5610 3156 5682 Regulam
3199 5609 3398 5666 divinis
3434 5605 3538 5659 illis

1963 5677 2196 5735 oraculis
2216 5678 2552 5750 tequiparare
2578 5677 2724 5734 velit.
