3958 6198
311 366 422 422 ἹΞΒ

1301 367 1692 426 CONCORDIA
1733 369 2188 426 REGULARUM.
2222 401 2290 411 -—-
2328 371 2478 426 CAP.
2513 371 2574 426 ll.

3463 374 3570 432 72’}

312 493 488 531 rorem
529 476 645 545 ejus
677 475 974 541 audieritis,
1019 475 1176 531 nolite
1221 479 1482 533 obdurare
1522 480 1681 532 corda
1725 489 1893 532 vestra
1924 485 1970 542 Α
1999 494 2094 532 sua
2123 494 2154 532 a
2181 480 2561 548 conspectibus
2590 480 2769 535 cordis
2797 481 2878 535 sui
2908 481 3129 537 deduxit
3149 481 3218 536 ad
3245 483 3493 550 nihilum,
3518 496 3574 541 et

315 567 489 641 (Psal.
520 569 695 639 ιειιι).
734 569 799 622 Εῑ
827 570 956 624 item
983 589 996 623 :
1022 569 1127 636 Qui
1154 570 1306 624 habet
1333 589 1488 626 aures
1516 571 1765 626 audiendi
1795 589 1892 624 au-

314 664 452 724 diat,
477 659 602 731 quid
630 657 857 730 Spiritus
884 661 1036 714 dicat
1060 660 1308 715 Ecclesiis
1337 663 1520 732 (Apoc.
1546 661 1630 733 ιι).
1661 662 1729 716 Ει
1752 663 1893 732 quod

313 753 486 807 dicit:
531 748 735 816 Venite,
766 751 884 820 filii,
927 752 1106 805 audite
1144 768 1249 819 me,
1291 754 1531 807 timorem
1554 753 1768 807 Domini
1799 753 1894 806 do-

313 841 436 898 cebo
467 857 554 896 vos
581 838 756 912 (Psal.
783 840 1000 910 sum).
1039 839 1268 908 Currite,
1295 842 1423 897 dum
1459 842 1626 896 lucem
1654 845 1770 896 vita:
1799 845 1896 896 lia-

312 933 464 995 betis,
488 947 552 984 ne
573 930 796 984 tenebrae
817 946 902 983 mo
911 930 1002 982 rtis
1023 946 1112 982 vos
1132 930 1567 1000 comprehendant
1591 928 1774 1000 (Joan.
1793 933 1890 1003 xi).

312 1021 379 1074 Et
407 1035 658 1090 quaerens
684 1018 944 1073 Dominus
970 1019 1024 1072 in
1051 1018 1396 1074 multitudine
1421 1019 1632 1088 p0puli,
1667 1020 1754 1074 cui
1781 1020 1896 1073 haec

312 1113 538 1176 clamat,
559 1110 865 1180 Operarium
889 1124 1044 1164 suum
1073 1109 1268 1163 iterum
1295 1109 1426 1164 dicit
1449 1127 1466 1162 :
1489 1108 1620 1175 Quis
1643 1120 1718 1162 est
1741 1110 1898 1163 homo

311 1204 404 1271 qui
418 1202 528 1256 vult
544 1202 722 1265 vitam,
740 1213 766 1242 α
783 1208 829 1254 et
844 1201 986 1270 cupit
1001 1200 1170 1253 videre
1184 1202 1294 1253 dies
1309 1199 1468 1253 bonos
1487 1198 1660 1269 (Psal.
1680 1201 1898 1271 xxxiii)?

313 1293 470 1358 Quod
495 1291 540 1346 si
567 1300 622 1345 ιιι
647 1291 873 1345 audiens
895 1289 1254 1359 respondeas:
1283 1289 1425 1359 Ego;
1451 1290 1584 1345 dicit
1605 1290 1698 1344 tibi
1721 1292 1890 1346 Deus:

315 1383 375 1436 Si
411 1382 498 1436 vis
533 1380 737 1435 habere
764 1395 948 1434 veram
991 1389 1047 1433 et
1078 1390 1393 1448 perpetuam
1428 1381 1628 1446 vitam,
1669 1381 1899 1450 prohibe

315 1473 554 1542 linguam
583 1479 728 1525 tuam
759 1485 791 1525 a
820 1471 982 1536 malo,
1019 1480 1072 1525 et
1098 1470 1237 1525 labia
1266 1481 1356 1525 tua
1386 1487 1453 1527 ne
1481 1472 1774 1541 loquantur
1803 1473 1898 1527 do-

319 1564 466 1626 lum;
502 1561 712 1615 diverte
737 1576 770 1614 a
800 1560 942 1614 malo
965 1569 1021 1615 et
1049 1559 1134 1616 fac
1157 1561 1360 1616 bonum
1377 1602 1390 1624 ,
1438 1562 1652 1631 inquire
1675 1578 1891 1632 pacem,

319 1655 347 1693 ι)
373 1662 428 1707 et
457 1667 685 1721 sequere
710 1667 851 1706 eam.
906 1651 974 1705 Et
1005 1666 1129 1705 cum
1165 1652 1280 1706 haec
1309 1652 1578 1717 feceritis,
1618 1655 1759 1708 oculi
1793 1655 1901 1708 mei

318 1759 482 1812 super
510 1758 626 1802 VOS.
670 1751 726 1796 ει
773 1757 934 1796 aures
981 1757 1113 1798 mea:
1155 1744 1224 1797 ad
1269 1757 1460 1810 preces
1497 1752 1750 1798 vestras:
1797 1755 1818 1782 ε
1843 1753 1900 1798 et

1997 569 2248 636 parvulos
2277 571 2542 640 cogitatus
2572 569 2693 639 ejus
2722 573 2894 626 tenuit
2917 581 2973 626 ct
2995 572 3160 627 allisit
3186 575 3254 629 ad
3277 574 3566 630 Christum.

1998 658 2098 724 Qui
2128 660 2376 715 timentes
2404 659 2683 716 Dominum
2712 663 2778 717 de
2805 662 2944 716 bona
2973 663 3312 730 observantia
3341 681 3437 720 sua
3466 682 3572 720 non

1997 763 2055 802 se
2081 749 2312 802 reddunt
2335 749 2525 814 elatos,
2543 751 2637 805 sed
2661 752 2774 820 ipsa
2803 751 2858 804 in
2881 767 2938 806 se
2955 750 3095 806 bona
3122 768 3228 806 non
3255 769 3286 806 a
3310 768 3370 808 se
3393 769 3575 824 posse,

1996 840 2091 893 sed
2137 856 2165 894 a
2211 840 2441 895 Domino
2486 841 2602 895 ﬁeri
2653 843 3028 898 existimantes
3071 853 3383 913 operantem
3424 845 3480 899 in
3518 859 3578 899 se

1997 927 2283 983 Dominum
2309 931 2676 1000 magnificam,
2703 931 2832 987 illud
2857 949 2977 987 cum
3001 935 3264 1003 prapheta
3290 935 3534 991 dicentes
3558 954 3572 989 :

1999 1017 2125 1073 Non
2166 1020 2336 1085 nobis,
2370 1020 2612 1085 Domine,
2659 1039 2763 1075 non
2803 1023 2974 1088 nobis,
3015 1023 3108 1076 sed
3148 1027 3343 1079 nomini
3381 1035 3470 1080 tuo
3507 1027 3576 1079 da

1996 1107 2220 1179 gloriam
2249 1108 2422 1181 (Psal.
2447 1111 2623 1181 exui).
2668 1111 2821 1165 Sicut
2855 1127 2956 1167 nec
2980 1112 3178 1168 Paulus
3207 1117 3483 1185 apostolus
3512 1119 3578 1172 de

1998 1201 2385 1270 praedicatione
2437 1217 2534 1256 sua
2584 1202 2686 1257 sibi
2738 1203 2942 1271 aliquid
2996 1203 3283 1272 imputavit
3334 1208 3574 1263 dicens:

1997 1285 2181 1342 Gratia
2205 1289 2304 1343 Dei
2332 1307 2472 1356 sum,
2494 1293 2549 1344 id
2576 1292 2714 1362 quod
2737 1308 2856 1344 sum
2881 1292 2933 1364 (I
2956 1289 3078 1348 Cor.
3104 1295 3216 1362 xv).
3257 1296 3319 1350 Et
3347 1297 3575 1361 iterum,

1996 1379 2086 1447 qui
2122 1378 2404 1448 gloriatur,
2441 1381 2496 1435 in
2534 1381 2759 1437 Domino
2799 1383 3052 1452 glorietur
3077 1385 3127 1457 (Ι
3154 1384 3278 1440 Cor.
3309 1385 3369 1455 ι).
3425 1388 3575 1444 Unde

1998 1470 2259 1527 Dominus
2304 1473 2357 1526 in
2406 1474 2698 1545 Evangelio
2746 1476 2860 1529 ait:
2903 1479 2928 1516 ε
2955 1475 3058 1540 Qui
3094 1478 3242 1531 audit
3281 1479 3431 1534 verba
3467 1498 3583 1534 mea

1997 1561 2130 1626 hwc,
2160 1572 2207 1617 et
2236 1563 2362 1629 facit
2390 1581 2476 1628 ea,
2505 1565 2745 1619 similabo
2777 1582 2894 1619 eum
2927 1569 3038 1619 viro
3066 1569 3309 1637 sapienti,
3335 1571 3423 1628 aui
3455 1572 3584 1624 tedi—

1995 1654 2171 1724 ﬁcavit
2197 1655 2411 1709 domum
2432 1674 2583 1710 suam
2603 1673 2763 1728 supra
2790 1667 3010 1728 petram.
3048 1657 3307 1714 Venerunt
3336 1663 3578 1730 ﬂumina.

1997 1748 2258 1816 ﬂaverunt
2297 1750 2456 1814 venti,
2501 1761 2552 1803 et
2590 1753 2915 1819 impegerunt
2955 1751 3010 1803 in
3051 1751 3263 1805 domum
3303 1751 3484 1817 illam,
3533 1766 3582 1806 et

319 1843 610 1904 antequam
658 1848 744 1888 me
793 1833 1096 1898 invocetis,
1145 1835 1321 1890 dicam
1368 1833 1564 1890 vobis:
1609 1835 1749 1890 Ecce
1799 1827 1975 1906 egoB
2004 1852 2109 1890 non
2128 1837 2331 1902 cecidit,
2349 1840 2472 1909 quia
2491 1838 2714 1907 fundata
2736 1849 2811 1892 est
2833 1857 2992 1908 supra
3013 1851 3212 1908 petram
3231 1841 3579 1915 (Manium).

319 1925 534 1978 adsum.
587 1923 724 1990 Quid
765 1923 976 1978 dulcius
1021 1924 1177 1977 nobis
1217 1925 1320 1978 hac
1345 1939 1480 1980 voce
1506 1926 1716 1980 Domini
1756 1925 1898 1980 invi-

323 2015 488 2068 tantis
514 2029 630 2076 nos,
661 2013 860 2066 fratres
885 2013 1209 2068 charissimi.
1263 2013 1404 2068 Ecce
1431 2015 1635 2083 pietate
1680 2030 1778 2069 sua
1808 2015 1901 2070 de-

321 2112 593 2158 monstrat
621 2104 781 2158 nobis
810 2103 1072 2157 Dominus
1095 2104 1234 2156 viam
1262 2104 1407 2160 vita}.
1441 2103 1744 2160 Succinctis
1768 2121 1900 2176 ergo

321 2195 428 2250 fide
451 2194 535 2252 vel
555 2195 902 2249 observantia
923 2197 1183 2249 bonorum
1205 2205 1420 2250 actuum
1451 2196 1647 2252 lumbis
1674 2199 1899 2264 nostris,

321 2299 419 2351 per
459 2284 710 2338 ducatum
755 2283 1030 2354 Evangelii
1073 2299 1364 2354 pergamus
1407 2285 1602 2346 itinera
1641 2286 1797 2356 ejus;
1841 2295 1905 2343 ut

325 2393 632 2434 mereamur
654 2393 778 2433 eum
799 2418 814 2444 ,
844 2378 937 2448 qui
963 2394 1062 2433 nos
1087 2379 1300 2433 vocavit
1348 2379 1402 2432 in
1452 2395 1677 2450 regnum
1709 2396 1862 2436 suum
1884 2421 1900 2446 ,

325 2469 528 2523 videre.
571 2467 630 2522 ln
661 2467 818 2536 cujus
843 2467 996 2538 regni
1024 2467 1374 2523 tabernaculo
1401 2468 1447 2520 si
1472 2466 1719 2524 volumus
1749 2469 1904 2523 habi-

325 2567 472 2622 tare,
509 2556 537 2597 ἀ
561 2559 664 2612 nisi
703 2559 830 2613 illuc
864 2557 1022 2613 bonis
1058 2559 1272 2613 actibus
1311 2569 1334 2597 ο
1359 2569 1630 2623 curratur,
1678 2559 1903 2615 minime

326 2651 658 2719 pervenitur.
706 2650 812 2706 Sed
855 2650 1251 2720 interrogemus
1277 2650 1563 2706 Dominum
1606 2665 1728 2706 cum
1773 2651 1906 2706 Pro-

328 2741 512 2808 pheta,
531 2741 771 2795 dicentes
792 2741 873 2794 ei:
898 2740 1139 2807 Domine,
1155 2742 1276 2811 quis.
1294 2741 1548 2796 habitabit
1579 2743 1633 2796 in
1661 2742 1908 2797 taberna-

329 2831 444 2885 culo
485 2841 604 2898 tuo,
649 2842 739 2886 aut
787 2833 905 2903 quis
949 2832 1229 2903 requiescet
1276 2833 1334 2886 in
1379 2841 1554 2887 monte
1591 2841 1772 2887 sancto
1816 2842 1906 2888 tuo

330 2919 504 2990 (Psal.
529 2921 682 2992 xw)?
711 2921 840 2977 Post
867 2923 1010 2978 hanc
1034 2922 1535 2992 interrogationem,
1567 2921 1783 2988 fratres,
1811 2938 1906 2977 au-

331 3013 541 3068 diamus
569 3014 854 3068 Dominum
885 3015 1300 3083 respondentem
1325 3023 1382 3069 et
1407 3015 1781 3070 ostendentem
1810 3029 1920 3070 no-»

331 3106 412 3161 bis
433 3108 574 3160 viam
600 3107 769 3176 ipsius
789 3104 1146 3172 tabernaculi,
1171 3106 1470 3161 dicentem:
1496 3105 1600 3171 Qui
1621 3106 1910 3177 ingreditur

1999 1927 2028 1966 ιι
2054 1926 2182 1982 llaec
2211 1927 2486 1997 complens
2511 1927 2770 1982 Dominus
2795 1937 3074 1998 exspectat
3100 1945 3197 1984 nos
3224 1932 3464 2000 quotidie
3498 1933 3583 1988 his

1999 2021 2114 2076 suis
2140 2021 2346 2076 sanctis
2369 2021 2612 2087 monitis,
2652 2020 2812 2076 factis
2845 2024 3176 2092 respondere
3205 2026 3418 2080 debere.
3457 2028 3582 2081 ldeo

1999 2109 2156 2163 nobis
2177 2117 2400 2179 propter
2413 2110 2846 2164 emendationem
2868 2111 3130 2166 malorum
3147 2113 3304 2183 hujus
3319 2115 3446 2170 vitae
3467 2118 3586 2171 dies

2001 2197 2069 2252 ad
2090 2196 2335 2254 inducias
2356 2197 2688 2264 relaxantur,
2711 2199 2924 2253 dicente
2944 2200 3230 2270 Apostolo:
3257 2203 3272 2242 ί
3294 2203 3374 2257 An
3397 2207 3580 2260 nescis.

2001 2289 2126 2358 quia
2148 2289 2403 2359 patientia
2421 2288 2522 2344 Dei
2541 2288 2611 2342 ad
2634 2289 2987 2359 pwnitentiam
3009 2300 3058 2343 te
3077 2291 3290 2346 adducit
3308 2291 3483 2364 (Rom.
3502 2297 3584 2365 II).

2004 2381 2140 2434 Nam
2179 2381 2301 2452 pius
2339 2381 2602 2436 Dominus
2636 2382 2804 2436 dicit:
2843 2380 2983 2435 Nolo
3017 2393 3234 2437 mortem
3274 2391 3582 2454 peccatoris,

2004 2470 2096 2524 sed
2137 2470 2308 2540 magis
2344 2479 2682 2526 convertatur
2718 2480 2768 2523 et
2809 2471 2945 2524 vivat
2972 2470 3186 2541 (Ezech.
3217 2474 3397 2546 vaII).
3453 2476 3587 2531 Cum

2006 2573 2136 2630 ergo
2166 2559 2654 2630 interrogassemus
2683 2561 2994 2627 Dominum,
3022 2559 3242 2629 fratres,
3284 2565 3351 2620 de
3378 2567 3589 2622 habita-

2007 2658 2126 2705 tore
2166 2650 2505 2706 tabernaculi
2549 2648 2700 2719 ejus,
2749 2651 3055 2708 audivimus
3093 2654 3414 2708 habitandii
3448 2673 3586 2726 pric-

2005 2751 2263 2812 ceptum;
2308 2741 2433 2808 sed,
2473 2742 2520 2797 si
2555 2741 2924 2813 compleamus
2959 2742 3282 2798 habitatoris
3319 2745 3584 2810 cilicium.

2005 2836 2210 2890 erimus
2242 2835 2487 2890 hteredes
2507 2835 2662 2905 regni
2683 2835 2944 2890 caelorum
2964 2875 2980 2899 ,
3027 2835 3053 2874 ιι
3079 2850 3209 2906 ergo
3231 2839 3584 2907 praeparanda

2008 2934 2136 2981 ειιιιι
2164 2924 2329 2979 corda
2365 2932 2422 2980 et
2457 2939 2685 2994 corpora
2721 2933 2909 2980 nostra
2945 2935 3148 2982 8800133
3190 2937 3586 3000 praeceptorum

2009 3013 2330 3070 obedientia:
2376 3013 2714 3081 militatura;
2770 3023 2826 3072 et
2873 3015 3018 3083 quod
3058 3013 3075 3052 ι
3113 3014 3290 3071 minus
3330 3017 3492 3073 habet
3533 3019 3589 3072 in

2011 3105 2168 3160 nobis
2194 3113 2388 3160 natura
2409 3104 2686 3176 possibile,
2709 3119 2963 3176 rcgemus
2987 3104 3296 3169 Dominum,
3320 3116 3380 3161 ut
3402 3108 3592 3178 gratia:

332 3198 439 3251 sine
471 3197 703 3262 macula,
732 3206 780 3250 et
804 3206 1052 3266 aperatur
1068 3196 1354 3266 justitiam.
1391 3195 1495 3261 Qui
1521 3195 1754 3267 loquitur
1777 3195 1912 3250 veri-
1939 3198 1984 3260 C
2015 3209 2126 3250 sua:
2149 3207 2188 3234 ω
2218 3193 2409 3264 iubeat
2435 3194 2595 3250 nobis
2624 3193 2951 3264 adiutorium
2984 3193 3315 3249 ministrare.
3339 3195 3405 3248 Et
3432 3196 3478 3249 si
3509 3195 3592 3249 fti-

330 3301 487 3344 tatem
517 3291 573 3344 in
602 3291 757 3344 corde
781 3305 897 3354 suo,
921 3289 1010 3360 qui
1037 3305 1141 3343 non
1165 3289 1266 3361 egit
1294 3287 1473 3342 dolum
1499 3289 1554 3342 in
1579 3289 1758 3359 lingua
1784 3305 1902 3342 sua.

335 3379 436 3446 Qui
476 3396 577 3434 non
617 3379 738 3448 fecit
774 3379 1013 3449 proximo
1050 3395 1145 3433 suo
1183 3377 1408 3444 malum,
1447 3378 1536 3449 qui
1573 3377 1906 3448 opprobrium

333 3489 434 3525 non
458 3472 656 3542 accepit
678 3470 693 3509 ί
716 3471 963 3524 adversus
981 3472 1276 3540 proximum
1295 3487 1469 3524 suum.
1493 3469 1596 3536 Qui
1617 3469 1916 3538 malignum

334 3561 608 3614 diabolum
647 3560 827 3630 aliqua
865 3561 1178 3615 suadentem
1217 3560 1319 3614 sibi
1355 3575 1478 3613 cum
1514 3559 1628 3628 ipsa
1659 3559 1914 3615 suasione

335 3692 450 3745 scit.
491 3692 557 3745 Et
595 3691 669 3744 ita
695 3691 798 3748 hoc
834 3692 1154 3747 vocabulum
1190 3692 1468 3761 usurpavit
1503 3701 1724 3747 sanctus
1765 3693 1908 3747 Pau-

337 3761 473 3815 linus
497 3762 656 3830 cpist.
687 3762 772 3826 12,
801 3763 868 3816 ad
898 3761 1157 3817 Severum
1184 3782 1198 3815 :

457 3851 682 3900 Attonitis
705 3851 858 3902 oculis
878 3863 1002 3901 nova
1027 3851 1106 3900 lux
1143 3855 1439 3914 aperitur....

406 3951 430 3978 ι
463 3939 525 3993 Ει
551 3942 689 4010 cupit
715 3942 883 3996 videre
904 3942 1013 3996 dies
1039 3943 1218 3996 bonos.
1247 3941 1322 3995 lta
1350 3943 1401 3995 in
1426 3942 1688 3997 Psalterio
1713 3944 1912 3998 Roma-

340 4024 426 4071 no,
457 4011 597 4132 (ἓιοίι
625 4011 821 4078 ubique
870 4013 1115 4080 sequitur
1155 4021 1371 4066 sanctus
1396 4011 1739 4067 Benedictus.

407 4079 434 4117 δ
522 4090 774 4134 tseauere
799 4098 933 4134 eam.
975 4082 1049 4134 Ita
1085 4081 1136 4134 in
1159 4081 1419 4134 Psalterio
1451 4081 1713 4134 Romano.

522 4090 774 4135 tseauere
799 4098 933 4134 eam.
975 4090 1049 4135 Ita
1085 4090 1136 4135 in
1159 4090 1419 4135 Psalterio
1451 4090 1713 4135 liomano.

410 4098 434 4117 υ
475 4098 540 4132 ιιι
565 4098 774 4149 sequere
799 4098 933 4134 eam.
975 4098 1049 4135 Ita
1085 4099 1136 4135 In
1159 4098 1419 4135 rsatterio
1451 4098 1713 4135 nomano.

410 4159 430 4185 ε
458 4148 524 4202 Et
547 4159 822 4222 antequam
838 4166 916 4202 me
943 4151 1204 4215 invocatis,
1228 4160 1334 4222 etc.
1362 4151 1509 4222 Isaize
1532 4167 1664 4205 va:
1698 4153 1912 4222 Erilque

340 4227 614 4291 antequam
653 4219 897 4291 clament,
944 4236 1036 4289 ego
1067 4221 1364 4274 exitialium.
1409 4220 1516 4275 Sed
1557 4225 1778 4291 adaptnt
1814 4219 1912 4278 Suo

342 4289 505 4340 textui
534 4287 675 4342 hunc
703 4287 876 4341 locum
912 4287 1130 4344 sanctus
1157 4291 1494 4344 Benedictus.

407 4356 434 4394 ἀ
457 4355 585 4432 _Nisi
617 4357 744 4410 illuc
769 4357 915 4432 bonis
941 4359 1160 4432 actibus.
1214 4359 1283 4432 Ut
1313 4360 1428 4432 limo
1459 4363 1723 4432 sententia
1755 4379 1913 4432 supc-

343 4425 471 4478 riori
523 4436 860 4490 annectatur,
904 4429 1018 4482 haec
1063 4429 1430 4483 subaudienda
1466 4447 1478 4482 :
1519 4430 1799 4484 Sciendum
1822 4425 1912 4485 ἐει

340 4495 494 4563 quod.
519 4494 632 4551 Hoc
670 4497 829 4550 modo
857 4514 871 4549 :
900 4517 917 4548 ι
947 4496 1003 4550 In
1033 4497 1187 4564 cujus
1217 4514 1380 4565 regno
1415 4499 1457 4552 si
1482 4501 1731 4552 volumus
1760 4502 1912 4554 habi-

344 4574 476 4647 tare,
497 4566 775 4647 sciendum
799 4576 883 4620 est
903 4568 1045 4647 quod
1083 4569 1184 4621 nisi
1215 4568 1340 4622 illuc
1367 4569 1523 4622 bouis
1549 4571 1758 4624 actibus
1787 4586 1912 4624 cur-

343 4641 519 4704 ratur,
544 4637 766 4689 minime
791 4637 1121 4704 pervenitur.
1154 4657 1172 4690 ι

417 4716 439 4774 ἦ
483 4703 762 4774 Curratur,
788 4703 965 4774 vulgo,
999 4707 1275 4760 currendo.

416 4773 436 4810 τ
485 4773 744 4846 Adversus
784 4773 1076 4846 proximum
1123 4792 1298 4846 suum.
1345 4775 1423 4828 lta
1478 4778 1616 4844 apud
1663 4777 1915 4846 Smarag-

341 4841 488 4908 dum,
526 4850 587 4895 ut
627 4843 680 4896 in
701 4841 962 4898 Psalterio
985 4843 1249 4908 Romano,
1269 4843 1426 4912 juxta
1459 4841 1664 4900 textum
1693 4841 1916 4902 l-lebrai-

341 4947 460 4985 cum
485 4943 616 4999 una
652 4918 721 4995 5y
761 4931 850 4986 aal
888 4935 1098 4987 kerono.
1129 4931 1188 4985 ln
1216 4934 1462 4988 versione
1502 4935 1794 5002 communi,
1826 4935 1916 4989 ad-

343 5018 514 5073 versus
542 5003 808 5073 proximos
827 5019 969 5073 suos.

413 5073 438 5111 ⁸
472 5071 578 5137 Qui
606 5072 752 5126 audit
782 5072 933 5127 verba
957 5088 1092 5137 mea,
1120 5080 1224 5129 etc.
1257 5071 1357 5127 llic
1381 5071 1531 5127 locus
1569 5090 1675 5128 non
1703 5074 1916 5129 videtur

343 5141 407 5213 ad
435 5157 571 5213 rem.
622 5141 755 5213 Nam
798 5141 1132 5213 quastioest
1159 5143 1224 5213 de
1254 5141 1397 5213 inani
1434 5142 1600 5212 gloria
1637 5142 1910 5213 fugienda.

346 5209 459 5284 Sed
476 5210 768 5284 notandum
907 5213 1010 5266 hoc
1039 5211 1270 5284 Matthaai
1311 5209 1486 5284 capite
1534 5213 1619 5278 agi
1640 5209 1721 5284 de'
1748 5213 1914 5284 hypo-

345 5281 494 5336 critis
517 5281 984 5350 etseductoribus,
1008 5281 1098 5350 qui
1119 5281 1299 5334 omnia
1327 5281 1393 5335 ad
1421 5281 1837 5336 ostentationem
1859 5291 1918 5337 et

346 5363 537 5422 vanam
572 5349 798 5422 gloriam
837 5349 1041 5404 referre
1072 5351 1266 5422 solent,
1299 5359 1352 5404 et
1373 5365 1533 5422 omne
1570 5352 1713 5421 quod
1749 5357 1916 5422 agunt

346 5417 593 5484 bonum,’
613 5420 714 5474 sibi
745 5428 1018 5488 arrogant,
1049 5434 1147 5473 nec
1184 5419 1293 5473 Deo
1328 5420 1568 5474 referunt
1587 5417 1914 5488 acceptum,

349 5488 529 5570 sicque
550 5505 658 5543 non
685 5489 952 5542 aediﬁcant
977 5497 1390 5570 suprapetram,
1415 5489 1504 5570 qui
1521 5498 1605 5570 est
1625 5489 1873 5570 Christus
1899 5507 1914 5554 ;

349 5559 437 5609 sed
467 5574 632 5629 super
659 5574 877 5629 arenam
907 5559 1229 5629 arrogantia:
1253 5567 1307 5613 et
1341 5559 1518 5612 inanis
1546 5559 1781 5629 gloriola:
1807 5577 1821 5614 :
1853 5575 1917 5614 ac

346 5627 569 5694 proinde
613 5640 735 5682 cum
763 5627 1024 5693 ejusmodi
1045 5627 1330 5682 hominum
1367 5643 1528 5697 opera
1555 5627 1810 5684 Christus
1833 5645 1916 5683 re-

346 5697 738 5773 prehendisset,
777 5706 836 5773 ιιι
858 5713 1012 5773 veros
1040 5711 1166 5750 suos
1193 5706 1462 5773 amatores
1490 5698 1750 5773 laudaret,
1791 5699 1916 5754 sub—

343 5765 538 5834 jauxit,
555 5765 660 5834 Qui
682 5767 834 5823 audet
859 5765 1010 5820 verba
1031 5782 1170 5835 mea,
1191 5775 1238 5821 et
1254 5765 1384 5838 facit
1408 5783 1492 5835 ea,
1514 5768 1753 5824 similabo
1774 5787 1914 5836 eum,

2009 3287 2218 3359 gientes
2246 3287 2505 3358 gehennae
2527 3301 2718 3357 poenas
2746 3285 2814 3339 ad
2835 3286 3004 3340 vitam
3029 3284 3278 3341 volumus
3307 3288 3592 3356 pervenire

2009 3385 2348 3448 perpetuam,
2369 3376 2504 3439 dum
2536 3377 2713 3432 adhuc
2735 3383 2913 3440 vacat,
2943 3382 2996 3429 et
3027 3375 3082 3429 in
3114 3375 3217 3431 hoc
3247 3391 3474 3447 corpore
3508 3392 3595 3431 su-

2009 3482 2152 3531 mus,
2201 3475 2256 3521 et
2300 3466 2418 3521 huic
2460 3465 2643 3520 omnia
2687 3479 2784 3534 per
2828 3462 3179 3518 hancnlucis
3224 3464 3390 3517 vitam
3435 3474 3594 3519 vacat

2009 3556 2258 3627 implere,
2286 3555 2614 3610 currendum
2651 3560 2708 3608 et
2745 3552 3014 3623 agendum
3039 3560 3125 3606 est
3159 3552 3322 3608 modo
3351 3554 3496 3623 quod
3535 3555 3591 3609 in

2010 3696 2114 3742 etc.
2158 3686 2251 3742 Sic
2296 3691 2516 3740 sanctus
2553 3682 2901 3752 Benedictus,
2935 3696 3100 3752 agens
3150 3681 3218 3736 de
3247 3681 3314 3736 iis
3339 3683 3432 3752 qui
3461 3699 3590 3738 vere

2010 3758 2181 3811 Deum
2229 3756 2438 3818 timent,
2485 3753 2732 3821 bonaque
2772 3768 2868 3806 sua
2893 3751 2946 3804 in
2977 3749 3094 3819 ejus
3135 3749 3373 3820 gratiani
3411 3753 3592 3806 refun-

2011 3827 2162 3890 dunt,
2193 3841 2292 3879 nec
2311 3824 2485 3879 inanis
2512 3821 2954 3894 glorioltefumos
2982 3829 3265 3894 venantur,
3287 3821 3419 3894 aliis
3445 3822 3590 3894 Scri-

2010 3889 2183 3976 pturaa
2208 3895 2340 3976 locis
2368 3889 2775 3976 hunc'b‘latthazi
2800 3889 3152 3976 ilocum‘ben‘e
3183 3889 3432 3976 subiecit,
3462 3893 3588 3976 quia

2013 3959 2049 4018 ii
2073 3966 2165 4034 qui
2193 3965 2374 4019 omnia
2405 3977 2503 4034 sua
2531 3963 2642 4016 Deo
2666 3959 2912 4034 referunt
2942 3968 3182 4034 accepta,
3212 3959 3591 4034 (editicaiitsu-

2012 4028 2110 4103 pra
2143 4043 2384 4102 petram;
2414 4031 2452 4085 ii
2478 4048 2606 4086 vero
2635 4031 2725 4101 qui
2752 4045 2908 4084 secus
2945 4028 3174 4103 faciunt,
3218 4039 3271 4082 ct
3300 4029 3589 4099 plebecula:

2012 4099 2260 4160 rumores
2285 4109 2580 4166 sectantur,
2613 4099 2776 4169 super
2801 4114 3018 4153 arenam
3046 4099 3334 4154 aediﬁcant.

2083 4175 2113 4214 ιι
2144 4173 2272 4228 Hinc
2292 4171 2571 4242 complens.
2587 4169 2782 4242 idest,
2807 4171 2934 4242 inec
2962 4169 3246 4224 absolvens
3296 4179 3350 4224 et
3372 4170 3591 4225 conclu-

2014 4245 2147 4300 dens
2179 4261 2192 4297 :
2226 4243 2291 4297 de
2319 4238 2422 4296 hoc
2449 4239 2712 4295 vocabulo
2741 4238 2900 4293 infra.

2091 4315 2106 4354 ί
2141 4315 2224 4366 Αη
2265 4312 2430 4366 nescis
2468 4313 2591 4380 quia
2628 4308 2879 4380 patientia
2932 4307 3050 4380 Dei,
3090 4317 3193 4363 etc.
3249 4310 3315 4380 ln
3342 4310 3589 4364 versione

2013 4383 2286 4438 communi
2313 4376 2529 4450 vulgata
2551 4376 2794 4450 ad'Rom.
2821 4393 2858 4430 ιι
2877 4389 2892 4428 :
2922 4376 3146 4450 ignoras
3163 4381 3286 4450 quia
3301 4379 3589 4450 benignitas

2016 4453 2132 4506 Dei.
2169 4451 2329 4522 Juxta
2359 4447 2562 4522 textum
2585 4447 2849 4509 Graecum,
2879 4449 2938 4502 τὸ
2964 4447 3218 4522 χρηστῶν,
3271 4448 3326 4502 id
3355 4447 3460 4514 est,
3496 4449 3588 4501 bo-

1936 4540 1990 4596 ι)
2017 4522 2183 4596 nitas,
2209 4521 2529 4596 benignitas,

2091 4590 2104 4640 i
2139 4586 2489 4659 Prwceptuin.
2507 4588 2825 4659 Doctrinam
2848 4586 3123 4659 virtutum,
3138 4602 3260 4657 qua:
3280 4587 3589 4655 praecipitur

2016 4662 2096 4715 eis
2123 4661 2214 4715 qui
2243 4660 2297 4712 in
2324 4656 2425 4711 Dei
2451 4657 2793 4710 tabernaculo
2812 4656 3104 4710 habitaturi
3130 4656 3272 4710 sunt.

2089 4730 2114 4768 ιι
2143 4726 2285 4797 Ergo
2324 4727 2827 4797 prwparanda_sunt
2867 4726 3026 4778 corda
3057 4735 3105 4778 et
3125 4742 3343 4797 corpora
3385 4735 3584 4778 nostra.

2017 4795 2306 4859 Corda,'ut
2326 4795 2571 4864 prompta
2613 4795 2884 4848 voluntate
2911 4805 2965 4848 et
2994 4804 3183 4862 parato
3222 4795 3438 4858 animo;
3469 4810 3590 4848 cor-

2018 4882 2165 4938 pora
2179 4875 2239 4938 ut
2263 4880 2425 4938 opere
2447 4865 2806 4919 obedientiam
2835 4865 3169 4938 impleamus.

2097 4935 2112 4974 ι
2140 4932 2337 4989 Minus.
2364 4933 2419 4987 Id
2450 4943 2676 4996 estnon,
2699 4947 2838 5000 saepe
2861 4934 2998 5000 apud
3029 4932 3278 4986 Tullium.
3303 4932 3370 4986 Et
3397 4941 3590 4986 natura

2016 5005 2151 5061 nihil
2174 5005 2337 5059 habet
2364 5002 2616 5073 possibile
2641 5003 2758 5073 sine
2786 5001 2877 5056 Dei
2903 5001 3098 5073 gratia.

2089 5087 2128 5114 ω
2163 5071 2542 5128 lubeat—nobis
2579 5071 3246 5141 adjutorium'ministrare.
3275 5072 3354 5127 Ita
3386 5071 3438 5125 in
3469 5071 3590 5125 aliis

2017 5161 2146 5199 mss.
2180 5143 2399 5204 nostris,
2431 5159 2551 5197 cum
2579 5139 2891 5208 smaragdo,
2925 5150 3112 5194 sancto
3137 5139 3432 5203 Dunstano,
3465 5157 3586 5194 cum

2015 5214 2340 5268 editionibus
2373 5211 2657 5266 Parisiensi
2704 5217 2910 5262 vetusta
2956 5209 3374 5266 etColoniensi.
3426 5211 3491 5264 Et
3531 5221 3589 5262 ut

2016 5299 2208 5337 sensus
2239 5283 2420 5336 clarus
2453 5283 2541 5343 sit,
2573 5277 2847 5334 sciendum
2879 5282 2939 5334 τό
2954 5278 3162 5349 jubeat
3203 5280 3290 5334 hic
3314 5282 3453 5333 sumi
3491 5297 3589 5349 pro

2018 5353 2168 5415 velit,
2203 5359 2263 5405 ut
2291 5350 2417 5404 alibi
2445 5349 2681 5419 loquitur
2714 5357 2933 5419 sanctus
2954 5349 3297 5419 Benedictus.
3327 5349 3385 5403 Si
3401 5361 3586 5419 tamen

2011 5421 2228 5490 jusserit
2266 5420 2445 5490 abbas,
2471 5416 2530 5490 id—
2548 5427 2646 5490 est,
2673 5417 2817 5490 velit.
2843 5417 2901 5490 In
2921 5433 3021 5490 ms.
3050 5416 3166 5490 S._F
3170 5434 3250 5473 ar.
3279 5419 3335 5473 in
3350 5417 3588 5475 editione

2018 5487 2235 5544 (ἐοΙὶνωί
2259 5496 2316 5542 et
2335 5489 2562 5556 vulgatis
2591 5487 2803 5555 legitur,
2832 5488 3139 5541 ministrari.

2091 5570 2117 5596 ιι
2146 5557 2300 5611 Lucis
2335 5555 2509 5611 vitam.
2546 5557 2619 5610 lta
2642 5558 2693 5609 in
2733 5565 2960 5624 utroque
2988 5573 3088 5609 ms.
3119 5558 3238 5612 cod.
3266 5555 3488 5622 S.Ger.,

2020 5627 2202 5682 Ebrul.
2251 5627 2396 5690 Far.,
2434 5625 2611 5689 Viud.,
2634 5625 2792 5696 ,V'ict.
2820 5626 3026 5696 ma.lta
3057 5629 3196 5696 apud
3232 5627 3583 5696 Sinarugdnni

2019 5708 2073 5752 et
2096 5698 2582 5752 Turrecrematam.
2615 5695 2680 5749 At
2713 5697 2766 5748 in
2813 5711 2927 5766 ms:
2943 5695 3002 5749 P.
3022 5695 3158 5751 Vict.
3184 5697 3320 5766 apud
3347 5697 3403 5751 S.
3431 5695 3583 5750 Dun-

2021 5777 2235 5825 stauum
2258 5781 2380 5822 cum
2405 5775 2612 5823 vetusta
2640 5765 2873 5823 editione
2901 5765 3452 5839 Parisiensi,’geinina
3481 5767 3584 5820 Co,-
