3958 6198
364 331 466 386 7‘27

1377 328 1433 383 S.
1472 326 1835 384 BENEDICTI
1871 326 2162 384 ABBATIS
2194 329 2603 386 ANIANENSIS

3509 339 3616 396 728

361 451 681 515 perpetuum
725 441 880 497 nobis
925 439 1192 509 expediat.
1221 450 1247 478 ι
1268 437 1656 496 Constituenda
1689 449 1774 496 est
1802 456 1933 513 ergo
1959 445 2010 504 Α
2034 453 2094 498 ut
2132 444 2274 498 dicta
2319 459 2439 499 mea
2483 452 2541 499 et
2580 443 2796 498 auditus
2832 451 2953 500 tuus
2989 460 3092 515 per
3127 447 3616 508 considerationem

363 535 521 590 nobis
556 532 820 589 Dominici
857 530 1038 585 schola
1075 529 1282 583 servitii
1307 569 1322 593 ,
1371 530 1425 584 in
1457 545 1564 600 qua
1596 531 1934 586 institutione

365 627 497 681 nihil
528 639 778 695 asperum
809 638 907 676 nos
937 622 1328 677 constituturos
1355 637 1656 693 speramus.
1690 622 1798 679 Sed
1829 623 1932 679 etsi

361 719 488 788 quid
518 716 791 786 paululum
837 715 1099 778 strictius,
1132 714 1370 770 dictante
1399 715 1671 784 aequitatis
1699 716 1929 780 ratione,

359 816 576 876 propter
609 805 1040 860 emendationem
1065 805 1320 859 vitiorqu
1351 805 1430 858 vel
1466 805 1930 860 conversationem

355 900 638 962 charitatis
671 897 1026 967 processerit,
1063 913 1169 952 non
1198 896 1342 952 illico
1378 912 1578 967 pavore
1610 897 1932 972 perterritus

358 991 592 1060 refugias
611 991 755 1044 viam
777 989 987 1054 salutis,
1013 1004 1133 1058 qua:
1156 1004 1264 1044 non
1289 1001 1373 1044 est
1398 989 1500 1043 nisi
1525 997 1753 1059 angusto
1777 988 1932 1044 initio

356 1083 662 1151 incipienda
700 1101 714 1136 :
759 1097 1016 1151 processu
1057 1095 1185 1134 vero
1225 1080 1652 1134 conversationis
1682 1088 1737 1134 et
1767 1079 1927 1143 ildei,

355 1175 578 1227 dilatato
604 1173 787 1235 corde,
812 1171 1157 1226 inenarrabili
1180 1170 1483 1225 dilectionis
1505 1169 1784 1225 dulcedine
1804 1184 1931 1224 cur-

357 1266 495 1318 ritur
527 1265 614 1317 via
651 1262 1027 1317 mandatorum
1065 1261 1188 1325 Dei,
1234 1269 1294 1314 ut
1320 1261 1386 1316 ab
1415 1261 1584 1330 ipsius
1611 1260 1928 1330 magisterio

356 1369 628 1423 nunquam
651 1351 1009 1416 discedentes,
1027 1352 1078 1404 in
1102 1349 1217 1418 ejus
1231 1349 1474 1404 doctrina
1497 1364 1668 1418 usque
1693 1350 1759 1404 ad
1785 1363 1931 1402 mor-

354 1454 460 1496 tem
485 1445 538 1497 in
562 1441 890 1496 monasterio
912 1447 1339 1509 perseverantes,
1365 1439 1709 1508 passronibus
1726 1437 1928 1493 Christi

352 1550 522 1602 usque
550 1533 616 1587 ad
643 1540 869 1586 mortem
898 1530 924 1570 δ
945 1531 1366 1600 participemur:
1398 1537 1457 1582 ut
1483 1527 1634 1598 regni
1661 1527 1780 1596 ejus
1813 1543 1927 1583 me-

347 1639 568 1678 i't‘tlllllll'
590 1637 712 1676 esse
738 1629 1040 1676 consortes.

539 1712 651 1784 §Il.
679 1743 750 1752 —
770 1711 1062 1766 Parumne
1088 1727 1158 1764 sx
1190 1711 1407 1766 iiscum
1439 1710 1726 1766 ΜΑςιετιιι.

2033 533 2228 588 mentis
2254 534 2580 589 ambulando
2608 535 2664 589 in
2695 537 2911 590 trivium
2947 539 3127 593 cordis
3159 539 3234 592 tui
3271 544 3612 608 perveniant.

2035 635 2060 664 ο
2101 625 2160 679 ln
2208 641 2316 695 quo
2342 625 2502 682 trivio
2553 642 2715 682 unam
2746 628 3066 698 ignorantia:
3092 640 3462 700 peccatorum,
3492 646 3616 703 post

2030 713 2172 769 dicta
2211 730 2332 770 mea
2355 715 2598 781 veniens,
2624 723 2746 785 post
2771 725 2824 772 te
2848 717 3116 788 relinque,
3157 727 3212 773 et
3247 719 3382 775 duas
3422 723 3614 777 obser-

2030 806 2223 860 vantiae
2273 815 2662 876 praeceptorum
2689 816 2816 864 ante
2858 809 3146 880 ingredere
3172 813 3307 867 vias.
3354 813 3443 881 Et,
3485 815 3614 868 dum

2028 895 2319 961 qmerimus
2366 897 2434 951 ad
2463 896 2632 952 Deum
2671 897 2751 952 ire
2779 939 2795 965 ,
2868 907 3073 955 stemus
3117 901 3172 956 in
3221 903 3381 958 trivio
3428 905 3615 961 cordis

2029 984 2222 1049 nostri,
2252 993 2308 1040 et
2335 987 2738 1043 consideremus
2786 989 2932 1058 ipsas
2967 991 3119 1056 duas,
3169 1008 3304 1064 quas
3337 1003 3464 1050 ante
3511 1012 3614 1052 nos

2027 1075 2266 1129 scientiae
2313 1077 2692 1147 conspicimus.
2759 1078 2818 1133 In
2858 1080 3056 1148 quibus
3102 1082 3308 1137 duabus
3361 1085 3487 1149 viis,
3514 1099 3616 1154 per

2027 1177 2190 1230 quam
2227 1164 2293 1218 ad
2322 1165 2489 1220 Deum
2517 1182 2803 1236 possumus
2840 1170 3142 1238 pervenire,
3181 1172 3610 1228 consideremus.

2029 1249 2085 1304 Si
2111 1251 2385 1306 sinistram
2409 1263 2673 1321 tenemus,
2700 1258 2974 1323 timemus,
2995 1259 3119 1326 quia
3145 1259 3251 1312 lata
3275 1269 3375 1323 est,
3402 1277 3469 1316 ne
3494 1263 3612 1331 ipsa

2027 1341 2099 1394 sit
2132 1357 2251 1410 qua:
2280 1344 2430 1398 ducit
2455 1346 2626 1416 magis
2669 1347 2737 1400 ad
2781 1348 3080 1402 interitum.
3135 1347 3192 1402 Si
3216 1350 3460 1405 dextram
3489 1368 3615 1407 cor-

1985 1429 2272 1501 'ripimus,
2303 1432 2440 1490 bene
2461 1435 2602 1491 imus
2622 1437 2745 1506 quia
2782 1447 3008 1508 angusta
3039 1447 3123 1492 est
3145 1447 3199 1494 et
3235 1439 3352 1509 ipsa
3382 1451 3467 1495 est
3489 1456 3614 1511 qua:

2026 1525 2308 1596 diligentes
2327 1543 2516 1583 servos
2537 1528 2604 1582 ad
2626 1530 2901 1599 proprium
2922 1529 3068 1584 ducit
3089 1529 3399 1585 Dominum.
3425 1531 3446 1569 τ
3463 1532 3610 1604 Ergo

2025 1629 2226 1671 vacuus
2252 1625 2433 1684 vester
2461 1617 2675 1672 auditus
2703 1626 2960 1687 sequatur
2987 1617 3257 1687 eloquium
3283 1635 3459 1673 meum
3497 1639 3510 1674 :
3544 1629 3603 1675 et

2028 1707 2290 1779 intellige,
2331 1716 2388 1763 tu
2415 1709 2577 1764 homo
2601 1707 2752 1778 cujus
2785 1709 3135 1765 admonemus
3165 1710 3438 1778 intuitum,
3477 1714 3608 1782 quia

417 1802 460 1858 Ο
483 1805 664 1865 homo,
691 1803 866 1872 primo
889 1802 980 1855 tibi
1006 1803 1096 1871 qui
1126 1802 1280 1870 legis,
1313 1802 1504 1856 deinde
1533 1810 1588 1855 et
1609 1801 1702 1856 tibi
1724 1802 1814 1872 qui
1839 1816 1926 1858 me
1955 1796 2002 1854 Β
2032 1806 2083 1851 te
2101 1813 2199 1866 per
2220 1800 2360 1854 hanc
2384 1799 2708 1870 scripturam
2730 1799 2981 1854 admonet
3007 1798 3168 1858 Deus.
3192 1808 3251 1854 ut
3271 1802 3448 1868 modo,
3478 1803 3609 1857 dum

349 1903 372 1933 ⁸
405 1893 676 1948 obscultas
720 1893 984 1947 dicentem
1007 1933 1020 1955 ,
1057 1893 1267 1946 dimitte
1303 1891 1408 1946 alia
1451 1893 1612 1948 modo
1634 1910 1754 1964 qua:
1779 1895 1927 1965 cogi-

349 1993 453 2048 tas,
473 1994 528 2037 et
547 1999 644 2054 per
665 1999 726 2037 os
748 1999 925 2038 meum
951 1984 1114 2038 Deum
1141 1993 1192 2038 te
1211 1984 1621 2038 convenientem
1641 1999 1921 2055 cognosce.

346 2076 427 2129 Ad
472 2090 632 2144 quem
679 2075 964 2128 Dominum
993 2075 1162 2128 Deum
1207 2089 1272 2128 ex
1308 2073 1583 2128 voluntate
1611 2082 1795 2130 nostra
1828 2089 1926 2144 per

349 2169 486 2220 bona
536 2177 656 2219 acta
697 2164 781 2218 vel
820 2163 1154 2233 beneplaeita
1193 2163 1416 2235 iustitiae
1445 2165 1525 2219 ire
1547 2165 1822 2232 debemus,
1854 2181 1926 2222 ne

346 2272 443 2326 per
470 2255 846 2326 negligentiam
877 2263 1219 2324 peccatorum
1261 2255 1415 2310 inviti
1442 2257 1716 2325 rapiamur
1743 2271 1924 2312 accer-

347 2349 435 2402 siti
466 2363 563 2418 per
586 2356 834 2401 mortem.
896 2348 1036 2418 Ergo
1065 2347 1278 2401 auditor
1313 2347 1404 2415 qui
1437 2362 1524 2401 me
1552 2347 1706 2402 audis
1737 2348 1923 2405 dicen-

349 2450 478 2503 tem,
526 2440 739 2508 percipe
781 2452 900 2506 quze
934 2437 1030 2490 tibi
1067 2453 1173 2491 non
1216 2452 1315 2506 per
1355 2453 1419 2492 os
1459 2451 1658 2501 meum,
1691 2438 1785 2492 sed
1827 2452 1926 2508 per

347 2531 488 2585 banc
529 2528 851 2597 scripturam
879 2527 1114 2596 loquitur
1142 2525 1307 2592 Deus,
1334 2526 1426 2595 qui
1456 2533 1530 2590 te,
1573 2527 1700 2580 dum
1749 2528 1925 2583 adhuc

345 2619 506 2684 vivis,
537 2617 788 2672 convenit
806 2615 832 2655 ει
859 2615 926 2670 de
957 2615 1078 2681 hoc,
1107 2616 1248 2685 quod
1272 2616 1323 2670 ei
1349 2623 1472 2684 post
1498 2622 1725 2671 mortem
1746 2616 1926 2671 reddi-

348 2721 500 2768 turus
529 2727 586 2766 es
612 2711 892 2765 rationem.
961 2709 1096 2776 Quia
1123 2711 1265 2780 quod
1287 2711 1459 2766 adhuc
1478 2711 1727 2777 vivimus,
1749 2711 1816 2766 ad
1842 2712 1924 2767 in-

346 2804 533 2859 ducias
553 2803 810 2868 vivimus;
840 2817 964 2857 cum
982 2817 1081 2856 nos
1098 2802 1272 2872 pietas
1287 2801 1380 2856 Dei
1396 2809 1672 2870 exspectet
1683 2801 1926 2871 quotidie

346 2896 645 2959 emendari,
669 2902 724 2948 et
761 2893 1013 2948 meliores
1041 2893 1156 2948 vult
1177 2906 1299 2947 esse
1326 2906 1427 2946 nos
1449 2891 1608 2946 hodie
1637 2905 1798 2960 quam
1821 2888 1924 2944 lui-

345 3002 468 3041 mus
493 2986 630 3040 heri.
671 2984 835 3054 Ergo,
873 2990 950 3049 tu,
985 2982 1079 3052 qui
1125 2997 1212 3036 me
1249 2980 1543 3048 auscultas,
1581 2979 1656 3034 ita
1704 2979 1924 3035 intende

2029 1889 2208 1943 adhuc
2245 1889 2402 1955 vivis,
2431 1898 2486 1944 et
2507 1889 2604 1944 tibi
2635 1890 2924 1944 emendare
2955 1899 3130 1952 vacat,
3175 1905 3385 1955 curras,
3434 1907 3610 1961 quan-

2025 1987 2138 2033 tum
2159 1987 2332 2048 potes,
2355 1995 2426 2035 ne
2443 1980 2556 2050 jam
2576 1995 2699 2036 eum
2725 1971 3022 2035 accersitus
3040 1995 3137 2050 per
3163 1990 3392 2036 mortem
3415 1982 3606 2052 fueris,

2025 2067 2228 2121 nullam
2263 2068 2374 2122 Deo
2402 2068 2457 2122 in
2485 2068 2795 2137 diejudicii,
2824 2067 2910 2123 vel
2937 2069 2990 2123 in
3013 2082 3173 2138 poena
3211 2078 3412 2126 mterna
3439 2085 3610 2126 excu-

2025 2157 2287 2212 sationem
2329 2156 2546 2224 ali‘eras,
2597 2159 2740 2227 quod
2778 2157 2957 2213 nullus
2996 2167 3048 2213 te
3084 2158 3150 2213 de
3198 2160 3605 2226 emendatione,

2024 2246 2201 2315 quoad
2238 2246 2442 2313 vixisti,
2483 2249 2836 2302 convenerit:
2865 2256 2921 2304 et
2949 2263 3070 2303 cum
3101 2249 3329 2305 ulterius
3351 2251 3450 2306 tibi
3485 2251 3607 2320 jam

2025 2351 2343 2392 succurrere
2367 2353 2476 2393 non
2501 2339 2763 2408 potueris,
2791 2339 2844 2392 in
2867 2347 3126 2396 aeternum
3154 2349 3205 2394 te
3229 2341 3451 2411 incipiat
3483 2345 3608 2400 sine

2024 2429 2264 2484 remedio
2296 2429 2578 2498 paenitere.
2612 2429 2754 2501 Ergo
2777 2432 2990 2496 amodo,
3022 2433 3114 2502 qui
3138 2435 3310 2500 audis,
3345 2437 3604 2504 observa,

2026 2528 2317 2588 antequam
2343 2519 2412 2574 de
2440 2519 2546 2575 hac
2572 2535 2734 2575 exeas
2755 2521 2933 2576 seculi
2958 2521 3094 2577 luce.
3121 2524 3256 2589 Quia
3281 2526 3327 2579 si
3356 2527 3485 2582 hinc
3510 2544 3606 2584 ex-

2025 2608 2176 2673 ieris,
2208 2624 2314 2662 non
2347 2609 2455 2664 huc
2483 2611 2788 2677 reverteris,
2821 2611 2923 2667 nisi
2969 2611 3025 2666 in
3075 2616 3472 2672 resurrectione
3502 2636 3516 2671 :
3550 2628 3606 2674 et

2025 2701 2092 2756 de
2122 2702 2538 2768 resurrectione,
2566 2703 2611 2757 si
2641 2701 2729 2758 hic
2762 2705 2922 2759 modo
2947 2705 3084 2759 bene
3127 2706 3322 2775 egeris,
3348 2708 3416 2763 ad
3442 2717 3608 2763 teter—

2024 2806 2150 2846 nam
2198 2807 2321 2847 cum
2361 2793 2577 2858 sanctis,
2613 2793 2841 2864 gloriam
2887 2794 3255 2865 deputaberis.
3309 2796 3371 2852 Si
3416 2807 3607 2854 autem

2023 2881 2164 2937 hanc
2184 2883 2526 2954 scripturam,
2567 2898 2731 2954 quam
2757 2885 2855 2941 tibi
2883 2885 3121 2941 lecturus
3142 2902 3280 2953 sum,
3313 2888 3471 2945 factis
3489 2905 3607 2945 non

2025 2971 2416 3042 adimpleveris,
2445 2973 2500 3028 in
2534 2982 2797 3030 aeternum
2829 2975 3008 3046 ignem
3036 2977 3293 3046 gehennae
3319 2993 3444 3035 cum
3480 2980 3602 3036 dia-

347 3156 596 3220 loniensi,
627 3164 680 3227 et
701 3154 916 3211 Colivaai
942 3156 1189 3227 habetur,
1215 3155 1345 3227 lucis
1368 3157 1527 3227 uiam.
1551 3155 1680 3223 Qua:
1705 3157 1919 3227 quidem
1947 3140 1992 3202 (ἶ
2024 3161 2080 3227 ξη
2106 3149 2391 3227 Herculiani
2415 3151 2628 3227 labores
2647 3153 3348 3227 et_sudores‘amplexatum
3373 3170 3471 3212 eos
3500 3171 3604 3213 vo-

348 3228 508 3281 lectio
552 3226 755 3294 optima
805 3234 860 3280 et
886 3226 1049 3295 priori
1095 3224 1448 3295 praferenda.
1494 3226 1632 3294 Quia
1674 3224 1796 3282 cum
1831 3227 1925 3283 lux

347 3297 449 3352 hoc
479 3297 594 3350 loco
629 3296 791 3348 vitam
822 3294 1110 3363 signiﬁcet,
1133 3295 1374 3364 ineptum
1398 3305 1538 3350 esset
1569 3296 1769 3362 dicere,
1792 3297 1923 3354 lucis

345 3368 523 3426 vitam,
566 3365 618 3419 id
637 3375 737 3430 est,
763 3366 884 3418 vita:
913 3366 1096 3418 vitam.
1131 3364 1436 3432 Legendum
1470 3374 1554 3420 est
1587 3380 1738 3432 ergo,
1761 3367 1918 3422 viam.

346 3437 416 3490 Et
442 3451 570 3490 sane
597 3436 712 3494 htec
750 3449 988 3504 praesens
1014 3434 1122 3487 vita
1144 3435 1230 3488 via
1257 3443 1341 3488 est
1375 3435 1440 3488 ad
1467 3435 1633 3490 vitam
1656 3434 1918 3491 futuram.

346 3508 422 3562 De.
450 3521 553 3576 qna
578 3505 662 3558 via
685 3505 939 3576 praeclare
967 3519 1095 3559 sane
1123 3511 1342 3576 sanctus
1371 3504 1731 3562 Columbanns
1759 3507 1917 3576 epist.

347 3577 370 3630 l
411 3594 423 3629 :
463 3595 479 3626 ι
514 3575 618 3646 Via
635 3591 695 3629 es
725 3575 1037 3646 mortalium
1071 3590 1176 3627 non
1197 3574 1330 3646 vita,
1362 3591 1391 3628 a
1413 3584 1632 3646 peccato
1659 3574 1921 3646 incipiens

343 3661 515 3716 usque
559 3645 624 3699 ad
669 3654 919 3698 mortem.
952 3645 1068 3716 [Et
1089 3643 1246 3712 paulo
1275 3653 1397 3712 post
1415 3643 1439 3716 Er
1462 3663 1480 3695 ‹
1510 3645 1651 3711 Quid
1679 3643 1810 3716 ergo
1837 3662 1917 3712 es,

347 3715 580 3770 humana
623 3716 778 3769 vita?
808 3730 914 3769 non
942 3715 1072 3777 vita,
1114 3729 1238 3768 vera
1277 3730 1336 3768 es
1357 3715 1500 3769 enim
1535 3716 1620 3769 via
1648 3733 1661 3769 :
1691 3715 1786 3770 sed
1811 3731 1920 3772 non

344 3787 529 3855 plena;
577 3785 695 3856 aliis
724 3784 1072 3856 longa,__aliis
1096 3783 1322 3856 brevis;
1353 3785 1473 3856 aliis
1513 3783 1639 3848 lata,
1673 3785 1795 3856 aliis
1823 3800 1922 3841 an-

344 3854 530 3926 gusta;
563 3855 682 3909 aliis
720 3854 860 3918 lteta',
891 3854 1240 3926 aliis__tristi_s;
1281 3854 1532 3926 omnibus
1568 3855 1818 3910 similiter
1840 3856 1920 3912 fe-

345 3923 584 3987 Stinans,
618 3934 674 3978 et
716 3923 1101 3979 irrevocabilis.
1151 3923 1266 3985 Via,
1302 3924 1540 3992 inquam,
1575 3925 1662 3978 via
1701 3940 1778 3989 es,
1824 3927 1920 3981 sed

344 4013 449 4049 non
475 3994 725 4049 omnibus
757 3993 1037 4048 manifesta
1072 4008 1148 4047 es.
1180 3993 1326 4046 Multi
1366 3994 1508 4047 enim
1548 4003 1602 4048 te
1637 3994 1842 4058 vident,
1863 4003 1920 4049 et

342 4067 500 4133 pauci
531 4075 582 4118 te
611 4065 749 4116 viam
777 4079 898 4117 esse
937 4063 1258 4130 intelligunt.
1293 4063 1382 4133 Sic
1419 4063 1564 4117 enim
1598 4063 1810 4118 subtilis
1833 4079 1916 4128 es,

344 4131 398 4187 et
426 4136 504 4188 sic.
525 4134 824 4194 seductrix,
857 4140 915 4183 ut
939 4146 1232 4198 paucorum
1266 4131 1335 4184 sit
1374 4140 1427 4185 te
1449 4134 1588 4187 scire
1611 4133 1786 4196 viam;
1829 4133 1918 4186 in--

349 4203 667 4271 terroganda
691 4216 816 4269 ergo
846 4215 924 4271 es,
959 4208 1011 4252 et
1035 4215 1140 4271 non
1171 4200 1437 4271 credenda
1464 4202 1594 4265 vita,
1624 4216 1722 4254 nec
1747 4202 1919 4255 vindi-

347 4268 520 4326 canda
541 4289 555 4336 ;
597 4268 940 4332 transeunda,
975 4284 1081 4321 non
1125 4268 1415 4321 habitanda
1450 4270 1645 4325 misera
1683 4272 1917 4326 humana

346 4346 474 4397 vita.
510 4340 696 4395 Nullus
709 4340 850 4393 enim
878 4339 932 4392 in
956 4339 1040 4392 via
1068 4338 1295 4409 habitat,
1323 4338 1414 4409 sed
1437 4340 1712 4409 ambulat;
1748 4349 1807 4394 ut
1824 4341 1917 4409 qui

347 4413 623 4467 ambulant
659 4411 708 4463 in
742 4409 846 4474 via,
877 4409 1149 4464 ambulent
1177 4407 1230 4461 in
1269 4407 1462 4477 patria.
1503 4428 1521 4460 ι
1566 4408 1690 4463 Ηωο
1717 4407 1915 4464 ἱΙΙθᾘΙιι

345 4465 576 4551 vulgatis
621 4465 954 4551 editionihus
988 4479 1200 4551 legitur,
1238 4465 1368 4530 lucis
1399 4479 1753 4551 usuram,_scd
1802 4480 1916 4534 hazc
1939 4465 2035 4551 D"

345 4547 502 4628 lectio
540 4550 736 4606 nullius
771 4549 960 4628 optimi
1003 4547 1204 4602 codicis
1238 4549 1558 4628 auctoritate
1590 4547 1828 4612 fulcitur,
1863 4558 1919 4604 et

346 4626 557 4678 videtur
584 4635 704 4676 esse
739 4618 1020 4685 cujusdam
1047 4618 1394 4672 correctoris.

415 4710 440 4736 ι
486 4689 860 4748 Constituenda
902 4699 976 4742 est
1025 4705 1164 4757 ergo.
1222 4687 1508 4742 Conclusio
1561 4687 1768 4757 prologi
1819 4703 1913 4743 seu

345 4763 693 4837 prazfalionis.
917 4827 954 4837 Ἀ
1023 4827 1035 4837 .
1151 4835 1156 4837 _
1288 4827 1300 4837 _

418 4836 443 4873 ι)
485 4833 884 4900 Participemur.
914 4827 993 4900 ita
1023 4827 1076 4880 in
1107 4827 1339 4900 utrpqiie
1355 4827 1474 4900 coll.
1503 4842 1601 4878 nis.
1625 4825 1806 4879 Germ.
1859 4829 1912 4881 in

347 4905 578 4958 elitione
623 4897 951 4960 Geloniensi,
997 4898 1132 4966 apud
1177 4897 1532 4966 Smaragdum
1573 4907 1625 4950 et
1665 4906 1910 4950 sanctqu

348 4975 703 5043 Dunstanum.
734 4967 1322 5043 Vtilgoyarticipemus.
1419 5033 1429 5043 O

421 5056 442 5081 ο
479 5040 774 5097 Obscultas.
803 5034 879 5090 ita
919 5037 972 5090 in
1005 5052 1103 5090 ius.
1138 5035 1336 5106 liegula
1384 5034 1624 5101 ejusdem
1673 5034 1910 5104 Magistri

348 5114 546 5168 codicis
565 5107 923 5166 Corbeiensis.

418 5182 445 5220 ά
478 5183 552 5234 De
575 5184 669 5233 hoc
691 5179 850 5248 quod.
873 5177 1038 5246 Lege.
1061 5184 1121 5230 ut
1147 5175 1202 5228 in
1224 5173 1424 5228 Revula
1448 5187 1546 5226 ms.
1571 5173 1691 5228 cod.
1724 5172 1909 5236 Corh.,

352 5251 426 5304 De
452 5253 546 5304 hoc
566 5251 630 5304 de
651 5265 774 5319 quo.

426 5333 448 5359 ε
476 5320 541 5373 In
569 5312 674 5388 quo
699 5317 850 5372 trivio
886 5332 1066 5388 uuam,
1097 5324 1200 5367 etc.
1233 5312 1468 5388 Subaudi
1492 5312 1650 5388 viam.
1687 5312 1811 5388 llam
1836 5313 1914 5366 di-

351 5391 426 5443 cit
465 5382 727 5458 Magister
758 5404 820 5440 ea
862 5385 1068 5458 ratione
1099 5384 1350 5458 qn_-.iolitu
1382 5382 1639 5458 Prodicus
1675 5383 1912 5458 philoso-

353 5462 487 5528 phus
521 5450 659 5526 apud
693 5456 1098 5528 Kenophontem
1121 5450 1260 5528 '(Lfb.
1301 5469 1337 5506 ll
1384 5452 1445 5504 de
1483 5450 1635 5528 dictis
1736 5453 1910 5528 factis

357 5520 610 5593 Socratis)
642 5527 799 5580 ﬁnxit
827 5520 1090 5593 malitiam,
1119 5520 1172 5574 et
1212 5523 1466 5593 virtutem
1491 5520 1704 5593 Herculi
1735 5521 1787 5573 in
1818 5521 1914 5574 tri—

351 5598 440 5650 vio
469 5589 790 5654 occurrisse,
831 5595 955 5647 hinc
992 5592 1250 5644 malitiam
1287 5591 1337 5644 ei
1363 5592 1540 5643 omnia
1575 5589 1910 5658 voluptatum

387 5682 545 5720 enera
580 5665 906 5732 promisisse,
937 5661 1085 5714 illinc
1118 5661 1386 5732 virtutem
1411 5660 1560 5732 initio
1591 5659 1804 5732 quidem
1838 5660 1914 5710 la-

387 5685 545 5720 enera
580 5685 906 5732 pronusmsc,
938 5685 1085 5714 quit;
1119 5685 1365 5714 \u'tuwu:
1411 5685 1560 5712 unuu
1591 5685 1804 5726 qutucm
1838 5685 1909 5710 iu-

351 5685 514 5792 flores
537 5748 589 5791 et
620 5735 864 5800 sudores,
887 5740 1074 5802 postea
1103 5746 1230 5784 vero
1256 5729 1479 5800 gloriam
1511 5727 1869 5783 immortalem
1897 5745 1909 5778 :

2023 3220 2660 3308 ὲιξριέξὲδιξξθεεεψιίεξεο
2706 3222 2797 3278 δίο
2833 3220 3164 3308 ρετξιιξβέρκιί
3193 3225 3409 3308 ﬁctione
3433 3230 3599 3308 ,ερας

2025 3290 2220 3366 Silium
2254 3290 2530 3366 _ltalicum,
2581 3292 2675 3346 lib.
2716 3308 2786 3366 _xv
2815 3290 2880 3348 de
2909 3290 3067 3366 Bello
3093 3294 3319 3366 Punico,
3357 3290 3599 3366 Scipioni

2023 3360 2125 3414 sub
2161 3359 2348 3414 umbra
2373 3361 2731 3429 requiescenti
2754 3372 2806 3417 et
2836 3362 3017 3417 animo
3048 3364 3214 3418 multa
3243 3359 3482 3420 versanti
3527 3369 3598 3422 ab

2021 3444 2149 3484 aere
2179 3429 2409 3498 delapsa
2435 3429 2571 3502 laava
2602 3432 2900 3502 dextraque
2922 3441 3101 3488 astant
3128 3433 3376 3502 voluptas
3397 3445 3454 3490 et
3486 3437 3595 3490 vir-

2022 3507 2381 3575 tus,_utraque
2407 3514 2532 3575 eum
2559 3501 2612 3556 in
2638 3516 2791 3575 suam
2815 3501 3134 3571 pertrahere
3154 3501 3478 3561 sententiam
3495 3524 3591 3575 pro

2019 3569 2160 3624 virili
2192 3571 2423 3625 enitens.
2456 3569 2547 3625 Sic
2571 3572 2717 3626 enim
2743 3569 2836 3626 ait
2853 3581 3012 3642 poeta
3042 3590 3055 3626 :

2141 3659 2240 3722 liae
2265 3660 2385 3709 lauri
2407 3661 2630 3710 residens
2647 3662 2842 3722 juvenis
2862 3663 3099 3713 viridante
3119 3663 3214 3710 sub
3236 3663 3408 3712 umbra

2142 3719 2349 3785 (Edibus
2370 3723 2611 3771 extremis
2635 3719 2862 3785 volvebat
2883 3731 3082 3783 pectore
3103 3736 3245 3772 curas
3271 3763 3284 3785 ,

2140 3782 2265 3858 illum,
2280 3783 2444 3858 subito
2463 3785 2695 3858 assisttipt
2717 3783 2834 3858 leva
2858 3782 3136 3858 desiraun
3157 3798 3246 3855 per
3269 3782 3416 3858 auras

2141 3842 2348 3907 adlapsae
2374 3843 2525 3907 (haud
2547 3844 2743 3907 paulum
2764 3845 2950 3893 mortali
2978 3842 3128 3906 major
3142 3842 3332 3907 imago)

2137 3903 2263 3968 illuc
2287 3903 2471 3968 Virtus,
2497 3903 2632 3955 illiue
2659 3905 2831 3954 Virtuti
2870 3903 3064 3954 inimica
3081 3903 3312 3968 voluptis.

2140 3964 2308 4026 Altera
2329 3966 2688 4026 Achaemenium
2706 3968 2920 4026 spirabat
2942 3968 3127 4017 vertice
3144 3964 3344 4018 odorem

2139 4025 2418 4088 gmtirosias
2438 4025 2606 4076 diﬂ'usa
2631 4025 2810 4088 comas,
2835 4035 2886 4088 et
2912 4035 3048 4088 veste
3072 4027 3329 4088 refulgens

2141 4086 2334 4149 Qstrum
2358 4101 2452 4146 qua
2478 4089 2607 4136 fulvo
2631 4086 2828 4149 Tyrium
2847 4087 3108 4137 dill'uderat
3125 4086 3259 4138 auri).

2141 4145 2322 4210 Fronte
2344 4145 2491 4196 decor
2514 4145 2744 4209 quaesitus
2762 4161 2849 4210 aeu
2873 4161 2887 4198 :
2913 4149 3185 4210 lascivaque
3220 4152 3426 4202 crebras

2139 4209 2348 4270 Ancipiti
2384 4216 2516 4270 motu
2532 4208 2782 4270 iaciebant
2803 4208 2984 4270 lumina
3007 4208 3240 4259 ﬂammas.

2139 4269 2354 4332 alterius
2375 4269 2545 4330 dispar
2563 4272 2772 4330 habitus,
2793 4269 2923 4319 l'rons
2946 4271 3090 4332 hirta,
3117 4283 3210 4320 nec
3231 4284 3462 4332 unquam.

2138 4329 2403 4393 gomposita
2437 4329 2618 4380 mutala
2643 4329 2777 4378 coma
2809 4337 2976 4393 :_stans
2998 4329 3178 4391 vultus,
3209 4341 3257 4380 et
3281 4329 3401 4393 ore,

2139 4390 2438 4454 [occasuque
2463 4393 2548 4440 viri
2573 4395 2808 4454 propior:
2835 4391 3032 4454 laetique
3058 4390 3256 4452 puderis

2137 4449 2278 4502 Celsa
2299 4449 2530 4502 humeros
2552 4449 2696 4502 nivea
2720 4449 3168 4513 fulgebat'stlmine
3188 4453 3349 4516 palla,
3371 4461 3468 4504 etc.

2024 4533 2148 4603 Haec
2171 4534 2386 4602 quidem
2411 4549 2478 4587 ex
2503 4534 2746 4589 doctrina
2766 4533 3218 4603 Pythagorm,_qui
3242 4537 3343 4592 hoc
3369 4536 3585 4592 trivium

2021 4601 2300 4674 eliinxerat
2338 4604 2405 4657 ad
2427 4601 2834 4658 similitudinem
2856 4601 3057 4674 littera:
3081 4601 3144 4668 ἵ,
3171 4620 3292 4674 quae
3317 4605 3583 4660 diversam

2021 4673 2238 4795 \‘it‘lllalis
2259 4680 2314 4726 et
2350 4674 2639 4742 voluptatis
2667 4674 2810 4727 viam
2853 4673 3111 4738 ostendit,
3141 4673 3208 4727 de
3231 4690 3336 4744 qua
3368 4674 3584 4730 Persius

2021 4752 2122 4795 sat.
2213 4761 2224 4795 :

2021 4752 2122 4796 sat.
2148 4752 2182 4795 5
2213 4761 2224 4795 :

2144 4826 2201 4876 Et
2223 4828 2306 4877 tibi
2332 4840 2442 4890 quae
2464 4827 2651 4876 Samios
2669 4825 2858 4876 diduxit
2877 4827 3037 4890 littera
3064 4841 3220 4890 ramos

2139 4893 2436 4952 Surgentem
2454 4891 2628 4938 dextro
2649 4891 2932 4939 monstravit
2949 4889 3101 4938 limite
3127 4889 3316 4940 callem.

2015 4972 2307 5035 Ausonius,
2341 4971 2511 5024 ldillio
2539 4969 2605 5024 16
2631 4988 2644 5023 :

2144 5063 2417 5124 l’ythagore
2443 5064 2622 5110 bivium
2646 5065 2790 5111 ramis
2815 5067 2948 5122 patet
2971 5062 3233 5124 ambiguis,
3257 5077 3303 5112 τ.

2017 5143 2272 5199 llerricus
2295 5144 2388 5196 lib.
2427 5161 2441 5196 ι
2467 5146 2533 5200 de
2553 5143 2673 5199 Vita
2708 5144 2882 5199 sancti
2911 5142 3168 5199 Germani
3197 5143 3434 5213 episcopi
3478 5143 3588 5197 An-

2017 5214 2415 5269 tissiodorensis
2435 5232 2446 5266 :

2141 5305 2359 5365 Cumque
2382 5307 2478 5354 iter
2497 5305 2754 5353 ambivium
2776 5315 2963 5350 ramosa
2988 5302 3046 5350 ad
3071 5303 3277 5365 conmitti
3301 5303 3444 5351 vexit

2139 5361 2489 5428 l'roposuitque
2513 5368 2639 5416 viam
2659 5366 2821 5412 Samio
2842 5371 3096 5425 praeeunte
3119 5361 3360 5412 bicallem.

2096 5449 2112 5487 ί
2149 5449 2288 5516 lt‘rgo
2343 5465 2554 5502 vacuus.
2590 5447 2648 5500 lu
2686 5445 2888 5514 Regula
2916 5461 3042 5504 ms.,
3077 5445 3214 5516 Ergo
3248 5439 3584 5516 vocivas,__id

2017 5530 2096 5572 est
2131 5511 2431 5586 qui-vacat,
2461 5518 2690 5586 optime;
2729 5511 2804 5568 ita
2823 5516 2986 5586 etiam
3018 5511 3159 5586 inira
3184 5511 3452 5586 loquitur_
3472 5511 3585 5564 Ma-

2020 5582 2206 5658 gister.
2253 5589 2454 5642 Glossae
2497 5582 2711 5658 veteres
2753 5602 2766 5636 :
2829 5583 3073 5649 Vacivus,
3099 5582 3364 5656 εὔκαιρος,
3403 5582 3454 5636 id
3504 5587 3588 5635 est

2019 5656 2368 5728 opportunus,
2398 5656 2764 5725 tempestivus.
