3958 6198
183 348 293 404 729

1168 341 1554 400 CONCORDlA
1588 339 2040 398 REGULARUM.
2079 368 2150 381 —-
2183 339 2336 397 CAP.
2373 337 2462 398 lli.
3314 351 3422 407 750

178 462 334 525 bolo,
375 471 530 529 cujus
571 455 902 513 voluntatem
947 457 1120 528 magis
1161 467 1376 512 secutus
1406 471 1486 523 es,
1533 456 1755 525 deputa-
1779 459 1831 518 Α
1857 470 2016 523 apum
2056 455 2428 525 religiosorum
2461 463 2617 511 turna
2667 456 2913 523 collecta,
2963 460 3088 514 dum
3133 477 3232 532 pro
3287 469 3422 523 meis

177 552 357 608 beris.
388 549 522 612 Audi
553 563 702 617 ergo,
731 556 786 603 et
805 563 908 616 age
943 547 1084 618 quod
1110 555 1194 602 est
1222 548 1419 601 bonum
1449 554 1504 602 et
1527 547 1753 616 justum,

175 659 282 714 per
308 641 452 710 quod
475 639 616 694 Deus
636 638 904 692 invenitur
930 638 1212 708 propitius.
1241 637 1362 692 limo
1386 636 1606 707 Regula,
1637 649 1756 703 qua:

177 732 279 792 tibi
312 730 570 792 ostendit,
596 727 753 783 factis
776 727 1027 797 adimple.
1078 727 1207 794 Quae
1243 727 1446 796 Regula
1483 726 1546 780 ad
1595 726 1756 794 perti-

180 821 438 876 ciendum
478 826 681 872 rectum
720 817 940 886 Regula:
987 832 1182 872 nomen
1212 817 1437 886 accepit,
1461 816 1599 869 sicut
1625 815 1754 868 dicit

177 908 477 980 Apostolus
547 908 602 961 in
643 907 882 976 Epistola
927 921 1065 960 sua:
1105 904 1400 960 Secundum
1453 921 1752 959 mensuram

180 996 405 1067 regula,
428 1012 586 1066 quam
630 1011 838 1048 utemur
861 1002 934 1048 est
962 993 1107 1047 nobis
1143 995 1283 1047 Deus
1323 1010 1620 1046 mensuram
1638 1009 1756 1062 per-

177 1086 416 1156 ﬁngendi
455 1101 616 1156 usque
648 1085 717 1138 ad
748 1101 837 1138 vos
876 1083 959 1156 (II
983 1081 1106 1138 Cor.
1130 1084 1208 1151 ι).
1263 1083 1394 1137 Nam
1427 1083 1628 1152 Regula
1656 1097 1752 1137 ve-

178 1179 363 1232 ritatis
414 1176 581 1232 habet
630 1176 840 1230 initium
885 1182 941 1230 et
975 1159 1198 1246 iustitiae
1226 1177 1404 1238 ﬁnem,
1445 1174 1586 1228 sicut
1622 1173 1756 1228 dicit

177 1267 492 1338 Propheta:
525 1265 684 1336 Reges
718 1282 806 1320 eos
846 1266 900 1319 in
941 1266 1083 1331 virga
1107 1262 1277 1335 (Psal.
1306 1262 1388 1333 ιι).
1428 1261 1540 1317 lloc
1562 1270 1664 1325 est,
1698 1263 1754 1316 in

179 1359 393 1414 timoris
435 1358 660 1427 vigore,
707 1356 847 1410 sicut
887 1355 1014 1408 item
1057 1354 1186 1409 dicit
1218 1351 1502 1421 Apostolus
1550 1369 1564 1405 :
1614 1351 1754 1416 Quid

178 1450 334 1504 vultis
362 1449 418 1501 in
439 1447 580 1516 virga
603 1447 803 1500 veniam
829 1443 897 1496 ad
918 1460 1028 1508 vos,
1071 1460 1140 1497 an
1164 1443 1220 1496 in
1244 1442 1498 1495 cltaritate
1545 1440 1592 1512 (1
1627 1439 1749 1495 Cor.

177 1539 279 1608 v1)?
302 1537 439 1593 Item
461 1537 589 1592 dicit
610 1535 880 1604 Propheta
907 1551 921 1586 :
947 1531 1146 1602 8Virga
1173 1541 1310 1586 recta
1337 1541 1410 1585 est
1440 1532 1584 1601 virga
1610 1530 1752 1600 regni

178 1630 276 1693 tui,
309 1629 338 1668 ι)
380 1629 437 1680 in
481 1644 583 1698 qua
621 1625 850 1679 dilexisti
886 1624 1150 1694 justitiam
1171 1631 1218 1675 et
1250 1622 1406 1676 odisti
1427 1621 1752 1687 iniquitatem

178 1717 350 1787 (Psal.
393 1716 561 1786 ιιι-γ).
615 1715 681 1771 Et
711 1716 904 1768 iterum
932 1714 1061 1768 dicit
1087 1711 1347 1766 Dominus
1377 1729 1390 1764 :
1433 1709 1664 1766 Visitabo
1693 1712 1750 1764 in

177 1808 322 1878 τίν-αα
343 1807 643 1876 iniquitates
670 1821 848 1859 eorum
873 1801 1043 1875 (Psal.
1075 1801 1361 1872 Lxxxvnt).

528 1937 557 2010 ᾗ
581 1937 663 1991 ιιι.
694 1967 763 1977 —
785 1937 1074 1994 Furnio
1111 1937 1410 1995 Fsansou.

250 2083 276 2112 α
309 2071 542 2127 Domino
571 2079 755 2127 sancto
785 2081 841 2128 et
868 2081 1184 2129 cancrorum
1213 2074 1615 2146 comparatione
1630 2090 1750 2130 san-

180 2163 414 2227 tissimo,
443 2172 498 2218 et
521 2163 666 2219 socio
704 2164 1087 2232 apostolorum,
1119 2166 1431 2236 Christique
1482 2167 1746 2237 discipulo

177 2252 201 2292 δ
221 2252 484 2307 Lucretio
511 2265 536 2291 θ
564 2269 716 2322 [lapse
743 2253 1029 2309 Ferreolus
1058 2256 1360 2326 episcopus.

253 2343 274 2382 ί
305 2344 537 2399 Hortatu
559 2347 911 2414 quorumdam
934 2357 1190 2416 cperante
1213 2349 1342 2413 Deo,
1371 2355 1427 2402 et
1447 2363 1555 2403 una
1585 2349 1741 2404 devo.

179 2431 323 2487 tione
380 2447 673 2496 accensus;
717 2433 771 2486 in
805 2449 910 2503 qua
942 2449 1217 2490 servorum
1256 2437 1349 2491 Dei
1381 2437 1746 2490 habitaculum

179 2523 291 2593 ipsa
317 2522 428 2580 sibi
459 2523 722 2578 Divinitas
751 2525 1061 2590 collocaret,
1089 2525 1190 2596 ipsi
1218 2535 1362 2580 terra
1391 2526 1557 2580 obtuli
1586 2526 1746 2579 aliam

181 2625 384 2670 terram
411 2613 714 2670 conferens.
764 2613 914 2681 Quod
959 2615 1156 2685 deputo
1202 2622 1401 2670 sanctae
1449 2629 1746 2686 congrega-

180 2703 334 2769 tioni,
357 2703 466 2758 hoc
487 2703 592 2757 mei
614 2704 815 2758 donare
839 2703 998 2757 saluti
1021 2703 1203 2769 credo,
1238 2711 1298 2757 ut
1320 2703 1374 2757 in
1402 2719 1570 2759 unum
1595 2720 1747 2760 more

241 2847 267 2905 9
311 2833 474 2905 Virga
498 2842 636 2905 recta
661 2844 755 2888 est.
780 2833 856 2888 lta
888 2834 940 2888 in
968 2833 1515 2905 Ifsalterioﬁomano.

241 2903 270 2943 δ
301 2903 375 2957 In
407 2902 511 2974 qua
557 2902 806 2974 ditexisti,
844 2913 946 2958 etc.
993 2903 1105 2974 ita”
1128 2903 1181 2974 in
1216 2903 1421 2974 Regula
1468 2918 1584 2974 ms.
1623 2904 1741 2959 cod.

175 2974 338 3029 θοι-ιλ.
373 2971 427 3027 et
465 2975 516 3028 in
567 2972 861 3028 Concordia
892 2989 992 3026 ms.
1049 2971 1448 3039 Vindocinensi,
1488 2973 1590 3027 etsi
1638 2989 1744 3030 non

176 3044 244 3097 ita
272 3043 491 3098 legatur
516 3044 569 3098 in
600 3043 856 3098 Psalterio
885 3043 1140 3096 Romano.

243 3125 266 3153 ε
326 3109 579 3166 Domino.
632 3113 757 3166 Haec
785 3110 1030 3182 praefatio
1078 3109 1211 3165 nihil
1258 3111 1403 3165 aliud
1461 3119 1741 3182 estquam

175 3183 402 3253 epistola
433 3183 783 3244 dedicatoria,
833 3182 888 3234 in
936 3196 1040 3250 qua
1095 3189 1481 3253 commemorat
1525 3191 1742 3238 sanctus

175 3251 464 3322 Ferreolus
489 3253 874 3322 monasterium
897 3266 926 3304 a
949 3267 1008 3306 se
1031 3251 1351 3306 aediﬁcatum
1378 3251 1594 3306 hortatu
1616 3268 1746 3322 quo-

174 3321 419 3393 rumdam
451 3329 508 3376 et
556 3309 794 3390 reg/uiam
836 3321 1112 3393 monachis
1154 3322 1543 3393 conscriptam,
1580 3309 1743 3393 qdam

174 3390 416 3462 Lucretii
453 3405 695 3462 censura:
723 3391 1004 3462 permittit.
1186 3460 1194 3462 _
1363 3390 1382 3393 ’
1595 3390 1615 3393 “
1754 3456 1762 3462 ,

235 3461 264 3500 ε
290 3461 562 3532 Lucretio.
600 3461 731 3527 Quis
769 3460 956 3532 sitﬂhic
985 3460 1268 3516 Lucretius
1304 3461 1607 3532 episcopus,
1633 3478 1743 3518 non

173 3530 304 3585 adeo
351 3531 690 3600 exploratum
712 3539 827 3600 est:
845 3527 982 3584 Puto
1011 3539 1189 3586 tamen
1228 3527 1372 3586 hunc
1397 3527 1516 3587 esse
1545 3527 1746 3586 Lucre-

175 3601 302 3670 tium
356 3599 614 3655 Diensem
665 3614 762 3670 seu
803 3599 1066 3670 Deensem
1115 3601 1383 3669 quondam
1431 3603 1743 3670 episcopum

174 3669 498 3740 Viennensis
524 3668 969 3740 provincim,_qui
1012 3668 1328 3740 subscripsit
1361 3668 1744 3740 con—ciliis’Au-

173 3739 467 3810 relianensi
488 3737 542 3793 iv
571 3755 658 3793 an.
690 3739 814 3803 5M,
851 3737 1144 3792 Parisiensi
1180 3737 1245 3810 ιι,
1274 3739 1618 3810 Lugdunensi
1666 3755 1740 3804 ιι,

170 3823 266 3928 ger
288 3809 636 3864 Vincentium
663 3810 1056 3878 presbyterum,
1089 3816 1143 3862 et
1180 3807 1473 3864 Parisiensi
1505 3825 1557 3862 IV
1598 3823 1740 3864 anno

208 3878 293 3928 73.
325 3880 406 3928 ita
459 3887 517 3928 ut
549 3877 751 3928 sedisse
789 3878 1034 3928 videatur
1059 3878 1180 3928 nlus
1222 3893 1382 3928 uuam
1413 3887 1644 3928 quatuor
1680 3889 1736 3928 et

208 3878 293 3948 73,
325 3880 406 3932 ita
459 3887 517 3932 ut
549 3877 751 3948 sedisse
789 3877 1034 3948 videatur
1059 3878 1180 3948 plus
1222 3893 1382 3947 quam
1413 3887 1644 3948 quatuor
1680 3889 1736 3932 et

171 3947 393 4016 triginta
423 3963 611 4002 annos.
650 3947 711 4001 Ei
735 3946 900 4002 mittit
929 3945 1184 4016 Regulam
1212 3945 1586 4016 corrigendam
1614 3962 1738 4000 san-

171 4015 599 4087 ctusFerreolus
611 4025 860 4087 tanquam
877 4015 1070 4083 amico,
1094 4015 1180 4071 vel
1201 4017 1327 4085 quia
1353 4015 1738 4074 monasterium
1815 4031 1820 4038 '

169 4083 223 4138 in
257 4085 381 4154 ejus
407 4087 627 4141 ὀίωοθεὶ
649 4083 812 4140 situm
835 4093 972 4140 erat.

225 4166 265 4234 ,ξ
287 4152 490 4238 Papae.
517 4156 584 4238 _ld
611 4164 700 4238 est.
719 4156 990 4226 episcopo,
1027 4163 1087 4208 ut
1123 4167 1190 4208 ex
1237 4152 1458 4238 Sidonio
1485 4163 1540 4210 et
1559 4153 1744 4238 multis

171 4221 288 4280 aliis
308 4221 492 4296 patet,
516 4225 735 4280 honoris
749 4221 920 4280 causa
947 4243 962 4279 :
993 4239 1116 4278 nam
1141 4240 1281 4296 papa
1305 4234 1390 4282 est
1417 4240 1616 4281 nomen
1645 4225 1744 4280 ho-

1857 545 2012 615 plene
2053 547 2289 614 peccatis
2321 546 2627 601 orationum
2678 561 2900 602 suarum
2947 548 3106 604 ﬂores
3149 551 3420 624 otl‘erunt,

1855 649 2014 702 quam
2040 633 2214 688 dulcia
2243 636 2374 689 mihi
2397 635 2785 690 intercessione
2812 638 2969 692 mella
2997 635 3304 695 conﬁciant.
3356 646 3423 699 Et

1853 723 2109 790 quoniam
2140 738 2362 778 necesse
2389 724 2488 779 fuit
2517 740 2657 780 novo
2694 727 2819 782 huic
2844 729 3040 798 poliulo
3070 731 3214 785 velut
3231 733 3420 803 jugum

1855 823 2004 860 nova:
2032 807 2165 877 legis
2197 809 2421 877 imponi,
2470 825 2574 864 non
2604 827 2712 880 quo
2757 829 2942 868 eorum
2973 817 3107 871 colla
3156 820 3417 888 deprime.

1855 914 1988 962 rem,
2017 899 2114 953 sed
2157 908 2216 953 ut
2267 902 2525 954 mentium
2556 905 2798 959 cervices
2843 909 3021 974 potius
3070 910 3422 977 inclinarem;

1854 989 2134 1058 Regulam,
2175 1005 2295 1059 quae
2330 991 2398 1045 ab
2442 992 2520 1046 eis
2562 1008 2659 1062 pro
2691 995 2805 1064 lege
2831 1008 3090 1061 servetur,
3128 1001 3342 1056 licentia
3393 1019 3423 1056 a

1855 1077 2004 1132 vobis
2034 1087 2143 1131 tam
2190 1080 2354 1149 petita
2387 1096 2550 1150 quam
2597 1093 2842 1152 accepta,
2873 1089 3312 1156 conscripsimus.
3366 1092 3423 1146 In

1853 1181 1957 1233 qua
2010 1166 2055 1220 si
2100 1167 2229 1235 quid
2263 1170 2553 1224 severitate
2601 1171 2829 1238 durum,
2862 1173 2906 1226 si
2940 1175 3068 1242 quid
3107 1178 3426 1234 remissione

1853 1256 2226 1312 mollissimum
2248 1259 2451 1328 judicio
2477 1261 2719 1316 scientia:
2748 1263 3205 1332 adjudicaveritis,
3235 1281 3425 1322 censu-

1853 1362 1969 1400 ram
2000 1363 2190 1402 manus
2216 1357 2412 1403 vestrae
2439 1351 2633 1420 pagina
2664 1351 2854 1407 melius
2898 1353 3023 1408 inde
3055 1354 3274 1410 lecturis
3304 1358 3420 1426 pla-

1854 1438 2052 1503 citura,
2095 1439 2372 1506 suscipiat.
2403 1438 2474 1493 Ut
2505 1440 2608 1494 hoc
2635 1441 2768 1494 mihi
2819 1444 2992 1514 magis
3017 1444 3200 1513 gloriae
3225 1447 3381 1502 detur
3403 1487 3421 1513 ,

1857 1531 1882 1568 8
1908 1529 2050 1597 quod
2076 1529 2231 1597 digna
2257 1529 2473 1583 inventa
2500 1537 2583 1584 est
2610 1530 2833 1601 Regula,
2864 1548 3026 1600 quam
3056 1551 3152 1603 per
3177 1550 3271 1590 vos
3299 1553 3424 1591 cor-

1853 1619 2091 1683 resistis,
2128 1619 2380 1690 fugiendo
2411 1636 2442 1675 a
2471 1622 2608 1676 facie
2635 1626 2992 1680 verecundiae.
3031 1628 3058 1666 h
3094 1626 3148 1681 Si
3182 1644 3328 1695 vero,
3362 1638 3422 1684 ut

1854 1709 2034 1773 credo,
2063 1709 2320 1763 indicium
2356 1713 2559 1766 amoris
2587 1727 2804 1781 cperam
2828 1730 3009 1768 veram
3041 1715 3296 1772 inﬁixerit
3337 1720 3417 1772 di-

1783 1792 1822 1849 Β
1851 1812 1968 1866 gnte
2017 1799 2350 1853 correctione
2379 1800 2594 1866 litterae,
2631 1803 2648 1842 ί
2702 1804 2962 1872 quidquid
3010 1807 3221 1860 demum
3253 1808 3422 1878 inepti

1851 1885 2011 1940 lectio
2032 1886 2351 1957 incastigata
2377 1889 2662 1958 protulerit
2683 1893 2900 1955 erroris,
2933 1893 3162 1948 liberum
3202 1912 3231 1950 a
3261 1898 3418 1966 culpa

1850 1982 1970 2048 crit,
1998 1996 2119 2036 cum
2141 1983 2378 2038 libellum
2405 1993 2596 2039 vestra:
2619 2001 2704 2038 me
2730 1994 2940 2041 constat
2967 1989 3266 2045 subdidisse
3289 2008 3415 2046 cen-

1848 2087 2005 2127 surae.
2046 2073 2174 2128 Mihi
2223 2083 2404 2128 tamen
2453 2076 2716 2130 orandum
2742 2085 2844 2141 est,
2889 2079 3024 2132 utin
3052 2082 3240 2149 primis
3287 2083 3418 2149 Deo,

1848 2163 2042 2218 deinde
2064 2164 2217 2218 vobis
2248 2165 2377 2218 illud
2401 2165 2607 2233 placeat
2647 2168 2790 2235 quod
2837 2169 3172 2238 scripsimus,
3213 2181 3267 2227 et
3311 2173 3421 2228 illis

1847 2255 2042 2323 quibus
2068 2254 2184 2310 hate
2211 2259 2471 2311 servanda
2500 2258 2844 2324 mandamus,
2872 2268 2931 2314 ut
2965 2260 3020 2314 in
3050 2263 3265 2318 nomine
3291 2263 3420 2320 Jesu

1847 2345 2046 2404 Christi
2084 2347 2395 2402 obedientes
2443 2347 2496 2400 in
2552 2349 2803 2403 omnibus
2852 2349 3048 2404 divinis
3089 2353 3376 2422 prmceptis
3403 2393 3419 2419 ,

1846 2445 2048 2490 :eterna
2078 2436 2147 2490 ab
2171 2437 2250 2490 eis
2284 2437 2525 2505 praemia,
2555 2445 2609 2491 et
2638 2437 2807 2507 gloria
2843 2438 2959 2492 sine
2985 2440 3090 2493 ﬁne
3115 2441 3273 2495 home
3299 2451 3420 2497 tan-

1849 2535 1960 2582 tum
2008 2528 2130 2582 vita:
2172 2535 2350 2595 empta
2394 2527 2567 2597 pretio
2611 2527 2945 2592 vindicetur,
2982 2539 3272 2598 prmstante
3316 2533 3421 2588 Do-

1849 2618 1993 2672 mino
2019 2627 2074 2670 et
2103 2618 2213 2671 Deo
2242 2625 2425 2671 nostro
2452 2617 2580 2671 .lcsu
2629 2616 2844 2672 Christo
2885 2619 2941 2672 in
2971 2619 3166 2674 saecula
3193 2622 3421 2677 saeculo-

1848 2723 1989 2762 rum.
2016 2707 2211 2762 Amen.

1846 2841 2028 2918 noris,
2080 2856 2180 2896 nec
2226 2855 2366 2909 papa
2415 2841 2856 2918 e_st_simpliciter
2894 2849 3081 2918 pater,
3133 2843 3227 2898 sed
3282 2847 3416 2918 πρὸς

1846 2914 2042 2987 euripo:
2073 2919 2287 2987 σεπτικῄ
2312 2916 2480 2987 -φωνή,
2511 2911 2933 2987 inquit_Suidas,
2968 2913 3020 2987 id
3047 2921 3160 2980 est,
3181 2911 3414 2968 venera-

1846 2981 2008 3038 tionis
2053 2997 2155 3037 vox
2206 2984 2272 3034 ad
2312 2981 2548 3034 Patrem.
2601 2981 2808 3034 Dicitur
2851 2991 2905 3035 et
2944 2985 3124 3044 πάπας
3163 2993 3322 3044 pater
3363 2993 3419 3039 et

1843 3049 2051 3120 Jupiter
2091 3052 2230 3120 apud
2283 3051 2564 3120 Bithynos.
2596 3049 2711 3104 Hac
2756 3065 2886 3105 voce
2931 3054 3102 3106 utitur
3143 3049 3422 3109 Iuvenalis

1770 3137 1815 3198 ρ
1845 3132 1951 3177 sat.
1982 3121 2036 3187 6,
2068 3120 2443 3191 signiﬁcatque
2469 3121 2776 3184 nutritium,
2800 3122 3144 3192 paedagogum
3173 3140 3186 3176 :

1966 3210 2185 3260 Mordeat
2203 3217 2316 3274 ante
2337 3209 2527 3274 aliquis,
2552 3210 2785 3271 quidquid
2808 3213 3085 3274 porrexerit
3115 3211 3216 3274 illa,

1968 3274 2085 3331 Qua
2113 3273 2340 3333 peperit,
2365 3272 2560 3320 timidus
2573 3269 2850 3332 ‘riraegustet
2875 3269 3039 3332 pocula
3066 3269 3235 3335 papas.

1843 3354 2046 3439 910m
2069 3353 2307 3439 {sideri}
2343 3350 2538 3439 ἐξεῖπεν
2573 3352 2911 3439 ρξξιέαθοθτεεν
2939 3353 3289 3439 ieiuniis
3309 3365 3420 3435 8'."-

1847 3425 2041 3478 denles.
2079 3423 2288 3476 Dicitur
2337 3429 2390 3474 et
2415 3423 2567 3478 ἆππα
2595 3435 2694 3490 pro
2739 3428 2910 3485 πάπα,
2949 3436 3048 3490 per
3074 3424 3417 3477 Inetathcsim

1850 3493 2609 3630 ap‘fmﬂgi'lt't‘zjgtmquorumdam,
2633 3566 2738 3612 etc.
2783 3557 2860 3612 l'ta
2906 3557 3187 3612 emendavi
3216 3573 3282 3612 ex
3310 3559 3417 3613 alio
3470 3543 3481 3552 ’

1844 3633 2120 3780 cogi?)qu
2134 3700 2530 3780 ἀὶρηίιβηυεηςᾳ
2547 3705 2644 3780 est,
2792 3695 2868 3749 Ita
2891 3695 3100 3748 restitui
3123 3705 3416 3780 quieveram

1843 3765 2210 3894 tragzspositaf
2240 3769 2432 3839 Digna,
2466 3769 2522 3822 id
2559 3775 2666 3832 est,
2714 3766 2874 3828 bona,
2906 3779 3139 3834 congrua
3174 3783 3188 3819 :
3221 3765 3372 3837 Virg.
3395 3805 3412 3832 ,

1843 3857 1879 3894 ιι
1989 3857 2062 3894 ιι..

2005 3857 2040 3892 1.

1841 3857 1879 3896 ιι
1913 3857 2040 3894 mn.

1963 3879 2064 3979 Au;
2080 3939 2188 3992 quae
2205 3927 2349 3988 digna
2366 3927 2481 3975 satis
2507 3925 2696 3974 fortuna
2722 3925 2909 3974 revisit.

1911 4020 1940 4058 ιι
1973 4015 2034 4070 Si
2054 4030 2190 4078 vero,
2220 4023 2275 4067 ut
2303 4011 2479 4077 credo,
2502 4010 2778 4074 indicium,
2802 4017 2908 4063 etc.
2930 4007 3010 4062 Ita
3037 4009 3318 4064 emendavi
3342 4025 3409 4064 ex

1847 4083 1956 4140 alio
1983 4084 2188 4138 codice.

1923 4155 1938 4194 ί
1985 4151 2250 4222 Quidquid
2297 4150 2508 4222 demum
2538 4149 2812 4222 ineptum,
2849 4156 2954 4203 etc.
3000 4146 3076 4202 ita
3127 4147 3415 4204 ennendav't

1848 4222 1992 4278 hunc
2020 4220 2201 4278 locum
2233 4220 2722 4290 corruptissimum.

184 4359 3411 4386 Μ*

1516 4468 1849 4545 CAPUT
1925 4467 2040 4545 III

1269 4625 1357 4682 DE
1394 4619 1779 4680 GENERIBUS
1817 4618 2316 4678 MONACHORUM.

399 4849 430 4924 ᾗ
457 4849 496 4904 l.
524 4880 598 4890 —
621 4849 701 4904 Ex
730 4848 945 4902 ﬁscum
978 4860 1162 4900 SANCTI
1190 4844 1506 4898 BENEDlCTI.

237 4948 266 4978 ⁸
303 4940 695 4998 Monachorum
731 4944 966 5009 quatuor
998 4950 1121 4991 esse
1153 4947 1352 5005 genera
1387 4928 1734 4986 manifestum

252 5114 279 5142 ι
307 5099 712 5155 Μοηαειιοηιηι.
749 5095 1014 5164 Quoniam
1033 5134 1048 5158 ,
1078 5099 1140 5164 ut
1168 5091 1225 5146 in
1255 5102 1581 5164 unaquaque
1617 5095 1733 5142 arte
1760 5089 1810 5147 D

171 5177 299 5224 sunt
326 5170 547 5239 quidam
577 5163 967 5239 caupon’atores
997 5163 1090 5239 qui
1126 5177 1246 5239 eam
1270 5163 1611 5239 adulteram,
1635 5165 1696 5239 et
1714 5197 1731 5222 ,

169 5250 229 5294 ut
252 5227 412 5294 aiuiit
432 5277 448 5302 ,
479 5227 929 5305 aquam'miscent
959 5227 1114 5305 vino,
1155 5233 1234 5286 sic
1268 5231 1321 5284 in
1350 5229 1468 5305 _vi_ta
1503 5227 1734 5282 ascetica

205 5310 395 5363 uidam
423 5298 875 5376 pseudomonachi
903 5303 1244 5372 reperiuntur
1273 5299 1364 5368 qui
1395 5298 1576 5351 fucata
1603 5311 1738 5364 qua-

169 5324 295 5432 ﬂam
325 5376 546 5431 virtutis
571 5376 750 5432 snecie
778 5373 1000 5432 anosvis
1024 5370 1293 5432 simplices
1315 5377 1371 5424 et
1393 5381 1585 5432 parum
1611 5380 1738 5421 cau-

239 5395 295 5432 m
325 5370 546 5431 virtutis
571 5376 750 5444 specie
778 5370 1000 5444 quosvis
1024 5370 1293 5442 simplices
1315 5377 1371 5424 et
1393 5381 1585 5437 parum
1611 5380 1743 5488 οἛέ

239 5555 268 5593 ιδ
309 5551 734 5614 Caenobitarum,
775 5550 871 5602 hoc
909 5558 984 5602 est
1023 5544 1409 5601 monasteriale.
1443 5543 1578 5598 Vide
1607 5542 1738 5599 Cas-

167 5623 411 5695 sianum,
437 5613 754 5695 coll._xvin,_
777 5633 892 5695 cap.
921 5617 976 5695 «ξ,
1002 5624 1058 5671 et
1086 5626 1329 5695 sanctum
1355 5613 1736 5695 Hieronymum

169 5691 223 5746 in
250 5684 414 5761 epist.
445 5689 514 5744 ad
544 5684 889 5743 Eustochium
917 5689 983 5742 de
1011 5685 1253 5742 custodia
1283 5684 1626 5754 virginitatis.

1840 4850 1944 4896 est.
1975 4839 2220 4894 Primum
2247 4838 2276 4877 ι»
2302 4836 2730 4899 emnobitarum,
2761 4833 2866 4890 hoc
2889 4841 2976 4890 est
3002 4833 3405 4900 monasteriale,

1841 4931 2078 4987 militans
2103 4941 2128 4970 ο
2161 4929 2270 4986 sub.
2289 4927 2500 5000 Regula
2521 4926 2607 4983 vel
2634 4925 2848 4982 abbate.
2879 4924 3086 4983 Deinde
3110 4925 3408 4983 secundum

1913 5119 1934 5148 ε
1976 5107 2086 5163 Sub
2115 5107 2296 5173 regula
2323 5105 2400 5161 uel
2425 5106 2628 5160 abbate.
2659 5103 2759 5158 Ms.
2788 5103 2930 5173 Vict.
2959 5101 3021 5157 P.
3041 5141 3058 5168 ,
3089 5101 3198 5158 Sub
3229 5103 3423 5173 regula.

1836 5177 1912 5232 vel
1963 5180 2060 5231 sub
2107 5171 2308 5230 abbate.
2360 5175 2487 5231 Hinc
2531 5182 2711 5229 autem
2762 5171 3091 5240 coniunctim
3144 5171 3406 5229 sumenda

1838 5255 1991 5311 sunt,
2024 5245 2096 5299 ita
2124 5254 2182 5314 ut
2209 5244 2470 5314 particula
2499 5243 2585 5314 vel,
2598 5250 2828 5314 ponatur
2848 5239 2946 5314 pro
2968 5241 3299 5314 copulativa.
3318 5239 3412 5314 Sic

1838 5309 2002 5371 etiam
2043 5309 2279 5381 loquitur
2317 5321 2536 5367 sanctus
2571 5309 2829 5381 Eulogius
2849 5309 2944 5381 lib.
2974 5309 3047 5381 ιι,
3081 5309 3414 5381 Memorialis

1842 5377 2150 5440 sanctorum
2171 5421 2185 5445 ,
2209 5396 2328 5450 cap.
2351 5381 2416 5436 ιε
2439 5399 2459 5432 ι
2489 5382 2589 5448 Qui
2617 5377 2816 5436 dudum
2844 5380 2944 5450 sub
2971 5379 3174 5450 Regula
3203 5377 3286 5437 vel
3315 5379 3409 5433 ab-

1843 5455 1966 5507 bate
1993 5466 2051 5504 se
2077 5449 2397 5504 dediderint.
2422 5471 2441 5503 ›
2467 5451 2532 5504 Et
2568 5451 2642 5504 ita
2676 5450 2879 5519 passim
2912 5449 3150 5519 loquitur
3182 5455 3406 5519 sanctus

1845 5519 2164 5575 Benedictus
2195 5526 2248 5572 ct
2275 5527 2524 5575 auctores
2552 5520 2605 5573 in
2636 5513 2739 5574 hac
2763 5513 3061 5574 Concordia
3092 5517 3262 5572 citati.
3295 5513 3410 5571 Nec

1842 5588 2123 5661 emnobita:
2148 5586 2473 5661 Regulgevel
2503 5589 2684 5644 abbati
2708 5589 2933 5646 seorsim
2951 5629 2965 5658 ,
2992 5587 3086 5644 sed
3112 5585 3328 5661 Regula:
3355 5592 3412 5641 et

1844 5657 2024 5716 abbati
2055 5656 2214 5711 simul
2243 5658 2623 5726 subjiciuntur.
