3958 6198
481 351 585 406 755

1501 340 1559 394 S.
1597 336 1956 394 BENEDlCTl
1993 334 2284 390 ABBATIS
2319 336 2724 395 ANIA‘NENSIS

3626 345 3727 401 73G

481 484 588 524 non
610 463 926 527 Dominicis,
951 459 1045 514 sed
1069 457 1181 515 suis
1205 455 1395 511 inclusi
1421 441 1674 520 ovilibus,
1701 471 1799 525 pro
1821 455 1939 524 lege
1963 454 2043 508 eis
2071 454 2120 512 Α
2146 451 2226 507 las
2270 462 2324 507 et
2361 452 2374 502 i
2419 452 2690 516 rescellas,
2733 451 2981 522 ignorant
3033 453 3158 521 quia
3181 455 3415 523 perdunt
3441 470 3575 512 suas
3606 459 3726 514 ani-

479 563 563 611 est
583 554 972 610 desideriorum
995 548 1241 616 voluptas
1265 560 1280 599 :
1304 557 1424 600 eum
1453 545 1710 614 quidquid
1736 545 2050 614 putaverint

479 646 564 699 vel
598 641 890 710 elegerint,
921 639 1024 692 hoc
1059 637 1243 690 dicunt
1279 641 1523 690 sanetum
1549 650 1563 699 ;
1585 642 1648 713 Oet
1677 634 1821 703 quod
1856 633 2044 686 nolue-

479 736 617 796 rint,
650 734 753 786 hoc
778 736 970 800 putant
999 734 1102 780 non
1130 727 1311 780 licere.
1343 725 1604 792 Quartum
1632 731 1798 793 genus
1823 733 1907 778 est
1934 737 2049 777 mo-

478 822 773 877 nachorum
806 819 948 888 quod
978 817 1288 870 nominatur
1315 827 1340 856 ει
1371 825 1698 886 gyrovagum
1719 855 1733 878 ,
1762 814 1790 854 ιι
1818 815 1908 882 (ιιιί
1937 821 2047 867 tota

475 913 582 965 vita
612 921 707 965 s’ua
736 919 832 978 per
857 909 1097 962 diversas
1122 906 1426 976 previncias
1452 906 1621 958 ternis
1649 913 1742 958 aut
1767 904 2049 973 quaternis

477 1002 664 1055 diebus
711 1007 810 1068 per
859 997 1193 1051 diversorum
1229 995 1391 1049 cellas
1431 994 1792 1063 hospitantur,
1834 1005 2048 1063 semper

477 1093 634 1163 vagi,
669 1106 945 1160 nunquam
981 1091 1201 1145 stabiles
1239 1097 1294 1143 et
1325 1091 1560 1158 propriis
1587 1089 1956 1159 voluptatibus
1994 1096 2049 1144 et

479 1184 620 1253 gulae
655 1182 923 1236 illecebris
961 1181 1286 1246 servientes,
1320 1189 1377 1234 et
1409 1195 1506 1250 per
1544 1181 1722 1236 omnia
1753 1180 2050 1235 deteriores

476 1272 790 1328 sarabaitis.
831 1282 853 1310 ε
894 1270 971 1325 De
1027 1277 1256 1340 quorum
1306 1272 1546 1324 omnium
1603 1272 1795 1325 horum
1851 1272 2050 1326 misera

475 1362 884 1418 conversatione
910 1361 1102 1415 melius
1128 1369 1211 1415 est
1237 1361 1396 1416 silere
1422 1378 1582 1430 quam
1609 1363 1776 1432 loqui.
1801 1361 1895 1417 llis
1920 1379 2049 1434 ergo

477 1453 694 1508 omissis
720 1453 788 1506 ad
816 1451 1212 1506 emnobitarum
1239 1449 1263 1490 ἀ
1299 1451 1652 1506 fortissimum
1679 1467 1848 1523 genus
1871 1454 2050 1524 dispo-

474 1541 710 1597 nendum
731 1582 745 1604 ,
779 1542 1009 1596 Domino
1037 1541 1355 1610 adjuvante,
1387 1544 1682 1598 veniamus.

483 1674 585 1745 §ll.
615 1676 690 1729 Ex
716 1675 934 1730 Renum
961 1673 1225 1730 MAGISTRI
1252 1674 1329 1728 De
1353 1674 1623 1744 generibus
1651 1677 2043 1731 monachorum.

548 1823 572 1850 θ
603 1810 987 1865 Monaclmrnm
1015 1815 1250 1877 quatuor
1301 1823 1421 1863 esse
1454 1824 1651 1877 genera
1701 1811 2048 1867 manifestum
2076 1801 2124 1860 Β

473 1913 574 1956 est.
620 1902 858 1955 Primum
893 1900 1306 1961 cmnobitarum,
1360 1899 1463 1953 hoc
1491 1909 1593 1963 est,
1645 1902 2043 1968 monasteriale,

473 1992 717 2048 militans
761 1991 862 2048 sub
910 1992 1093 2062 regula
1123 1992 1208 2045 vel
1243 1991 1456 2047 abbate.
1509 1992 1711 2046 Deinde
1752 1996 2045 2049 secundum

473 2092 644 2155 genus
679 2092 764 2137 est
808 2083 1278 2144 anaclioretarum,
1335 2081 1387 2134 id
1421 2090 1507 2136 est
1535 2083 1904 2147 eremitarum,
1953 2085 2046 2154 qui

474 2187 578 2230 non
611 2174 1036 2228 conversationis
1082 2174 1292 2228 fervore
1331 2174 1557 2238 novitio,
1597 2174 1688 2228 sed
1732 2177 2044 2230 monasterii

473 2263 793 2334 probatione
837 2263 1106 2326 diuturna,
1140 2261 1276 2334 [qui]
1310 2263 1612 2318 didicerunt
1646 2272 1835 2319 centra
1866 2267 2047 2322 diabo-

472 2352 583 2407 lum
610 2353 898 2406 multorum
930 2352 1120 2407 solatio
1142 2352 1254 2420 jam
1279 2353 1420 2408 docti
1451 2369 1706 2423 pugnare,
1733 2363 1788 2410 et
1807 2357 1943 2411 bene
1969 2358 2047 2410 in-

472 2443 664 2498 structi
708 2441 949 2496 fraterna
1013 2457 1079 2496 ex
1132 2442 1247 2496 acie
1317 2443 1383 2496 ad
1431 2443 1757 2512 singularem
1811 2457 2045 2514 pugnam

471 2535 661 2598 eremi,
712 2534 888 2588 securi
917 2531 1031 2600 jam
1064 2533 1181 2587 sine
1231 2533 1598 2588 consolatione
1647 2535 1890 2602 alterius,
1931 2537 2044 2592 sola

471 2641 635 2680 manu
682 2625 765 2680 vel
793 2625 1015 2679 brachio
1054 2633 1245 2679 contra
1273 2624 1403 2679 vitia
1443 2624 1625 2680 carnis
1653 2627 1736 2681 vel
1765 2628 2048 2698 cogitatio-

470 2731 599 2772 num
645 2716 665 2756 τ
714 2727 835 2771 eum
866 2716 976 2770 Deo
1020 2725 1076 2770 et
1109 2717 1304 2786 spiritu
1338 2718 1362 2756 ε
1408 2732 1708 2788 repugnare
1753 2718 2042 2774 suﬂiciunt.

471 2806 710 2860 Tertium
750 2822 880 2860 vero
923 2808 1310 2861 monachorum
1342 2803 1692 2860 deterrimum
1743 2823 1912 2879 genus
1963 2817 2048 2865 est

470 2885 886 2960 sarabaitarum,
917 2896 1058 2964 quod
1089 2895 1280 2950 melius
1318 2895 1494 2952 adhuc
1522 2897 1721 2952 laicum
1759 2900 2041 2968 dixissem,

469 2987 518 3039 si
547 3000 636 3040 me
679 2986 942 3054 propositi
990 2986 1162 3039 sancti
1195 3001 1303 3040 non
1333 2985 1618 3054 impediret
1661 3001 1909 3043 censura.
1941 2985 2046 3057 Qui

471 3075 616 3132 nuila
637 3076 843 3148 Regula
874 3078 1176 3147 approbati,
1202 3084 1258 3132 et
1279 3078 1609 3146 experientia
1631 3080 1912 3151 magistra,
1939 3083 2045 3137 sic-

2151 543 2359 598 mellas.
2391 540 2564 596 Simul
2593 548 2647 596 et
2677 541 2736 607 ii,
2773 541 2865 610 qui
2895 555 3066 610 nuper
3092 543 3338 598 conversi
3364 543 3726 604 immoderato

2149 631 2362 688 fervore
2413 618 2654 687 eremum
2681 640 2873 702 putant
2899 645 3019 688 esse
3054 633 3289 701 quietem
3332 651 3348 690 :
3387 643 3445 689 et
3485 647 3598 690 non
3628 653 3730 709 pu-

2151 732 2325 778 tantes
2351 724 2594 778 insidiari
2616 731 2668 778 et
2695 735 2890 779 nocere
2921 724 3216 790 diabolum,
3245 725 3573 796 singularem
3603 739 3729 786 cum

2149 829 2214 869 eo
2240 823 2472 884 pugnam
2523 814 2727 869 indocti
2757 823 2813 868 et
2855 815 3032 868 securi
3079 815 3360 878 invadunt,
3415 818 3535 871 sine
3560 818 3729 874 dubio

2150 905 2352 959 inducti
2383 905 2490 974 lu'pi
2513 903 2755 959 faucibus
2781 906 3082 959 oceursuri.
3112 906 3375 973 QUartuin
3401 913 3533 965 vero
3558 926 3729 982 genus

2149 1004 2234 1050 est
2283 997 2671 1051 monachorum
2717 1009 2817 1051 nec
2873 997 3294 1064 nominandum,
3332 996 3478 1068 quod
3528 1001 3724 1058 melius

2154 1094 2330 1142 tacere
2363 1102 2526 1155 quam
2576 1087 2644 1141 de
2673 1086 2870 1141 talibus
2906 1087 3108 1141 dicere.
3134 1086 3286 1154 Quod
3331 1105 3503 1159 genus
3531 1091 3732 1147 dicitur

2149 1194 2498 1249 gyrovagum,
2529 1179 2620 1248 qui
2651 1185 2818 1234 totam
2846 1179 3014 1232 vitam
3042 1194 3192 1233 suam
3213 1194 3310 1249 per
3330 1181 3579 1235 diversas
3602 1197 3728 1250 pro-

2148 1270 2351 1323 vincias
2387 1271 2556 1325 ternis
2598 1278 2690 1324 aut
2720 1271 3000 1339 quaternis
3027 1269 3216 1324 diebus
3258 1285 3357 1339 per
3383 1271 3726 1327 diversorum

2149 1358 2311 1415 cellas
2349 1362 2404 1414 et
2425 1361 2756 1415 monasteria
2779 1361 3146 1428 hospitantes;
3173 1376 3298 1415 cum
3323 1375 3423 1430 pro
3446 1363 3726 1432 hospitum

2149 1453 2383 1506 adventu
2411 1468 2442 1506 a
2465 1453 2694 1506 diversis
2712 1453 2898 1506 volunt
2917 1451 3157 1520 quotidie
3181 1453 3393 1506 noviter
3417 1455 3645 1522 suScipi,
3671 1465 3725 1509 et

2147 1554 2246 1612 pre
2291 1540 2486 1613 gaudio
2531 1542 3028 1612 supervenientium
3049 1543 3318 1612 exquisita
3345 1545 3446 1599 sibi
3476 1546 3726 1614 pulmen-

2147 1631 2287 1685 taria
2339 1633 2612 1702 adparari,
2645 1639 2700 1686 et
2747 1631 3043 1686 animantia
3089 1633 3356 1702 pullorum
3385 1635 3490 1689 sibi
3530 1645 3726 1690 curant

2149 1723 2390 1792 quotidie
2426 1738 2458 1776 a
2491 1723 2720 1777 diversis
2756 1721 3056 1791 hospitibus
3089 1738 3188 1792 pro
3227 1724 3458 1778 adventu
3505 1725 3726 1782 cultello

2149 1816 2346 1880 occidi,
2395 1821 2622 1885 gravare
2665 1827 2724 1869 se
2773 1815 2848 1868 ita
2879 1814 3118 1868 diversos
3143 1829 3248 1868 non
3277 1815 3530 1880 credunt,
3571 1831 3722 1871 eom-

2149 1906 2406 1960 mutando
2450 1905 2690 1974 quotidie
2736 1904 2974 1972 hospites
3018 1904 3046 1943 k
3073 1917 3173 1973 pro
3203 1903 3437 1958 adventu
3467 1907 3728 1961 novitatis

2149 1997 2248 2052 sub
2274 1997 2580 2065 importuna
2612 1994 2877 2050 cbaritate
2900 1991 3144 2049 diversos
3170 2002 3433 2049 conantur
3461 1995 3567 2050 sibi
3591 2011 3728 2064 pra:—

2148 2101 2344 2156 parare
2389 2085 2640 2150 diversa;
2669 2093 2725 2139 et
2753 2083 2992 2138 velut'ab
3024 2084 3195 2140 invito
3221 2100 3252 2138 a
3280 2086 3513 2140 diversis
3544 2087 3728 2154 hospi-

2148 2177 2293 2229 tibus
2321 2176 2602 2245 exigentes
2631 2181 2958 2244 prarceptnm
3006 2173 3270 2243 Apostoli,
3313 2175 3364 2227 in
3400 2190 3511 2244 quo
3543 2175 3678 2230 dicit
3709 2188 3728 2222 :

2148 2260 2574 2336 Hospitalitatem
2598 2274 2853 2318 sectantes
2877 2263 3055 2335 (Rom.
3090 2263 3212 2335 xu),
3255 2279 3352 2334 per
3372 2265 3730 2320 occasionem

2145 2355 2398 2423 pracepti
2419 2355 2688 2422 inquietos
2709 2353 2810 2407 sibi
2827 2353 2989 2422 pedes
3014 2361 3135 2422 post
3154 2353 3296 2406 viam
3319 2353 3614 2409 fomentari
3633 2369 3729 2408 ex-

2146 2446 2438 2514 postulant,
2456 2457 2554 2515 per
2567 2446 2909 2501 occasionem
2925 2446 3138 2500 itineris
3159 2445 3412 2500 intestina
3431 2461 3529 2501 sua
3548 2447 3730 2502 latiori

2148 2547 2304 2590 canta
2337 2537 2422 2591 vel
2466 2537 2692 2606 prandio
2721 2537 2998 2606 inquinata
3048 2535 3270 2590 infinitis
3307 2536 3518 2605 poculis
3555 2536 3732 2606 magis

2147 2641 2311 2695 quam
2329 2628 2493 2695 pedes
2506 2628 2836 2682 desiderant.
2858 2628 2923 2681 Et
2937 2635 3060 2696 post
3078 2627 3406 2682 exinanitam
3427 2641 3458 2680 a
3478 2625 3736 2683 famelico

2147 2716 2356 2785 hospite
2375 2727 2616 2770 mensam
2647 2724 2701 2772 et
2722 2716 2950 2771 miculas
2979 2717 3125 2786 ipsas
3144 2715 3297 2784 panis
3316 2723 3439 2784 post
3457 2715 3602 2768 viam
3633 2716 3738 2770 de-

2146 2814 2319 2860 tersas
2343 2805 2488 2860 sitim
2510 2820 2662 2861 suam
2685 2805 2800 2860 sine
2821 2806 3148 2861 verecundia
3170 2804 3367 2873 hospiti
3395 2806 3733 2874 ingerentes,

2146 2895 2191 2950 si
2218 2895 2359 2950 calix
2382 2895 2469 2950 his
2495 2911 2623 2950 casu
2647 2893 2900 2960 defuerit,
2931 2904 3152 2966 rogatur
3179 2895 3374 2964 hospes
3403 2894 3459 2948 in
3485 2894 3603 2964 ipsa
3631 2911 3735 2964 pa-

2146 2984 2271 3039 tella
2316 2993 2378 3039 ut
2409 2986 2652 3040 misceat.
2681 2985 2749 3039 Et
2786 2994 3073 3055 postquam
3107 3000 3175 3039 ex
3201 2993 3431 3053 utraque
3458 2994 3619 3054 parte
3642 2987 3733 3040 ni-

2146 3075 2310 3130 mieta
2319 3083 2373 3130 te
2389 3076 2494 3131 cibi
2516 3083 2571 3131 et
2594 3083 2752 3146 potus
2771 3076 3235 3146 perca'lcatiusque
3255 3074 3322 3129 ad
3341 3076 3602 3130 vomitum
3617 3077 3732 3131 lue-

470 3171 529 3222 ιι(
573 3183 765 3221 aurum
808 3166 1066 3232 fornacis,
1128 3169 1225 3222 scd
1272 3168 1326 3222 in
1364 3168 1567 3238 plumbi
1613 3179 1805 3224 natura
1849 3171 2040 3226 molliti
2069 3166 2114 3230 C
2144 3167 2273 3231 rint,
2300 3169 2469 3221 ιοίυω
2500 3166 2784 3222 laboriosa:
2804 3167 2904 3221 via:
2931 3167 3199 3238 imputant
3219 3165 3364 3236 quod
3400 3166 3523 3237 gula
3546 3166 3733 3222 lucra-

468 3258 645 3313 adhuc
684 3257 712 3298 ιι
735 3258 893 3313 factis
921 3267 1201 3314 servantes
1243 3259 1441 3314 sarculo
1464 3258 1645 3326 fidem,
1675 3261 1891 3316 mentiri
1929 3261 2040 3317 Deo

468 3362 566 3419 per
591 3356 1230 3404 ltmlsuramvnoscuntur.
1279 3349 1381 3416 Qui
1431 3350 1544 3404 bini
1584 3359 1678 3406 aut
1727 3353 1864 3406 terni
1893 3361 2040 3410 certe

467 3441 666 3512 singuli
713 3441 830 3496 sine
855 3450 1075 3512 pastore
1106 3455 1212 3497 non
1251 3441 1546 3497 Dominicis
1589 3441 1682 3498 sed
1710 3445 1822 3498 suis
1848 3444 2041 3500 inclusi

466 3531 716 3594 ovi-libus,
763 3547 865 3600 pro
907 3531 1022 3602 lege
1063 3532 1142 3586 eis
1177 3539 1260 3586 est
1309 3530 1697 3586 desideriorum
1741 3533 2036 3604 voluptas:

467 3635 590 3675 cum
636 3621 896 3691 quidquid
935 3621 1242 3691 putaverint
1279 3621 1365 3676 vel
1401 3621 1681 3693 elegerint,
1712 3625 1818 3679 hoc
1852 3625 2042 3680 dicunt

467 3717 736 3776 sanctum,
763 3718 818 3764 et
843 3711 984 3780 quod
1014 3709 1305 3775 noluerint,
1340 3710 1446 3765 hoc
1472 3719 1665 3780 putant
1707 3727 1814 3767 non
1852 3713 2036 3770 licere.

469 3799 536 3853 Et
560 3799 686 3854 dum
716 3799 770 3853 in
800 3799 1019 3870 preprio
1057 3799 1280 3854 arbitrio
1318 3809 1568 3868 qumrunt
1625 3801 1824 3858 habere
1881 3805 1894 3843 ί
1933 3803 2042 3858 cel-

540 3943 566 3973 ι
608 3931 957 4005 Gyrovagum.
1015 3933 1333 4005 Huiusmodi
1385 3934 1664 3988 monachis
1715 3934 1905 4004 plenus
1955 3944 2039 3990 est

467 4003 722 4072 mundus,
772 4003 863 4072 qui
890 4011 946 4058 et
990 4003 1243 4059 dicuntur
1288 4003 1787 4068 Circumcelliones;
1839 4006 1902 4057 de
1932 4021 2038 4072 quo

468 4071 731 4141 vocabulo
778 4071 934 4125 infra.
993 4072 1057 4127 Hi
1106 4081 1231 4127 sunt
1282 4074 1766 4141 pseudo-eremitre,
1822 4071 2036 4141 palliata

468 4140 866 4204 mendicabula,
913 4142 1006 4209 qui
1045 4142 1205 4212 urbes
1253 4140 1314 4212 et
1351 4157 1519 4212 pagos
1567 4140 1934 4206 obambulant,
1979 4151 2038 4198 ut

469 4217 711 4262 ventrem
737 4217 791 4263 et
833 4211 1161 4279 marsupium
1192 4210 1475 4279 impleant;
1513 4212 1700 4278 quales
1727 4220 1883 4265 erant
1907 4213 2036 4268 olim

469 4279 545 4361 illi
574 4287 838 4361 ’Βρημῐται
866 4281 1354 4361 μελανςεμρνοῦητεξ.
1407 4283 1617 4351 κεφαλὰς
1664 4290 1942 4361 κρμὼντεςε
1982 4283 2036 4337 id

467 4355 548 4402 est
580 4349 732 4472 nigra
766 4349 914 4403 veste
949 4349 1138 4412 induti,
1177 4349 1391 4412 criniti;
1435 4349 1570 4472 riuos
1599 4349 1746 4403 sexta
1776 4352 2029 4420 synodus,

467 4433 589 4472 ean.
667 4419 729 4472 ἓ..
747 4419 802 4472 in
829 4420 1156 4472 monasteria
1183 4429 1275 4472 aut
1302 4419 1356 4472 in
1385 4434 1446 4472 so
1471 4420 1725 4472 itudinem
1755 4422 2029 4472 amandari

467 4433 590 4542 calt):
632 4419 729 4485 4%,.
747 4419 802 4474 in
829 4420 1156 4474 monasteria
1183 4429 1275 4472 aut
1302 4419 1356 4472 in
1385 4419 1725 4474 solitudinem
1755 4419 2039 4476 amandari'

469 4503 520 4542 tu
596 4496 632 4541 ι.

471 4489 632 4541 iubet.

465 4503 694 4638 {micam
725 4567 833 4612 tota
862 4558 965 4612 vita
1000 4575 1120 4613 sua.
1155 4557 1379 4614 Codices
1407 4557 1688 4624 Victorini,
1718 4561 1806 4630 qui
1840 4567 1932 4629 per
1951 4569 2033 4614 to-

465 4635 572 4679 ta‘m
595 4635 752 4680 vitam
775 4644 946 4681 suam.

538 4708 561 4734 ο
595 4696 674 4778 με
698 4713 918 4768 quarunt
948 4696 1344 4754 omnium.Cod.
1363 4695 1421 4753 S.
1452 4696 1737 4768 Ebrulpbi,
1759 4698 1823 4752 de
1846 4700 2031 4752 horum

464 4782 547 4818 om
553 4783 604 4818 m
611 4783 640 4818 ιι
647 4783 694 4818 m
702 4805 716 4819 ο

533 4833 965 4906 d_Fortissimum
992 4852 1170 4906 genus.
1207 4836 1613 4892 Cmnobitarum
1636 4852 1804 4906 genus
1831 4836 2032 4892 dicitur

484 4904 1305 4976 artissimum,quia—emnohitse
1336 4907 1624 4962 multorum
1642 4904 1839 4962 solatio
1865 4905 2030 4976 adjuti

462 4973 671 5047 facilius
691 4973 959 5030 diabolum
984 4977 1200 5032 vincere
1220 4985 1462 5047 possunt.

539 5043 986 5115 {Monac/torum.
1014 5043 1235 5101 Initium
1254 5043 1411 5112 hujus
1431 5044 1623 5114 capitis
1649 5051 1919 5115 sumptum
1943 5053 2028 5100 est

461 5127 530 5169 ex
559 5113 760 5183 Regula
800 5116 972 5170 sancti
1004 5115 1274 5171 Benedicti
1313 5113 1586 5183 usquead
1617 5114 1706 5168 illa
1740 5113 1898 5168 verba
1931 5131 1942 5167 :
1979 5125 2026 5168 et

461 5183 607 5266 dum.
632 5183 687 5237 in
724 5186 934 5255 proprio
979 5186 1196 5239 arbitrio
1222 5225 1235 5250 ,
1278 5193 1336 5238 ut
1371 5185 1627 5254 pleraque
1656 5184 1756 5238 alia
1789 5183 2026 5250 ejusdem

461 5267 851 5395 (ipirgumiko
877 5333 926 5379 et
956 5323 1174 5395 Spiritu.
1203 5324 1261 5378 ln
1288 5322 1490 5392 Regula
1520 5322 1689 5377 sancti
1727 5321 2023 5387 Benedicti,

466 5390 569 5446 Deo
593 5393 899 5448 auxiliante.
997 5390 1007 5395 ’
1374 5390 1393 5392 “
1855 5431 1864 5436 ..

539 5462 1021 5543 ξιίερμῃηαγε..1]ςί
1049 5464 1098 5516 in
1123 5461 1321 5543 Begula
1339 5477 1437 5516 ms.
1458 5461 1694 5531 Magistri
1719 5460 1836 5514 cod.
1855 5458 2016 5542 Corb.

455 5529 520 5586 In
545 5529 936 5601 Regula-sancti
963 5529 1253 5595 Benedicti,
1278 5548 1525 5601 pugnare.
1551 5529 1564 5531 ἡ
1595 5599 1602 5601 _
1795 5597 1825 5601 __
1867 5539 1872 5542 ’

533 5601 558 5640 ιδ
589 5597 789 5670 Factis.
823 5603 878 5656 In
917 5602 1116 5670 Regula
1145 5597 1311 5656 sancti
1337 5597 1629 5670 Bctmlicti,
1662 5597 1919 5670 operibus.

541 5671 555 5710 ί
594 5669 844 5724 Ανεειιαε.
874 5668 1082 5725 Arcella
1114 5682 1195 5723 cst
1219 5687 1360 5724 arca.
1385 5669 1585 5722 Giossm
1616 5676 1822 5720 veteres
1849 5685 1860 5717 :
1887 5668 2021 5717 Arra

465 5749 512 5796 tt
545 5738 761 5808 arcella,
790 5742 1021 5807 κιϐωτὸς,
1052 5748 1318 5813 κάμπτρα;
1346 5740 1515 5793 utitur
1540 5738 1805 5793 Caesarius
1838 5734 2020 5788 χλι-ειυς

2141 3257 2246 3310 vit.
2289 3256 2358 3310 Et
2391 3265 2679 3326 antequam
2727 3269 2900 3314 novus
2925 3257 3097 3312 lectus
3124 3253 3328 3312 lassum
3356 3273 3387 3311 a
3415 3257 3733 3326 potionibus

2140 3345 2330 3416 magis;
2362 3346 2450 3402 vei
2476 3348 2544 3402 ab
2571 3347 2730 3413 escis,
2759 3362 2921 3418 quam
2950 3363 2981 3402 a
3005 3347 3092 3401 via
3120 3347 3390 3416 hospitem
3420 3349 3696 3418 Suscipial
3713 3390 3735 3416 ι

2139 3435 2382 3492 laborem
2424 3446 2536 3493 sum
2577 3438 2678 3494 viae
2726 3449 2824 3508 pro
2872 3449 3069 3509 magno
3120 3437 3321 3508 hospiti
3369 3447 3730 3504 enarrantes,

2139 3529 2266 3584 dum
2293 3528 2598 3584 mercedem
2629 3529 3022 3598 repausationis
3058 3528 3388 3598 largioribus
3417 3530 3734 3600 pulmenta-

2139 3619 2238 3675 riis
2252 3628 2308 3674 et
2327 3619 2550 3674 infinitis
2571 3619 2780 3689 poeulis
2799 3619 3069 3690 b03pitem
3092 3620 3194 3674 sibi
3215 3629 3412 3691 cogunt
3445 3619 3464 3658 ι
3493 3620 3727 3692 largire,

2139 3710 2400 3766 rationem
2427 3711 2632 3766 erroris
2660 3712 2742 3766 sui
2771 3725 2869 3780 per
2893 3712 3385 3781 peregrinationem
3411 3721 3468 3768 et
3484 3713 3728 3784 captivi-

2139 3806 2304 3854 tatem
2332 3800 2554 3856 celando
2576 3810 2854 3856 excusant.
2884 3801 2950 3856 Et
2973 3813 3098 3858 mox
3126 3804 3194 3860 de
3215 3803 3406 3860 vicinis
3433 3807 3732 3863 monachis

2140 3931 2273 3999 tem,
2298 3947 2417 4002 cap.
2449 3931 2769 4002 567Regulte
2799 3953 2811 3986 :
2841 3943 2889 3986 et
2929 3934 3096 3989 claues
3139 3933 3204 3988 de
3237 3935 3444 3989 arcellt's
3468 3950 3487 3986 :
3516 3937 3735 3991 dicitur

2137 4001 2487 4075 etareellula.
2510 4001 2805 4075 Gregorius
2819 4003 3172 4069 Turonensis,
3188 4004 3284 4060 lib.
3309 4020 3344 4060 ι
3364 4003 3526 4072 HisL,
3555 4022 3614 4063 c.
3637 4007 3726 4072 16,

2137 4071 2201 4126 Si
2218 4073 2346 4142 quis
2373 4089 2554 4126 earum
2577 4070 2856 4142 arcellulas
2882 4082 3226 4128 scrutaretur.

2212 4140 2551 4214 i_‘_Rescellas.
2581 4142 2639 4214 In
2661 4141 2867 4213 Regula
2888 4159 2990 4197 ms.
3020 4141 3290 4214 Magistri,
3335 4153 3579 4214 recettas.
3623 4144 3730 4200 Re-

2137 4210 2464 4283 scelltegsunt
2482 4212 2725 4283 panni_e_t
2745 4210 2924 4283 vestes
2945 4210 3139 4283 exiles:
3166 4213 3431 4283 Pelagius,
3466 4213 3561 4269 lib.
3597 4232 3633 4270 ι
3661 4219 3728 4271 de

2135 4281 2275 4336 Vitis
2302 4277 2544 4344 Patrum,
2571 4297 2626 4334 n.
2652 4281 2740 4347 76,
2774 4299 2792 4331 ι
2823 4281 2928 4336 Pro
2953 4282 3037 4336 his
3072 4292 3196 4336 utor
3220 4277 3319 4336 bas
3349 4283 3481 4339 viles
3517 4285 3732 4341 reseci-

2136 4351 2233 4433 lﬂas.
2265 4369 2294 4433 ‘I
2329 4349 2592 4433 Dicuntur
2623 4358 2677 4405 et
2719 4350 2932 4405 reculae.
2975 4351 3234 4433 Apuleius
3268 4350 3360 4406 lib.
3399 4369 3454 4407 tv
3495 4353 3739 4411 Milesia:-

2136 4419 2365 4493 fabulae:
2400 4437 2418 4471 ι
2439 4419 2616 4493 ρυω,
2638 4433 2762 4493 oro,
2788 4419 3136 4493 paupertinas
3162 4438 3538 4493 pannosasque
3565 4441 3730 4493 recu-

2058 4509 2118 4568 D
2136 4494 2216 4548 las
2241 4489 2557 4568 miserrimae
2577 4505 2710 4568 anus
2732 4489 2905 4568 denas
2923 4490 3114 4546 vicinis
3149 4489 3423 4547 divitibus.
3449 4489 3482 4568 ’ρ
3514 4491 3727 4549 Dicun—

2135 4571 2226 4617 tur
2245 4567 2300 4612 et
2333 4559 2547 4636 reicula:
2571 4567 2626 4614 et
2651 4555 2948 4636 recellulze,
2983 4572 3373 4636 sumunturque
3409 4563 3580 4636 etiam
3622 4580 3730 4636 pro

2133 4628 2468 4713 ornameth
2511 4628 2969 4713 etmsupelleetile.
3015 4629 3176 4713 [tegis
3228 4628 3722 4713 Burgundionum,

2137 4703 2219 4756 tit.
2255 4698 2343 4764 Η,
2376 4698 2476 4770 §6_,_
2510 4717 2533 4770 ς
2546 4697 2673 4770 ίΝίεί
2689 4697 2928 4753 forsitan
2953 4700 3084 4767 quid
3103 4697 3172 4755 ex
3203 4697 3394 4756 matris
3428 4702 3620 4768 bonis,
3665 4705 3723 4758 id

2133 4772 2293 4842 estin
2321 4768 2588 4842 recellulis
2615 4777 2669 4842 e_t
2693 4770 3059 4842 ornamentis,
3105 4778 3234 4842 etc.)
3267 4791 3285 4823 ι
3322 4770 3416 4842 lib.
3445 4787 3518 4842 vn
3554 4771 3725 4842 Capi—

2132 4837 2229 4897 tul.
2262 4837 2441 4896 Caroli
2471 4847 2527 4893 et
2547 4837 2824 4910 Ludovici,
2849 4840 2934 4892 tit.
2961 4839 3099 4910 192:
3135 4859 3152 4889 ι
3190 4838 3290 4905 Qui
3320 4840 3582 4895 reiculam
3608 4837 3725 4910 ,ἐο-

2135 4911 2311 4990 clesiro
2347 4917 2536 4990 petunt
2579 4907 2930 4990 ayegibus.)
2957 4907 3096 4963 Sunt
3131 4910 3296 4963 etiam
3335 4926 3422 4965 res
3453 4907 3725 4979 quaelibet

2135 4986 2340 5049 exiguae
2369 4986 2463 5031 aut
2485 4986 2636 5046 parvi
2661 4986 2919 5031 momenti
2947 5043 2951 5048 η
3583 5044 3588 5047 _

2208 5051 2230 5088 ιι
2255 5046 2364 5101 Pro
2376 5048 2610 5118 gdventu
2636 5047 2898 5100 novitatis.
2924 5046 2981 5102 ld
3023 5056 3107 5103 est
3141 5062 3240 5118 pro
3269 5049 3503 5104 adventu
3545 5065 3720 5116 novo,

2131 5118 2342 5189 phrasis
2375 5103 2658 5189 Hebraica.
2712 5187 2737 5189 _
2861 5186 2872 5189 Α
3141 5103 3158 5118 ”
3511 5182 3549 5189 _.

2209 5187 2224 5227 1
2257 5187 2489 5259 Largire.
2521 5186 2608 5259 ita
2626 5187 2679 5240 in
2710 5186 2908 5259 Regula
2950 5203 3053 5243 ms.
3085 5229 3099 5253 ,
3128 5204 3245 5259 pro,
3273 5187 3473 5257 largiri.
3504 5185 3602 5248 Sic
3627 5203 3722 5242 "e-

2131 5267 2270 5312 teres
2293 5255 2575 5325 aliquando
2595 5256 2758 5312 locuti
2784 5255 2926 5313 sunt.

2203 5328 2435 5402 Sanctus
2462 5326 2821 5382 Columbanus
2841 5329 2893 5382 in
2919 5328 3256 5392 Monasticis:

2244 5433 2350 5486 Non
2372 5435 2530 5497 perdit
2554 5437 2710 5497 pietas
2730 5435 2962 5498 quidquid
2986 5435 3163 5496 largire
3190 5435 3390 5484 videtur.

2121 5541 2264 5595 Hem
2295 5541 2432 5596 infra
2463 5540 2618 5605 dixit,
2647 5541 2904 5595 ulciscere
2924 5555 3022 5608 pro
3053 5538 3234 5594 ulcisci
3263 5557 3279 5590 -.

2250 5653 2547 5714 lnjuriasque
2569 5660 2674 5702 tuas
2701 5654 2747 5702 iu
2771 5650 3229 5702 fratrem'ulciscere
3251 5647 3363 5700 noti.
