3958 6198
267 233 368 286 757

1225 234 1613 291 CONCORDIA
1657 235 2108 292 REGULARUM.
2150 269 2218 278 -
2255 237 2406 294 CAP.
2446 241 2530 298 Ill.

3403 246 3506 302 738

266 353 358 396 aut
386 341 701 406 monasterii
728 345 994 418 positione
1030 346 1394 417 interrogant;
1431 349 1520 402 ubi
1548 365 1671 403 cum
1710 349 1834 403 inde
1862 355 1911 412 Α
1935 361 2100 416 panes
2127 351 2251 404 tosti
2283 351 2673 421 impleverant:
2705 370 2826 408 cum
2868 357 2920 412 in
2957 355 3288 411 diversorum
3325 357 3505 428 hospi-

264 448 288 474 ο
308 435 628 500 levaverint,
644 435 672 474 δ
687 446 888 505 ponant
903 439 987 494 vel
1011 441 1294 509 applicent,
1311 441 1458 495 velut
1477 443 1604 496 lassi
1618 449 1670 496 et
1683 444 1836 511 quasi

183 590 192 596 ‘
261 523 466 590 quibus
483 523 595 592 jam
623 525 906 580 universus
932 527 1148 584 clausus
1174 530 1244 584 sit
1274 531 1523 597 mundus,
1559 541 1613 586 et
1641 546 1704 584 ex
1728 541 1838 586 toto

261 627 356 665 eos
385 628 488 666 nec
517 612 656 680 loca,
678 630 779 670 nec
813 617 992 683 silvm,
1025 634 1126 675 nec
1164 619 1273 673 lata
1313 621 1428 688 ipsa
1465 620 1683 691 J‘Egypti
1721 637 1838 676 cre-

259 715 385 754 mus
415 702 621 771 capiat,
660 718 758 758 nec
794 705 1046 768 universa
1088 709 1413 762 monasteria
1459 710 1526 763 ad
1557 711 1834 764 servitium

259 791 354 843 Dei
380 804 476 844 eos
500 791 826 860 suscipiant;
854 800 910 848 et
937 808 1050 859 eos,
1077 803 1139 848 ut
1165 795 1420 860 diximus,
1440 805 1585 852 totus
1604 800 1838 853 mundus

257 893 366 932 non
402 880 620 952 capiat:
647 880 772 935 inde
797 896 855 935 se
880 881 1064 939 dicunt
1105 881 1247 952 juste
1291 900 1508 951 errare,
1539 901 1593 942 et
1629 903 1696 942 ex
1725 896 1837 943 toto

257 967 442 1023 locum
479 971 872 1039 repausationis
895 980 951 1027 et
978 972 1320 1044 refrigerium
1364 977 1558 1031 animae
1603 986 1658 1031 et
1698 979 1836 1032 inte-

256 1074 415 1130 gram
450 1077 510 1116 se
543 1063 974 1118 observationem
1019 1065 1318 1136 disciplinae
1355 1082 1623 1136 nusquam
1673 1084 1834 1139 posse

256 1163 318 1207 se
345 1150 594 1207 invenire
623 1170 636 1206 :
664 1154 818 1223 quasi
847 1155 1030 1210 dicant
1069 1171 1128 1210 se
1166 1155 1239 1210 ita
1270 1156 1500 1210 multum
1527 1159 1832 1227 sapientes,

255 1247 320 1296 ut
349 1249 528 1296 totum
563 1242 695 1313 ipsis
725 1243 856 1299 solis
883 1245 1179 1316 displiceat,
1214 1246 1477 1317 quidquid
1506 1247 1618 1302 Deo
1642 1255 1696 1302 et
1733 1249 1832 1304 ho-

257 1329 500 1385 minibus
527 1331 722 1400 placet.
749 1331 980 1404 Ideoque
1008 1334 1179 1405 magis
1204 1333 1408 1405 eligunt
1437 1336 1746 1402 ambulare,
1777 1345 1833 1391 et

256 1421 475 1475 noviter
499 1436 598 1492 per
621 1422 861 1490 diversos
889 1424 1128 1494 hospites
1161 1433 1427 1489 mutatos,
1459 1434 1515 1480 et
1539 1427 1716 1482 varias
1743 1442 1830 1482 re-

258 1505 554 1575 fectiones;
587 1519 645 1564 ut
672 1525 770 1579 per
807 1513 1150 1568 occasionem
1196 1514 1432 1570 sitientis
1459 1516 1558 1570 vim
1594 1518 1834 1589 repropi-

258 1607 384 1652 nata
410 1600 602 1668 pocula
632 1609 866 1656 sumant.
898 1601 1011 1657 Hoc
1056 1617 1186 1675 ergo
1227 1615 1419 1676 agunt,
1450 1615 1511 1661 ut
1549 1608 1686 1678 gulae
1719 1623 1830 1664 sua:

1945 436 2088 491 (aliis
2115 439 2167 492 in
2199 441 2398 494 mensis
2429 453 2674 497 recentes
2707 453 2944 510 sumunt,
2971 446 3087 501 illos
3114 457 3392 506 servantes
3416 466 3508 503 cu-

1939 533 2070 592 gunt
2115 515 2410 585 mucidare.
2451 530 2591 600 Ergo
2638 541 2920 601 postquam
2965 535 3045 588 eis
3087 536 3303 591 bisacize
3329 539 3509 592 consi-

1939 622 2194 683 gnantur,
2219 633 2344 670 mox
2371 627 2427 673 et
2453 620 2518 673 de
2541 629 2761 689 pastura
2785 624 2950 678 miser
2988 627 3169 680 asinus
3198 638 3502 694 revocatur,

1937 701 2025 754 cui
2054 711 2175 771 post
2200 715 2444 762 recentes
2474 709 2574 763 viae
2599 709 2810 766 labores
2833 713 3031 768 misera
3053 725 3272 784 pastura
3289 719 3501 787 placue-

1936 797 2044 854 rat,
2073 791 2119 844 si
2148 792 2366 855 domino
2414 795 2530 863 ejus
2567 798 2846 867 hospitalis
2892 818 2997 856 non
3043 806 3404 874 displicuisset
3450 810 3506 863 in

1936 877 2100 932 biduo
2128 896 2141 931 :
2167 887 2223 933 et
2249 883 2463 937 noviter
2500 884 2520 923 τ
2555 896 2849 953 restratus,
2881 898 2934 943 et
2973 892 3198 947 diversis
3230 897 3424 952 tunicis
3452 905 3510 952 et

1935 967 2156 1021 cucullis
2184 971 2567 1039 resarcinatus,
2595 990 2729 1044 quas
2750 987 2840 1031 aut
2868 979 3246 1047 importunitas
3278 1000 3307 1038 a
3330 987 3508 1041 divers-

1935 1055 2010 1112 sis
2057 1067 2343 1128 exegerat,
2374 1070 2466 1116 aut
2507 1064 2723 1121 inventa
2759 1071 2974 1136 occasio
3018 1070 3223 1128 fraudis
3263 1077 3508 1133 diversos

1933 1147 2172 1218 hospites
2195 1153 2514 1221 nudaverat,
2534 1164 2589 1211 et
2609 1167 2666 1212 ut
2686 1159 2819 1215 alios
2839 1171 3045 1231 petant,
3063 1165 3266 1236 lingunt
3287 1183 3345 1222 se
3376 1185 3508 1238 pan-

1932 1251 2032 1291 nos
2065 1239 2356 1308 advestiri;
2390 1251 2446 1299 et
2473 1246 2590 1301 vale
2619 1257 2676 1303 et
2698 1250 2798 1319 ipsi
2822 1253 3022 1322 hospiti
3045 1255 3304 1320 dicentes,
3332 1261 3509 1320 adhuc

1932 1341 2041 1382 non
2075 1342 2357 1397 venerunt,
2387 1343 2442 1388 et
2458 1333 2572 1403 jam
2603 1339 2826 1406 vadunt,
2858 1357 2981 1396 cum
3023 1344 3089 1398 ad
3124 1345 3228 1400 alia
3265 1345 3376 1414 jam
3404 1351 3503 1404 ho-

1933 1421 2147 1490 spitalia
2195 1425 2251 1491 in
2297 1427 2478 1483 animo
2529 1430 2846 1487 invitantur.
2909 1434 3164 1502 Caeditur,
3218 1443 3507 1513 pungitur,

1931 1511 2220 1576 ustulatur,
2256 1515 2281 1555 Β
2312 1515 2541 1572 lordicat
2569 1521 2735 1576 miser
2756 1524 2970 1590 asellus,
3002 1534 3058 1580 et
3079 1545 3185 1582 non
3208 1511 3388 1596 vadit,
3412 1549 3506 1586 va-

1931 1599 2122 1667 pulant
2154 1617 2315 1658 aures
2339 1605 2472 1675 ejus,
2503 1617 2788 1678 postquam
2816 1612 3000 1668 clunes
3036 1614 3350 1671 defecerint.
3387 1619 3509 1673 Ideo

257 1690 433 1760 magis
464 1691 704 1759 quotidie
733 1693 1066 1763 peregrinari
1093 1694 1380 1750 videantur
1416 1711 1578 1765 quam
1617 1698 1827 1752 animae.
1861 1693 1907 1750 B
1934 1688 2296 1755 Ρθΐοοοίάίιιιΐ
2318 1701 2372 1746 ει
2398 1695 2647 1750 manibus
2675 1697 2850 1753 lassus
2888 1699 3236 1771 impingitur:
3265 1706 3396 1773 (Illia
3428 1707 3508 1760 ΓΘ-

256 1779 322 1834 Ει
357 1795 484 1834 cum
510 1782 590 1835 eis
612 1791 732 1851 post
760 1783 981 1837 biduum
1017 1784 1085 1838 ad
1111 1801 1277 1839 unum
1307 1785 1574 1855 hospitem
1608 1804 1833 1858 appara-

256 1877 342 1923 tus
370 1869 489 1939 ipse
520 1870 574 1924 in
598 1869 972 1940 pulmentariis
1015 1871 1131 1942 jam
1171 1875 1463 1930 minuendo
1498 1878 1832 1946 subducitur,

253 1965 307 2010 et
330 1972 524 2022 mane,
551 1958 658 2012 alia
695 1959 812 2026 die,
842 1959 1015 2027 facto,
1053 1977 1180 2017 cum
1214 1979 1323 2020 non
1372 1965 1440 2020 ad
1481 1966 1832 2024 refectionem

251 2049 616 2116 coquendam,
639 2048 733 2105 sed
761 2049 827 2105 ad
853 2047 1097 2106 laborem
1121 2052 1324 2108 cellula:
1350 2069 1460 2110 suae
1480 2057 1716 2112 viderint
1737 2060 1834 2114 ho-

252 2136 450 2204 spitem
497 2138 774 2208 occupari,
821 2155 948 2194 mox
992 2141 1164 2209 quaeri
1210 2143 1314 2199 sibi
1361 2145 1525 2200 alium
1565 2145 1830 2217 hospitem

250 2223 448 2293 placet.
485 2223 638 2280 Tunc
665 2225 782 2282 vale
808 2224 1097 2297 festinant,
1135 2232 1290 2300 quasi
1320 2234 1389 2288 ab
1427 2234 1608 2306 aliquo
1639 2236 1829 2306 impel-

251 2312 459 2380 lantur,
490 2315 648 2383 quasi
675 2329 770 2371 eos
790 2314 903 2385 jam
929 2327 1243 2389 exspectent
1271 2321 1496 2377 aliorum
1554 2325 1830 2394 hospitum

250 2402 481 2472 prandia
512 2414 846 2475 praeparata;
874 2414 1054 2479 etnon
1084 2408 1242 2480 longe
1267 2411 1336 2466 ah
1359 2411 1475 2481 ipso
1501 2419 1834 2472 monasterio

251 2492 294 2547 si
323 2491 524 2547 cellam
547 2493 849 2551 invenerint
877 2498 1125 2568 monachi
1159 2509 1512 2568 repausantes
1556 2503 1744 2570 dicunt
1774 2520 1834 2564 se

249 2596 281 2635 a
307 2581 514 2638 finibus
540 2582 793 2640 advenire
820 2585 1003 2655 Italiae,
1028 2595 1082 2643 et
1105 2590 1316 2654 noviter
1343 2589 1547 2661 aliquid
1588 2592 1654 2646 de
1680 2608 1834 2663 pere-

247 2672 583 2755 grinatione‘
598 2683 689 2732 aut
730 2677 794 2732 de
823 2679 1165 2748 captivitate,
1207 2690 1263 2735 et
1295 2682 1400 2753 ipsi,
1436 2681 1637 2754 hospiti
1679 2685 1832 2755 quasi

247 2762 439 2818 humili
475 2772 532 2819 et
558 2745 814 2824 inclinato
844 2745 1019 2839 capite
1043 2745 1370 2833 mentientes
1411 2745 1557 2829 cum-
1580 2745 1827 2848 proprie-

247 2860 363 2908 tate
391 2853 539 2926 longi
567 2856 778 2934 itineris
806 2870 1004 2930 cogunt
1039 2863 1112 2931 pii
1144 2863 1372 2933 hospitis
1399 2874 1564 2921 totam
1600 2883 1832 2940 pauper-

247 2952 421 2998 tatem
457 2945 513 2998 in
543 2956 567 2984 ο
597 2948 812 3003 cacabis
833 2957 888 3003 et
917 2949 974 3003 in
1003 2966 1184 3005 mensa
1234 2953 1505 3008 exinaniri
1536 2973 1550 3010 :
1580 2957 1695 3016 sine
1732 2959 1832 3014 du-

245 3030 338 3084 bio
363 3040 422 3086 et
441 3033 561 3101 ipse
590 3033 784 3104 hospes
810 3037 1003 3102 nudus,
1027 3046 1086 3093 et
1105 3054 1134 3091 a
1150 3038 1177 3078 ἀ
1200 3040 1512 3107 glutonibus
1531 3044 1834 3102 exinanitus

245 3127 374 3188 post
402 3120 632 3179 biduum
654 3123 1056 3194 relinquendus.
1082 3126 1298 3184 Etcum
1338 3140 1463 3200 post
1505 3131 1740 3191 triduum
1779 3143 1835 3190 et

247 3211 368 3281 ipse
395 3219 455 3267 et
479 3213 617 3268 cella
649 3213 766 3284 ejus
787 3223 841 3269 et
869 3230 1048 3272 mores
1073 3226 1130 3273 et
1162 3219 1278 3289 ejus
1303 3219 1636 3289 displicuerit
1672 3223 1836 3279 disci-

243 3301 396 3371 plina
427 3319 441 3356 :
473 3311 527 3358 et
557 3319 677 3358 cum
706 3305 966 3375 subducta
994 3306 1073 3362 eis
1102 3316 1222 3378 post
1248 3309 1470 3364 biduum
1505 3311 1575 3365 ab
1613 3327 1679 3367 eo
1729 3315 1832 3369 mi-

245 3405 352 3446 nus
396 3392 706 3448 exhibuerit
743 3410 966 3461 mensa,
1015 3411 1142 3452 mox
1190 3407 1246 3452 et
1293 3400 1408 3470 ipse
1451 3403 1832 3474 reconsignare

250 3492 275 3521 ο
299 3483 543 3540 bisacias
577 3485 807 3558 cogitur,
835 3503 1003 3558 quam,
1039 3489 1376 3562 diversorum
1402 3493 1672 3566 hospitum
1717 3495 1833 3570 jam

326 3669 354 3732 ξ
373 3656 694 3732 ζᾼυαυενὶηι,
721 3660 918 3732 Supple
935 3681 1007 3717 se.

325 3725 599 3800 {Patrona
630 3729 687 3782 Id
718 3725 1147 3800 estl'quiescant,
1171 3745 1402 3800 cessent,
1436 3737 1710 3793 ambulare
1751 3741 1830 3794 vi-

253 3793 462 3915 ﬁlicct.
488 3796 748 3864 Nonnius,
783 3793 899 3870 cap.
924 3803 978 3867 4,
1009 3793 1216 3872 ponere,
1244 3793 1496 3864 desiluere.
1553 3793 1824 3879 Virgilius,

275 3880 290 3914 τ
331 3907 339 3915 .
373 3880 468 3915 vm
496 3884 509 3915 :

275 3880 339 3917 τυ.
373 3880 468 3918 VIII
496 3884 509 3917 ἒ

373 3969 493 4038 Cum
511 3975 641 4024 venti
668 3987 937 4037 posuere...
964 4012 996 4027 ..

324 4083 346 4110 ε
385 4071 450 4126 In
472 4075 696 4148 cuculus.
725 4076 965 4148 cacahUs
1008 4088 1093 4135 est
1142 4080 1267 4136 olla.
1314 4083 1507 4148 Varro,
1548 4084 1640 4138 lib.
1671 4100 1723 4138 iv
1759 4085 1826 4147 de

253 4139 455 4224 Lingua
479 4141 666 4199 Latina
692 4161 725 4224 ξ.
746 4147 884 4206 «Vas
923 4149 1036 4224 ubi
1058 4151 1235 4214 cibum
1276 4139 1613 4224 coquebant,
1646 4155 1714 4208 ab
1759 4139 1825 4210 eo

253 4211 509 4284 cacabum
557 4215 939 4283 appellarunt.»
1004 4211 1233 4284 Sanctus
1292 4211 1542 4284 Isidorus,
1581 4211 1692 4278 'lib.
1754 4241 1825 4278 xx

249 4278 394 4350 Orig.
425 4321 442 4345 ,
468 4278 706 4351 capf‘vm
731 4302 743 4338 :
776 4286 1046 4342 «Cacabus
1066 4278 1364 4344 et'cucuma
1388 4307 1415 4344 a
1441 4278 1573 4346 sono
1597 4291 1824 4348 fervoris

245 4351 731 4425 cognominantur;
758 4355 853 4409 sed
880 4365 1058 4420 utrum
1086 4357 1538 4424 Latinia'Graecis,
1558 4377 1626 4414 an
1647 4361 1821 4418 Graeci
1847 4366 1900 4425 D

243 4435 286 4496 Ξ
299 4416 514 4496 Latinis
545 4416 657 4496 haec
683 4416 939 4492 vacabula
976 4417 1317 4496 Sumpserint,
1367 4416 1629 4488 incertum
1663 4440 1762 4486 est.
1787 4416 1816 4485 Vi

244 4488 456 4543 Tamen
473 4489 702 4563 dubium
726 4507 831 4546 non
863 4488 946 4550 est
966 4488 1114 4563 quin'
1125 4488 1354 4552 cacabus
1374 4513 1403 4550 a
1425 4499 1614 4554 Grzeco
1658 4501 1823 4555 dedu-

243 4566 420 4634 catur.
469 4557 607 4634 _Nam
647 4565 896 4634 Καῃάϐης,
943 4557 1082 4634 apud
1123 4565 1437 4624 Athena’um
1495 4569 1585 4622 lib.
1631 4583 1702 4634 tv,
1754 4585 1821 4624 ex

243 4627 605 4710 Aristophane
622 4637 685 4710 et
700 4627 1009 4710 Antiphane
1028 4643 1112 4710 est
1133 4637 1328 4710 χραςρα,
1345 4637 1396 4691 id
1412 4645 1493 4692 est
1519 4638 1653 4710 olla;
1683 4627 1820 4709 apud

244 4707 528 4772 auctorem
549 4701 744 4772 veteris
766 4701 1114 4772 Etymologici
1133 4701 1332 4758 dicitur
1354 4719 1372 4756 :
1401 4709 1625 4766 κακκὰϐη
1639 4701 1819 4770 axitia:

241 4770 372 4840 πρὸς
405 4763 589 4848 ἔψῃσιν
612 4763 982 4852 ἐπιτήδειὼηὶἀ
1009 4763 1092 4827 Est
1118 4789 1214 4828 vas
1235 4782 1418 4896 aequm
1469 4778 1536 4832 ad
1582 4763 1819 4848 coquen;

242 4835 392 4888 dum.
429 4833 563 4889 Vide
591 4837 877 4896 Pollucem.
895 4841 985 4895 hi).
1019 4857 1074 4896 ι.
1104 4857 1225 4896 can.
1323 4881 1338 4896 .

377 4873 392 4888 ο
438 4856 563 4889 *ωε
592 4856 877 4896 rouucem.
896 4856 985 4895 ιιι).
1019 4857 1074 4896 Χ.
1104 4857 1225 4896 CIII).
1247 4856 1338 4896 24.

295 4851 392 4888 ιω.
436 4851 563 4889 γιαθ
592 4851 877 4904 ιὀιιαοθω,
896 4851 985 4895 ltl).
1019 4857 1074 4905 ι,
1104 4857 1225 4913 cap.
1247 4851 1338 4896 24.

311 4903 340 4941 d
379 4902 708 4982 Glrttonibus.
739 4904 1259 4982 Gluto_estrgulo~sus,
1291 4928 1476 4982 vorax,
1505 4913 1640 4970 Gall.
1661 4913 1822 4968 Glou-

241 4981 354 5055 (lg-7t.
408 4973 614 5055 Glossm
652 4987 863 5055 veteres
907 4973 1368 5055 Latino-Graecae;
1417 4973 1591 5055 Glitio,
1623 4986 1818 5055 λὲμϐος.

241 5039 927 5125 glossaz‘GrzecozLatinm,
940 5049 1135 5125 λίμϐος,
1160 5049 1505 5125 lingurius,_id_
1528 5039 1612 5108 est
1633 5039 1736 5125 ligu
1747 5039 1818 5125 ri-

240 5117 349 5175 tor,
382 5112 622 5188 gulosus.
652 5113 880 5188 Sanctus
905 5112 1156 5188 Isidorus,
1182 5112 1324 5184 “5.x
1361 5112 1822 5188 Originum,VGlu-

243 5137 349 5175 wr,
382 5137 622 5182 ευιυδυδ.
653 5137 880 5170 nanetus
905 5137 1156 5184 ISIGOI'US,
1182 5137 1324 5184 no.1:
1361 5137 1658 5243 mximum,
1695 5137 1822 5176 um-

239 5189 316 5240 to,
342 5197 374 5232 a
396 5181 544 5250 gula,
564 5183 622 5235 id
641 5195 715 5261 est
738 5183 969 5254 gulosus,
993 5185 1424 5261 Glossaelsidori,
1497 5192 1687 5256 rdalio,
1709 5192 1824 5261 glu-

237 5256 316 5332 ξς.
345 5252 834 5332 goraqz‘mandnco,
865 5270 894 5309 a
919 5257 1132 5312 nomine
1160 5258 1384 5327 glutum,
1412 5252 1465 5316 id
1489 5271 1593 5326 est,
1619 5252 1821 5332 guttur.

236 5314 459 5396 Εέεᾱεῃι
486 5314 728 5396 (ῌοεεςεὲ
753 5314 950 5396 guttur,
991 5314 1212 5396 gutturi}.

320 5396 343 5423 ο
365 5385 889 5466 ΙξὶξαεὶᾳείΒίεᾷεἱξ,
921 5385 1014 5448 seu
1032 5395 1210 5465 potius
1237 5397 1489 5466 bisaccial,
1541 5408 1624 5454 est
1671 5415 1824 5458 man-

239 5453 362 5535 tica‘
397 5455 524 5535 hinc
559 5459 695 5535 inde
726 5476 802 5532 ex
827 5453 1073 5535 humer-0
1119 5460 1360 5535 pendens
1400 5453 1821 5534 mendicantium

239 5521 364 5648 ﬂeui
389 5534 536 5646 ἔρια.
569 5527 1080 5608 ΡαρίλδέΒὶδαεεία,
1119 5521 1354 5606 sarcina,
1398 5521 1822 5602 νημηιὶεάίάὶιῖξ

281 5608 366 5648 ce.
435 5611 596 5648 esace.

281 5608 366 5658 ce,
389 5608 596 5651 uesace.

1932 1779 2167 1834 stinatur
2190 1788 2245 1835 et
2264 1785 2551 1855 satagitur,
2583 1795 2642 1840 ut
2662 1789 2729 1842 ad
2757 1789 2984 1845 alterius
3008 1795 3317 1848 monasterii
3348 1813 3511 1865 pran—

1932 1868 2080 1924 dium
2118 1883 2455 1929 occurratur.
2504 1877 2572 1932 Et
2618 1895 2739 1932 eum
2780 1883 3129 1961 pervenerint
3171 1885 3239 1938 ad
3285 1887 3510 1950 alterius

1934 1964 2245 2028 monasterii
2282 1974 2376 2031 aut
2401 1969 2650 2032 monachi
2673 1971 2702 2010 ιι
2729 1971 2936 2040 regias,
2969 1973 3042 2028 ita
3073 1975 3228 2036 hilari
3271 1979 3509 2036 clamosa

1933 2065 2066 2106 voce
2086 2053 2306 2121 deforis,
2331 2057 2346 2096 ί
2377 2055 2692 2126 Benedicite,
2715 2061 2950 2116 clamant
2969 2080 2982 2116 :
3004 2071 3058 2118 et
3074 2065 3346 2134 quasijatn
3363 2068 3510 2128 illum

1933 2137 2158 2193 calicem
2193 2141 2248 2196 in
2288 2159 2508 2199 manum
2558 2150 2903 2220 acceperint,
2937 2166 3094 2220 quem
3133 2169 3255 2208 mox
3282 2155 3511 2226 ingressi

1935 2230 2322 2285 monasterium
2350 2247 2450 2302 pro
2487 2235 2579 2289 siti
2617 2245 2742 2290 sunt
2768 2240 2988 2308 petituri
3015 2255 3029 2294 :
3052 2249 3107 2296 et
3134 2242 3398 2298 intrantes
3428 2260 3512 2299 re-

1933 2318 2051 2389 gias
2078 2321 2255 2376 adhuc
2281 2338 2387 2378 non
2416 2327 2646 2392 nuntiati
2683 2336 2740 2384 et
2778 2329 3016 2398 suscepti
3060 2330 3074 2380 i
3134 2335 3509 2402 excarricant;

1931 2415 1986 2464 et
2013 2411 2168 2478 quasi
2193 2427 2292 2482 pro
2316 2413 2496 2483 aliquo
2515 2416 2694 2473 debito
2713 2426 2805 2472 aut
2827 2435 2893 2474 ex
2921 2419 3150 2490 alicujus
3171 2422 3510 2494 delegatione

1932 2497 2007 2552 ibi
2033 2499 2340 2556 adveniant.
2372 2503 2511 2559 Ante
2536 2505 2682 2561 intus
2705 2508 2922 2563 bisacize
2947 2511 3318 2580 porriguntur,
3341 2529 3504 2583 quam

1933 2585 2132 2656 hospes
2162 2591 2474 2660 suscipitur,
2520 2602 2575 2647 et
2616 2609 2722 2648 non
2751 2597 2903 2664 prius
2927 2598 2995 2651 ad
3023 2601 3323 2655 oratorium
3361 2601 3513 2658 festi-

1933 2686 2116 2746 natur,
2146 2679 2248 2735 nisi
2279 2697 2378 2752 pro
2404 2682 2589 2740 labore
2623 2685 2969 2743 desiderandi
2998 2690 3110 2744 vini
3138 2706 3235 2760 per
3267 2695 3512 2750 occasio-

1931 2784 2055 2824 nem
2079 2770 2291 2828 viaticae
2308 2774 2446 2841 sitis,
2471 2784 2530 2830 ut
2559 2784 2613 2830 tu
2651 2793 2750 2846 pro
2779 2779 3047 2835 charitate
3087 2782 3286 2852 hospiti
3328 2784 3510 2840 vinum

1930 2861 2199 2933 porrigas,
2229 2865 2297 2919 ab
2331 2864 2437 2922 illis
2459 2867 2538 2922 sic
2557 2883 2721 2934 manu
2745 2885 2885 2940 aqua
2913 2872 3245 2941 exposcitur.
3274 2873 3340 2928 Hi
3365 2876 3511 2931 enim

1933 2949 2069 3006 tales
2097 2967 2219 3006 cum
2258 2953 2359 3024 ipsi
2402 2953 2606 3024 jejunia
2642 2959 2967 3014 ambulando
3008 2962 3293 3032 ignorant,
3338 2972 3394 3019 et
3439 2967 3507 3027 ad

1861 3030 1904 3091 C
1936 3052 2287 3110 quoscunque
2304 3047 2712 3114 supervenerint
2722 3030 3051 3118 jejunantes,
3073 3059 3166 3105 aut
3187 3065 3510 3124 superventu

1936 3127 2188 3198 hospitali
2221 3140 2417 3200 cogunt
2443 3147 2536 3188 eos
2567 3133 2774 3204 jejunia
2809 3137 3094 3210 frangere,
3131 3151 3225 3196 aut
3252 3160 3360 3198 non
3388 3161 3512 3199 eru-

1934 3216 2164 3273 bescunt
2188 3235 2285 3275 sua
2318 3237 2449 3278 voce
2487 3225 2590 3280 hoc
2614 3227 2693 3280 eis
2729 3227 2929 3294 dicere,
2963 3232 3134 3304 magis
3163 3248 3256 3286 eos
3293 3250 3513 3303 promer

1937 3309 2220 3364 avaritiam
2241 3311 2508 3382 jejunare,
2545 3325 2606 3371 ut
2630 3333 2737 3372 non
2767 3320 2937 3374 velint
2962 3322 3226 3392 hospitem
3265 3341 3511 3390 recreare

1937 3407 2062 3466 post
2090 3401 2250 3455 viam.
2276 3402 2343 3456 Et
2370 3413 2494 3474 post
2519 3421 2713 3476 vagam
2743 3423 2855 3476 suae
2885 3412 3291 3470 consuetudinis
3328 3415 3505 3483 gulam

1933 3499 2129 3560 cogunt
2156 3497 2616 3560 perseverantium
2636 3496 2842 3566 jejunia
2872 3501 3062 3562 violari
3087 3519 3101 3555 :
3132 3511 3186 3556 et
3213 3506 3491 3569 nesciunt,

2006 3670 2027 3708 ι
2060 3669 2350 3749 Βεδιιςᾳτιιξ.
2382 3674 2560 3749 Ιάλθει,
2586 3677 2856 3733 veteribus
2877 3676 3088 3733 laciniis
3127 3679 3368 3749 abjectis,
3411 3701 3508 3742 no-

1929 3739 2010 3794 vis
2031 3748 2086 3794 et
2112 3741 2420 3798 melioribus
2442 3745 2717 3800 instratus.

2003 3829 2313 3905 SLordica}.
2339 3833 2480 3905 Infra
2505 3834 2692 3889 eodem
2742 3836 2917 3905 capite
2963 3837 3328 3895 :lordicando.
3375 3841 3506 3896 Lon-

1927 3897 2110 3986 dicare
2137 3908 2220 3954 est
2244 3901 2418 3993 dqrso‘
2450 3904 2730 3993 incurvato
2779 3897 3046 3993 insedere.
3099 3906 3286 3993 Grtece
3332 3912 3509 3993 19,36.

1929 3969 2237 4048 ρπᾴκυρτον,
2261 3970 2313 4024 id
2339 3981 2421 4026 est
2448 3974 2802 4048 incurvatum,
2834 3976 3026 4048 λορδᾲς,
3057 3987 3326 4048 curvatus,
3363 3969 3506 4048 ligno

1927 4037 2162 4110 innixus,
2179 4053 2408 4110 corpore
2427 4043 2684 4110 pendens,
2708 4052 2855 4097 notat
2874 4037 3087 4102 Suidas.
3119 4047 3269 4102 Unde
3305 4037 3508 4105 Gallice

1927 4106 2210 4188 lourdattd,
2236 4106 2325 4188 qui
2361 4106 2465 4188 non
2497 4113 2882 4188 recteineedit,
2901 4114 3057 4171 facile
3095 4117 3354 4188 impingit,
3393 4120 3506 4174 ine-

1927 4184 2051 4255 ptus
2077 4178 2143 4255 ad
2171 4179 2370 4255 omnia.
2395 4181 2480 4244 Et,
2502 4181 2676 4246 (ουτ-(1,
2706 4183 2759 4246 id
2788 4178 3077 4255 estlgrave,
3125 4178 3504 4255 pondErOSum,

1926 4247 2051 4315 quia
2074 4247 2302 4328 dorsum.
2314 4249 2557 4328 incurvat
2579 4253 2858 4328 gestantis.
2883 4247 3141 4328 Eordicai
3165 4270 3293 4328 ergo
3314 4247 3508 4328 _Gyro§

1924 4331 2121 4397 vagus,
2144 4331 2263 4438 curln
2289 4318 2570 4374 incurvato
2587 4318 2755 4378 dorso
2774 4322 3028 4380 incedens
3045 4339 3102 4378 se
3124 4318 3504 4391 valdc'fessuru

1924 4400 2042 4438 esse
2079 4401 2218 4438 sunu
2243 4395 2314 4438 at.

1924 4400 2042 4440 esse
2079 4387 2314 4440 simulat.

1992 4479 2020 4518 h
2050 4477 2259 4548 Regius.
2289 4479 2455 4550 Regia
2483 4489 2565 4536 est
2590 4479 2776 4548 ianua,
2810 4482 2876 4544 de
2906 4499 3012 4553 quo
3039 4484 3298 4539 vocabulo
3339 4486 3500 4542 infra.

1999 4582 2015 4610 ι
2048 4569 2342 4623 Benedicite
2379 4570 2624 4624 clamant.
2678 4572 2790 4628 Mos
2835 4573 2935 4627 fuit
2983 4575 3383 4636 monachomm,
3441 4587 3502 4632 ut

1922 4639 2524 4712 advenienshospesab
2547 4641 2754 4710 hospite
2797 4645 3221 4698 benedictionem
3269 4655 3496 4712 peteret.

1919 4708 2042 4782 Vita
2068 4708 2239 4782 s_an_ct_i
2279 4708 2507 4782 Onufrii,
2535 4708 2658 4782 cap:
2676 4714 2710 4782 8
2736 4728 2751 4765 :
2791 4712 3141 4782 «Appropiavi
3170 4708 3354 4768 volens
3393 4716 3494 4769 sci-

1918 4778 2101 4832 scitari
2128 4778 2175 4831 si
2210 4776 2348 4846 forte
2388 4776 2654 4846 quispiam
2699 4781 2844 4835 intus
2867 4776 3150 4846 't'nan'eret,
3202 4785 3495 4838 secundum

1919 4845 2376 4920 consuetudinem
2391 4845 2778 4920 monachorum
2807 4850 3042 4910 clamare
3063 4845 3224 4920 cmpi,
3268 4853 3493 4908 benedi-

1919 4916 2152 4970 ctionem
2173 4915 2467 4972 humillime
2487 4917 2638 4985 petii.
2663 4935 2684 4970 ι

1994 5000 2008 5051 i
2043 5001 2409 5074 Excurricant.
2441 5003 2636 5074 Supple
2658 5022 2730 5059 se.
2763 5006 3114 5062 Excarricare
3129 5016 3214 5063 est
3237 5025 3496 5065 exonera-

1923 5085 2000 5133 re,
2019 5086 2156 5148 onus
2179 5073 2461 5148 deponere.
2487 5073 2757 5148 Magister,
2809 5090 2926 5146 cap.
2955 5077 3018 5130 91
3073 5077 3288 5148 Regulae
3314 5096 3326 5131 :
3359 5081 3495 5134 «Ex—

1922 5141 2192 5196 carricato
2215 5141 2281 5197 de
2300 5157 2360 5212 se
2378 5158 2548 5212 onere
2562 5141 2894 5209 lacullatum,
2919 5164 2938 5197 ι
2968 5141 3183 5204 averbo
3193 5148 3412 5212 carrico,
3440 5150 3494 5204 id

1923 5217 2008 5264 est
2057 5225 2242 5279 onero.
2285 5210 2487 5270 Glossa:
2523 5210 2986 5270 Arabico-Latina:
3037 5210 3490 5279 dictanCarrico,

1920 5293 2110 5335 onero.
2135 5278 2380 5342 Ruﬁnus,
2418 5280 2509 5334 lib.
2533 5281 2680 5334 rude
2701 5281 2836 5336 Vitis
2867 5281 3107 5348 Patrum,
3137 5301 3190 5338 u.
3213 5284 3282 5338 73
3300 5303 3313 5338 :
3331 5278 3495 5340 Stetit

1921 5363 2067 5421 ergo,
2095 5357 2149 5421 et
2173 5349 2286 5421 ipse
2295 5357 2567 5421 tanquam
2595 5351 2908 5421 peregrinus
2920 5353 3208 5407 carrieavit
3229 5355 3442 5409 animal.
3467 5374 3486 5408 ι

1921 5417 2749 5490 Lih._vlegis_Wisigothorum,'
2782 5420 2867 5475 tit.
2893 5421 3004 5485 v,l.
3029 5421 3102 5476 2:
3137 5421 3264 5478 «Sin
3310 5432 3491 5480 autem

1923 5487 2146 5541 nimium
2173 5486 2424 5564 caedendo
2438 5486 2528 5544 'vel
2552 5486 2729 5564 fasces
2751 5490 3084 5564 carricando_,
3125 5501 3220 5564 aut
3251 5507 3490 5564 quocun-

1917 5571 2022 5626 que
2056 5569 2240 5627 onere,
2265 5557 2352 5614 vel
2379 5559 2720 5629 percussione
2745 5569 3014 5618 mortuum
3039 5560 3262 5623 fuerit.»
