3958 6198
473 205 573 262 739

1496 204 1552 262 S.
1591 203 1948 262 BENEDICTI
1983 203 2276 263 ABBATIS
2310 205 2716 267 AMANENSIS

3607 206 3711 268 750

474 324 615 394 quia,
644 329 703 376 ut
727 322 808 378 eis
832 337 938 377 non
981 321 1142 377 liccat
1181 321 1428 392 jejunare
1458 327 1550 373 aut
1584 320 1891 385 abstinere;
1949 326 2042 372 aut
2070 323 2115 380 Λ
2145 320 2354 374 Domini
2390 321 2530 375 dona
2553 336 2811 377 concessa
2840 321 2972 393 ipsis
2995 328 3348 389 conveniunt,
3380 320 3473 392 qui
3497 319 3597 376 Dei
3620 336 3718 377 vo-

476 426 497 454 ·
521 415 700 484 aliquo
721 412 1004 486 [nesciant]
1036 413 1322 481 aliquando
1352 412 1467 468 loco
1496 420 1662 476 stare,
1688 428 1793 466 non
1823 427 1916 466 eos
1931 412 2031 466 ali-

476 520 578 574 qna
607 504 883 557 ambulare
929 502 1199 570 compellit
1234 502 1560 567 necessitas,
1605 502 1698 556 sed
1732 503 1867 570 gula:
1894 503 2037 572 cogit

478 592 749 655 voluntas;
779 606 902 644 cum
933 591 1109 645 securi
1136 599 1191 645 et
1220 592 1661 660 supervenientes
1696 590 1854 643 alieni
1884 591 2036 644 labo-

476 681 549 735 ris
573 688 817 749 quaerunt
857 695 1023 749 panes
1049 680 1362 744 comedere,
1410 689 1466 734 ct
1506 680 1840 734 diversorum
1884 679 2038 734 lectis

473 770 766 839 peregrinis
794 770 1148 824 straminibus
1183 771 1407 824 sudores
1438 785 1563 823 suos
1600 778 1785 823 amant
1827 770 2037 823 abster-

472 877 612 932 gere.
648 862 705 915 ln
733 863 929 931 quibus
965 863 1316 917 straminibus
1344 879 1465 916 cum
1510 861 1757 932 indigesti
1794 878 1891 932 per
1919 878 2041 916 cra-

472 953 647 1023 pulam
677 955 780 1009 cibi
806 962 861 1007 ct
890 963 1047 1024 potus
1076 955 1297 1024 cupiunt
1343 953 1654 1009 satisfacere
1690 970 1914 1018 somno,
1955 954 2039 1009 vel

472 1050 496 1081 υ
512 1059 632 1097 cum
650 1044 863 1112 quando
877 1045 1280 1112 occupationem
1296 1044 1491 1114 gulosa:
1509 1044 1885 1100 ambulationis
1899 1044 2040 1114 psal-

468 1150 586 1188 mos
634 1135 918 1204 aliquando
965 1137 1300 1204 neglexerint
1340 1136 1623 1198 meditari,
1662 1136 1895 1206 ipsorum
1945 1152 2040 1191 ore

467 1225 794 1293 respondent
823 1240 880 1278 se
907 1225 1062 1279 lassis
1086 1235 1205 1292 post
1231 1226 1370 1279 viam
1401 1226 1614 1280 ossibus
1649 1242 1751 1280 non
1782 1242 1939 1295 posse
1972 1227 2038 1283 de

466 1311 608 1367 lecto
637 1328 879 1381 surgere,
906 1329 1027 1367 cum
1062 1314 1161 1366 visi
1188 1313 1393 1366 fuerint
1434 1315 1551 1367 sani
1585 1314 1637 1368 in
1669 1331 1854 1370 mensa
1889 1331 2038 1370 sero-

467 1401 581 1455 tina
625 1402 966 1456 manducare.
1010 1402 1128 1454 Mox
1172 1403 1561 1457 matutinorum
1610 1405 1826 1473 expleto
1873 1421 2038 1476 opere

467 1493 561 1547 Dei
588 1501 815 1564 surgunt
840 1492 985 1547 velut
1007 1501 1281 1561 gementes
1302 1502 1357 1547 et
1381 1494 1529 1549 lassi.
1561 1494 1651 1550 Sic
1682 1496 1855 1565 primo
1879 1513 2037 1553 mane

466 1582 713 1639 calefacti
759 1598 939 1647 mero,
983 1584 1152 1653 petito
1182 1584 1337 1652 panis
1378 1582 1679 1654 fragmento
1703 1585 1812 1640 ﬁcti
1848 1587 2035 1656 (egroti

2143 409 2362 474 lncrint,
2394 425 2501 463 non
2528 426 2679 464 suam
2716 410 2896 466 facere
2921 411 3270 466 voluntatem.
3290 411 3425 478 Quia
3454 410 3604 465 aliud
3623 428 3716 466 no-

2140 502 2227 557 bis
2262 503 2520 557 Dominus
2550 504 2600 558 in
2630 504 2820 573 spiritu
2844 504 3093 573 imperat,
3122 502 3268 558 aliud
3304 518 3435 559 caro
3476 503 3627 573 cogit
3663 503 3713 558 in

2137 593 2316 646 anima
2343 612 2355 647 :
2381 604 2435 648 et
2456 595 2576 664 quis
2598 610 2629 648 a
2656 610 2763 664 quo
2788 595 2960 649 victus
2989 593 3170 660 fuerit,
3195 594 3363 664 ipsius
3394 610 3593 650 servus
3614 604 3710 652 est.

2142 681 2394 735 Ecclesia:
2425 698 2536 736 suae
2568 698 2799 751 namque
2823 682 3079 737 Dominus
3108 685 3403 739 secundum
3432 683 3718 741 Trinitatis

2137 785 2332 824 nomen
2363 775 2477 825 tres
2507 778 2704 842 gradus
2729 772 2983 827 doctrina:
3005 773 3305 839 constituit,
3332 774 3574 845 primum
3599 792 3719 846 pro-

2137 859 2452 927 phetarum,
2501 860 2870 931 apostolorum
2925 863 3218 918 secundum
3241 905 3257 929 ,
3293 864 3583 919 doctorum
3615 875 3718 921 ter-

2137 948 2308 1014 tium;
2338 950 2440 1003 sub
2466 965 2694 1019 quorum
2724 952 2952 1020 imperio
2982 952 3069 1007 vel
3096 952 3345 1009 doctrina
3382 952 3591 1009 Christi
3638 971 3718 1010 rc-

2137 1049 2391 1109 gerentur
2436 1039 2717 1105 ecclesia‘,
2764 1040 2848 1095 vel
2894 1042 3113 1108 scholae,
3161 1050 3223 1097 ut
3266 1051 3550 1112 pastorum
3600 1044 3716 1099 vice

2137 1128 2338 1181 sanctis
2366 1127 2596 1183 ovilibus
2621 1128 2833 1184 divinas
2861 1145 2989 1185 oves
3021 1138 3077 1185 et
3109 1129 3330 1186 cludant
3358 1140 3413 1186 et
3448 1132 3714 1198 doceant,

2136 1216 2347 1271 dicente
2400 1217 2624 1271 Domino
2675 1234 2773 1289 per
2820 1222 2845 1259 κ
2895 1221 3085 1275 lsaiam
3137 1221 3459 1290 prophetam
3505 1235 3518 1274 :
3568 1220 3717 1276 Dabo

2136 1305 2275 1358 vobis
2322 1316 2557 1376 pastores
2590 1308 2875 1363 secundum
2919 1327 3011 1363 cor
3040 1327 3244 1376 meum,
3291 1321 3339 1364 et
3377 1321 3597 1380 pasccnt
3631 1330 3714 1366 ros

2135 1404 2400 1463 pascentes
2424 1412 2540 1448 cum
2580 1396 2876 1468 disciplina.
2908 1398 3028 1468 Ipso
3071 1400 3295 1454 Domino
3337 1401 3558 1455 dicente
3591 1420 3603 1453 :
3636 1401 3721 1457 Si-

2137 1500 2257 1536 mon
2283 1482 2529 1550 Joannis,
2560 1503 2713 1557 pasce
2743 1505 2857 1542 oves
2893 1505 3033 1543 meas
3077 1488 3259 1560 (Joan.
3302 1493 3415 1561 xv).
3459 1490 3718 1546 Docentcs

2136 1571 2340 1627 seivare
2365 1594 2425 1630 ea
2454 1594 2570 1647 qua:
2612 1579 2856 1634 mandavi
2886 1581 3024 1635 vobis
3048 1596 3067 1636 .'
3094 1592 3142 1635 et
3170 1598 3287 1636 ecce
3321 1599 3413 1651 ego
3452 1583 3717 1637 vobiscum

464 1689 656 1729 succos
677 1675 1044 1729 desiderantes
1069 1675 1397 1729 monasteria
1435 1675 1548 1743 ipsa
1583 1683 1677 1729 aut
1707 1676 1873 1730 cellas
1900 1675 2028 1731 false

2137 1681 2248 1717 sum
2265 1681 2427 1735 usque
2454 1665 2523 1718 ad
2550 1670 3045 1722 consummationem
3067 1670 3248 1723 sa'culi
3264 1669 3480 1739 (Matth.
3499 1673 3714 1744 xxvm).

465 1771 662 1818 exeunt
687 1763 998 1818 lordicando
1022 1764 1213 1817 delicta
1242 1763 1553 1818 infirmitate
1574 1805 1589 1829 ,
1616 1776 1638 1802 ο
1665 1765 1925 1820 absconse
1952 1779 2033 1819 se-

466 1856 600 1917 curi,
632 1854 772 1923 quod
799 1854 1046 1908 sanitatis
1072 1869 1290 1925 gressus
1318 1855 1448 1919 sint,
1478 1855 1546 1908 ab
1580 1854 1697 1923 ipso
1724 1855 1911 1910 limine
1948 1870 2031 1910 re-

465 1942 778 1998 formantes.
804 1943 831 1982 d
862 1942 997 1996 Nam
1023 1943 1125 1998 sibi
1140 1943 1328 1997 nolunt
1348 1944 1446 1999 sub
1471 1945 1698 2014 imperio
1719 1946 2031 2000 monasterii

466 2032 714 2085 abbatem
759 2032 825 2086 de
866 2032 1117 2087 omnibus
1156 2033 1478 2088 necessariis
1521 2035 1793 2106 cogitare,
1820 2035 1905 2089 vel
1931 2035 2032 2104 ipsi

465 2121 663 2174 alicubi
693 2136 791 2175 suo
817 2122 1056 2176 viventes
1078 2121 1302 2177 arbitrio
1329 2121 1466 2178 facta
1487 2124 1679 2179 cellula
1694 2125 2032 2194 persistendo

466 2210 572 2283 [vel
590 2211 712 2283 ipsi]
731 2224 753 2249 θ
771 2211 867 2265 sibi
891 2214 1193 2267 necessaria
1209 2214 1333 2269 vitae
1353 2215 1650 2270 debuerant
1671 2217 1925 2284 cogitare.
1944 2205 2032 2281 Et,

464 2302 510 2356 si
536 2310 721 2355 nostra
744 2302 848 2356 illis
870 2303 1119 2372 displicet
1139 2304 1266 2369 vita,
1284 2303 1370 2360 vel
1390 2320 1543 2359 suam
1569 2306 1724 2361 nobis
1744 2308 2033 2361 ostendant

463 2389 711 2446 formam.
766 2391 916 2445 Unde
967 2408 1240 2461 nunquam
1290 2395 1642 2464 persistentes
1689 2396 1709 2434 ί
1752 2397 1857 2451 acti
1909 2405 2035 2451 sunt

462 2482 702 2552 quotidie
726 2481 1046 2536 ambulando
1070 2482 1381 2538 mendicare
1398 2524 1412 2549 ,
1448 2485 1672 2548 sudare,
1699 2493 1755 2540 et
1783 2500 1996 2557 gemere
2013 2526 2030 2551 ,

464 2585 625 2643 quam
651 2586 757 2624 uno
785 2570 903 2625 loco
929 2571 1120 2626 stando
1149 2572 1397 2628 laborare
1416 2612 1432 2639 ,
1455 2582 1511 2628 et
1545 2575 1763 2643 vivere,
1795 2576 2033 2646 quotidie

460 2660 675 2715 noviter
702 2661 1034 2716 diversorum
1066 2663 1252 2728 cellas,
1280 2672 1341 2717 ut
1369 2665 1598 2722 humiles
1620 2667 1825 2722 intrant
1853 2668 2033 2740 hospi-

463 2757 546 2803 tes
575 2749 689 2804 solo
714 2750 891 2821 capite
926 2751 1196 2806 inclinati.
1230 2753 1434 2810 Deinde
1460 2756 1673 2824 superbi
1708 2765 1765 2811 et
1786 2757 1929 2812 velut
1952 2760 2032 2813 in-

463 2841 601 2910 grati
623 2848 744 2908 post
772 2840 994 2894 biduum
1016 2842 1318 2913 migraturi,
1344 2852 1398 2899 et
1425 2844 1591 2901 veluti
1625 2848 1820 2916 quibus
1854 2849 2031 2904 diver-

464 2945 644 2985 sorum
669 2931 775 2983 vita
801 2941 856 2985 et
877 2941 1028 2988 actus
1053 2943 1108 2988 et
1130 2935 1368 2991 omnium
1393 2940 1844 2994 monasteriorum
1871 2942 2031 2997 disci-

2132 1753 2363 1822 Ideoque
2402 1770 2590 1811 omnes
2640 1758 2835 1826 quibus
2871 1758 3047 1815 adhuc
3091 1760 3400 1830 insipientia
3430 1769 3612 1816 mater
3638 1772 3721 1818 est

2132 1844 2348 1913 expedit
2370 1845 2470 1899 sub
2501 1846 2658 1901 unius
2683 1863 2801 1902 esse
2821 1856 3087 1918 potestate
3113 1849 3350 1918 majoris,
3381 1861 3444 1906 ut
3472 1853 3719 1909 doctoris

2135 1934 2361 1989 arbitrio
2385 1936 2725 1993 ambulantes
2756 1938 2860 1993 iter
2889 1940 3183 1996 voluntatis
3229 1943 3464 2013 prepria:
3502 1944 3720 2000 discant

2132 2024 2365 2078 nescire.
2398 2024 2502 2080 Per
2530 2027 2805 2081 doctorem
2848 2029 2993 2083 enim
3040 2029 3196 2086 nobis
3250 2030 3485 2103 imperat
3534 2032 3720 2088 Domi-

2136 2126 2257 2165 nus.
2283 2111 2418 2178 Quia
2455 2114 2593 2168 sicut
2622 2116 2758 2170 dixit
2781 2118 3050 2189 superius,
3079 2136 3204 2175 cum
3236 2121 3370 2192 ipsis
3396 2122 3720 2180 doctoribus

2132 2210 2215 2257 est
2242 2217 2456 2274 semper
2484 2205 2733 2261 omnibus
2762 2208 2950 2263 diebus
2980 2192 3151 2278 usque
3190 2211 3256 2265 ad
3291 2215 3720 2269 consummatio-

2133 2308 2255 2345 nem
2291 2292 2505 2359 saeculi;
2538 2294 2657 2349 sine
2686 2295 2849 2351 dubio
2876 2313 2983 2351 non
3013 2298 3180 2365 aliud,
3208 2299 3312 2355 nisi
3342 2317 3444 2356 nos
3474 2303 3719 2358 aedilitat-

2132 2390 2286 2436 turus
2331 2398 2430 2452 per
2472 2398 2595 2447 eos,
2636 2385 2850 2442 dicente
2876 2388 2991 2457 ipso
3024 2387 3252 2444 Domino
3282 2391 3567 2463 discipulis
3608 2395 3717 2450 suis

2132 2469 2444 2525 doctoribus
2477 2473 2677 2527 nostris
2705 2492 2721 2527 :
2751 2474 2855 2541 Qui
2882 2494 2970 2530 vos
3000 2478 3172 2543 audit,
3198 2496 3279 2533 me
3307 2483 3492 2547 audit;
3514 2485 3609 2554 qui
3635 2502 3719 2539 vos

2131 2559 2347 2627 spernit,
2366 2576 2446 2614 me
2467 2563 2660 2631 spernit
2689 2562 2903 2635 (Matth.
2929 2564 3007 2636 Χ).
3041 2565 3183 2636 Ergo
3206 2567 3251 2621 si
3279 2583 3397 2637 qua:
3423 2586 3457 2623 a
3484 2570 3723 2627 doctori—

2130 2650 2233 2705 bus
2279 2652 2615 2718 audivimus,
2664 2660 2719 2708 et
2759 2653 2986 2711 facimus
3033 2673 3141 2712 non
3173 2657 3286 2728 jam
3313 2677 3433 2732 quae
3462 2662 3722 2721 volumus

2130 2754 2477 2809 exercemus;
2523 2750 2583 2796 ut
2630 2744 2686 2798 in
2741 2745 2827 2800 die
2872 2745 3062 2815 judicii
3109 2750 3245 2804 nihil
3282 2752 3484 2810 habeat
3529 2755 3588 2810 in
3628 2773 3723 2812 no-

2130 2831 2214 2885 bis
2251 2832 2395 2902 quod
2447 2848 2628 2888 secum
2686 2835 2928 2892 diabolus
2971 2838 3211 2895 vindicet
3265 2843 3320 2897 in
3375 2845 3720 2915 gehennam,

2130 2922 2155 2962 ιι
2180 2922 2396 2992 quando
2433 2923 2489 2979 in
2534 2925 2690 2981 nobis
2728 2927 2837 2997 egit
2859 2926 3118 2985 Dominus
3138 2933 3282 3003 quod
3315 2933 3631 3003 ijudicaret
3651 2939 3722 2994 ad

460 3019 604 3089 plina
650 3035 754 3073 non
803 3021 1048 3090 placeat,
1099 3024 1302 3094 eligunt
1341 3027 1514 3096 magis
1559 3026 1836 3083 ambulare
1863 3047 2025 3099 quam
2056 3002 2099 3064 C
2131 3010 2380 3081 ειοτίιιητ.

461 3105 674 3159 sistere.
704 3106 804 3171 Qui
842 3124 937 3176 per
974 3110 1184 3165 diversa
1233 3127 1445 3181 semper
1484 3116 1730 3186 vagando
1777 3117 2029 3188 ignorant

461 3196 600 3265 apud
627 3212 785 3265 quem
821 3201 977 3254 taedia
1002 3217 1099 3255 sua
1128 3204 1451 3273 suscipiant;
1483 3214 1570 3272 et,
1601 3208 1745 3277 quod
1780 3218 1865 3265 est
1896 3210 2029 3279 ulti:

460 3300 631 3351 mum,
670 3289 917 3342 nesciunt
961 3290 1054 3345 ubi
1099 3307 1252 3346 suam
1295 3296 1625 3351 constituant
1663 3298 2017 3368 sepulturam.

463 3372 615 3429 Unde
639 3390 768 3446 ergo
794 3393 1043 3447 magnum
1064 3382 1437 3441 existimantes
1460 3386 1696 3456 primum
1719 3402 1890 3457 genus
1914 3405 2026 3445 cre-

460 3468 789 3535 nobitarum,
832 3468 985 3537 cujus
1038 3473 1230 3529 militia
1256 3460 1342 3530 vel
1387 3477 1638 3546 probatio
1661 3478 1912 3535 voluntas
1940 3489 2026 3536 est

458 3554 583 3623 Dei,
607 3559 673 3613 ad
706 3559 943 3629 ipsorum
972 3562 1230 3633 Regulam
1251 3575 1609 3629 revertamur.

529 3648 772 3716 Fratres,
809 3651 1008 3707 clamat
1038 3655 1199 3709 nobis
1221 3657 1461 3726 quotidie
1488 3659 1749 3715 Dominus
1792 3661 1979 3719 dicens
2003 3680 2016 3716 :

460 3739 829 3796 Convertimini
854 3743 923 3796 ad
950 3760 1052 3809 me,
1077 3755 1127 3798 et
1150 3763 1243 3817 ego
1264 3758 1537 3803 convertar
1557 3750 1627 3803 ad
1649 3768 1738 3805 vos
1753 3750 1935 3823 (Zoclt.
1955 3752 2018 3825 l).

460 3829 753 3887 Conversio
783 3849 914 3903 ergo
941 3843 1125 3890 nostra
1155 3838 1223 3891 ad
1260 3838 1424 3893 Deum
1445 3879 1460 3904 ,
1490 3838 1713 3905 fratres,
1743 3857 1849 3896 non
1876 3842 2021 3897 aliud

457 3930 541 3976 est
569 3923 669 3977 nisi
700 3938 729 3976 a
759 3924 915 3979 malis
945 3927 1201 3990 reversio,
1230 3929 1442 3985 dicente
1469 3930 1786 4000 Scriptura:
1810 3932 2021 3987 Diverle

459 4027 490 4063 α
517 4011 675 4076 malo,
705 4021 754 4065 et
776 4014 860 4082 fac
887 4013 1075 4068 bonum
1100 4015 1271 4086 (Psal.
1302 4020 1516 4090 χχχιιι).
1540 4020 1584 4073 Α
1611 4021 1806 4090 quibus
1837 4031 2018 4078 autem

458 4100 585 4154 dum
616 4103 924 4165 avertimur,
953 4103 1237 4160 Dominum
1263 4107 1564 4174 intuemur;
1594 4119 1650 4164 et
1678 4110 1764 4165 ille
1798 4127 1897 4165 nos
1919 4120 2023 4167 sta-

457 4192 553 4247 tim
583 4192 889 4249 illuminans
915 4211 1011 4250 suo
1036 4196 1183 4250 vultu
1202 4236 1217 4260 ,
1259 4199 1464 4255 donans
1496 4202 1651 4256 nobis
1694 4203 2016 4270 adjutorium

458 4295 635 4348 suum,
662 4299 784 4338 mox
810 4286 1038 4356 gratiam
1081 4303 1233 4342 suam
1272 4290 1576 4358 petentibus
1616 4294 1833 4358 tribuit,
1875 4311 2021 4364 qua:-

2266 3141 2397 3213 §lll.
2422 3144 2586 3200 —Ex
2616 3146 2832 3204 [iscum
2867 3164 3053 3206 ssnon
3081 3152 3283 3208 BASILII
3312 3170 3569 3212 srrscorl.

2199 3275 2381 3345 lQuia
2432 3281 2667 3335 ostendit
2721 3282 2875 3338 nobis
2922 3298 3101 3340 sermo
3164 3293 3287 3341 tuus
3349 3288 3720 3358 periculosum

2124 3379 2243 3421 esse
2262 3383 2386 3422 cum
2409 3369 2493 3423 his
2514 3370 2606 3439 qui
2630 3373 2881 3427 mandata
2910 3372 3003 3428 Dei
3036 3383 3390 3432 contemnunt
3415 3379 3583 3433 vitam
3614 3380 3720 3433 du-

2126 3471 2270 3521 cere,
2299 3474 2443 3513 nunc
2463 3460 2672 3516 discere
2709 3464 2957 3533 cupimus
2984 3465 3030 3519 si
3057 3475 3303 3536 oporteat
3345 3482 3472 3540 eum
3514 3470 3611 3540 qui
3646 3471 3724 3527 ab

2125 3546 2496 3616 huiuscemodi
2522 3554 2811 3609 consortiis
2837 3555 3164 3619 discesserit,
3192 3536 3465 3613 remotum
3659 3570 3722 3617 et

2123 3638 2319 3704 solum,
2355 3656 2425 3695 an
2453 3657 2583 3697 vero
2610 3658 2735 3698 cum
2759 3643 3019 3700 fratribus
3059 3647 3303 3718 ejusdem
3347 3652 3616 3721 propositi
3658 3663 3718 3708 et

2121 3729 2359 3798 ejusdem
2379 3733 2544 3788 animi
2575 3734 2740 3790 vitam
2768 3736 2997 3793 sociare.

2190 3829 2247 3883 In
2272 3831 2454 3887 multis
2478 3833 2755 3890 utileesse
2803 3836 2959 3892 video
3003 3838 3167 3892 vitam
3211 3855 3554 3897 communem
3609 3844 3718 3898 du-

2120 3933 2245 3973 cere
2267 3935 2389 3975 cum
2412 3921 2499 3977 his
2526 3923 2619 3993 qui
2644 3921 2882 3990 ejusdem
2902 3927 3194 3982 voluntatis
3223 3937 3343 3983 sunt
3392 3940 3555 4001 atque
3590 3950 3722 4003 pro-

2119 4008 2300 4075 positi.
2329 4009 2510 4065 Primo
2531 4012 2673 4081 quod
2698 4012 2863 4069 etiam
2896 4017 2963 4069 ad
2989 4030 3119 4070 usus
3166 4019 3478 4089 corporales
3507 4022 3720 4078 vietus-

2120 4112 2225 4166 que
2274 4100 2633 4155 ministerium
2676 4105 3045 4174 unusquisque
3094 4115 3337 4162 nostrum
3406 4110 3560 4167 solus
3604 4112 3716 4167 sibi

2120 4203 2228 4271 non
2254 4188 2469 4256 sufﬁcit,
2494 4199 2548 4247 et
2576 4193 2696 4249 ideo
2722 4209 2821 4263 pro
2850 4196 2935 4251 his
2964 4213 3083 4266 quoa
3107 4199 3175 4253 ad
3196 4199 3557 4256 ministerium
3585 4204 3718 4259 vita:

2120 4288 2317 4334 nostra:
2345 4282 2651 4336 necessaria
2673 4292 2797 4337 sunt
2827 4285 2851 4324 Ιι
2886 4285 3115 4340 invicem
3153 4302 3313 4356 opera
3343 4298 3533 4345 nostra
3577 4307 3714 4362 ege-

458 4373 699 4429 tentibus
729 4376 991 4443 ostendit,
1034 4356 1373 4446 pulsantibus
1416 4380 1689 4450 patefacit.
1735 4356 1861 4439 Hinc
1892 4356 2017 4440 -tria
2042 4356 2096 4416 Β
2120 4385 2260 4425 ωυε·
2291 4370 2443 4425 Sim“
2464 4374 2609 4428 enim
2644 4372 2663 4413 ¹
2695 4376 2930 4432 hominis
2951 4393 3049 4447 Pes
3098 4379 3152 4433 in
3175 4379 3283 4434 θίίο
3322 4381 3542 4450 quidem
3592 4384 3715 4439 ευίε

527 4519 553 4547 ι
591 4507 774 4581 Aliquo
803 4509 1049 4581 nesciant.
1085 4510 1163 4565 Ita
1192 4512 1248 4566 in
1285 4511 1483 4581 Regula
1533 4529 1656 4580 ms.,
1700 4516 1792 4569 sed
1836 4518 1902 4573 Τό
1930 4534 2022 4571 ne-

453 4579 621 4632 sciant
651 4579 926 4632 redundat.

525 4648 554 4687 δ
584 4645 715 4699 Cum
748 4650 957 4724 quando
999 4654 1402 4721 occupationem.
1439 4651 1598 4722 Lege,
1639 4671 1755 4707 cum
1805 4655 2019 4724 quidam

452 4733 543 4785 per
565 4718 969 4784 occupationem.

524 4796 546 4823 ο
573 4786 827 4863 Absconse
863 4790 1042 4863 securi
1059 4790 1201 4863 quod
1218 4792 1458 4863 sanitatis
1492 4809 1697 4863 gressus
1738 4794 1865 4854 sint.
1911 4802 2015 4847 etc.

453 4855 592 4935 bege
611 4856 856 4935 abseonse
874 4860 1043 4912 securi
1064 4855 1202 4935 quod
1239 4862 1364 4935 sani
1388 4855 1515 4935 sint,
1558 4879 1762 4935 gressus
1800 4864 1864 4916 ab
1909 4864 2019 4935 ipso

450 4925 635 4999 limine
657 4923 1026 4999 reformantcs;
1052 4923 1319 4999 absconse,
1350 4930 1402 4983 id
1428 4923 1512 4985 est
1531 4923 1669 4999 apud
1699 4948 1775 4986 se.

519 4993 720 5067 {Nam
744 4994 841 5047 sibi
864 4998 1062 5049 nolunt.
1092 4997 1216 5067 Leg.
1245 4993 1387 5064 nam,
1414 5017 1529 5053 cum
1552 4993 1650 5053 sibi
1696 5001 1898 5055 nolunt.
1941 5002 2017 5055 Ita

450 5062 502 5115 in
537 5062 735 5129 licgula
763 5079 864 5118 ms.
895 5105 909 5128 ,
941 5075 997 5120 et
1018 5075 1145 5121 tunc
1170 5062 1381 5123 sensus
1401 5069 1575 5123 clarus
1603 5077 1702 5123 est.

524 5144 546 5170 ε
589 5131 674 5211 Vel
704 5132 960 5212 ipsinsibi._
996 5136 1121 5189 Hinc
1165 5137 1343 5212 verba,
1396 5137 1494 5208 ipsi
1519 5138 1654 5204 sibi,
1698 5139 2020 5207 redundant,

446 5202 690 5273 quamvis
715 5201 766 5253 in
794 5201 993 5273 Regula
1025 5221 1124 5258 ms.
1163 5201 1517 5273 reperiantur.
1641 5201 1648 5204 ’
1712 5250 1715 5253 μ

524 5269 541 5308 ί
568 5271 681 5345 Acti
707 5280 845 5345 sunt.
872 5269 956 5345 It_a_
976 5274 1027 5327 in
1052 5269 1251 5345 Regula
1271 5292 1369 5331 ms.
1396 5276 1641 5342 habetur,
1664 5277 1716 5331 id
1738 5287 1819 5332 est
1847 5279 2022 5333 coacti

444 5348 589 5415 sunt.
618 5340 1208 5415 Νοιιιιῇιιξ..Μειιήιξθιιιῖεν
1257 5362 1375 5415 cap.
1407 5346 1441 5399 4
1466 5365 1478 5400 :
1504 5340 1715 5414 Actum,
1758 5361 2011 5411 coactum,

444 5411 681 5461 territum
720 5407 966 5480 Virgilius
990 5413 1080 5466 lib.
1107 5429 1161 5467 vt
1189 5432 1202 5466 :

560 5496 803 5559 Prodigiis
822 5509 925 5550 acta
947 5502 1230 5552 cmlestibus
1250 5517 1357 5554 ossa
1381 5506 1594 5568 piabunt.

515 5580 541 5619 ⁸
569 5579 658 5633 Per
690 5580 887 5635 Isaiam
899 5586 1206 5653 prophetam
1225 5589 1360 5642 dabo
1388 5589 1545 5645 vobis.
1589 5590 1665 5644 lta
1711 5592 1764 5645 in
1811 5591 2012 5664 Regula

2128 4493 2228 4562 ms.
2262 4480 2360 4562 Hic
2385 4481 2535 4562 locus
2558 4499 2665 4541 non
2698 4495 2878 4562 exstat
2895 4489 3036 4557 apud
3060 4487 3276 4556 Isaiam,
3297 4490 3393 4546 sed
3435 4493 3709 4562 reperitur
3736 4528 3739 4529 ν

2125 4546 2372 4623 Jcremize
2397 4568 2474 4615 ιιι,
2498 4553 2564 4608 de
2585 4570 2693 4623 quo
2718 4556 2879 4609 infra.

2196 4619 2221 4656 ιι
2253 4619 2496 4696 Quando.
2528 4619 2691 4696 idest
2739 4627 2995 4696 siquidem
3046 4625 3268 4683 Servius
3305 4629 3360 4683 in
3395 4646 3449 4684 vt
3479 4629 3707 4687 Aineid.

2124 4686 2373 4808 (Quando,
2403 4693 2705 4763 siquidem;
2742 4686 2864 4749 na'm
2905 4697 3197 4766 conjunctio
3234 4707 3332 4764 est,
3376 4716 3482 4753 non
3518 4701 3715 4755 adver-

2157 4773 2283 4808 tum.

2157 4773 2283 4811 ιιιηι.

2204 4828 2218 4901 _i
2255 4827 2544 4901 thdicaret.
2576 4830 2708 4886 Cod.
2752 4832 2914 4887 Vind.
2940 4875 2954 4895 ,
3008 4836 3311 4901 vindicaret,
3354 4838 3491 4893 satis
3532 4848 3707 4894 recte.

2200 4896 2212 4974 ξ
2264 4896 2400 4976 Quia
2429 4902 2685 4976 ostenditL
2707 4902 2831 4976 limo
2856 4904 3119 4976 habentur
3150 4896 3570 4976 apud'sanctum
3604 4909 3709 4962 Ba-

2124 4963 2301 5047 silium
2321 5007 2351 5047 ,_
2366 4971 2625 5047 interrog.
2657 4973 2701 5047 7_
2719 4971 3043 5041 Regularnm
3086 4963 3270 5047 fusius
3284 4978 3703 5047 disputaturum,

2124 5043 2180 5086 et
2214 5037 2352 5116 apud
2393 5036 2642 5116 Ruﬁnum
2688 5036 3031 5110 interpretem
3052 5084 3078 5116 ,_
3096 5060 3215 5114 cap.
3245 5046 3309 5109 4,
3350 5036 3510 5116 cujus
3533 5036 3705 5102 inter;

2123 5106 2425 5173 prolatione
2453 5108 2620 5162 utitur
2647 5106 3121 5166 auctor-noster'in
3151 5106 3253 5170 hoc
3277 5106 3433 5169 libro:
3467 5114 3582 5170 Hoc
3609 5132 3705 5169 au-

2125 5177 2431 5254 tem-sancti
2462 5176 2641 5231 Basilii
2673 5187 2834 5254 caput
2865 5181 3157 5248 profertur,
3186 5184 3313 5254 quia
3351 5195 3572 5239 sanctus
3600 5183 3700 5238 Pa—

2120 5243 2551 5324 tquen'edictus
2578 5243 2971 5324 coenobitarum
3008 5243 3175 5324 genus
3204 5243 3568 5324 fortissimum
3604 5270 3701 5324 ap-

2120 5310 2302 5386 pellat.
2324 5314 2540 5386 Passim
2570 5328 2748 5371 autem
2775 5310 3200 5386 quaedam'lineae
3223 5324 3311 5378 hic
3340 5333 3395 5378 et
3422 5324 3474 5377 in
3500 5310 3699 5378 Ruﬁno

2122 5382 2286 5456 edito_
2306 5385 2697 5456 desiderantur,
2737 5382 2856 5456 qua:
2898 5388 3163 5444 habentur
3198 5393 3252 5447 in
3293 5402 3443 5448 textu
3482 5391 3691 5448 Graeco.

2192 5452 2218 5525 If
2258 5451 2506 5525 iniicein.
2542 5457 2603 5510 ln
2639 5451 2832 5511 Rufi—no
2856 5458 3001 5513 edito
3023 5460 3253 5525 additur,
3283 5462 3538 5516 homines.

2201 5520 2215 5559 ι
2259 5521 2501 5602 Hominis
2526 5543 2633 5596 pes.
2658 5529 2742 5602 σιξ
2757 5528 2984 5583 hominis
3010 5520 3117 5585 non
3141 5520 3409 5602 reperitur
3427 5530 3571 5600 apud
3592 5529 3709 5594 litt.

2121 5591 2287 5647 tinum
2320 5607 2419 5649 nec
2447 5593 2502 5649 in
2526 5591 2676 5651 textu
2705 5595 2910 5653 Graeco.
3174 5602 3179 5605 '
