3958 6198
223 260 321 316 7ῑί

1192 261 1575 320 comoan
1619 249 2072 320 assuetum.
2113 299 2181 307 -
2221 270 2374 328 cae.
2412 274 2499 330 ιιι.

3382 293 3494 351 742

217 370 433 424 viribus
460 370 647 434 “mur,
667 372 717 425 in
743 373 847 427 alio
887 388 1016 429 vero
1068 374 1270 446 indiget
1313 377 1522 443 alienis,
1575 387 1630 435 et
1689 379 1805 433 sine
1835 381 1883 439 Λ
1909 391 2013 431 non
2047 388 2292 435 estnunc
2318 385 2574 452 possibile
2618 388 2798 443 omnia
2845 389 3207 450 dinumerare.
3248 396 3498 470 Interim,

217 461 546 530 adjumento
583 472 900 519 umerorum
946 467 1314 523 membrorum
1344 481 1369 509 ο
1415 485 1515 527 nec
1572 472 1815 528 sufficere

215 554 339 607 suis
360 553 570 607 viribus
592 560 802 622 potest;
829 554 904 608 ita
925 555 1089 610 etiam
1110 558 1219 611 vita
1241 558 1481 614 solitaria
1525 561 1656 617 mihi
1702 562 1813 633 pati

213 645 464 709 videtur,
486 660 607 698 cum
638 660 812 715 neque
849 648 992 716 quod
1013 648 1063 702 ei
1086 650 1230 704 inest
1271 651 1420 716 utile,
1468 667 1616 718 esse;
1641 669 1816 723 neque

214 737 367 806 quod
398 733 570 799 deest,
603 734 800 804 aliquid
825 738 992 805 possit
1026 737 1253 807 acquiri.
1277 738 1480 796 Praeter
1506 742 1610 796 hoc
1632 753 1815 798 autem

216 839 323 880 nec
351 825 497 879 ratio
524 824 741 894 quidem
767 825 1051 882 charitatis
1072 845 1509 900 unumquemque
1526 834 1812 903 permittit,

214 913 367 984 quod
395 927 553 969 suum
582 922 688 980 est,
722 929 986 983 qumrere,
1011 916 1224 972 dicente
1245 919 1506 989 Apostolo
1531 939 1544 974 :
1571 920 1815 977 Charitas

217 1025 325 1062 non
352 1008 545 1079 quwrit
588 1024 704 1079 qua
750 1025 847 1062 sua
888 1017 1008 1062 sunt
1047 1008 1101 1080 (Ι
1128 1007 1249 1064 Cor.
1298 1009 1440 1082 xm).
1485 1013 1688 1068 Deinde
1723 1015 1815 1070 sed

217 1114 323 1154 nec
353 1100 546 1169 culpas
572 1098 790 1169 quidem
819 1114 947 1155 suas
977 1102 1347 1171 unusquisque
1374 1118 1439 1156 ac
1464 1103 1593 1157 vitia
1632 1105 1818 1175 digno-

216 1190 356 1249 scit;
381 1203 531 1253 cum,
553 1189 644 1259 qui
679 1197 889 1259 arguat,
908 1204 1068 1245 nemo
1101 1190 1210 1244 sit:
1234 1199 1288 1245 et
1315 1191 1474 1247 facile
1508 1192 1813 1263 hujusmodi

215 1278 428 1332 homini
454 1278 703 1333 accidere
722 1288 898 1348 potest
919 1280 1047 1334 illud
1081 1281 1224 1350 quod
1262 1282 1523 1351 scriptum
1568 1292 1689 1338 est:
1723 1282 1814 1339 Vae

217 1368 338 1433 soli,
371 1369 498 1439 quia
522 1368 569 1422 si
589 1368 853 1435 ceciderit,
875 1387 1022 1424 nemo
1047 1381 1120 1425 est
1158 1370 1315 1435 alius,
1362 1374 1451 1445 qui
1491 1374 1655 1445 erigat
1697 1392 1814 1430 eum

221 1456 401 1529 (Eccl.
431 1456 529 1531 ιν).
557 1457 664 1514 Sed
691 1465 746 1512 et
765 1459 1016 1515 mandata
1041 1476 1072 1515 a
1097 1461 1340 1531 pluribus
1365 1464 1583 1534 quidem
1599 1465 1816 1522 facilius

218 1548 707 1619 adimplentur;ab
738 1564 844 1605 uno
876 1565 1027 1616 vero,
1070 1552 1197 1606 dum
1240 1568 1402 1607 unum
1450 1554 1664 1609 videtur
1709 1556 1815 1610 im-

218 1640 381 1711 pleri,
411 1638 560 1695 aliud
600 1640 905 1710 impeditur.
937 1639 1157 1711 Utputa
1179 1643 1448 1713 quomodo
1499 1645 1646 1701 solus
1694 1647 1815 1718 quis

1918 476 1978 521 ut
2020 470 2271 535 diximus,
2330 475 2398 527 ad
2437 479 2804 533 conservanda
2857 483 3030 537 sancti
3088 484 3322 556 Spiritus
3361 492 3503 549 doua

1916 561 2251 619 commodior
2275 571 2357 617 est
2383 565 2554 619 multo
2575 583 2738 637 quam
2767 569 2812 624 si
2834 571 3091 642 degamus
3112 578 3165 631 iu
3192 578 3496 639 solitudine.

1919 646 2025 703 Sed
2051 650 2310 707 adversus
2340 653 2562 711 insidias
2599 657 2825 725 inimici,
2871 678 2992 732 qua:
3034 668 3367 728 extrinsecus
3413 675 3503 730 in-

1917 736 2189 806 feruntur,
2220 742 2389 797 multo
2422 746 2633 799 cautior
2661 756 2746 803 est
2770 757 2825 803 et
2850 752 3034 807 utilior
3062 758 3293 813 societas
3333 748 3504 831 pluri-

1916 843 2163 895 morum;
2192 840 2249 885 ut
2280 831 2489 889 facilius
2515 837 2806 891 suscitetur
2826 854 2856 894 e
2878 856 3068 898 somno
3109 845 3153 900 si
3196 850 3319 916 quis
3365 850 3509 908 forte

1914 919 2268 976 obdormierit
2294 939 2540 979 somnum
2572 927 2783 982 illorum
2812 932 2903 999 qui
2939 934 3087 989 ducit
3135 939 3200 992 ad
3247 952 3485 998 mortem

1917 1008 2023 1065 Sed
2048 1019 2104 1065 et
2128 1012 2458 1084 delinquenti
2485 1017 2739 1073 delictum
2769 1037 2925 1076 suum
2963 1024 3173 1085 facilius
3205 1038 3494 1102 apparebit,

1916 1114 2039 1155 cum
2062 1116 2090 1154 a
2112 1101 2356 1170 pluribus
2390 1104 2474 1159 vel
2503 1108 2767 1178 arguitur,
2798 1111 2882 1164 vel
2911 1121 3152 1182 notatur,
3205 1101 3499 1177 secundum

1915 1188 2057 1257 quod
2084 1199 2138 1243 et
2174 1190 2464 1260 Apostolus
2496 1194 2571 1247 ait
2596 1213 2607 1248 :
2638 1195 2847 1266 Sui/icit
2861 1200 2910 1252 ei
2936 1203 3027 1272 qui
3047 1212 3095 1256 et
3115 1206 3374 1274 ejusmodi
3402 1224 3500 1278 est,

1916 1282 2214 1353 objurgatio
2235 1286 2369 1352 lure,
2393 1305 2508 1358 qum
2529 1288 2587 1357 ﬁt
2612 1308 2643 1343 a
2686 1291 2922 1361 pluribus
2954 1294 3006 1365 (1
3035 1296 3261 1370 Cor.n).
3300 1286 3405 1359 Seld
3454 1306 3507 1359 in

1914 1373 2163 1427 oratione
2198 1390 2302 1429 non
2328 1392 2554 1446 parvum
2582 1380 3003 1438 emolumentum
3018 1401 3048 1439 a
3062 1387 3307 1457 pluribus
3329 1396 3510 1450 nasci-

1917 1469 2007 1516 tur
2025 1479 2145 1519 cum
2178 1481 2441 1521 consensu
2481 1475 2536 1523 et
2578 1470 2784 1527 unitate
2826 1475 3131 1543 orantibus,
3160 1490 3219 1535 ut
3248 1498 3316 1538 ex
3366 1487 3506 1541 mul—

1917 1560 2096 1608 torum
2124 1558 2373 1626 personis
2401 1575 2500 1630 per
2526 1563 2780 1631 gratiam,
2806 1581 2926 1635 quas
2956 1569 3010 1623 in
3049 1572 3207 1628 nobis
3232 1568 3351 1644 est,
3393 1579 3503 1636 Deo

1918 1645 2106 1716 gratia:
2135 1646 2464 1703 referantur.
2488 1651 2517 1690 δ
2545 1650 2651 1708 Sed
2687 1662 2742 1708 et
2776 1656 3043 1713 interdum
3074 1664 3313 1730 periculo
3324 1671 3508 1737 proxi-

221 1729 474 1784 vigilabit
515 1728 809 1795 inﬁrmum,
851 1738 943 1784 aut
984 1733 1252 1800 quomodo
1286 1735 1539 1806 suscipiet
1575 1739 1815 1808 pcregri-
1843 1722 1890 1781 B
1919 1752 2006 1790 ma
2036 1746 2120 1792 est
2142 1739 2248 1794 vita
2272 1740 2535 1797 solitaria.
2562 1743 2745 1801 Primo
2772 1749 2988 1817 quidem
3019 1722 3091 1807 illi
3117 1722 3509 1825 periculos—uib—

219 1834 349 1872 num
376 1818 401 1871 ?
427 1817 487 1872 Si
514 1832 643 1873 vero
665 1834 854 1873 omnes
873 1834 1069 1889 corpus
1116 1836 1304 1877 sumus
1348 1822 1573 1893 Christi,
1619 1829 1816 1899 singuli

217 1918 402 1963 autem
437 1908 761 1964 alterutrum
781 1910 1023 1965 membra
1063 1926 1160 1981 per
1197 1917 1627 1984 consonantiam,
1669 1920 1818 1975 velut

217 1997 269 2050 in
296 1996 462 2052 unius
486 1997 731 2067 corporis
765 2012 1078 2071 compagem
1103 1999 1157 2054 in
1187 2000 1390 2071 Spiritu
1423 2013 1610 2061 sancto
1645 2007 1818 2077 aptari

214 2097 268 2144 et
294 2087 556 2170 conjungi
588 2089 843 2145 debemus
870 2090 937 2145 ad
958 2091 1211 2148 invicem.
1244 2093 1397 2162 Quod
1439 2098 1485 2151 si
1526 2100 1819 2170 unusquis-

213 2193 321 2247 que
341 2164 920 2233 nostrum'solitariam
949 2179 1112 2251 eligat
1135 2182 1323 2249 vitam,
1351 2184 1559 2241 scilicet
1596 2164 1703 2242 non
1749 2188 1818 2244 ab

215 2270 400 2340 aliqua
423 2285 618 2336 causa,
649 2271 734 2325 vel
763 2273 989 2338 ratione,
1043 2289 1163 2343 qute
1194 2274 1307 2331 Deo
1351 2277 1424 2332 sit
1461 2278 1686 2348 placita,
1733 2280 1816 2335 vel

214 2365 359 2433 quod
389 2363 461 2419 ad
484 2377 823 2419 communem
841 2371 1158 2418 eaeterorum
1170 2366 1440 2434 pertineat
1465 2368 1821 2438 dispensatio-

215 2440 478 2520 nem,sed
508 2451 739 2522 propria:
759 2451 1020 2507 voluntati
1046 2461 1102 2508 et
1139 2454 1381 2524 passioni
1425 2457 1768 2517 satisfaciens
1798 2478 1812 2516 :

215 2549 494 2618 quomodo
529 2562 813 2619 possumus
850 2547 1061 2603 discissi
1110 2555 1164 2601 et
1192 2547 1350 2603 divisi
1395 2549 1712 2619 adimplere,
1760 2560 1817 2606 et

217 2642 489 2710 integram
527 2638 804 2709 assignare
830 2640 1195 2694 membrorum
1217 2642 1284 2695 ad
1314 2655 1372 2696 se
1398 2641 1632 2697 invicem
1682 2659 1813 2699 con-

217 2729 694 2785 sonantiam?lste
721 2729 866 2784 enim
909 2729 1031 2786 talis
1069 2746 1244 2801 neque
1289 2746 1413 2788 cum
1454 2733 1813 2804 gaudentibus

215 2825 442 2890 gaudet,
469 2838 642 2893 neque
687 2838 810 2877 cum
860 2821 1111 2879 flentibus
1144 2822 1236 2880 flet
1263 2843 1277 2880 :
1303 2826 1557 2896 quoniam
1594 2826 1813 2897 quidem

218 2922 509 2980 separatus
554 2927 617 2967 ac
664 2911 1181 2979 divisusaeaeteris,
1250 2929 1426 2984 neque
1483 2930 1811 2985 cognoscere

1910 1823 2076 1894 jacet,
2105 1830 2248 1898 quod
2282 1839 2433 1885 certe
2462 1835 2839 1904 gravissimum
2862 1849 2964 1906 est,
3000 1841 3053 1896 in
3100 1823 3206 1914 quo
3250 1848 3364 1919 ipse
3405 1852 3506 1907 sibi

1915 1917 2115 1987 placet,
2143 1927 2197 1974 et
2232 1922 2504 1977 neminem
2553 1925 2760 1981 habens
2810 1930 2900 1997 qui
2941 1935 3111 2002 possit
3160 1917 3294 2006 opus
3339 1941 3510 2010 ipsius

1915 2009 2164 2077 probare,
2192 2021 2214 2049 ο
2234 2011 2501 2066 videbitur
2514 2014 2615 2068 sibi
2632 2016 2698 2069 ad
2720 2032 2986 2075 summam
3018 2009 3400 2091 perfectionem
3424 2050 3510 2089 ve.

1915 2097 2079 2152 uisse.
2114 2098 2248 2154 Tum
2271 2101 2463 2157 deinde
2493 2104 2610 2159 sine
2639 2105 2749 2162 ullo
2771 2112 3032 2168 exercitio
3059 2116 3278 2187 degens,
3331 2141 3508 2193 neque

1916 2186 2044 2271 quid
2073 2187 2173 2241 sibi
2216 2189 2332 2244 vitii
2381 2192 2636 2259 abundet,
2676 2210 2850 2266 neque
2895 2202 3021 2269 quid
3074 2206 3288 2263 virtutis
3342 2186 3504 2279 desit,

1916 2278 2179 2346 agnoscit.
2209 2277 2393 2348 Neque
2420 2280 2801 2338 discretionem
2831 2287 3030 2345 habere
3057 2296 3255 2360 poterit
3273 2297 3329 2352 in
3374 2277 3504 2371 ope;

1916 2383 2034 2421 rum
2059 2369 2338 2438 qualitate,
2373 2385 2471 2440 pro
2506 2388 2570 2428 eo
2596 2378 2737 2444 quod
2761 2380 3018 2446 operandi
3068 2388 3296 2443 materia
3326 2369 3510 2448 omnis

1914 2457 2129 2512 exclusa
2150 2460 2237 2513 sit.
2263 2460 2319 2514 In
2350 2477 2456 2531 quo
2477 2464 2618 2518 enim
2651 2466 3008 2526 humilitatem
3054 2490 3205 2531 suam
3231 2483 3503 2550 probabit,

1912 2546 2185 2601 neminem
2209 2549 2414 2606 habens
2448 2553 2535 2606 cui
2577 2569 2635 2609 se
2664 2556 2923 2613 humilem
2966 2563 3160 2620 debeat
3205 2546 3508 2629 exhibere“.t

1911 2634 1991 2691 Ad
2013 2638 2328 2707 patientiam
2358 2657 2488 2696 vero
2513 2647 2782 2713 quomodo
2802 2649 3038 2717 seipsum
3066 2661 3359 2727 exercebit,
3385 2665 3507 2719 nul-

1911 2725 2023 2783 lum
2049 2730 2254 2787 habens
2275 2732 2367 2802 qui
2395 2734 2642 2790 videatur
2671 2737 2786 2808 ejus
2831 2743 3198 2803 voluntatibus
3242 2725 3508 2810 obviare?

1912 2818 1969 2875 Si
2000 2824 2122 2890 quis
2154 2832 2337 2877 autem
2355 2824 2498 2879 dicat
2525 2825 2779 2885 sufficere
2826 2831 2928 2886 sibi
2977 2832 3270 2906 Scripturze
3308 2842 3510 2898 doctri-

1909 2928 2035 2968 nam
2051 2922 2105 2970 et
2121 2917 2412 2985 apostolica
2444 2930 2712 2991 praecepta
2737 2924 2805 2978 ad
2824 2926 3252 2985 emendationem
3288 2949 3500 2991 morum

218 3001 448 3069 quidem
483 3001 832 3055 necessitates
854 3001 1052 3070 poterit
1072 3003 1466 3071 proximorum.
1496 3002 1632 3058 Tum
1659 3004 1809 3059 dein-
1834 3053 1881 3116 Ο
1908 3005 2180 3077 vitamque
2214 3008 2571 3079 formandam,
2594 3013 2770 3070 simile
2815 3016 2947 3072 mihi
2980 3019 3185 3091 aliquid
3207 3024 3419 3081 videtur
3439 3029 3510 3084 iis

236 3098 275 3116 .,
311 3111 410 3116 μ,
445 3094 681 3116 ,,,η,,,,,
717 3104 893 3116 μη-.
939 3111 1076 3116 -_____
1125 3095 1188 3116 ,λ
1242 3096 1570 3116 “mead-
1922 3096 2008 3116 ---ε
2042 3111 2252 3116 --μμ-
2279 3096 2348 3116 ιιι
2588 3102 2659 3116 ..ι-
2701 3105 2712 3115 -
2869 3106 2905 3116 --

219 3098 280 3150 de
310 3111 415 3151 nec
442 3094 687 3151 sufficere
717 3104 897 3164 potest
939 3111 1081 3150 unus
1121 3095 1191 3151 ad
1238 3096 1579 3167 suscipienda
1624 3098 1806 3154 omnia

219 3186 362 3239 dona
389 3184 632 3255 Spiritus
652 3183 824 3240 sancti
852 3198 867 3237 :
891 3184 1018 3254 quia
1048 3184 1344 3239 secundum
1391 3183 1816 3256 uniuscujusque

219 3289 539 3331 mensuram
567 3273 712 3339 fidei,
736 3282 791 3329 et
822 3274 1085 3329 donorum
1133 3273 1457 3345 spiritalium
1505 3275 1816 3333 distributio

218 3368 553 3431 celebratur,
585 3374 646 3420 ut
669 3365 723 3421 id
754 3364 897 3435 quod
935 3379 1033 3436 per
1073 3372 1259 3436 partes
1302 3365 1594 3437 unicuique
1633 3367 1818 3423 distri-

219 3461 416 3513 butum
440 3466 545 3521 est,
572 3472 786 3511 rursum
814 3464 1067 3526 tanquam
1106 3456 1462 3512 membra~ad
1505 3456 1816 3513 ardificatio-

220 3567 344 3604 nem
384 3549 545 3603 unius
568 3549 812 3618 corporis
839 3557 992 3603 coeat
1019 3556 1075 3603 et
1095 3548 1375 3619 conspiret
1404 3566 1417 3601 :
1449 3547 1552 3603 Alii
1572 3549 1707 3602 enim
1725 3548 1815 3603 da-

220 3653 304 3694 tur
335 3656 508 3693 sermo
536 3641 827 3711 sapientiw,
882 3639 975 3692 alii
1020 3655 1190 3694 sermo
1227 3640 1481 3706 scientiis,
1528 3638 1622 3694 alii
1657 3640 1809 3709 ﬁdes,

221 3731 313 3782 alii
342 3730 636 3799 prophetia,
661 3727 755 3782 alii
779 3728 952 3798 gratia
991 3730 1299 3794 sanitatum,
1346 3738 1455 3784 etc.
1488 3728 1538 3801 (1
1564 3727 1687 3785 Cor.
1726 3730 1810 3803 ιι).

221 3820 355 3885 Qum
378 3818 588 3887 singula
637 3819 826 3889 utique
871 3835 976 3873 non
1028 3826 1137 3873 tam
1187 3834 1286 3890 pro
1338 3836 1398 3875 se
1443 3822 1813 3891 unusquisque

222 3928 389 3980 quam
428 3928 529 3981 pro
551 3911 669 3966 aliis
695 3912 921 3981 suscipit
956 3910 1025 3965 ab
1071 3909 1277 3981 Spiritu
1316 3920 1523 3968 sancto.
1574 3913 1643 3967 Et
1692 3914 1814 3971 ideo

221 4016 451 4058 necesse
482 4012 562 4056 est
601 4000 1022 4075 uniuscujusque
1049 4004 1298 4074 gratiam,
1324 4020 1490 4074 quam
1514 4008 1816 4078 susceperit

220 4094 484 4164 aSpiritu
520 4094 636 4159 Dei,
672 4095 723 4149 in
776 4109 1061 4150 commune
1103 4096 1381 4165 prodesse.
1426 4085 1641 4154 Accidit
1684 4116 1813 4171 ergo

220 4195 279 4239 ut
308 4186 360 4239 is
397 4184 491 4253 qui
537 4192 775 4239 remotus
816 4185 969 4250 vivit,
994 4194 1050 4240 et
1094 4194 1378 4257 separatus
1421 4202 1584 4243 unam
1627 4204 1814 4259 quam-

219 4290 441 4345 cunque
477 4275 735 4345 suscipiet
780 4276 1034 4347 gratiam,
1073 4284 1128 4331 et
1169 4277 1310 4332 hanc
1346 4278 1518 4347 ipsam
1565 4281 1811 4337 inutilem

222 4366 414 4432 faciat,
446 4366 571 4420 dum
595 4366 729 4420 nihil
763 4382 862 4436 per
884 4381 1004 4422 eam
1032 4377 1302 4437 operatur,
1326 4373 1421 4426 sed
1463 4371 1647 4429 effodit
1690 4391 1810 4431 eam

224 4459 275 4512 in
301 4457 632 4526 semetipso:
660 4458 800 4528 quod
847 4459 1001 4527 cujus
1019 4470 1074 4514 et
1107 4462 1293 4529 quanti
1340 4463 1410 4517 sit
1450 4466 1674 4533 periculi
1713 4483 1812 4522 no-

224 4548 322 4602 stis
357 4561 554 4601 omnes
580 4548 670 4615 qui
700 4546 876 4617 legitis
898 4546 1262 4617 Evangelium.
1291 4549 1348 4604 Si
1376 4559 1558 4606 autem
1598 4559 1810 4614 caeteris

226 4637 593 4691 communicat
614 4638 865 4707 gratiam,
895 4648 951 4692 et
995 4653 1057 4693 ea
1103 4639 1214 4708 ipsa
1255 4640 1551 4710 perfruitur
1595 4649 1811 4718 preprie

229 4744 393 4797 quam
454 4728 570 4799 ipse
632 4730 887 4800 suscepit,
941 4739 995 4786 et
1039 4731 1424 4800 multiplicatur
1471 4736 1525 4791 in
1568 4753 1635 4794 eo
1682 4740 1810 4795 dum

227 4819 667 4874 communicatur
697 4829 755 4874 et
787 4823 1017 4886 caeteris,
1065 4831 1120 4876 et
1158 4823 1271 4893 ipse
1304 4824 1652 4883 nihilominus
1689 4845 1811 4899 per-

227 4904 437 4961 fruitur.
457 4908 632 4979 gratia
652 4908 999 4979 reliquorum.
1044 4909 1218 4965 Habet
1244 4920 1422 4967 autem
1448 4924 1503 4969 et
1526 4916 1630 4971 alia
1651 4930 1823 4988 quam

227 4996 458 5063 plurima
507 4999 648 5060 bona
693 5001 996 5055 communis
1030 5001 1137 5055 vita
1172 5002 1275 5056 ista
1309 5013 1643 5073 sanctorum,
1694 5024 1814 5078 quae

299 5142 345 5203 f_
368 5127 483 5184 Nec
508 5132 738 5203 sufﬁcere
763 5134 872 5187 suis
900 5134 1093 5187 viribus
1121 5144 1305 5203 potest.
1344 5136 1401 5190 In
1443 5144 1588 5191 textu
1625 5138 1815 5195 Grteco

261 5198 445 5253 dditur
472 5218 487 5253 ι
510 5198 653 5276 api;
691 5202 958 5276 stupeam,
992 5204 1044 5276 id
1072 5198 1291 5276 est,ad
1332 5207 1645 5276 diuturnum
1686 5218 1818 5264 tem-

228 5282 349 5390 p358,
381 5268 528 5390 qtuod
551 5268 1001 5340 quemadmodum
1031 5273 1139 5339 hic,
1168 5275 1244 5330 sic
1273 5277 1411 5346 apud
1442 5274 1696 5333 Rufinum
1717 5280 1811 5334 de-

228 5352 270 5390 s:
311 5353 403 5390 era
434 5354 522 5390 ur.

228 5347 403 5392 sidera
412 5347 522 5394 tur.

298 5408 329 5447 δ
360 5406 471 5484 Sed
510 5416 560 5462 et
593 5409 853 5484 interdum
884 5412 1114 5484 periculo
1140 5415 1379 5484 proxima
1409 5427 1512 5481 est,
1545 5426 1650 5472 etc.
1684 5416 1819 5484 Qum

228 5474 611 5552 hicdicuntur
632 5478 699 5552 de
721 5480 847 5535 vitae
874 5474 1573 5552 solitariaeprofessoribus,
1605 5474 1814 5544 tantum

229 5544 297 5599 de
324 5546 408 5599 his
438 5548 532 5615 qui
557 5548 755 5614 illotis,
787 5558 848 5604 ut
874 5552 1058 5614 aiunt,
1086 5544 1334 5607 manibus
1359 5563 1414 5609 et
1442 5555 1495 5609 in
1530 5544 1673 5611 nulla
1703 5572 1816 5613 cm-

232 5615 376 5686 nobii
405 5617 658 5686 palaestra
695 5626 851 5674 antea
890 5622 1171 5678 exercitati
1203 5623 1269 5678 ad
1309 5624 1448 5680 hanc
1475 5626 1638 5681 vitam
1663 5642 1815 5684 acce-

233 5684 387 5752 dunt,
407 5684 765 5759 intelligenda
791 5699 937 5745 sunt.

1917 3096 2009 3164 qui
2040 3111 2254 3167 semper
2278 3096 2469 3155 fabrile
2519 3102 2809 3159 artificium
2852 3106 3092 3176 discunt,
3121 3127 3400 3183 nunquam
3435 3127 3511 3173 ta-

1917 3201 2040 3240 men
2083 3185 2223 3242 fabri
2265 3187 2473 3245 faciunt
2514 3207 2684 3263 Opus;
2714 3196 2802 3251 vel
2854 3198 2939 3254 bis
2979 3202 3071 3270 qui
3117 3203 3507 3266 instructorum

1916 3285 2089 3332 artem
2119 3293 2332 3349 semper
2356 3280 2645 3351 docentur,
2677 3302 2954 3358 nunquam
3004 3301 3183 3351 tamen
3227 3300 3505 3358 adifican-

1915 3365 1998 3421 (ξω
2021 3365 2213 3425 domus
2241 3385 2462 3440 operam
2511 3374 2736 3432 dabunt.
2784 3379 2924 3436 Ecce
2971 3385 3115 3440 enim
3142 3394 3199 3442 et
3243 3390 3506 3450 Dominus

1914 3469 2021 3510 non
2042 3457 2374 3516 existimavit
2397 3461 2645 3521 sufﬁcere
2673 3467 2775 3522 sibi
2801 3469 2970 3525 solam
2995 3475 3144 3529 verbi
3177 3476 3502 3548 doctrinam,

1915 3546 2009 3599 sed
2060 3555 2116 3601 et
2140 3563 2303 3617 opere
2348 3550 2466 3620 ipso
2514 3553 2685 3608 voluit
2720 3557 2876 3613 nobis
2924 3561 3138 3617 tradere
3184 3546 3508 3627 humilitatis

1913 3637 2180 3706 exempla,
2209 3654 2330 3695 cum
2355 3642 2679 3710 praecinctus
2699 3643 2865 3700 linteo
2877 3646 3010 3702 lavit
3026 3651 3189 3718 pedes
3213 3653 3505 3726 discipulo-

1914 3740 2034 3779 rum
2061 3741 2300 3781 suorum.
2353 3727 2433 3782 Tu
2482 3745 2611 3800 ergo
2649 3732 2803 3803 cujus
2846 3736 3012 3804 pedes
3069 3737 3502 3815 lavabisiquem

1913 3817 2130 3871 curabis
2157 3816 2388 3872 officiis?
2414 3818 2565 3888 cujus
2588 3820 2812 3876 inferior
2842 3832 2936 3879 aut
2961 3825 3183 3884 ultimus
3204 3832 3336 3898 eris,
3378 3852 3502 3891 eum

1913 3903 2061 3960 solus
2085 3905 2272 3961 vivas?
2296 3906 2403 3961 Sed
2431 3915 2486 3963 et
2509 3908 2637 3964 illud
2660 3911 2803 3980 quod
2838 3911 3037 3968 dicitur
3074 3916 3274 3974 bonum
3316 3932 3372 3978 et;
3409 3925 3505 3993 ju-

1914 3995 2150 4050 cundum
2199 3994 2445 4052 habitare
2493 3995 2693 4053 fratres
2748 3999 2806 4055 in
2855 4016 3020 4055 unum
3056 4002 3230 4076 (Psal.
3271 4018 3501 4084 cxxxn),

1912 4087 2055 4156 quod
2091 4096 2361 4158 unguento
2390 4088 2683 4159 pontificali
2711 4091 2778 4146 de
2821 4094 2998 4163 capite
3044 4096 3097 4151 in
3136 4099 3361 4158 barbam
3413 4108 3506 4163 dc—

1913 4179 2187 4234 scendenti
2217 4178 2453 4249 Spiritus
2480 4189 2701 4238 sanctus
2730 4187 3089 4254 comparavit,
3130 4195 3400 4259 quomodo
3448 4199 3500 4253 in

1913 4269 2153 4323 solitaria
2203 4270 2535 4326 habitatione
2563 4275 2958 4345 complebitur?
2978 4278 3227 4340 Studium
3268 4305 3503 4361 namque

1916 4366 2000 4414 est
2027 4359 2296 4430 quoddam
2323 4370 2377 4416 et
2402 4363 2699 4431 apostolica
2735 4378 3004 4438 praecepta
3050 4374 3118 4429 ad
3169 4359 3505 4441 emendat—io-

1913 4468 2037 4507 nem
2066 4467 2276 4506 morum
2303 4453 2576 4523 vitamque
2608 4454 2967 4527 formandam,
3008 4462 3063 4516 in
3108 4480 3216 4535 quo
3254 4486 3353 4540 per
3391 4475 3505 4531 vin.

1917 4547 2047 4602 tutis
2066 4547 2383 4601 exercitium
2413 4547 2713 4618 proficitur,
2745 4553 2798 4607 in
2821 4569 2928 4624 quo
2972 4559 3249 4617 meditatio
3290 4565 3499 4624 divino-

1916 4651 2035 4690 rum
2072 4636 2449 4691 mandatorum
2470 4636 2687 4710 effulget
2712 4643 2941 4713 amplius
2969 4654 3024 4700 et
3048 4634 3315 4706 clarescit.
3367 4653 3493 4714 [hec

1918 4727 2219 4781 communis
2266 4727 2409 4782 inter
2446 4743 2506 4784 se
2547 4732 2926 4788 unanimorum
2966 4734 3191 4791 fratrum
3242 4739 3499 4799 habitatio

1918 4815 2081 4871 habet
2108 4817 2161 4870 iu
2199 4832 2259 4872 se
2288 4816 2433 4872 illam
2463 4819 2866 4877 similitudinem
2898 4833 2953 4880 et
2987 4828 3312 4897 exemplum,
3352 4834 3497 4901 quod

1916 4904 1969 4958 iu
1995 4903 2219 4962 Actibus
2245 4907 2606 4978 apostolorum
2654 4910 2822 4967 refert
2860 4915 2929 4970 de
2954 4918 3172 4974 sanctis
3217 4917 3499 4991 Scriptura

1989 5152 2013 5180 ο
2053 5138 2335 5218 _Vide_bitur
2359 5142 2461 5197 sibi
2484 5144 2557 5218 ad
2580 5160 2838 5218 summam
2871 5149 3237 5218 perfectionem
3276 5160 3491 5215 venisse.

3541 1216 3563 1338 ἔ

1917 5208 2070 5288 Quod
2102 5212 2323 5266 unicum
2347 5220 2432 5288 est
2454 5212 2728 5288 ulterioris
2751 5208 3069 5288 progressus
3096 5222 3150 5276 in
3176 5208 3496 5285 virtut-cini;
3550 5234 3559 5241 '

1954 5281 2302 5356 edimentum.
2343 5280 2793 5356 QuodAprzeclar'e
2836 5280 2990 5343 notat
3033 5288 3237 5349 Seneca
3282 5280 3377 5351 lib.
3399 5280 3496 5356 "de

1969 5350 2333 5434 ranquillitate
2361 5350 2586 5434 animis
2614 5371 2635 5434 ε
2665 5352 2801 5411 Ριιιο
2824 5357 3021 5414 multos
3044 5363 3283 5431 potuisse
3309 5350 3374 5422 ad
3409 5350 3496 5425 sa:

1916 5421 2174 5501 pientiam
2188 5421 2503 5501 pervenire,
2533 5422 2636 5501 nisi
2662 5434 2942 5492 putassent
2961 5444 3020 5501 se
3039 5421 3371 5501 pervenisse,
3389 5421 3492 5496 nisi

1918 5490 2162 5572 quadam
2185 5490 2240 5544 iu
2261 5504 2321 5572 se
2339 5490 2793 5572 dissimulassent,
2825 5490 3067 5572 quasdam
3095 5490 3311 5572 apertis
3325 5490 3495 5565 oculis

1920 5556 2456 5647 transilissen‘t.ﬂNon
2496 5568 2591 5643 est.
2619 5556 2944 5635 enim’quod
2982 5583 3082 5647 nos
3109 5556 3297 5647 magis
3319 5556 3490 5635 alia};

1913 5627 2123 5698 iudices
2144 5628 2451 5686 adulatione
2480 5632 2659 5703 perire
2680 5627 2843 5704 quam
2872 5646 3077 5695 nostra.
3113 5660 3134 5697 ι
