3958 6198
443 224 550 282 743

1430 207 1488 264 S.
1530 202 1888 262 BENEDICTI
1922 196 2213 256 ABBATIS
2250 190 2654 252 AMANENSIS

3584 192 3688 248 7“

441 336 622 391 divina
647 331 864 386 dicens:
889 327 1026 394 Quia
1053 342 1226 381 omnes
1249 321 1511 376 credentes
1553 327 1699 372 erant
1737 316 1790 368 in
1831 330 2012 378 unum,
2044 317 2090 372 Α
2118 308 2258 378 quod
2285 306 2536 376 elegerit,
2568 312 2813 380 sanctum
2840 303 2939 359 sibi
2967 303 3072 358 hoc
3098 307 3268 394 putet.
3298 297 3410 356 Hos
3437 298 3576 394 tales
3603 303 3694 357 ubi

443 435 491 479 et
517 421 771 475 habebant
799 420 972 472 omnia
1000 413 1444 482 communiaMct.
1471 411 1552 478 tl).

714 510 740 580 §
774 510 859 564 lV.
898 539 970 548 —
1005 507 1172 560 DICTA
1209 519 1395 559 SANCTI
1437 503 1755 555 Hrenoxvm.

522 612 547 640 ι
588 600 880 652 Monachus
908 598 1050 650 vivat
1090 596 1148 648 in
1181 591 1506 646 monasterio
1531 591 1630 644 sub
1661 587 1821 641 unius
1857 584 2019 640 disci-

448 691 592 760 plina
633 689 833 746 Patris.
874 686 1250 752 consortioque
1292 682 1580 735 multorum
1623 696 1636 731 :
1676 685 1736 730 ut
1765 677 1792 714 ι)
1823 677 1890 729 ab
1917 674 2022 727 alio

452 781 623 834 discat
660 777 1049 840 humilitatem,
1091 775 1158 828 ab
1197 773 1301 826 alio
1341 770 1688 841 patientiam;
1725 782 1862 820 unus
1898 780 2021 818 eum

449 869 719 925 silentium
745 907 759 931 ,
793 867 930 920 alter
958 866 1150 920 doceat
1185 861 1665 916 mansuetudinem.
1705 857 1819 911 Non
1861 855 2024 922 faciat

449 961 590 1029 quod
622 958 761 1023 vult,
806 957 1053 1012 comedat
1075 955 1217 1025 quod
1251 954 1492 1022 jubetur,
1535 952 1731 1004 habeat
1763 958 2024 1018 quantum

448 1050 749 1118 acceperit,
785 1048 964 1118 operis
1002 1049 1084 1101 sui
1123 1061 1345 1114 pensum
1375 1044 1679 1113 persolvat,
1707 1042 2026 1108 subjiciatur

449 1142 537 1196 cui
566 1157 669 1194 non
694 1140 841 1202 vult,
870 1139 1044 1193 lassus
1071 1139 1136 1192 ad
1166 1147 1391 1191 stratum
1428 1136 1611 1190 veniat
1639 1134 2025 1201 ambulansque

457 1232 743 1295 dormitet,
777 1245 876 1285 nec
905 1231 1115 1285 demum
1148 1229 1361 1298 expleto
1390 1243 1608 1289 somno,
1634 1240 1852 1295 surgere
1873 1239 2023 1278 com-

449 1319 709 1389 pellatur;
753 1332 942 1386 passus
979 1315 1226 1383 iniuriam
1281 1325 1487 1378 taceat;
1533 1314 1875 1382 praepositum
1905 1327 2024 1366 mo-

2123 398 2452 467 repereritis,
2488 411 2592 448 non
2623 395 2944 458 monachos,
2971 395 3062 447 sed
3094 393 3404 462 hypocritas
3438 400 3494 444 et
3519 391 3696 445 luere-

2124 490 2259 543 ticos
2285 502 2404 542 esse
2437 487 2684 540 credatis.
2718 486 2784 538 Et
2815 487 2918 539 hoc
2943 491 3224 552 optamus,
3254 489 3309 534 et
3344 481 3447 535 hoc
3479 482 3697 534 omnino

2122 578 2463 634 sanctitatem
2502 583 2735 629 vestram
2775 586 3082 642 qumsumus
3121 586 3242 624 cum
3273 568 3469 622 talibus
3499 570 3696 622 nullam

2123 665 2586 721 conversationem
2611 657 2862 730 jubcmus
2904 661 3146 715 habeatis
3165 700 3178 723 ,
3207 675 3380 729 neque
3409 661 3700 713 imitemini

2124 770 2234 809 eos.
2266 755 2334 808 Et
2360 755 2485 823 quia
2522 769 2619 808 suo
2650 753 2872 806 arbitrio
2902 752 3110 816 vivunt,
3139 751 3268 804 nulli
3304 751 3583 805 seniorum
3615 767 3695 804 vo-

2125 847 2240 900 lunt
2286 861 2405 901 esse
2449 845 2694 914 subjecti.
2747 845 2814 898 Et
2855 843 2988 898 nihil
3029 843 3097 898 de
3134 844 3352 913 propria
3401 844 3702 898 substantia

2123 937 2446 1007 pauperibus
2472 944 2695 1005 erogaut
2714 977 2729 1002 ,
2758 936 2854 991 sed
2879 937 3054 990 adhuc
3081 935 3252 990 aliena
3269 977 3284 1000 ,
3313 937 3469 1004 quasi
3506 949 3706 1004 paupe-

2125 1023 2234 1092 res,
2264 1042 2453 1096 rapere
2471 1025 2746 1089 festinant,
2770 1034 2831 1080 ut
2857 1041 2978 1080 cum
3003 1026 3261 1080 uxoribus
3286 1032 3337 1079 et
3369 1025 3500 1078 ﬁliis
3534 1036 3559 1062 ε
3591 1023 3704 1093 plus

2125 1133 2288 1186 quam
2321 1117 2376 1172 in
2405 1116 2600 1171 szeculo
2634 1124 2788 1170 erant
2815 1115 2964 1170 lucra
2996 1115 3334 1186 conquirant.
3375 1115 3445 1168 Et
3479 1116 3601 1169 haec
3627 1113 3703 1167 fa-

2125 1206 2314 1262 ciendo
2345 1207 2410 1260 de
2448 1207 2750 1277 perditione
2779 1207 3084 1260 animarum
3115 1221 3220 1261 non
3243 1213 3472 1270 curant,
3501 1213 3567 1258 ut
3604 1221 3707 1259 non

2126 1297 2448 1360 animarum,
2473 1295 2567 1350 sed
2592 1311 2878 1365 corporum
2907 1294 3190 1365 plusquam
3219 1295 3512 1350 saeculares
3538 1296 3708 1350 homi-

2125 1401 2224 1440 nes
2271 1385 2629 1440 emolumenta
2674 1385 2938 1449 habeant,
2985 1392 3040 1438 et
3087 1399 3187 1454 pro
3231 1385 3342 1439 suis
3391 1385 3709 1455 pignoribus

2127 1492 2277 1530 more
2305 1475 2549 1545 luporum
2581 1476 2796 1530 doleant
2815 1517 2830 1542 ,
2859 1484 2914 1530 et
2944 1476 3010 1531 de
3042 1477 3128 1532 die
3165 1478 3218 1532 in
3248 1478 3389 1532 diem
3419 1495 3529 1532 non
3565 1487 3708 1533 retro

452 1408 674 1462 nasterii
721 1409 909 1460 timeat
943 1417 1002 1461 ut
1039 1406 1314 1459 dominum
1337 1445 1353 1469 ,
1395 1406 1581 1473 diligat
1624 1411 1682 1456 ut
1719 1411 2024 1472 parentem;

451 1497 638 1553 credat
669 1496 772 1550 sibi
803 1497 905 1549 hoc
933 1509 1053 1549 esse
1081 1495 1319 1548 salutare
1350 1492 1608 1562 quidquid
1639 1491 1724 1545 ille
1754 1505 2026 1561 praecepe-

448 1589 556 1654 rit;
601 1602 702 1642 nec
744 1588 810 1641 de
851 1584 1070 1653 majoris
1109 1586 1372 1639 sententia
1406 1584 1640 1654 judicet,
1681 1583 1831 1652 cujus
1869 1580 2026 1634 cilicii
2060 1651 2087 1654 _
2127 1576 2248 1621 ac”
2297 1574 2514 1636 Ρεεθιη³
2558 1565 2844 1637 ρῐειηεδηι,
2893 1568 2986 1621 sed
3032 1582 3155 1621 cum
3199 1569 3472 1624 scandalis
3496 1585 3710 1640 semper

454 1684 530 1730 es:
543 1651 774 1731 obedire
794 1686 847 1728 et
871 1651 1092 1744 implere
1105 1673 1390 1743 quaejussa
1409 1651 1557 1735 sunt,
1577 1651 1786 1726 dicente
1811 1672 2024 1741 Moyse:
2059 1651 2104 1711 Β
2132 1656 2311 1710 εῑυάίο
2343 1655 2657 1738 rapacitatis
2684 1655 2968 1721 anhelam,
3002 1665 3058 1712 εί
3095 1672 3201 1711 ηοη
3240 1657 3306 1712 de
3337 1672 3500 1726 Ραεηει
3526 1658 3707 1713 futura

455 1768 618 1830 Audi,
654 1765 845 1830 Israel,
873 1776 920 1819 et
949 1777 1061 1819 tace
1085 1765 1261 1835 (Deut.
1297 1764 1488 1832 xxvu).
1520 1764 1746 1830 Quidam
1776 1761 2031 1832 profiten-
2131 1746 2399 1816 εοϐίιθηῑν
2439 1745 2532 1835 “id
2569 1745 2934 1835 υηδθγυῐοτθε
2961 1755 3017 1800 ει
3057 1746 3193 1802 ﬁlios
3229 1757 3488 1816 luscam,
3533 1751 3711 1804 acrius

455 1865 545 1912 tur
574 1873 632 1913 se
665 1858 972 1911 renuntiare
995 1833 1246 1910 saeculum
1284 1856 1618 1908 vestimentis
1645 1861 1701 1906 et
1727 1853 1876 1906 vocis
1910 1865 2034 1921 pro-
2131 1835 2436 1888 “Miamur-
2469 1833 2535 1886 Et
2565 1849 2685 1888 cum
2709 1834 2839 1903 ίρδίδ
2867 1835 3081 1901 νίοίιιίδν
3105 1851 3226 1890 cum
3252 1839 3450 1906 quibus
3476 1841 3632 1908 Prius
3657 1856 3714 1895 se

455 1948 690 2004 fessione
712 1989 727 2013 ,
750 1949 840 2016 qui
874 1948 1007 2001 nihil
1043 1949 1108 2002 de
1133 1947 1357 2016 pristina
1381 1946 1789 2000 conversatione
1814 1951 2031 1998 mutan-

2142 1921 2450 1989 iuramentis
2480 1923 2797 1992 ligaverant,
2827 1939 2926 1994 pro
2954 1925 3056 1981 hoc
3086 1925 3334 1994 tepefacti
3363 1943 3490 1982 cum
3518 1931 3712 1999 grandi

455 2046 560 2102 tes,
585 2054 672 2092 res
701 2037 990 2091 familiares
1017 2037 1189 2105 magis
1214 2044 1412 2105 augent
1441 2051 1602 2104 quam
1633 2035 1900 2088 minuunt.
1931 2034 2034 2088 Ea-

458 2129 580 2182 dem
613 2129 911 2181 ministeria
937 2142 1246 2189 servorum,
1279 2128 1418 2180 idem
1459 2135 1747 2196 apparatus
1781 2125 2030 2186 convivii,

459 2227 515 2273 et
544 2219 684 2272 inter
710 2219 892 2272 turbas
921 2227 975 2272 et
1002 2219 1250 2272 examina
1276 2219 1648 2273 ministrorum
1684 2219 1899 2288 nomina
1932 2218 2036 2274 sibi

456 2306 735 2361 vindicant
779 2307 1025 2362 solitarii.
1072 2306 1323 2377 Plerique
1368 2309 1616 2363 monachi
1663 2320 1686 2348 ο
1738 2309 1943 2364 artibus
1982 2315 2039 2363 et

459 2397 912 2467 negotiationibus
940 2397 1182 2466 pristinis
1218 2411 1407 2452 carere
1437 2414 1544 2451 non
1583 2405 1826 2468 possunt.
1865 2396 2037 2451 Pleri-

459 2501 566 2555 que
595 2502 701 2541 non
729 2485 929 2541 victum
963 2494 1020 2541 et
1048 2487 1304 2544 vestitum
1323 2527 1336 2553 ,
1367 2487 1509 2556 quod
1539 2487 1824 2558 Apostolus
1850 2485 2039 2556 prreci-

460 2577 560 2645 pit,
595 2576 690 2630 sed
723 2577 946 2646 majora,
978 2590 1136 2644 quam
1173 2577 1351 2631 szeculi
1383 2577 1651 2642 homines,
1673 2575 2038 2632 emolumenta

465 2672 759 2730 sectantes,
787 2665 886 2719 sub
911 2664 1183 2735 religionis
1210 2665 1364 2720 titulo
1385 2673 1641 2720 exercent
1666 2665 1862 2735 iniusta
1891 2677 2041 2718 com-

466 2757 705 2823 mercia,
743 2765 798 2812 et
835 2757 1009 2826 plenis
1053 2755 1281 2810 sacculis
1324 2757 1630 2822 moriuntur
1670 2753 1901 2818 divites,
1945 2754 2040 2822 qui

464 2847 620 2916 quasi
654 2860 916 2915 pauperes
941 2845 1206 2900 vixerant.

465 2951 496 3026 ς
551 2953 615 3009 V.
669 2983 739 2993 —
793 2953 870 3008 Ex
930 2953 1148 3094 Βεοσιιέ
1203 2969 1389 3093 simi?
1441 2952 1748 3011 Fnucroosr
1802 2966 2040 3009 srtscort

1164 3041 1277 3092 cap.
1379 3062 1393 3076 .

1164 3041 1277 3092 cap.
1311 3041 1334 3076 ι
1353 3041 1393 3092 ).

539 3107 566 3147 ἀ
605 3107 790 3162 Solent
815 3110 955 3163 enim
979 3110 1220 3164 nonnulli
1249 3111 1319 3164 ob
1341 3118 1542 3163 metum
1569 3109 1823 3179 gehennae
1849 3109 1902 3162 in
1929 3109 2041 3164 suis

467 3198 570 3253 sibi
601 3197 849 3252 domibus
883 3199 1207 3252 monasteria
1238 3213 1560 3267 componere
1581 3237 1596 3262 ,
1623 3207 1677 3251 et
1703 3213 1825 3251 cum
1856 3198 2042 3251 uxori-

465 3287 602 3352 bus,
635 3287 794 3352 illiis,
829 3294 884 3342 et
923 3287 1094 3342 servis
1131 3294 1293 3355 atque
1330 3287 1520 3340 vicinis
1555 3301 1676 3340 cum
1719 3286 2041 3340 sacramenti

469 3377 778 3434 conditione
803 3379 856 3432 in
883 3394 1050 3432 unum
1076 3394 1134 3433 se
1163 3379 1446 3450 copulare,
1483 3385 1536 3432 et
1568 3378 1622 3431 in
1661 3377 1772 3432 suis
1813 3377 1947 3442 sibi,
1982 3385 2042 3432 ut

467 3470 722 3535 diximus,
753 3470 894 3524 villis
919 3485 984 3523 ex
1011 3469 1227 3524 nomine
1246 3477 1543 3540 martyrum
1570 3469 1828 3523 ecclesias
1856 3484 2044 3524 conse-

467 3577 657 3629 crare,
697 3571 752 3618 et
789 3579 882 3618 eas
919 3561 1055 3617 falso
1093 3563 1309 3616 nomine
1347 3563 1675 3617 monasteria
1712 3576 2040 3630 nuncupare.

469 3651 583 3711 Nos
611 3662 788 3708 tamen
810 3653 926 3708 hare
955 3667 1060 3706 non
1085 3652 1314 3707 dicimus
1337 3651 1693 3715 monasteria;
1723 3650 1814 3705 sed
1839 3650 2046 3704 anima-

468 3758 592 3802 rum
643 3743 998 3813 perditionem
1049 3749 1104 3796 et
1138 3741 1391 3796 Ecclesia:
1452 3741 1876 3796 subversionem.
1918 3740 2046 3797 Inde

473 3833 711 3890 surrexit
746 3831 970 3887 haeresis
1001 3837 1057 3886 et
1095 3830 1363 3893 schisma,
1397 3837 1451 3884 et
1481 3829 1700 3900 grandis
1731 3843 1828 3898 per
1859 3844 2047 3884 mona-

471 3925 641 3982 steria
670 3923 1070 3987 controversia;
1099 3929 1154 3976 et
1185 3919 1306 3975 inde
1345 3920 1487 3975 dicta
1526 3920 1778 3984 haeresis,
1807 3933 1873 3974 eo
1904 3917 2045 3989 quod

474 4016 876 4086 unusquisque,
904 4027 1002 4069 suo
1030 4013 1172 4082 quod
1208 4011 1471 4084 placuerit
1498 4009 1743 4075 arbitrio,
1771 4010 1960 4081 eligat;
1991 4016 2048 4065 et

546 4179 572 4208 ι
614 4164 926 4220 Monachus.
967 4163 1094 4217 Hanc
1119 4170 1330 4232 sumpta
1356 4169 1483 4217 sunt
1505 4178 1568 4217 ex
1601 4161 1825 4232 epistola
1849 4161 1916 4215 ad
1943 4161 2050 4216 Ru-

474 4237 668 4290 sticum
697 4234 762 4288 de
789 4233 960 4287 forma
989 4232 1222 4286 vivendi.
1253 4231 1498 4287 Citantur
1519 4233 1587 4286 ab
1614 4231 1834 4288 auctore
1862 4240 2050 4286 nostro

2125 2012 2308 2083 jurgio
2335 2020 2390 2066 et
2422 2012 2732 2066 discrimine
2763 2028 2821 2068 se
2855 2013 2924 2067 ab
2952 2014 3179 2070 invicem
3213 2028 3466 2087 separant
3497 2036 3510 2071 :
3544 2027 3604 2072 et
3630 2035 3718 2073 res

2134 2119 2292 2168 suas,
2331 2117 2466 2172 quas
2502 2111 2628 2157 ante
2666 2117 2765 2174 per
2802 2105 3122 2160 cbaritatem
3159 2109 3543 2178 expendendos
3573 2126 3720 2165 com-

2134 2191 2371 2246 muniter
2407 2191 2767 2258 miscuerant,
2799 2208 2906 2248 non
2934 2193 3046 2261 jam
3087 2196 3420 2266 simmiciter,
3462 2200 3560 2254 sed
3593 2215 3718 2254 cum

2134 2285 2550 2355 exprobratione
2580 2301 2719 2340 unus
2758 2286 2914 2340 alteri
2945 2295 3138 2356 raptat.
3175 2288 3330 2356 Quod
3363 2290 3409 2345 si
3446 2290 3612 2346 alicui
3649 2305 3717 2347 ex

2136 2375 2242 2431 illis
2268 2375 2607 2430 imbecillitas
2634 2377 2965 2447 apparuerit,
2992 2377 3348 2447 propinquos,
3372 2395 3512 2450 quos
3540 2382 3597 2435 in
3620 2395 3721 2436 sae-

2137 2467 2258 2522 culo
2281 2466 2630 2537 reliquerunt,
2653 2483 2773 2523 cum
2802 2467 2994 2539 gladiis
3017 2475 3070 2522 et
3095 2467 3325 2524 fustibus
3348 2478 3405 2525 et
3430 2471 3597 2526 minis
3624 2471 3722 2525 ad-

2129 2557 2340 2627 jutores
2381 2557 2671 2611 adducunt.
2720 2557 2788 2611 Et
2827 2557 3058 2626 qualiter
3094 2557 3208 2616 hac
3247 2558 3585 2628 disrumpant
3608 2599 3625 2625 ,
3663 2560 3721 2614 in

2136 2651 2312 2721 prima
2347 2648 2546 2705 dudum
2581 2648 2989 2704 conversatione
3023 2650 3347 2720 excogitant.
3381 2651 3450 2705 Et
3481 2651 3500 2690 ί
3530 2651 3723 2723 vulga-

2139 2757 2228 2796 res
2249 2749 2303 2796 et
2338 2741 2510 2812 ignari
2536 2755 2658 2795 cum
2689 2741 2830 2805 sint,
2869 2739 3028 2795 talem
3065 2741 3314 2796 abbatem
3343 2741 3447 2806 sibi
3484 2757 3724 2812 praesse

2140 2832 2477 2897 desiderant,
2506 2839 2569 2885 ut
2601 2831 2692 2885 ubi
2720 2846 2778 2885 se
2813 2831 3081 2886 voluerint
3118 2840 3464 2896 convertere,
3501 2833 3528 2872 ³
3563 2833 3724 2901 quasi

2141 2940 2263 2980 cum
2298 2923 2674 2980 benedictione
2710 2939 2836 2978 suas
2871 2924 3175 2978 voluntates
3209 2921 3438 2990 faciant,
3477 2932 3534 2978 et
3563 2925 3725 2993 quid-

2066 2987 2114 3051 Ο
2141 3015 2269 3085 quid
2293 3016 2372 3070 eis
2397 3015 2657 3085 placuerit
2684 3015 2882 3080 dicere,
2907 3014 3107 3069 dicant.
3138 3015 3205 3069 Et
3230 3015 3364 3071 alios
3385 2987 3538 3070 more
3571 2987 3728 3071 iusti.

2141 3107 2374 3180 gationis
2403 3105 2719 3173 dijudicant,
2753 3115 2808 3161 et
2827 3107 2857 3146 ιι
2885 3123 3070 3162 servos
3093 3105 3290 3161 Christi
3320 3108 3483 3162 dente
3523 3109 3725 3164 canino

2141 3197 2418 3251 dilaniant.
2452 3195 2518 3250 Et
2549 3196 2652 3251 hoc
2685 3205 2847 3268 agunt
2883 3205 2941 3250 ut
2979 3213 3194 3266 semper
3216 3213 3337 3251 cum
3366 3199 3725 3254 saecularibus

2141 3297 2196 3340 et
2229 3285 2386 3354 hujus
2415 3286 2559 3341 modi
2587 3286 2918 3356 principibus
2944 3301 3227 3340 commune
3259 3287 3595 3340 consortium
3623 3288 3727 3342 ha-

2140 3378 2324 3443 beant,
2351 3386 2405 3431 et
2434 3386 2704 3434 amatores
2731 3378 2914 3432 mundi
2941 3394 3063 3432 cum
3089 3379 3286 3433 mundo
3311 3379 3558 3449 diligant,
3591 3395 3725 3449 qua-

2142 3469 2268 3524 liter
2297 3470 2558 3525 immundi
2588 3486 2710 3525 cum
2741 3467 2940 3526 mundo
2977 3479 3218 3540 pereant.
3254 3473 3270 3511 ί
3299 3470 3414 3525 Tali
3442 3469 3548 3542 [se]
3578 3485 3726 3542 saepe

2143 3562 2388 3631 exemplo
2415 3561 2594 3616 taliter
2629 3561 2762 3617 alios
2795 3562 2978 3617 vivere
3008 3563 3253 3616 invitant.
3284 3562 3360 3617 De
3385 3563 3585 3617 talibus
3611 3563 3724 3616 Do-

2144 3652 2322 3707 minus
2349 3652 2402 3706 in
2431 3651 2722 3723 Evangelio
2754 3652 2831 3707 ait
2859 3670 2872 3705 :
2901 3649 3087 3707 Cavete
3107 3669 3139 3705 a
3167 3651 3316 3722 falsis
3347 3652 3602 3722 fratribus
3630 3653 3725 3723 qui

2143 3743 2354 3796 veniunt
2383 3741 2452 3794 ad
2489 3757 2579 3796 vos
2615 3741 2672 3794 in
2703 3740 2926 3794 vestibus
2961 3742 3162 3806 ovium,
3199 3741 3514 3794 intrinsecus
3544 3750 3723 3794 autem

2145 3840 2265 3886 sunt
2293 3831 2402 3902 lupi
2431 3847 2664 3901 rapaces.
2691 3829 2733 3882 Α
2760 3830 3016 3899 fructibus
3050 3847 3228 3884 eorum
3265 3830 3585 3900 cognoscetis
3608 3847 3722 3896 eos,

2143 3924 2270 3995 quia
2315 3939 2419 3976 non
2470 3931 2637 3993 potest
2689 3921 2848 3975 arbor
2897 3921 3039 3976 mala
3087 3921 3287 3991 fructus
3336 3922 3498 3976 bonos
3549 3923 3727 3992 facere

2147 4009 2362 4081 (Matth.
2411 4007 2541 4083 vn).
2573 4009 2634 4064 In
2673 4007 2854 4065 fructu
2884 4011 3252 4080 operationem
3286 4011 3451 4077 dixit,
3493 4012 3546 4066 in
3577 4010 3726 4066 foliis

2149 4171 2294 4234 tores
2319 4161 2464 4234 haud
2490 4161 2776 4234 dissimiles
2798 4169 2921 4234 sunt
2947 4161 3014 4216 iis
3039 4165 3106 4218 de
3131 4161 3321 4232 quibus
3346 4163 3454 4232 agit
3485 4165 3725 4234 synodus

2147 4232 2732 4304 Constan‘tinopolitana
2755 4233 2928 4304 prima
2955 4240 3010 4286 et
3034 4235 3266 4304 secunda
3283 4273 3296 4293 .
3321 4234 3421 4304 qui
3453 4232 3571 4288 suis
3601 4249 3724 4304 pns-

477 4306 531 4359 in
561 4304 684 4357 vitm
714 4302 1048 4372 coenobiticm
1075 4301 1609 4372 commendationem,
1637 4309 1689 4354 et
1700 4301 1782 4372 _ob
1817 4301 2047 4372 pseudo-
2069 4313 2124 4372 ι)
2149 4301 2476 4372 sessionibus
2510 4302 2821 4372 monasterii
2867 4317 3060 4356 nomen
3106 4302 3484 4372 imponebant,
3533 4301 3724 4364 seiras

476 4373 786 4431 monachos,
817 4373 882 4425 de
908 4371 1100 4440 quibus
1125 4370 1234 4437 agit
1266 4378 1483 4424 sanctus
1517 4369 1676 4423 Pater
1700 4368 2041 4423 Benedictus.

549 4445 576 4486 ι)
619 4442 695 4494 Ab
725 4440 830 4495 alio
855 4441 1023 4495 discat
1047 4439 1410 4493 humilitatem.
1436 4439 1512 4492 De
1534 4439 1637 4495 hac
1663 4453 1720 4491 re
1745 4438 1902 4492 infra.

725 4456 830 4495 αιιο
855 4456 1023 4495 ατδεαι
1047 4456 1410 4493 numttuatem.
1437 4456 1512 4492 UO
1537 4456 1637 4495 nae
1663 4456 1720 4491 re
1745 4456 1902 4492 11111⁸3.

550 4523 573 4552 ο
598 4511 806 4565 Artibus
833 4521 882 4563 et
911 4509 1340 4580 negotiationibus
1365 4507 2049 4580 pristinis._Monachis,qui

475 4597 665 4638 omnes
701 4594 825 4633 suas
863 4577 1214 4648 cogitationes
1239 4584 1292 4631 et
1317 4577 1492 4633 studia
1518 4578 1585 4648 ad
1618 4577 1786 4630 Deum
1824 4577 2049 4648 conver-

477 4660 594 4707 tere
617 4649 832 4712 debent,
860 4647 1012 4717 turpe
1036 4656 1118 4702 est
1131 4662 1330 4717 rursus
1352 4647 1687 4714 negotiorum
1710 4647 2046 4717 sagcularium

477 4719 767 4776 maeandris
805 4715 1070 4771 intricari.
1112 4716 1262 4783 Quod
1300 4716 1454 4786 docet
1499 4723 1717 4770 sanctus
1762 4715 2049 4786 Dionysius

475 4788 832 4869 Areopagita,
873 4786 1195 4869 Eccltt‘lier.
1231 4800 1349 4853 cap.
1383 4785 1440 4848 6,
1469 4801 1592 4869 cum
1630 4785 1704 4869 ait
1729 4785 2046 4869 multaquzn

477 4854 821 4914 saecularibus
857 4854 1553 4926 permittunturmonachis
1591 4855 1892 4926 prohiberi,
1925 4854 2048 4926 qua:

476 4936 638 4993 sunt,
691 4934 752 4981 ut
799 4922 1030 4996 explicat
1071 4925 1332 4995 Georgius
1377 4922 1737 4994 Pachynieres
1788 4924 1850 4996 in;
1887 4922 2044 4994 para-

474 4997 684 5070 phra_si_,
710 4994 890 5070 762mg,
923 4997 1086 5070 {uiae
1111 4994 1396 5070 aspersisti:
1424 4995 1803 5070 xaiiprropiatc
1831 4994 2040 5065 ὁμιλεῖν,

480 5062 561 5148 λαοὶ
590 5062 884 5148 ὅτὲρὸες’,.ξν
905 5062 978 5148 ei:
1001 5065 1026 5120 ὁ
1050 5062 1298 5148 λαίδεὸςρύ
1319 5062 1694 5148 κατακρίνεται)
1722 5062 2043 5148 idues't,_nu-

475 5137 602 5206 ptize
619 5175 634 5200 ,
663 5127 717 5190 in
743 5127 884 5216 bello
907 5143 958 5188 et
988 5133 1348 5205 negotiatione
1375 5127 1610 5194 vorsari,
1637 5139 1691 5186 et
1717 5127 1842 5186 aliis
1861 5133 2040 5214 rebus,

416 5224 420 5228 ·
477 5204 548 5258 ob
576 5219 710 5274 quas
743 5202 916 5274 lamis
945 5219 1069 5274 non,
1090 5203 1493 5274 condemnatur.
1525 5200 1683 5268 Quod
1712 5215 1847 5256 sane
1867 5202 2040 5272 probi.

477 5271 812 5332 buit'mnoil.
843 5271 1294 5337 Chalcedonense,
1317 5285 1438 5326 can.
1466 5271 1520 5325 ι..

549 5343 576 5382 ιι
619 5342 800 5400 Solent
841 5343 998 5398 enim.
1035 5339 1160 5397 Hinc
1197 5355 1308 5396 non
1341 5347 1558 5396 exstant
1597 5339 1656 5394 in
1701 5337 1923 5408 Regula
1938 5353 2041 5395 ms.

479 5412 651 5482 sancti
673 5409 962 5482 Fructuosi
980 5411 1328 5482 Bracaregcis
1351 5409 1584 5482 episcopi
1605 5423 1708 5464 ιηθι
1887 5406 2053 5482 time?

481 5481 678 5550 semis,
707 5479 954 5550 sedsnnt
967 5477 1511 5550 MsFruewosi,
1533 5477 1646 5534 'non
1659 5477 1925 5550 episcopi,
1949 5478 2052 5533 sed!

483 5549 712 5613 abbatis.
739 5548 1056 5623 Mundi
1082 5557 1263 5615 autem
1294 5548 1418 5606 vita
1443 5547 1752 5607 monasticae
1774 5547 2048 5619 «aporia-

2147 4371 2256 4424 Deo
2299 4383 2618 4425 consecrare
2653 4371 2997 4440 proﬁtentes,
3033 4371 3364 4426 sacratarum
3405 4388 3591 4426 rerum
3622 4376 3720 4424 (to-

2147 4441 2370 4494 mininm
2399 4441 2758 4509 usurpabant,
2783 4455 2984 4508 easque
3010 4456 3109 4510 pro
3139 4441 3354 4496 libidine
3384 4444 3717 4504 tractabant,

2148 4510 2470 4580 tandemque
2502 4511 2820 4568 vendebant.
2859 4510 3028 4577 Quam
3061 4511 3137 4565 rei
3176 4510 3486 4565 monasticm
3523 4527 3720 4580 caupo.

2148 4579 2420 4650 nationem
2457 4580 2511 4633 in
2541 4589 2814 4650 posterum
2844 4581 2966 4650 ﬁeri
3006 4581 3252 4650 prohibet
3280 4581 3425 4650 dicta
3454 4579 3715 4650 synodus.

2223 4659 2247 4688 ο
2284 4647 2413 4720 Plus
2439 4647 2591 4719 quain
2613 4650 2665 4720 in
2693 4648 2882 4720 stet:qu
2908 4647 3076 4720 erant.
3099 4649 3257 4718 Lege,
3280 4649 3397 4720 plus
3418 4647 3578 4720 quam
3600 4667 3715 4702 cum

2147 4719 2206 4772 in
2228 4717 2420 4772 saeculo
2448 4717 2615 4772 erant.
2643 4717 2720 4772 Ita
2752 4719 2806 4772 in
2837 4718 2956 4784 cod.
2987 4717 3386 4774 Vindocinensi.

2220 4787 2258 4857 f7
2291 4786 2565 4857 Vulgares.
2617 4787 2820 4843 Glossze
2868 4797 3080 4843 veteres
3121 4806 3136 4842 :
3195 4786 3466 4855 Vulgaris,
3519 4791 3712 4849 κοινὸς.

2141 4856 2359 4939 nciam,
2389 4855 2637 4929 χυδαῑος,
2669 4858 2725 4914 id
2749 4864 2860 4923 est,
2886 4857 3207 4923 communis,
3236 4857 3500 4927 plebeius,
3529 4874 3715 4929 grega-

2140 4942 2273 4981 ιἰυε.

2217 4999 2242 5036 ε
2284 4995 2450 5060 Quasi
2473 5013 2589 5050 cum
2620 4995 2988 5050 benedictione.
3023 4995 3156 5062 Quia
3189 4995 3318 5050 olim
3352 4997 3605 5052 monachi
3635 4998 3712 5051 ni-

2142 5064 2378 5188 hilriine
2424 5065 2634 5121 abbatis
2672 5065 3039 5120 benedictione
3085 5066 3350 5135 agebant,
3393 5065 3460 5120 de
3502 5080 3610 5136 qua
3657 5081 3713 5120 re

2143 5151 2196 5188 tn
2288 5175 2301 5187 .

2143 5149 2301 5188 intra.

2218 5207 2245 5244 ιι
2288 5202 2472 5274 Servos
2502 5203 2598 5257 Dei
2622 5203 2772 5274 dente
2800 5203 3004 5274 canino.
3027 5201 3366 5274 Fructuosus,
3379 5203 3573 5274 abbas,
3595 5220 3709 5274 cap.

2147 5271 2184 5326 2
2217 5290 2230 5326 :
2267 5291 2286 5323 ι
2315 5273 2447 5328 Cum
2477 5273 2738 5342 episcopis
2763 5273 3107 5327 szecularlbus
3127 5282 3182 5326 et
3201 5273 3534 5342 principibus
3558 5271 3711 5328 terra:

2127 5343 2232 5397 ’vel
2263 5343 2578 5413 populorum
2608 5357 2945 5413 communem
2977 5342 3227 5413 regulam
3241 5350 3460 5398 servant
3479 5383 3494 5406 ,
3527 5353 3586 5398 et
3605 5343 3711 5397 An-

2149 5411 2386 5482 tichristi
2406 5411 2652 5482 discipuli
2678 5421 2867 5465 contra
2905 5411 3189 5482 ecclesiam
3216 5411 3433 5466 latrant.
3464 5431 3483 5464 ο

2232 5482 2247 5522 ί
2291 5480 2409 5536 Tali
2435 5497 2489 5535 se
2513 5478 2666 5552 sirpe.
2695 5482 2762 5536 Τὸ
2793 5497 2848 5535 se
2873 5478 3154 5536 redundat.
