3958 6198
252 310 356 364 755

1237 307 1623 363 CONCORDIA
1662 284 2112 367 RECELARUM.
2150 344 2223 355 —
2261 314 2410 369 CAP.
2451 314 2534 370 Ill.

3404 288 3527 373 τίδ’

250 422 501 477 verbum.
536 418 599 471 Et
629 426 687 470 ut
717 422 809 471 eos
841 416 892 469 in
923 430 1083 485 opere
1121 418 1486 487 cognoscatis,
1525 418 1686 472 verba
1717 420 1833 475 illo-
1862 428 1909 485 Α
1938 421 1989 473 in
2021 437 2303 477 commune
2334 424 2624 477 viventium
2665 424 2728 477 ad
2762 425 2930 480 instar
2959 435 3263 482 sanctorum
3297 428 3505 485 illm-um

251 529 375 568 rum
406 523 637 582 pensare
666 507 921 577 potestis,
951 507 1076 576 quia
1103 508 1413 577 cupiditatis
1441 507 1555 563 face
1592 512 1835 564 succensi

247 621 363 659 non
408 607 633 673 possunt
678 597 877 653 Christi
918 598 1244 668 pauperibus
1291 599 1584 668 adzrquari.
1637 599 1835 655 Christi

246 710 384 748 vero
408 704 673 764 pauperes
709 690 852 743 lianc
887 689 1087 743 habent
1115 690 1556 743 consuetudinem
1579 731 1593 755 ,
1625 691 1755 743 nihil
1784 693 1835 744 in

249 788 356 841 hoc
383 782 587 837 mundo
618 782 840 850 cupiunt
867 781 1086 845 habere,
1114 788 1173 833 ut
1201 782 1410 850 possint
1433 783 1599 836 Deum
1631 793 1684 837 et
1714 800 1837 852 pro-

249 877 459 930 ximum
506 872 745 942 perfecte
794 871 1033 942 diligere.
1081 871 1148 925 Et
1188 873 1419 941 qualiter
1460 889 1622 944 supra
1664 876 1834 929 dictos

246 967 407 1037 lupos
430 965 640 1034 possint
667 963 896 1017 evadere
921 977 1015 1031 per
1047 963 1334 1018 Dominum
1364 976 1732 1034 cognoverunt
1756 966 1837 1019 di-

247 1068 462 1113 centem
488 1071 503 1108 :
537 1056 672 1108 Ecce
691 1056 838 1108 mitto
866 1072 955 1108 vos
973 1053 1117 1108 sicut
1142 1072 1260 1109 oves
1286 1057 1339 1109 in
1364 1057 1532 1111 medio
1561 1057 1832 1127 luporum;

248 1165 351 1202 non
372 1148 590 1215 portetis
610 1144 878 1199 sacculum
900 1161 1062 1216 neque
1081 1162 1259 1215 peram
1282 1146 1495 1218 (Matth.
1511 1147 1588 1216 x).
1604 1148 1834 1203 Proinde

246 1237 450 1292 Christi
482 1251 691 1299 servus,
720 1235 811 1305 qui
835 1236 983 1304 cupit
1011 1250 1174 1289 verus
1197 1251 1315 1290 esse
1348 1237 1659 1305 discipulus,
1690 1249 1715 1277 ι
1740 1254 1834 1291 nu-

247 1331 370 1383 dam
399 1343 617 1384 crucem
647 1327 903 1382 ascendat
930 1327 1124 1391 nudus,
1155 1332 1214 1380 ut
1243 1335 1487 1381 mortuus
1515 1327 1585 1382 sit
1614 1328 1829 1393 saeculo,

247 1419 467 1474 Christo
498 1419 643 1471 vivat
668 1416 949 1477 crucitixo.
974 1416 1041 1469 Et
1067 1424 1351 1485 postquam
1378 1417 1687 1486 deposuerit
1719 1434 1834 1472 eor-

244 1508 395 1577 poris
416 1508 706 1572 sarcinam,
729 1516 783 1560 et
803 1506 1011 1559 hostem
1035 1506 1228 1559 viderit
1251 1506 1599 1571 trucidatum,
1623 1515 1751 1563 tunc
1772 1524 1832 1565 se

246 1607 400 1667 putet
425 1596 690 1652 devicisse
725 1596 1005 1660 mundum,
1036 1603 1089 1648 et
1124 1611 1245 1649 cum
1277 1591 1479 1651 sanctis
1500 1599 1829 1668 martyribus

246 1692 613 1761 mquiparasse
641 1688 991 1757 triumphum.

1937 508 2027 575 qui
2061 511 2386 578 temporibus
2411 510 2785 578 Apostolorum
2814 514 2867 567 in
2896 514 3273 586 Hierosolymis
3296 518 3506 573 vendita

1938 611 2000 647 ac
2026 597 2312 651 distributa
2337 600 2516 653 omnia
2548 616 2643 654 sua
2670 602 2869 655 dabant
2907 604 3266 675 indigentibus
3291 607 3381 675 qui
3415 609 3509 661 ha-

1934 688 2179 743 bitabant
2204 690 2228 728 ἀ
2259 691 2312 744 in
2347 700 2532 745 sancta
2558 695 2933 749 communione
2960 697 3103 761 vitae,
3135 713 3242 750 non
3272 700 3509 756 dicentes

1937 778 2137 846 aliquid
2163 782 2459 850 proprium,
2484 784 2577 837 sed
2600 792 2758 838 erant
2784 785 2885 839 illis
2907 789 3086 841 omnia
3108 792 3434 856 communia,
3455 803 3509 847 et

1934 869 2115 923 anima
2162 878 2214 924 et
2255 886 2351 925 cor
2395 890 2557 926 unum
2599 875 2887 947 (.4ct.1v).
2926 879 3125 934 Horum
3177 883 3511 939 institutione

1935 962 2259 1015 monasteria
2304 974 2649 1033 sumpserunt
2688 967 3029 1037 principium.
3075 970 3380 1029 Secundum
3420 991 3510 1046 ge—

1935 1063 2034 1100 nus
2064 1059 2148 1103 est
2177 1053 2521 1107 eremitarum
2541 1094 2554 1119 ,
2584 1054 2675 1124 qui
2710 1058 2895 1126 procul
2937 1060 3004 1113 ab
3034 1060 3336 1118 hominibus
3362 1081 3509 1119 rcee~

1932 1134 2121 1191 dentes
2143 1139 2355 1194 deserta
2383 1140 2501 1197 loca
2535 1151 2591 1198 et
2612 1153 2793 1199 vastas
2828 1147 3145 1207 solitudines
3174 1154 3322 1220 sequi
3347 1167 3507 1224 atque

1933 1231 2177 1287 habitare
2204 1236 2574 1304 perhibentur,
2599 1240 2664 1293 ad
2694 1239 3047 1295 imitationem
3073 1243 3278 1299 scilicet
3302 1246 3429 1301 Elia)
3457 1257 3503 1301 et

1930 1321 2153 1378 Joannis
2193 1325 2470 1395 Baptistae,
2514 1328 2606 1395 qui
2646 1330 2815 1385 eremi
2848 1345 3095 1387 secessus
3138 1343 3504 1402 penetrarunt.

1932 1412 1997 1466 Ili
2019 1414 2218 1482 quippe
2237 1415 2537 1470 incredibili
2558 1420 2983 1474 conversationis
3005 1422 3288 1487 desiderio,
3309 1428 3507 1481 mundo

1931 1512 2270 1574 contempto,
2311 1506 2423 1560 sola
2464 1507 2749 1564 solitudine
2790 1510 3149 1578 delectantur,
3179 1514 3362 1569 herbis
3391 1524 3507 1571 tan-

1930 1602 2044 1648 tum
2076 1598 2443 1653 arescentibus
2483 1609 2576 1654 aut
2612 1616 2752 1670 pane
2795 1602 2907 1657 solo
2950 1603 3034 1657 vel
3069 1620 3206 1673 aqua
3241 1609 3503 1673 contenti,

1934 1696 1957 1724 ο
1988 1685 2131 1754 quod
2160 1687 2245 1741 his
2273 1702 2372 1755 per
2404 1688 2556 1743 certa
2590 1690 2871 1745 intervalla
2908 1700 3208 1763 temporum
3244 1694 3501 1774 defertur.

248 1802 274 1874 ἕ
309 1803 397 1858 γι,
436 1833 509 1843 _
544 1800 714 1856 om“
751 1815 936 1855 sum,
976 1798 1172 1852 15mm"
1222 1813 1286 1853 οε
1325 1814 1617 1855 omnium;
1655 1817 1824 1856 ΝΟΜ,
1852 1768 1897 1826 Β
1926 1775 2126 1845 Sicque
2162 1780 2512 1834 secretissimi
2554 1782 2767 1850 penitus
2806 1784 2872 1837 ab
2900 1786 3043 1839 omni
3075 1787 3350 1843 hominum
3380 1805 3502 1844 con-

916 1884 1147 1923 CHORUM.

303 1965 345 2004 ὦ
381 1963 538 2019 Unde
566 1969 746 2016 autem
771 1960 838 2014 ad
864 1960 1157 2014 monachos
1185 1960 1423 2014 studium
1450 1971 1471 1999 ε
1502 1959 1676 2015 defert
1696 1976 1828 2030 pau-

241 2054 491 2124 pertatis,
520 2052 609 2107 vel
635 2052 757 2122 quis
782 2050 941 2119 hujus
968 2051 1396 2105 conversationis
1429 2052 1702 2106 exstiterit
1726 2068 1824 2107 au-

242 2156 380 2211 ctor,
419 2144 575 2214 cujus
614 2144 701 2199 isti
739 2144 980 2198 habitum
1020 2144 1332 2209 imitantur;
1362 2153 1623 2212 quantum
1657 2145 1823 2212 enim,

241 2230 499 2308 inquam,
549 2237 741 2291 attinet
789 2237 854 2291 ad
907 2236 1282 2290 auctoritatem
1332 2244 1603 2301 veterum,
1666 2237 1825 2306 hujus

242 2331 505 2402 propositi
547 2329 818 2398 principes
848 2328 991 2382 Elias
1025 2335 1080 2383 et
1113 2327 1407 2398 discipulus
1441 2329 1557 2399 ejus
1603 2329 1826 2385 Elisaeus

242 2426 497 2487 fuerunt,
542 2424 656 2479 sive
691 2423 784 2476 filii
830 2422 1245 2491 prophetarum,
1285 2422 1375 2489 qui
1410 2420 1726 2475 habitabant
1770 2422 1824 2475 in

242 2518 555 2582 solitudine,
589 2513 1149 2583 urbibusquerclictis
1178 2512 1445 2567 faciebant
1478 2513 1582 2566 sibi
1612 2511 1824 2567 casulas

243 2624 407 2679 prope
455 2606 656 2661 ﬂuenta
700 2602 972 2659 Iordanis.
1022 2601 1192 2669 Hujus
1242 2603 1408 2657 etiam
1458 2603 1718 2672 propositi
1768 2602 1824 2656 in

245 2698 534 2769 Evangelia
555 2696 791 2765 Baptista
814 2692 1049 2748 Joannes
1074 2699 1264 2746 auctor
1283 2692 1510 2756 exstitit,
1539 2693 1630 2762 qui
1652 2692 1823 2748 eremi

243 2788 587 2843 solitudinem
610 2784 833 2838 incoluit
856 2783 1064 2837 locusta
1090 2790 1144 2837 et
1167 2781 1362 2851 agresti
1386 2780 1544 2836 melle
1564 2782 1819 2838 nutritus.

242 2879 360 2935 lam
398 2878 595 2933 deinde
632 2876 979 2946 progrediens
1012 2873 1442 2929 conversationis
1479 2871 1637 2941 hujus
1670 2874 1824 2929 nobi-

242 2971 481 3025 lissimus
519 2968 770 3037 princeps
804 2966 1031 3030 Paulus,
1081 2965 1205 3018 inde
1239 2962 1522 3028 Antonius,
1558 2962 1819 3032 Hilarion,

243 3059 541 3122 Macarius,
575 3057 861 3125 eaiterique
894 3054 1116 3119 Patres,
1157 3069 1385 3122 quorum
1423 3056 1684 3126 exemplis
1723 3071 1822 3127 per

1927 1875 2136 1937 speetu,
2173 1869 2367 1923 remoti
2395 1869 2576 1924 divino
2605 1880 2812 1926 tantum
2842 1874 3104 1944 colloquio
3135 1877 3499 1946 perfruuntur,

1925 1958 2013 2012 cui
2058 1959 2208 2028 puris
2251 1961 2521 2016 mentibus
2568 1962 2932 2031 inbmserunt,
2982 1974 3037 2020 et
3085 1979 3305 2039 propter
3348 1971 3501 2039 cujus

1926 2062 2164 2103 amorem
2212 2066 2320 2104 non
2361 2052 2530 2105 solum
2566 2055 2855 2121 mundum,
2890 2056 2985 2110 sed
3022 2058 3184 2112 etiam
3226 2060 3500 2116 hominum

1926 2140 2199 2194 consortia
2240 2141 2593 2211 reliquerunt.
2630 2143 2650 2183 τ
2688 2144 2926 2199 Tertium
2956 2162 3123 2218 genus
3159 2158 3243 2204 est
3271 2153 3493 2207 anacho-

1924 2236 2164 2284 retarum
2186 2270 2200 2296 ,
2233 2232 2325 2300 qui
2353 2232 2465 2302 jam
2499 2233 2783 2288 emnobiali
2817 2238 3225 2293 conversatione
3255 2239 3499 2310 perfecti,

1925 2319 2207 2375 includunt
2233 2324 2553 2393 semetipsos
2574 2324 2631 2379 in
2664 2324 2870 2381 cellulis
2893 2327 3085 2405 procul
3117 2328 3185 2382 ab
3224 2330 3500 2387 hominum

1924 2422 2218 2481 conspectu
2244 2415 2474 2480 remoti,
2501 2415 2633 2469 nulli
2658 2417 2724 2472 ad
2750 2432 2807 2471 se
2841 2419 3141 2487 prmbentes
3173 2420 3496 2493 ingressum,

1925 2500 2021 2554 sed
2061 2501 2177 2555 sola
2226 2503 2678 2573 contemplatione
2720 2505 2814 2560 Dei
2852 2507 3116 2564 viventes.
3170 2512 3196 2551 Β
3240 2511 3497 2578 Quartum

1924 2607 2095 2661 genus
2118 2601 2220 2659 est,
2243 2594 2336 2663 qui
2365 2595 2465 2650 sibi
2494 2596 2941 2651 anaeboretarum
2967 2599 3199 2671 imagine
3226 2600 3505 2657 blandiun-

1923 2693 2029 2738 tur.
2054 2685 2174 2753 Jpsi
2194 2726 2209 2751 ,
2236 2694 2295 2739 ut
2324 2687 2398 2741 ait
2426 2686 2738 2754 Cassianus,
2768 2689 2819 2742 in
2854 2690 3134 2760 primordii
3171 2693 3252 2747 sui
3290 2693 3501 2751 fervore

1924 2776 2157 2847 quodam
2191 2778 2341 2832 brevi
2372 2778 2604 2834 coenobii
2642 2778 3027 2848 perfectionem
3058 2783 3305 2839 videntur
3339 2800 3503 2856 expe-

1924 2874 2040 2923 tere
2070 2886 2082 2922 :
2117 2869 2214 2924 sed
2255 2868 2512 2924 continuo
2554 2869 2836 2940 tepefacti,
2872 2872 2998 2926 dum
3031 2873 3287 2942 pristinos
3319 2890 3500 2930 mores

1923 2966 1982 3012 et
2013 2957 2143 3013 vitia
2186 2973 2435 3014 resecare
2479 2967 2859 3027 contemnunt,
2912 2977 3014 3017 nec
3051 2962 3237 3035 jugum
3288 2965 3504 3020 humili-

1924 3050 2053 3105 tatis
2096 3066 2159 3104 ac
2201 3050 2474 3119 patientia:
2514 3051 2714 3106 diutius
2757 3052 3020 3108 sustinere
3065 3056 3299 3110 contenti
3339 3070 3491 3120 sunt;

244 3151 556 3205 universum
586 3147 841 3201 mundum
870 3145 1105 3200 adolevit
1130 3152 1315 3199 sancta
1342 3146 1610 3202 institutio
1635 3162 1822 3201 mona—
1848 3134 1892 3198 C
1923 3143 2186 3213 subdique
2235 3144 2505 3198 seniorum
2555 3144 2781 3214 imperio
2825 3143 3179 3218 dedignantes
3222 3162 3496 3221 separatas

244 3242 489 3296 chorum.
521 3237 627 3293 Sex
656 3245 832 3291 autem
868 3243 994 3291 sunt
1031 3250 1228 3307 genera
1266 3237 1684 3302 monachorum,
1720 3236 1821 3291 tria

242 3330 445 3400 optima
481 3336 538 3382 et
572 3327 837 3396 praecipua
859 3366 873 3390 ,
914 3326 1120 3394 reliqua
1158 3339 1288 3380 vero
1310 3325 1630 3390 deterrima,
1664 3333 1821 3394 atque

244 3418 569 3474 omnimodis
588 3416 841 3470 notanda.
864 3415 1076 3471 Primus
1100 3423 1183 3470 est
1204 3417 1613 3481 emnobitarum,
1638 3416 1692 3471 id
1715 3425 1817 3483 est,

311 3565 339 3593 ι
382 3550 603 3605 Nudam
634 3549 838 3604 crucem
862 3590 876 3614 ,
907 3558 1011 3604 etc.
1051 3550 1112 3603 D.
1148 3549 1529 3620 Hieronymus,
1554 3551 1711 3620 epist.
1753 3550 1820 3604 ad

243 3621 527 3676 Paulinum
566 3639 578 3673 :
613 3640 631 3670 ι
668 3621 733 3674 Et
772 3622 970 3674 nudam
1008 3635 1222 3674 crucem
1253 3622 1427 3690 nudus
1460 3636 1692 3690 sequens
1721 3636 1818 3674 ex-

243 3692 479 3762 peditior
501 3701 556 3745 et
584 3691 752 3745 levior
771 3690 993 3762 scandis
1018 3690 1216 3762 scalam
1251 3686 1438 3743 Jacob.
1478 3709 1498 3741 ι

312 3763 342 3802 ι»
374 3759 526 3814 Unde
550 3770 745 3814 autem.
770 3758 881 3813 Hoc
908 3767 1077 3828 caput,
1110 3760 1341 3813 habetur
1385 3760 1527 3827 apud
1574 3768 1818 3816 sanetum

245 3828 512 3887 Isidorum
540 3830 632 3885 lib.
655 3846 694 3884 ιι
720 3830 785 3884 de
812 3828 1015 3884 Officiis
1042 3828 1442 3888 ecclesiasticis.
1473 3844 1594 3899 cap.
1630 3830 1710 3883 15.

317 3913 340 3940 ε
378 3900 581 3970 Defert.
612 3900 765 3969 Apud
792 3908 1037 3953 sanetum
1065 3899 1329 3953 lsidorum
1382 3899 1596 3970 legitur,
1654 3901 1820 3968 deﬂu-

243 3972 378 4025 xerit
398 4011 413 4035 ,
440 3978 610 4024 recte.

312 4040 339 4080 ἀ
368 4041 439 4094 In
471 4049 655 4093 sancta
681 4042 1040 4094 communione
1070 4039 1204 4091 vine.
1238 4038 1393 4108 Apud
1429 4047 1679 4093 sanctum
1711 4040 1816 4095 Isi-

244 4111 436 4166 dorum
470 4127 484 4161 :
510 4110 759 4162 insancta
787 4109 1045 4162 communi
1077 4109 1203 4161 vita.

316 4192 341 4220 ο
384 4179 493 4244 Qui
518 4179 591 4232 eis
611 4196 703 4250 per
722 4178 1016 4250 intervallo,
1041 4186 1143 4232 etc.
1176 4177 1430 4250 Eremitis
1481 4180 1609 4234 olim
1645 4180 1818 4236 victus

244 4248 691 4329 suppeditabatur
716 4248 1033 4329 acgenobiis
1049 4265 1079 4302 e
1098 4248 1292 4329 quibus
1317 4249 1694 4329 discessegint.
1722 4250 1820 4305 Se-

244 4318 407 4375 verus
434 4318 699 4400 sulpitius
719 4319 926 4400 dialogo
956 4334 974 4372 ι
1008 4335 1021 4370 :
1058 4338 1076 4369 ι
1103 4320 1456 4400 transgressis
1471 4318 1817 4400 a;l_:erem_um

245 4391 462 4445 abbatis
490 4389 634 4442 illius
652 4388 989 4443 ordinatione
1012 4388 1170 4458 panis
1193 4395 1247 4440 et
1276 4388 1499 4457 quilibet
1514 4390 1667 4445 cibus
1680 4390 1818 4445 alius

245 4460 679 4515 administratur.
702 4479 721 4512 ι

318 4530 338 4569 ι
374 4528 609 4582 Tertium
650 4545 809 4598 genus
833 4536 907 4582 est
935 4526 1389 4598 anachoretarum.
1418 4527 1517 4581 Hie
1529 4527 1813 4598 distinguit

248 4600 390 4655 inter
417 4596 675 4653 eremitas
703 4607 757 4652 et
783 4599 1154 4651 anachoretas.
1186 4596 1292 4651 Sed
1317 4598 1654 4651 anachoretas
1689 4596 1816 4652 sunt

248 4669 301 4723 in
334 4668 539 4737 triplici
577 4667 896 4722 dill‘erentia.
925 4666 1107 4719 Primo
1127 4680 1232 4737 pro
1253 4667 1491 4737 eremitis
1506 4676 1813 4733 sumuntur,

248 4747 306 4792 ut
337 4735 519 4792 videre
538 4747 622 4791 est
653 4741 706 4792 in
737 4735 1138 4807 Regulasaneti
1178 4735 1471 4807 Benedicti,
1501 4750 1622 4807 cap.
1648 4737 1700 4789 1.
1722 4737 1817 4791 Se-

247 4808 424 4862 eundo
453 4821 554 4877 pro
576 4807 660 4861 bis
705 4805 980 4877 monachis
1013 4806 1265 4877 quihpost
1304 4805 1693 4877 coenobiticami
1712 4822 1815 4877 pa—

249 4874 486 4932 lazstram
515 4877 923 4930 includebantur
963 4876 1014 4928 in
1036 4874 1207 4936 cellis,
1235 4875 1381 4943 iique
1405 4874 1660 4942 duplices.
1678 4874 1814 4929 Nam

249 4949 469 5016 quidam
500 4945 640 4999 infra
662 4954 808 5016 septa
840 4945 1153 5016 monasterii
1191 4944 1245 5016 in
1279 4943 1427 5016 cellis
1460 4944 1817 5016 includeban—

252 5012 357 5079 fur,
386 5024 449 5070 ut
474 5022 622 5084 patet
650 5012 1029 5070 ein—Justiniani
1053 5013 1260 5068 novella
1290 5014 1324 5084 _5
1359 5031 1370 5065 :
1410 5030 1428 5061 ι
1457 5012 1571 5067 Nisi
1593 5016 1813 5082 quidam

253 5082 561 5139 illorum—in
612 5085 1061 5155 contemplatione
1099 5092 1154 5136 et
1184 5082 1512 5155 perfectione
1560 5084 1815 5153 degentes

252 5157 413 5210 vitam
438 5165 697 5209 remotam
746 5152 978 5208 habeant
1034 5155 1088 5208 in
1137 5152 1389 5222 hespitio,
1437 5168 1569 5221 quos
1619 5152 1815 5209 vocare

253 5228 624 5287 anachoretas,
656 5225 709 5279 id
724 5233 807 5279 est
824 5225 1179 5286 discedentes,
1202 5233 1255 5277 et
1271 5223 1639 5292 hesychastas,
1656 5223 1706 5277 id
1731 5232 1815 5278 est

251 5297 608 5365 quiescentes,
633 5303 1045 5365 consueverunt,
1088 5313 1107 5365 ι
1137 5301 1243 5365 etc.
1284 5292 1381 5365 Ubi
1410 5293 1700 5365 hospitium
1729 5308 1816 5347 su-

252 5363 419 5444 mitur
457 5364 729 5444 procella.
750 5364 827 5418 lbi
852 5364 1196 5444 enim-agitur.
1215 5364 1280 5417 de
1313 5363 1379 5416 iis
1407 5363 1497 5444 qui
1529 5363 1582 5415 in
1627 5377 1817 5444 mena:-

254 5437 434 5490 steriis
458 5432 825 5488 includuntur.
853 5434 906 5487 id
937 5432 1097 5487 etiam
1144 5433 1362 5500 planum
1394 5439 1567 5484 estex
1597 5445 1716 5484 can.
1750 5432 1812 5485 tl

254 5515 416 5560 sextae
434 5504 646 5573 synodi,
665 5518 783 5571 qua:
804 5504 1149 5572 aitejusmodi
1175 5502 1408 5555 inclusos
1428 5504 1816 5573 ὰ-ιᾳχωρητικήν

256 5572 983 5660 παιδοτριϐιίσςςιιῆδιιαγωγὴν,
1014 5574 1063 5625 id
1085 5580 1166 5625 est
1189 5572 1621 5660 anachoreticam
1655 5585 1814 5651 eser-

254 5660 373 5700 cere
402 5644 588 5701 vitam.
619 5644 845 5707 Quidam
880 5656 1007 5697 vero
1032 5654 1182 5695 extra
1216 5651 1361 5710 septa
1391 5644 1698 5710 monasterii
1732 5644 1811 5693 ιιι-

254 5716 383 5770 elusi
410 5721 592 5776 erant,
622 5714 687 5766 de
713 5713 905 5778 quibus
934 5713 1035 5765 hoc
1061 5713 1235 5780 capite
1258 5708 1365 5782 agit
1389 5719 1606 5765 sanctus
1644 5708 1807 5762 lsido—

571 5805 843 5863 Ρινινιιοι..
889 5801 1045 5862 Cill.

1922 3242 2182 3303 expetunt
2214 3235 2381 3290 cellas
2420 3242 2476 3290 et
2512 3236 2749 3292 solitarie
2789 3237 2978 3292 sedere
3005 3239 3344 3309 desiderant,
3382 3254 3496 3303 uta

1920 3327 2135 3382 nemine
2175 3327 2447 3393 lacessiti,
2486 3328 2752 3382 mansueti
2787 3337 2841 3383 et
2876 3329 3104 3385 humiles
3139 3332 3490 3389 azstimentur.

1921 3417 2050 3485 Quae
2091 3418 2387 3484 institutio,
2426 3419 2534 3473 imo
2576 3428 2745 3489 tepor,
2783 3434 2877 3475 eos
2913 3436 3049 3490 quos
3086 3423 3250 3478 semel
3296 3425 3489 3482 infece-

1921 3571 2031 3627 ru_s_.
2057 3552 2245 3627 Tertio
2272 3553 2524 3607 dicuntur
2552 3552 2893 3627 anachoretm
2922 3568 2958 3627 ιι
2990 3551 3080 3621 qui
3109 3553 3384 3627 sinetecto
3397 3574 3487 3627 per

1922 3624 2269 3680 solitudinem
2299 3630 2548 3675 errantes
2578 3621 2722 3675 nullo
2753 3628 2903 3674 certo
2930 3621 3046 3676 loco
3099 3621 3485 3689 consistebant,

1920 3696 1985 3769 de
2018 3693 2211 3769 quibus
2237 3690 2471 3769 severus
2498 3689 2777 3769 Sulpitius,
2813 3689 3021 3760 dialogo
3050 3691 3224 3769 primo
3256 3711 3339 3769 :___¢
3377 3696 3488 3750 Ha-

1920 3759 2095 3818 bitant
2118 3759 2334 3831 (inquit)
2365 3760 2441 3813 illi
2472 3760 2713 3831 plerique
2750 3760 2803 3813 in
2840 3774 3024 3814 eremo
3054 3759 3186 3815 ’sine
3235 3762 3358 3819 ullis
3409 3775 3486 3820 ta—

1918 3830 2242 3893 bernacUlis,
2272 3830 2409 3899 quos
2438 3830 2791 3899 anachoretas
2814 3838 3027 3899 vocant.
3056 3831 3255 3885 Vivont
3293 3834 3488 3889 herba-

1920 3919 2038 3957 rum
2070 3898 2364 3962 radicibus,
2404 3898 2549 3968 nullo
2575 3914 2810 3966 unquam
2837 3906 2986 3953 certo
3012 3898 3129 3954 loco
3158 3903 3480 3968 consismnt,

1920 3989 1987 4027 ne
2014 3973 2083 4027 ab
2106 3970 2413 4026 hominibus
2434 3967 2863 4037 frequententur.
2901 3988 2917 4020 ι
2946 3969 3002 4023 ld
3058 3970 3232 4024 innuit
3270 3967 3486 4029 Cassia-

1918 4059 2042 4106 nus,
2072 4042 2194 4097 coll.
2226 4056 2375 4103 ιιι-ιιι,
2407 4054 2525 4107 cap.
2553 4037 2608 4103 6,
2634 4052 2752 4090 cum
2781 4039 2856 4091 ait
2895 4056 2907 4091 :
2938 4057 2956 4089 ι
3014 4038 3097 4093 Ad
3127 4041 3483 4100 imitationem

1919 4129 2133 4186 quoque
2151 4111 2281 4186 Elim
2304 4117 2359 4163 et
2388 4108 2588 4186 Eliztci,
2614 4115 2785 4186 atque
2806 4108 3015 4186 illorum
3044 4110 3109 4165 de
3134 4112 3329 4186 quibus
3341 4115 3486 4186 Αρο-

1919 4177 2441 4245 stultis,circuiernut
2457 4179 2511 4232 in
2528 4177 2753 4249 melotis,
2772 4177 2824 4230 in
2838 4178 3062 4248 pellibus
3074 4177 3440 4249 caprinis,etc.
3456 4207 3475 4239 ι

1992 4256 2017 4293 ε
2046 4252 2306 4318 Quartum
2326 4266 2506 4323 genus,
2531 4256 2636 4323 etc.
2662 4246 2786 4323 Hice
2804 4246 3089 4323 sumuntur
3110 4246 3174 4305 ex
3198 4246 3479 4323 Cassiano,

1918 4315 2227 4384 colhivm,
2256 4315 2375 4387 cap.
2405 4319 2461 4384 8,
2490 4315 2839 4390 cujus_et_ia_m
2898 4317 3060 4390 verba
3109 4315 3478 4390 proferuntur.

1916 4393 2109 4463 Agitur
2138 4392 2203 4463 de
2224 4387 2663 4463 quibusdamqui
2688 4387 2788 4463 sibi
2825 4387 3274 4463 anaclioret’arum
3309 4398 3481 4463 noui-

1917 4457 1993 4517 ne
2006 4457 2366 4525 blandientes,
2395 4457 2781 4529 inprimoraiis
2810 4457 3174 4529 conversionis
3202 4462 3477 4529 tepefacti,

1916 4548 2016 4586 nec
2032 4533 2171 4586 ultra
2195 4530 2434 4583 valentes
2450 4526 2593 4581 ferre
2617 4527 2886 4596 seniorum
2911 4526 3121 4596 jugum,
3146 4544 3205 4584 se
3233 4526 3287 4583 in
3324 4526 3478 4590 cellis

1914 4602 2216 4677 includunt,
2237 4601 2304 4654 ad
2330 4600 2383 4653 id
2412 4599 2574 4677 etiam
2600 4597 2843 4677 humana:
2866 4595 3036 4677 laudis
3067 4599 3481 4677 applausucom-

1913 4671 2079 4742 pulsi.
2099 4671 2336 4742 Quorum
2381 4667 2621 4742 stultitia:
2667 4667 3078 4742 uturemedium
3133 4669 3473 4733 adhibeatur,
3560 4704 3578 4717 κ

1914 4733 2138 4815 concilii
2154 4737 2397 4815 Toletani
2433 4752 2528 4800 vn,
2588 4733 2787 4815 cap.‘5,
2826 4744 3054 4815 cantum.
3090 4745 3302 4815 est,_ne
3353 4745 3475 4811 quis

1915 4809 2406 4881 priusinclndatnr,
2438 4820 2596 4881 qua‘m
2621 4804 2824 4881 multos
2850 4819 3018 4881 annos
3042 4805 3095 4881 ιιι
3131 4808 3319 4881 militia
3369 4804 3475 4865 Em-

1916 4872 2152 4934 hobitica
2174 4872 2500 4931 exercitatus
2529 4872 2980 4948 fuer_it,_adbib_ito
3024 4875 3190 4948 etiam
3231 4879 3471 4948 episcopi

1920 4960 1974 5005 et
1999 4948 2206 5002 abbatis
2228 4959 2511 5007 consensu,
2550 4942 2866 4996 uthabetur
2891 4943 2943 4995 in
2978 4944 3206 4999 concilio
3234 4942 3473 5004 Franco-

1921 5018 2195 5080 fordiensi,
2226 5031 2344 5069 can.
2374 5014 2470 5078 15;
2496 5021 2550 5065 et
2572 5018 2736 5066 sextae
2777 5012 2966 5081 synodi
2992 5027 3113 5067 can.
3172 5014 3265 5081 41,
3286 5020 3475 5074 statui-

1922 5099 2011 5143 tur
2031 5097 2089 5143 ut
2116 5088 2206 5156 qui
2237 5082 2541 5151 huiusmodi
2564 5082 2730 5156 vitam
2791 5089 3070 5156 appetunt,
3119 5086 3474 5151 quadriennio

1919 5151 2214 5229 probentur
2246 5174 2258 5207 :
2291 5168 2497 5229 nempe,
2528 5159 2589 5229 ut
2611 5152 2760 5229 prius
2798 5151 3169 5229 ingrediantur
3208 5166 3476 5229 ωοῃηδιθ,

1920 5219 2080 5290 rium,
2126 5235 2181 5280 et
2228 5240 2324 5294 per
2374 5219 2659 5294 triennium
2710 5219 3186 5294 eiusmodi-vitam
3211 5224 3473 5282 seclusam

1920 5303 2210 5354 exerceant
2228 5289 2413 5347 abbati
2467 5291 2775 5344 monasterii
2813 5289 3050 5361 subditi;
3085 5307 3192 5359 quo
3240 5294 3471 5361 evoluta,

1922 5369 1990 5421 ab
2012 5368 2262 5435 episcopo
2287 5363 2701 5435 interrogentur,
2734 5358 2824 5428 qui
2879 5375 3067 5414 eorum
3106 5358 3471 5435 voluntatem,

1920 5453 1986 5490 an
2019 5430 2293 5511 firma-sit,
2320 5430 2587 5497 exploret;
2624 5445 2726 5511 qua
2750 5438 3027 5511 perspecta
3049 5445 3079 5511 ς
3102 5432 3229 5486 cena
3258 5447 3473 5501 exeam,

1916 5516 1971 5561 et
2001 5520 2140 5558 anno
2173 5504 2378 5569 integro
2410 5507 2656 5551 maneant
2679 5504 2731 5551 in
2789 5504 3132 5569 monasterio,
3184 5514 3242 5559 ut
3287 5520 3475 5561 eorum

1913 5575 2243 5645 prOpositmn
2275 5568 2480 5645 plenius
2523 5575 2758 5645 tentetur
2790 5586 2801 5620 :
2831 5568 3025 5645 quibus
3047 5639 3059 5645 _
3083 5571 3473 5645 itajperfcctis,

1913 5638 1955 5701 'si
1989 5638 2144 5697 modo
2175 5650 2318 5696 certa
2343 5640 2411 5694 sit
2440 5653 2628 5692 eorum
2654 5638 2923 5703 voluntas,
2956 5638 3384 5699 includebantur.

2933 5788 3008 5849 25
