3958 6198
221 336 318 391 719

1171 334 1557 392 CONCORDIA
1595 328 2046 391 REGULARUM.
2088 363 2156 373 —
2195 331 2345 390 CAP.
2384 332 2469 388 ll].

3354 334 3459 391 πό

206 444 500 514 ὶςιριθιηρε
530 442 595 497 ab
627 440 945 498 hominibus.
977 442 1080 497 Alii
1103 444 1279 498 criniti
1305 446 1579 511 incedunt,
1616 462 1684 500 ne
1709 446 1791 500 vi-
1820 452 1867 511 Α
1896 451 1949 497 et
1970 457 2083 497 rem
2110 444 2327 501 secreti.
2352 440 2594 497 victori-.e
2622 441 2844 498 faciunt.
2872 441 3029 514 Apud
3061 447 3159 503 bos
3211 414 3456 505 aﬂ‘eetata

215 534 323 587 lior
344 535 605 588 habeatur
626 542 777 587 tonsa
810 533 1069 588 sanctitas
1092 550 1252 603 quam
1281 544 1512 600 comata,
1556 546 1614 591 ut
1639 537 1789 591 vide-

215 625 350 681 licet
375 626 465 695 qui
488 638 578 678 eos
604 623 820 687 viderit,
862 625 1114 695 antiquos
1150 626 1288 691 illos,
1351 643 1487 695 quos
1540 626 1790 696 legimus,

216 715 424 783 cogitet
453 712 775 776 Samuelem,
800 712 997 778 Eliam,
1027 722 1081 769 et
1103 725 1348 770 creteros.
1386 716 1492 770 Alii
1537 717 1789 782 honores,

216 818 355 873 quos
380 816 487 855 non
531 809 873 871 acceperunt,
902 790 1101 856 habere
1151 817 1209 857 se
1255 812 1640 873 protestantur.
1686 802 1791 858 Alii

214 899 475 961 parentes
503 898 558 944 et
584 893 1013 960 consanguineos
1038 890 1089 944 in
1124 891 1210 945 illa
1236 893 1451 961 regione
1475 907 1532 947 se
1556 893 1790 957 audisse,

216 985 405 1039 videre
436 993 492 1036 et
542 982 609 1036 ad
663 997 756 1037 eos
796 998 1022 1051 pergere
1081 984 1431 1037 mentiuntur.
1491 984 1557 1038 Et
1606 999 1794 1038 omnes

215 1082 425 1146 petunt,
451 1086 641 1127 omnes
666 1072 886 1141 exigunt
913 1081 1004 1125 aut
1033 1079 1301 1140 sumptum
1327 1072 1552 1126 lucrosae
1580 1081 1791 1142 egesta-

215 1164 308 1228 tis,
332 1171 432 1216 aut
458 1161 721 1215 simulatae
741 1160 975 1229 pretium
1031 1160 1357 1214 sanctitatis.
1410 1159 1542 1215 Cum
1587 1160 1792 1214 interea

214 1254 527 1321 ubicunque
547 1252 601 1305 in
617 1249 776 1304 factis
803 1251 917 1304 suis
943 1250 1099 1304 malis
1138 1266 1203 1305 ac
1235 1249 1417 1304 verbis
1468 1249 1792 1319 deprehensi

217 1344 443 1407 fuerint,
474 1342 558 1396 vel
583 1342 852 1411 quomodo
881 1341 1236 1404 innotuerint,
1273 1341 1374 1395 sub
1410 1339 1649 1411 generali
1698 1354 1795 1394 θος

216 1436 368 1490 mine
400 1433 793 1488 monachorum
819 1432 1154 1502 propositum
1176 1430 1601 1500 blasphematur.
1658 1429 1795 1483 Sex-

219 1534 330 1580 tum
352 1538 524 1595 genus
552 1533 637 1578 est
660 1524 1047 1577 monachorum
1074 1522 1248 1592 ipsum
1268 1521 1615 1575 deterrimum
1630 1529 1794 1589 atque

217 1616 552 1687 neglectum,
580 1613 724 1683 quod
744 1628 839 1682 per
866 1613 1141 1667 Ananiam
1172 1620 1227 1667 et
1254 1610 1541 1682 Saphiram
1566 1611 1793 1665 inexor—

218 1709 309 1763 dio
331 1706 589 1763 Ecclesia:
636 1705 932 1776 pullulavit,
960 1714 1017 1761 et
1070 1705 1296 1775 apostoli
1326 1705 1469 1759 Petri
1506 1705 1793 1760 severitate

1893 542 2018 587 sunt
2042 532 2243 595 omnia,
2272 530 2431 589 ﬂuxa:
2457 533 2705 597 manicas,
2734 532 2920 604 caliga:
2942 533 3265 603 follicantes,
3295 541 3462 594 vestis

1892 619 2151 691 grossior,
2197 620 2387 677 crebra
2434 622 2698 692 suspiria,
2730 624 2970 679 visitatio
3018 625 3312 697 virginum,
3370 631 3463 686 de-

1893 712 2088 765 tractio
2109 710 2470 766 clcricorum:
2511 721 2567 767 et
2603 712 2818 781 quando
2866 714 2980 769 dies
3008 713 3181 773 festus
3232 721 3462 785 venerit,

1892 804 2163 855 satiantur
2182 802 2249 857 ad
2276 802 2559 869 vomitum.

1892 911 1920 982 θ
1958 911 2064 966 γιι.
2092 941 2162 951 -
2204 913 2374 967 Dicra
2412 927 2599 967 SANC'I'I
2647 912 2873 969 VALERII
2923 931 2990 969 ns
3036 931 3243 975 omne
3294 935 3465 977 nosa-

2562 996 2796 1036 CIIORUN.

1961 1070 1990 1109 ι»
2021 1068 2157 1123 llinc
2184 1068 2431 1124 subsistit
2451 1070 2736 1138 septimum
2776 1086 2944 1141 genus
2966 1077 3350 1134 monachorum
3368 1097 3467 1135 nu-

1891 1176 1987 1231 per
2016 1158 2284 1228 adjectum
2316 1160 2470 1230 pejus
2496 1161 2786 1230 prioribus.
2823 1162 2960 1217 Dum
3003 1165 3130 1220 olim
3172 1172 3491 1229 secundum.

1892 1252 2222 1322 superiorem
2253 1250 2451 1306 seriem
2499 1251 2565 1304 de
2600 1251 2777 1320 primo
2833 1254 3057 1310 exordio
3096 1257 3470 1313 aediltcationis

1892 1341 2144 1397 Ecclesiae
2176 1350 2358 1397 tantus
2392 1342 2758 1398 inardesceret
2788 1356 2810 1384 ο
2850 1347 3053 1401 candor
3079 1348 3334 1405 desiderii
3382 1367 3470 1405 re-

1892 1432 1981 1503 gni
2007 1431 2268 1486 caelorum
2296 1440 2458 1502 atque
2482 1432 2644 1487 timor
2670 1433 2880 1489 Domini
2928 1438 3091 1491 corda
3139 1449 3471 1507 perterreret

1892 1520 2248 1590 populorum;
2289 1530 2350 1574 ut
2373 1536 2478 1575 non
2506 1520 2679 1576 solum
2704 1537 2803 1593 per
2849 1526 3229 1581 coenobialium
3252 1528 3472 1585 crebras

1891 1624 2053 1682 atque
2087 1612 2247 1684 juges
2295 1614 2741 1683 congregationes
2787 1614 3102 1672 innumeros
3129 1626 3185 1672 et
3231 1619 3473 1675 inﬁnitus

1892 1705 2166 1758 exercitus
2195 1703 2646 1772 multiplicaretur
2666 1705 3072 1771 monachorum,
3095 1720 3283 1763 verum
3306 1710 3471 1764 etiam

220 1799 494 1853 succisum
523 1804 637 1860 est;
655 1786 852 1864 quique
882 1796 951 1850 ab
977 1810 1042 1850 eo
1060 1796 1204 1865 quod
1252 1795 1567 1864 semetipsos
1611 1810 1643 1848 a
1682 1808 1793 1851 coa-
1819 1781 1866 1840 Β
1895 1794 2107 1849 diversa
2149 1794 2318 1849 eremi
2347 1793 2561 1848 deserta
2596 1794 2867 1862 copiosius
2900 1804 3316 1868 contegerentur
3358 1816 3474 1870 per-

220 1888 421 1944 nobiali
448 1885 732 1955 disciplina
761 1893 1104 1954 sequestram
1151 1899 1384 1955 suasque
1431 1885 1587 1940 liberi
1630 1900 1790 1955 appe-

219 1986 342 2033 tunt
365 1977 668 2032 voluntates
692 1975 1064 2046 Algyptiorum
1084 1976 1268 2047 lingua
1295 1976 1597 2039 sarabaitze,
1626 1976 1742 2031 sive
1764 1989 1792 2018 ι

218 2068 449 2122 renuita:
479 2073 769 2134 nuncupat!
790 2074 936 2120 sunt.
961 2068 1297 2122 Construunt
1327 2067 1429 2121 sibi
1453 2066 1670 2123 cellulas
1682 2082 1795 2122 eas-

217 2173 327 2227 que
361 2157 499 2213 falso
524 2156 741 2212 nomine
762 2158 1089 2213 monasteria
1115 2167 1444 2228 nuncupant.
1500 2158 1791 2229 Liberique

219 2250 289 2304 ab
316 2250 547 2320 imperio
571 2248 865 2314 seniorum,
890 2249 1116 2305 arbitrio
1160 2265 1261 2305 suo
1286 2251 1490 2314 vivunt,
1541 2251 1792 2305 certatim

222 2342 279 2396 in
304 2341 563 2411 operibus
595 2340 925 2406 laborantes,
948 2357 1055 2397 non
1082 2350 1139 2396 ut
1186 2341 1552 2412 indigentibus
1605 2342 1792 2397 distri-

223 2433 420 2498 buant,
446 2433 540 2487 sed
576 2441 638 2487 ut
671 2433 957 2502 acquirant
996 2432 1258 2502 pecunias
1296 2447 1432 2502 quas
1473 2433 1789 2488 recondant.

221 2522 287 2577 Et
312 2522 550 2577 sicutait
576 2521 644 2576 de
666 2523 796 2591 ipsis
826 2520 1204 2593 Hieronymus,
1241 2522 1396 2591 quasi
1425 2536 1515 2575 ars
1559 2520 1630 2575 sit
1670 2536 1794 2576 san-

224 2624 332 2679 cta,
386 2630 494 2669 non
525 2614 657 2679 vita,
713 2614 970 2684 quidquid
999 2612 1358 2678 vendiderint,
1410 2613 1675 2668 charioris
1711 2622 1794 2668 est

222 2705 404 2775 pretii.
430 2703 663 2771 Revera,
690 2712 753 2757 ut
779 2704 920 2759 idem
941 2703 1281 2770 dicit,solent
1315 2712 1523 2759 certare
1544 2701 1790 2775 jejuniis,

220 2859 501 2942 coniligat.
540 2878 569 2942 ιΔ
594 2857 753 2941 Varia
780 2867 958 2914 autem
1000 2859 1151 2942 fuere
1176 2858 1293 2942 ιιφο
1318 2859 1674 2942 phylacteria,
1700 2873 1797 2942 seu

220 2930 487 3000 ligaturze,
515 2938 577 2983 ut
600 2931 771 3000 nervi,
799 2944 942 2993 ossa,
973 2931 1181 2985 radices
1212 2931 1266 2983 in
1295 2930 1445 2984 corio
1471 2930 1715 2993 inclusae,
1735 2938 1796 2984 ut

218 2999 378 3054 natat
412 2999 671 3071 Tatianus
712 2999 983 3071 Assyrius
1008 3000 1485 3071 orationeicontra
1531 3000 1792 3071 gentiles,

220 3085 348 3142 pag.
367 3069 481 3142 Δί’ἵῖ
514 3069 762 3142 editionis
818 3068 1159 3142 Parisiensis.
1215 3068 1318 3142 Alii
1362 3068 1794 3142 ursos'circum-

221 3117 497 3194 inﬁtiari
520 3117 842 3210 salutis;
865 3117 1188 3210 ἷίῖᾦίῖίῌέι,
1215 3117 1795 3210 ίὲἶίηἷόἔιῖάὶξῷἷίε
1823 3117 1867 3179 C

223 3218 448 3279 totoque
472 3224 698 3280 corpore
724 3208 986 3264 tlncturas
1009 3208 1402 3280 'appendebant
1426 3249 1441 3273 ,
1490 3208 1798 3280 dabantque

293 3278 427 3351 ssim
457 3278 699 3351 exipilisi
727 3293 914 3351 eorum
943 3278 1347 3351 cuni'tincturis
1381 3287 1632 3351 tanquam
1660 3278 1798 3351 phy-

243 3350 448 3404 acteria
475 3350 542 3403 ad
556 3347 786 3403 morbos
811 3358 867 3403 et
887 3347 1119 3403 fascinos
1145 3348 1418 3404 oculorum
1444 3347 1795 3413 amoliendas,

222 3428 282 3473 ut
324 3422 485 3475 docet
518 3418 834 3474 Theodorus
886 3418 1133 3472 Balsamo
1176 3417 1231 3472 in
1262 3434 1524 3474 canonem
1569 3419 1797 3474 citatum

223 3499 390 3544 sextae
422 3490 633 3559 synodi.
661 3488 928 3558 Additque
978 3489 1287 3559 praefectum
1314 3488 1603 3559 quemdam
1630 3487 1798 3559 fuisse

224 3558 483 3630 synodice
510 3559 947 3630 condemnatum,
973 3558 1114 3628 quod
1144 3558 1516 3630 deprehensus!
1530 3566 1675 3613 esset
1698 3558 1796 3612 ba-

222 3626 350 3684 bere
378 3628 598 3701 ἔνδυμα,
630 3628 682 3682 id
716 3636 836 3693 est,
903 3626 1272 3701 indumentum
1302 3626 1569 3701 Ainfantisﬂ
1607 3642 1799 3701 recens

224 3701 334 3753 nati
364 3717 393 3753 a
416 3696 645 3753 muliere
670 3699 1108 3767 acceptumados
1132 3697 1517 3767 occludendum
1534 3696 1715 3767 iisqui
1740 3696 1797 3749 in

223 3783 345 3823 eum
370 3769 555 3822 dicere
581 3765 928 3839 conarentur.
955 3766 1067 3839 Hoc
1101 3765 1495 3839 autemifvdupa
1535 3765 1671 3839 nihil
1715 3772 1801 3839 est

228 3839 372 3893 aliud
399 3853 564 3908 quam
590 3838 836 3907 pellicula
871 3837 1114 3906 quzedam
1138 3835 1540 3908 capitisuin'star
1583 3835 1795 3908 pileoli,

224 3924 345 3962 cum
373 3904 483 3978 qua
513 3904 730 3976 quidam
762 3904 1074 3971 nascuntur,
1105 3904 1265 3976 quam
1291 3906 1418 3978 olim
1470 3904 1713 3978 advocati
1742 3904 1799 3960 in

226 3979 348 4032 sinu
379 3974 660 4047 gestantes
700 3978 767 4032 ad
793 3974 1153 4047 eloquentiam
1195 3975 1442 4047 conferre
1469 3974 1796 4047 credebant,

222 4056 282 4101 ut
309 4043 481 4103 refert
505 4047 843 4117 Lampridius
873 4043 924 4100 in
950 4046 1221 4117 Antonino
1242 4045 1571 4117 Diadumeno
1597 4059 1613 4098 :
1650 4064 1673 4117 ε
1700 4043 1801 4117 so-

222 4117 337 4172 lent
360 4117 558 4172 deinde
582 4114 731 4186 pueri
780 4118 919 4187 pileo
945 4115 1175 4187 naturali
1202 4115 1447 4187 insigniri
1470 4156 1484 4178 ,
1534 4114 1676 4186 quod
1705 4114 1800 4187 ob:

224 4188 480 4243 stetrices
505 4182 741 4255 rapiunt,
772 4182 827 4241 et
854 4186 1125 4240 advocatis
1176 4182 1409 4240 credulis
1436 4182 1693 4255 vendunt,
1753 4182 1800 4238 si

223 4259 442 4327 quidem
470 4254 726 4310 causidici
759 4257 863 4327 hoc
884 4257 1063 4326 juvari
1096 4255 1367 4327 dicuntur.
1405 4273 1423 4306 ι
1458 4254 1798 4327 Littera:_so-

222 4324 436 4381 lutorite
460 4335 587 4379 sunt
617 4327 780 4380 etiam
812 4324 1142 4395 phylaeteria
1172 4365 1186 4388 ,
1237 4339 1370 4393 quas
1416 4324 1507 4392 qui
1564 4324 1705 4393 apud
1731 4338 1800 4395 se

221 4398 486 4467 gerebant
505 4412 564 4450 se
592 4395 739 4467 nullo
761 4392 918 4467 pacto
938 4394 1140 4467 vinciri
1153 4392 1340 4467 posse
1361 4392 1670 4467 credebant.
1698 4392 1800 4467 ‘th

1895 1883 2157 1938 fectorum
2210 1881 2237 1921 ἀ
2281 1881 2569 1951 ergastulis
2606 1882 3076 1952 anachoretarum,
3125 1895 3182 1943 et
3234 1904 3357 1943 cum
3413 1890 3471 1943 in

1894 1981 1999 2035 ista
2030 1990 2054 2019 ο
2088 1978 2288 2034 ultimze
2342 1978 2699 2033 extremitatis
2728 1979 2963 2034 occiduae
3009 1982 3180 2050 partis
3239 1984 3471 2038 confinia

1894 2087 2019 2126 rara
2059 2071 2308 2127 videlicet
2335 2079 2391 2125 et
2414 2071 2608 2141 exigua
2640 2069 2966 2140 pullularent
3004 2087 3175 2127 sacra:
3202 2074 3474 2144 religionis

1893 2159 2207 2231 crepundia,
2251 2175 2283 2214 a
2306 2160 2492 2230 paucis
2543 2160 2730 2215 electis
2750 2169 2805 2215 et
2826 2159 3082 2231 perfectis
3113 2162 3245 2218 viris
3292 2164 3348 2218 in
3377 2166 3469 2219 de-

1892 2251 2054 2307 sertis
2087 2251 2222 2306 locis
2258 2266 2382 2305 rara
2407 2265 2509 2320 ope
2538 2250 2755 2305 Domini
2782 2260 3089 2307 constructa
3114 2262 3241 2308 sunt
3284 2269 3471 2309 mona-

1892 2342 2059 2398 steria
2089 2358 2104 2394 :
2134 2356 2202 2396 ex
2231 2341 2427 2410 quibus
2451 2339 2650 2395 multas
2698 2341 2907 2396 animas
2934 2340 3263 2413 Redemptor
3286 2348 3471 2416 expia-

1892 2441 1978 2489 tas
2008 2432 2125 2489 fece
2148 2432 2521 2502 peccaminum
2547 2431 2785 2501 suscepit
2809 2431 2864 2486 in
2898 2447 3061 2501 regna
3092 2435 3352 2490 ccelestia.
3402 2435 3472 2490 Et

1893 2526 2022 2596 quia
2052 2525 2363 2579 discedente
2389 2530 2446 2578 et
2469 2522 2536 2578 ad
2571 2521 2734 2578 tinem
2757 2532 3098 2579 extremante
3119 2525 3301 2579 mundi
3337 2533 3474 2581 tem-

1895 2629 2029 2685 pore
2052 2612 2356 2683 refrigescit
2380 2613 2641 2676 cbaritas,
2673 2613 2936 2667 accrescit
2958 2614 3249 2691 smvissima
3273 2616 3474 2685 iniqui-

1895 2713 1999 2772 tas,
2026 2712 2082 2760 et
2132 2702 2466 2775 inexplebilis
2507 2717 2783 2773 voraxque
2834 2703 3142 2759 exardescit
3198 2703 3471 2761 mundana
3558 2704 3565 2713 ’

1896 2879 1930 2919 a
1957 2861 2152 2935 quibus
2174 2861 2542 2935 iuramentum
2587 2859 2914 2935 recipiebat,
2971 2858 3156 2935 volens
3186 2858 3474 2935 justilicari

1897 2929 2350 3004 quemadmodum
2376 2932 2632 3004 seipsutn,
2649 2929 2853 2986 fecerat
2887 2944 3050 2983 unum
3075 2929 3466 3004 pbylacterium

1898 2999 2392 3073 holocrystallinum
2425 2999 2480 3054 in
2515 3015 2646 3071 gyro
2672 3015 2811 3073 auro
2835 3013 2970 3069 puro
2992 2999 3244 3054 ornatum
3269 3001 3472 3073 absque

1896 3069 2121 3140 alicujus
2140 3070 2315 3126 sancti
2340 3069 2622 3140 pignorum
2658 3069 2988 3140 inclusione.
3012 3084 3182 3140 super
3207 3071 3350 3138 quod
3385 3070 3477 3139 ju-

1899 3137 2089 3223 rabant
2112 3142 2375 3223 primates
2396 3137 2497 3221 hac
2521 3139 2606 3208 pia
2631 3137 2843 3223 ‘fraude‘
2858 3139 3055 3223 nescii.“
3084 3137 3269 3223 Acta
3299 3137 3470 3223 sancti

1897 3207 2555 3282 Guillelir‘iiGellouensis’;
2587 3226 2606 3258 ι
2631 3207 2849 3282 Miserat
2870 3208 2978 3263 illis
3006 3208 3075 3282 ab
3090 3207 3474 3282 Hierosolymis

1896 3296 1994 3350 per
2038 3281 2354 3336 Zachariam
2381 3278 2559 3350 magni
2584 3277 2846 3347 propositi
2874 3278 3159 3350 magnique
3183 3277 3477 3350 testimonii

1900 3346 2256 3413 sacerdotem,
2283 3346 2649 3420 perqueduos
2686 3346 2984 3401 monachos
3036 3346 3474 3420 ilierosolymita-

1898 3436 1997 3491 nos
2024 3436 2230 3491 magnae
2264 3417 2539 3491 religionis
2560 3457 2572 3479 ,
2620 3432 2721 3491 nec
2764 3430 2944 3491 parva;
2974 3417 3317 3491 auctoritatis
3344 3419 3475 3491 illud

1899 3485 2193 3544 Dominica:
2218 3485 2395 3543 crucis
2422 3486 2731 3542 venerabile
2753 3486 2964 3538 cunctis
2993 3485 3308 3556 mortalibus
3339 3488 3472 3556 phy-

1898 3558 2180 3614 lacterium
2230 3556 2562 3611 adorandum
2617 3567 2948 3624 gemmarum
2994 3553 3368 3624 splendoribus
3413 3553 3477 3609 et

1899 3644 2030 3682 auro
2058 3627 2364 3698 purissimo,
2396 3622 2657 3694 quantum
2685 3625 2858 3694 potuit
2885 3636 2975 3676 ars
2996 3622 3251 3688 humana,
3277 3624 3467 3679 decen-

1899 3698 2110 3753 tissime
2130 3705 2405 3751 ornatum.
2442 3715 2461 3747 ι

1971 3780 1995 3807 α
2025 3764 2141 3821 Sive
2186 3766 2425 3819 renuiue.
2460 3765 2528 3819 Τὸ
2556 3763 2663 3817 sive
2712 3762 2946 3833 sumitgr
2972 3777 3041 3818 ex
3070 3761 3321 3833 positis._
3339 3762 3477 3819 Nam

1899 3839 1957 3893 τὸ
2015 3836 2232 3889 rentiin
2260 3833 2514 3889 Latinum
2563 3841 2666 3897 est,
2694 3848 2800 3888 non
2848 3830 3254 3903 Egyptiacum:
3292 3831 3358 3885 Et
3401 3833 3477 3888 ita

1899 3904 2076 3960 Latini
2126 3904 2517 3974 sarabaitarum
2554 3916 2749 3974 nomen
2776 3898 3162 3974 exposuerunt.
3184 3898 3478 3974 _Smarag-

1900 3974 2000 4031 dus
2021 3975 2075 4029 in
2103 3988 2220 4043 cap.
2260 3974 2285 4027 1
2323 3973 2536 4044 Regula:
2558 3969 3086 4044 sanetiBehedicti:
3124 3990 3148 4044 ς
3179 3969 3476 4044 Sarabait'm

1901 4054 2079 4100 autem
2132 4041 2554 4114 interpretantur
2608 4041 2870 4114 renuitae,
2913 4055 2979 4095 eo
3008 4042 3150 4114 quod
3207 4041 3474 4114 majorum

1900 4114 2145 4184 exempla
2172 4113 2257 4167 vel
2274 4111 2539 4184 "virtutem
2566 4111 2717 4184 sequi
2744 4118 2992 4166 renuant.
3021 4130 3066 4184 _i_
3105 4111 3341 4184 Sanctus
3360 4111 3477 4168 Odo

1902 4180 2073 4241 abbas
2093 4182 2482 4247 Cluniacensis,
2514 4180 2798 4236 collatione
2825 4196 2885 4235 ut
2916 4199 2928 4235 :
2969 4198 2989 4232 α
3019 4180 3129 4237 Nos
3163 4181 3348 4237 miseri
3372 4198 3479 4238 non

1903 4270 2087 4309 sumus
2113 4252 2457 4316 monachi,ut
2487 4250 2622 4306 falso
2649 4249 3021 4314 nominamur;
3047 4254 3141 4307 sed
3171 4252 3475 4316 sarabaitre,

1902 4323 1955 4378 id
1988 4334 2074 4380 est
2090 4324 2331 4387 renuitae,
2361 4324 2453 4392 qui
2470 4323 2658 4392 jugum
2687 4320 2948 4392 regularis
2971 4320 3271 4392 d‘iscipling
3296 4324 3479 4375 renui-

1902 4410 2041 4449 mus.
2064 4413 2083 4447 ι
2110 4392 2314 4449 Glossae
2334 4388 2615 4462 anon'ytﬁa:
2642 4409 2653 4443 :
2679 4388 2975 4462 Sarnbailw
2995 4388 3177 4462 lingua
3197 4388 3481 4462 JEgyptia-

224 4454 410 4540 videre
438 4475 525 4521 est
551 4467 688 4540 apud
717 4454 912 4540 Bedam
937 4463 1030 4540 lib.
1064 4479 1117 4516 IV
1153 4454 1289 4516 Hist.
1314 4463 1651 4540 Angl.,_ca_p._
1693 4462 1795 4515 2‘2:
1825 4454 1877 4512 D
1902 4481 1997 4529 ca;
2050 4464 2337 4540 infamia
2362 4454 2612 4540 di'cu'nt‘ur
2661 4461 2915 4540 ιέιηιίιιε,⁸
2941 4460 3030 4540 qui
3060 4454 3292 4540 refutaui
3309 4454 3474 4540 abba:

230 4554 249 4586 ι
284 4537 531 4603 Quarum
559 4532 919 4591 celebratione
961 4534 1166 4587 factum
1215 4541 1325 4598 est,
1373 4532 1515 4601 quod
1543 4532 1684 4603 disi,
1739 4542 1802 4585 ut

225 4602 403 4661 nullus
438 4621 563 4661 eum
588 4606 762 4675 possit
788 4604 1012 4658 vincire.
1044 4602 1253 4675 Interea
1278 4617 1461 4657 comes
1485 4641 1521 4675 ,_
1530 4602 1622 4675 qui
1649 4616 1799 4675 _eum

228 4678 467 4741 tenebat,
482 4670 665 4730 mirari
688 4684 742 4729 et
762 4676 1094 4744 interrogare
1105 4672 1289 4744 coepit,
1314 4686 1491 4744 quare
1508 4670 1676 4744 ligari
1691 4686 1801 4744 non

225 4756 406 4816 posset
436 4739 461 4799 z'
484 4762 551 4800 an
576 4760 706 4800 vero
736 4745 940 4799 litteras
969 4739 1272 4816 solutorias,
1294 4739 1362 4816 de
1386 4739 1581 4810 quibus
1610 4739 1801 4816 fabulae

227 4810 429 4881 ferunt,
457 4816 599 4885 apud
650 4815 982 4885 seibaberet.
1024 4833 1043 4865 ι
1077 4812 1193 4885 Huc
1234 4812 1399 4885 etiam
1429 4818 1648 4885 spectat
1683 4810 1798 4865 elli-

226 4886 336 4956 gies
358 4880 658 4940 Alexandri
688 4882 888 4956 Magni,
918 4898 1077 4956 quam
1104 4881 1195 4956 qui
1232 4881 1373 4956 apud
1396 4880 1797 4956 segestabant,

227 4949 310 5009 vel
338 4959 390 5010 in
414 4956 632 5011 annulis
658 4995 673 5020 ,
722 4949 808 5009 ve'l
840 4955 895 5007 in
918 4949 1306 5009 dextrocheriis
1325 4991 1339 5016 ,
1381 4959 1436 5005 et
1463 4949 1515 5003 in
1539 4949 1685 5020 omni
1711 4964 1802 5020 or-

227 5035 606 5081 namentorum
649 5019 863 5093 genere,
889 5039 946 5078 se
974 5024 1027 5077 in
1048 5021 1213 5093 pruni
1253 5030 1376 5093 actu
1416 5019 1591 5093 juvari
1618 5019 1802 5073 crede-

230 5095 374 5161 bant,
403 5107 465 5149 ιιι
494 5089 683 5151 scribit
710 5094 1005 5150 Trebellius
1044 5090 1213 5146 Pollio
1259 5091 1317 5161 in
1345 5089 1539 5161 Quieto
1566 5090 1802 5156 impera-

232 5160 365 5219 tore.
395 5164 640 5220 Tandem
670 5166 811 5234 apud
830 5163 1169 5234 Christianos
1197 5160 1531 5232 pbylacteria
1563 5169 1689 5214 sunt
1713 5172 1803 5234 sa-

227 5247 331 5290 cra:
367 5234 632 5302 reliquiae,
672 5227 732 5288 ul
775 5244 975 5288 sanctas
1003 5227 1214 5302 crucis,
1236 5227 1553 5302 martyrum,
1585 5237 1714 5302 etc.,
1746 5227 1802 5281 in

227 5319 360 5359 auro
384 5305 475 5359 vel
493 5298 748 5373 argento,
768 5319 875 5371 “seu
906 5300 1199 5373 crystallo,
1226 5308 1320 5353 aut
1344 5298 1534 5373 quavis
1553 5298 1658 5352 alia
1695 5311 1804 5373 ma-

230 5377 363 5429 teria
395 5366 606 5429 celaui.
639 5366 869 5428 Sanctus
889 5366 1181 5441 Gregorius
1208 5366 1373 5440 papa,
1394 5368 1487 5441 lib.
1517 5384 1615 5441 xii,
1641 5366 1800 5441 epist.

225 5442 297 5498 6:
342 5463 363 5496 ι
400 5443 867 5500 Εχεειιειηῑίςδίιιιο
912 5435 1089 5495 autém
1116 5435 1225 5494 tilio
1250 5435 1433 5493 nostro
1455 5435 1806 5491 Adulow’aldo

228 5516 340 5587 regi
370 5514 743 5587 transmittere
768 5510 1447 5587 ph_yla_cteriacuravimus,
1476 5507 1527 5562 id
1534 5515 1660 5587 ξεί,
1686 5519 1808 5587 erit:

225 5573 345 5640 αὖ·
368 5600 495 5641 cum
527 5584 671 5653 ligno
700 5573 879 5637 crucis
909 5582 1114 5653 Domini
1138 5587 1194 5653 et_
1216 5579 1497 5653 lectionem
1534 5573 1808 5653 Evangelii

232 5656 390 5710 theca
410 5646 625 5725 persica
648 5653 928 5725 inclusam.
965 5669 985 5703 ι
1014 5649 1300 5725 Helgaliius
1314 5646 1674 5725 Floriacensis
1697 5658 1811 5698 mo-

230 5717 443 5781 nacbui
470 5726 527 5779 in
562 5723 678 5778 Vita
705 5722 922 5778 Roberti
946 5721 1090 5789 regis
1117 5717 1139 5772 ἶ
1172 5737 1190 5770 ι
1224 5717 1376 5773 Unde
1407 5717 1659 5771 nimirum
1686 5727 1811 5767 suos

1904 4527 2006 4587 tam
2041 4533 2245 4586 habere.
2294 4531 2445 4587 Unde
2495 4530 2688 4599 glossaa
2738 4544 2875 4600 mss.
2900 4527 2959 4600 in
2984 4527 3250 4600 Regulam
3302 4528 3479 4600 sancti

1904 4602 2195 4663 Benedicti,
2234 4617 2352 4671 qua:
2374 4596 2599 4654 Parisiis
2625 4605 2843 4671 exstant
2864 4598 2916 4651 in
2944 4596 3271 4671 bibliotheca
3299 4597 3359 4652 S.
3384 4596 3450 4651 Vi

1903 4671 2072 4726 ctoris
2099 4690 2111 4724 :
2143 4666 2571 4739 SarZibaitai-uni,
2593 4669 2681 4739 qui
2698 4667 2964 4739 refutant,
2984 4666 3065 4739 vel
3086 4676 3330 4722 renuunt.

1976 4742 2002 4780 ι)
2036 4739 2172 4793 Hinc
2207 4738 2471 4809 subsistit.
2510 4737 2625 4809 Non
2656 4737 2745 4791 hic
2777 4737 2976 4809 citatur
3015 4737 3478 4809 integrumcaput

1905 4810 2077 4865 sancti
2109 4809 2330 4872 Valerii,
2380 4806 2477 4862 sed
2501 4808 2690 4860 ultima
2718 4821 2847 4875 pars
2875 4806 3153 4876 cujusdam
3185 4806 3379 4874 capitis
3409 4807 3477 4860 de

1904 4893 2100 4951 genere
2141 4877 2560 4951 monachorum,
2578 4878 2632 4930 in
2667 4891 2773 4944 qua
2798 4875 3085 4951 septimum
3110 4890 3281 4951 genus
3306 4875 3475 4951 addit,

1903 4944 2089 5004 éorum
2121 4948 2210 5016 qui
2236 4962 2303 5001 ex
2336 4945 2601 5000 famulitio
2626 4954 2682 4998 et
2706 4944 2929 5016 servitio
2956 4944 3292 5016 monasterii,
3321 4944 3474 5016 inviti

1904 5014 2263 5073 tondebantur
2289 5016 2357 5069 ab
2385 5016 2686 5078 abbatibus,
2713 5014 2902 5081 paucis
2922 5021 3050 5069 tunc
3074 5015 3142 5069 ad
3168 5015 3479 5069 conversio—

1903 5104 2026 5144 nem
2074 5087 2483 5149 accedentibus;
2534 5096 2827 5151 eorumque
2867 5096 3044 5139 mores
3080 5084 3347 5152 pessimos
3382 5084 3478 5138 de-

1905 5158 2114 5222 scribit,
2142 5156 2523 5223 invebiturque
2550 5154 2605 5208 in
2626 5167 2813 5207 eorum
2842 5152 3185 5223 praepositos.

1977 5237 2000 5266 ο
2042 5224 2255 5280 Candor
2275 5222 2540 5279 desiderii.
2563 5223 2621 5276 1d
2643 5229 2745 5287 est,
2768 5225 2928 5276 ardor
2951 5222 3225 5277 desiderii.

1974 5295 2000 5335 ει
2040 5295 2358 5365 Ergastulis,
2399 5292 2947 5365 Metaplioricevocat
2981 5292 3147 5365 cellas
3184 5291 3477 5347 anachore-

1903 5376 2082 5421 tarum
2119 5361 2426 5436 ergastula,
2465 5361 2556 5416 ubi
2594 5362 2670 5436 illi
2712 5361 3036 5436 laboriosam
3073 5362 3241 5416 vitam
3286 5370 3473 5432 agunt,

1904 5430 2356 5507 quemadmbduin
2389 5432 2622 5507 fossores
2650 5433 2704 5486 in
2720 5430 3033 5507 ergastulis.

1979 5519 2002 5545 ο
2028 5503 2241 5560 Ultimm
2262 5502 2601 5556 extremitatis
2623 5499 2853 5556 occidam
2873 5500 3056 5571 partis.
3086 5499 3144 5554 ld
3163 5510 3269 5567 est,
3292 5499 3486 5569 Hispa-

1906 5575 2008 5631 niae
2032 5590 2099 5631 ex
2118 5590 2223 5644 qua
2256 5572 2514 5628 oriundus
2535 5580 2621 5627 est
2638 5572 2729 5626 hic
2761 5570 2978 5625 sanctus
3001 5570 3268 5637 Valerius,
3290 5578 3351 5627 ut
3384 5585 3480 5624 su.

1908 5661 2001 5715 pra
2027 5645 2228 5701 dictum
2253 5649 2354 5697 est.
