3958 6198
255 302 355 357 753

1212 292 1599 350 CONCORDIA
1633 289 2088 349 REGULARUM.
2123 321 2196 331 —
2231 290 2381 345 CAP.
2423 291 2508 346 lli.

3415 297 3511 363 75L

251 414 535 469 habitum:
570 407 810 464 utetiam
848 421 911 462 ac
939 406 983 462 si
1005 406 1353 477 desperantes
1375 408 1440 462 de
1468 406 1608 461 bono
1640 405 1834 461 merito
1861 404 1911 465 A
1938 410 2044 456 lem
2081 412 2345 473 general:
2377 403 2450 457 ita
2501 410 2562 458 ut
2600 418 2694 459 cor
2736 403 2855 475 ejus
2899 408 3072 478 magis
3117 410 3397 481 magisque
3429 416 3511 471 in-

247 503 336 557 vel
366 514 595 555 vacuum
628 496 996 566 adipiscantur
1034 495 1339 551 sanctitatis
1366 494 1706 550 vocabulum.
1736 493 1833 548 At-

247 610 356 663 que
378 593 434 646 in
463 605 624 660 supra
647 588 914 642 dictorum
940 587 1181 642 auditum
1208 586 1563 655 multiplicant
1593 586 1832 641 diversas

248 682 582 748 crebrasque
603 678 772 733 series
794 675 1111 743 ofﬁciorum,
1144 685 1197 732 et
1217 678 1270 732 in
1294 670 1508 733 sublimi
1539 685 1655 731 arte
1678 678 1834 733 attol-

247 773 368 827 lunt
400 777 661 826 canentes
690 769 921 823 melodia
969 784 1155 824 vocum
1174 809 1189 835 ,
1240 781 1279 822 ι.
1308 777 1471 839 atque
1506 769 1714 825 crebris
1743 784 1833 841 ge-

247 860 650 917 nuﬁexionibus
700 860 1082 929 protrahentes
1137 860 1348 928 copiam
1376 860 1681 916 orationum
1705 901 1720 927 ,
1777 870 1833 916 et

246 953 582 1026 quotidiauis
617 952 826 1007 diurnis
857 959 1020 1021 atque
1045 952 1328 1006 nocturnis
1358 953 1693 1021 temporibus
1719 961 1832 1007 tor—

246 1060 433 1117 porem
461 1043 786 1099 desidiosum
800 1042 1078 1113 otiumque
1102 1040 1382 1111 implicant
1401 1042 1827 1107 somnolentum,

246 1147 307 1191 ut
345 1136 628 1201 scribitur,
655 1132 916 1187 Habentes
944 1133 1213 1203 religionis
1237 1134 1467 1203 signum,
1499 1150 1601 1187 non
1624 1132 1834 1203 religio-

247 1228 327 1281 nis
371 1227 621 1279 meritum
642 1238 661 1275 :
697 1224 1122 1293 hippocentauro
1152 1224 1374 1289 similes,
1400 1240 1500 1279 nec
1526 1223 1684 1293 equi,
1731 1239 1833 1279 nec

247 1317 489 1372 hominis
519 1317 661 1370 facta
691 1316 965 1379 discretio,
987 1315 1065 1370 uti
1089 1315 1338 1384 superius
1370 1315 1573 1370 dictum
1602 1324 1706 1380 est,
1744 1317 1834 1371 ad-

243 1423 437 1463 versus
458 1406 801 1461 ﬁdelissimos
823 1405 917 1461 Dei
938 1421 1123 1461 servos
1147 1405 1327 1462 dolosa
1351 1414 1405 1461 et
1428 1407 1609 1475 iniqua
1630 1406 1834 1461 machi-

254 1511 459 1557 nantur
481 1500 623 1565 odia,
656 1508 820 1570 atque
873 1500 1206 1569 impiissimae
1231 1500 1530 1555 atrocitatis
1584 1515 1835 1568 persecu-

1930 496 2115 551 durari
2161 494 2366 550 faciat:
2399 504 2454 550 et
2501 496 2897 551 contumaciam
2949 497 3308 567 delinquentis
3357 504 3511 561 diil‘e-

1930 590 2099 644 rendo
2130 605 2234 643 non
2264 590 2528 656 discutit,
2572 605 2675 646 nec
2723 592 2995 646 humiliari
3022 608 3144 647 eum
3176 596 3324 663 sinit,
3351 598 3379 639 ἀ
3413 617 3515 657 nec

1932 678 2339 736 dissimulanter
2369 697 2489 751 qua:
2530 684 2798 751 permittit
2846 684 2913 739 de
2940 684 3308 743 satisfactione
3338 698 3395 746 et
3423 708 3515 748 ve-

1930 770 2020 825 nia
2054 770 2317 840 cogitare,
2343 772 2439 825 sed
2469 772 2612 825 idem
2642 773 2817 827 denuo
2842 775 3059 841 iterare,
3087 777 3339 846 quoniam
3366 778 3515 836 Scri-

1928 867 2089 930 ptura
2122 875 2316 928 nempe
2340 868 2590 923 testatur,
2616 860 2770 926 Quod
2808 880 2957 917 omne
2980 876 3249 948 peccatum
3271 870 3411 938 quod
3433 887 3513 925 re-

1930 950 2120 1003 missus
2150 949 2675 1021 indisciplinatusque
2711 952 2980 1007 admiserit
3023 957 3210 1024 frater,
3242 958 3312 1011 ad
3350 960 3513 1031 negli-

1931 1049 2129 1113 gentem
2153 1042 2391 1110 protinus
2419 1051 2710 1095 revertatur
2734 1045 3021 1110 seniorem;
3064 1055 3113 1100 et
3159 1058 3369 1118 propter
3390 1069 3445 1107 se
3464 1062 3512 1107 et

1930 1147 2024 1201 pro
2052 1129 2143 1183 illo
2168 1131 2381 1201 duplam
2420 1133 2722 1188 redditurus
2750 1144 2826 1190 est
2864 1137 3140 1191 rationem.
3169 1138 3335 1194 Recte
3359 1157 3514 1197 nam-

1933 1232 2037 1289 que
2064 1230 2316 1275 censetur
2341 1239 2353 1275 :
2388 1229 2448 1277 ut
2476 1238 2599 1277 cum
2621 1240 2727 1293 quo
2753 1226 3043 1296 participat
3069 1242 3329 1294 errorem,
3360 1239 3512 1287 aeter-

1934 1327 2060 1366 nam
2088 1310 2461 1369 retributionis
2487 1331 2611 1369 cum
2637 1330 2701 1370 eo
2733 1317 2992 1371 sortiatur
3033 1319 3315 1387 ultionem,
3342 1323 3467 1391 quia
3497 1341 3508 1375 :

2058 1445 2171 1512 ipse
2192 1447 2375 1512 jubere
2399 1449 2560 1509 nefas,
2592 1444 2699 1511 ipse
2718 1451 3006 1511 perhibetur
3026 1466 3211 1512 amare,

2123 1510 2214 1567 Qui
2241 1512 2507 1571 prohibere
2534 1519 2684 1575 valet,
2707 1510 2799 1562 nec
2823 1514 3090 1575 prohibere
3115 1510 3262 1568 volet.

247 1597 449 1650 tionem
499 1593 804 1648 incutiunt:
832 1598 887 1646 et
937 1607 1075 1663 quos
1123 1592 1369 1647 noverint
1424 1606 1543 1647 esse
1595 1592 1856 1659 latrones,
1935 1633 2140 1689 Horum
2168 1642 2223 1690 et
2249 1635 2504 1690 similium
2532 1638 3019 1705 pmvaricalricem
3054 1640 3403 1698 clandestina:
3432 1644 3509 1699 si-

247 1687 261 1705 ι
290 1702 307 1705 -
336 1685 548 1705 ._!_!j-_
603 1682 874 1705 ῌΑΙΑΩΑ--
975 1682 1244 1705 ΑΔ--1ι-.---
1302 1692 1459 1705 -1-.--
1493 1691 1680 1705 -.καλ-.-
1722 1683 1803 1705 ,ΙΞΑ
2422 1698 2433 1705 α

245 1685 574 1750 homicidas,
603 1682 877 1739 maleﬁcos
898 1724 913 1747 ,
972 1682 1267 1748 adulteros,
1300 1692 1462 1752 atque
1489 1691 1687 1737 czetera
1717 1683 1835 1737 dia-

245 1779 434 1835 bolica:
474 1776 695 1832 infanda
750 1769 1093 1832 crudelitatis
1133 1791 1300 1846 opera
1348 1782 1664 1831 exercentes
1687 1816 1701 1842 ,
1738 1790 1831 1831 eos

246 1868 443 1923 summi
477 1869 679 1923 amoris
705 1866 1010 1931 aﬂ‘ectione,
1042 1883 1111 1922 ex
1160 1874 1379 1935 totoque
1401 1866 1566 1921 corde
1596 1868 1833 1922 charita—

246 1961 316 2014 tis
366 1960 707 2015 connexione
761 1958 1176 2030 amplectuntur.
1229 1957 1368 2012 Hine
1416 1957 1605 2028 procul
1666 1959 1832 2013 dubio

245 2059 436 2120 aperta
468 2050 607 2105 ratio
642 2049 954 2105 manifestat
980 2049 1128 2119 quia,
1159 2048 1417 2118 despecto
1464 2048 1594 2114 Deo,
1621 2048 1833 2104 diabolo

244 2139 507 2195 obedinnt
545 2149 600 2195 et
646 2140 788 2195 servi
839 2138 1024 2195 ﬁdeles
1057 2140 1327 2204 existunt,
1388 2138 1541 2209 cujus
1571 2138 1833 2195 satellites

246 2239 453 2297 amant,
471 2230 865 2301 amplectuntur
887 2230 1216 2301 etdilignnt:
1238 2228 1557 2294 etDomino,
1588 2227 1742 2298 cujus
1772 2227 1835 2282 ﬁ-

247 2327 503 2381 dissimos
535 2340 720 2382 servos
759 2332 1159 2396 persequuntur
1209 2332 1264 2377 et
1320 2323 1546 2389 odiunt,
1592 2322 1829 2387 inimici,

248 2420 278 2459 δ
309 2417 535 2489 refugae,
570 2415 816 2480 odibiles,
848 2422 902 2470 et
949 2414 1117 2469 exteri
1141 2412 1312 2468 ﬁunt:
1358 2413 1449 2483 qui
1482 2412 1655 2466 dixit:
1692 2414 1835 2482 quod

251 2510 446 2579 fecistis
475 2511 568 2562 uni
589 2525 653 2565 ex
676 2508 754 2563 Itis
782 2507 1009 2562 minimis
1046 2507 1172 2561 meis
1190 2547 1207 2573 ,
1232 2506 1359 2560 mihi
1384 2506 1580 2574 fecistis
1614 2504 1829 2578 (Matth.

251 2602 362 2673 xv).
391 2600 598 2655 lterum
632 2600 888 2670 scriptum
916 2609 1000 2654 est
1028 2616 1041 2651 :
1075 2597 1164 2651 ille
1185 2597 1471 2651 Dominum
1500 2597 1611 2651 odit
1635 2606 1684 2651 et
1708 2614 1833 2651 con-

251 2692 432 2745 temnit
465 2691 557 2761 qui
599 2706 702 2744 non
739 2688 906 2743 solum
950 2704 1053 2741 non
1101 2688 1243 2741 timet
1278 2686 1441 2741 Deum
1472 2727 1485 2753 ,
1528 2687 1618 2741 sed
1667 2689 1833 2759 gratis

253 2780 360 2833 odit
394 2779 635 2832 timentes
674 2776 860 2831 Deum.
889 2776 1150 2832 [tectores
1178 2790 1306 2829 vero
1334 2790 1520 2829 eorum
1540 2816 1555 2841 ,
1609 2783 1664 2829 et
1692 2775 1734 2830 si
1775 2791 1833 2831 se

251 2869 568 2924 existiment
607 2882 666 2922 se
703 2867 940 2938 graviter
966 2875 1095 2922 ante
1118 2865 1291 2921 Deum
1335 2879 1455 2921 esse
1501 2865 1830 2935 culpabiles,

254 2964 345 3019 sed
374 2964 504 3034 quia
534 2977 659 3033 erga
694 2976 910 3032 gregem
942 2961 1045 3017 sibi
1092 2960 1357 3015 creditum
1404 2959 1752 3031 negligentes,
1779 2966 1835 3014 et

255 3055 395 3109 mala
422 3069 532 3108 non
573 3053 919 3122 prohibentes
960 3053 1219 3117 existunt,
1244 3067 1350 3106 non
1391 3051 1565 3106 solum
1611 3059 1833 3122 propter

255 3146 471 3216 propria
497 3144 715 3208 delicta,
745 3144 838 3198 sed
864 3159 964 3214 pro
996 3143 1334 3199 subditorum
1360 3142 1575 3213 flagitiis
1610 3143 1833 3213 duplici-

258 3247 336 3290 ter
366 3234 892 3291 condemnabuntur.
940 3233 1077 3289 Hinc
1120 3234 1288 3289 David
1341 3235 1639 3305 deprecans
1688 3242 1828 3287 orat.

255 3326 330 3381 Ab
360 3324 580 3380 occultis
600 3326 727 3379 meis
748 3325 944 3379 munda
972 3342 1071 3390 me,
1094 3334 1142 3379 et
1173 3326 1236 3379 ab
1261 3323 1446 3379 alienis
1482 3340 1639 3394 parce
1686 3340 1832 3378 servo

254 3430 342 3470 tuo
368 3415 546 3486 (Psal.
575 3414 754 3486 xvm).
783 3415 1102 3485 Quicunque
1129 3431 1195 3470 ex
1221 3412 1527 3470 senioribus
1556 3426 1577 3453 ο
1611 3429 1833 3469 causam

255 3510 621 3579 delinquentis
648 3510 893 3577 adornat,
924 3508 1183 3579 majorem
1230 3510 1281 3564 ei
1328 3508 1625 3563 insolentiae
1680 3507 1835 3562 fomi-

325 3653 350 3681 ι
378 3641 548 3710 Atque
568 3640 761 3695 crebris
780 3639 1244 3710 genuﬂexionibus.
1271 3640 1347 3694 De
1368 3638 1833 3710 genuﬁexionihus

256 3710 646 3765 monachorum
680 3710 822 3764 infra
847 3711 1078 3765 dicetur.

329 3782 358 3821 δ
396 3780 632 3850 Refugce.
672 3780 889 3852 Refuga
916 3780 1315 3835 substantivum
1343 3779 1448 3833 hoc
1480 3778 1599 3832 loco
1629 3778 1833 3852 estde-

256 3859 457 3916 sertor,
512 3858 777 3920 apostata.
804 3850 1033 3920 i'Glossre
1080 3860 1293 3905 veteres
1333 3850 1833 3920 ἀποστασίαηᾴπρ-

256 3942 474 3985 assume,
526 3917 729 3989 refuga.
785 3919 1170 3985 Tertullianus,
1215 3921 1281 3975 de
1325 3919 1522 3974 Habitu
1561 3917 1829 3989 muliebri,

255 4006 375 4061 cap.
403 3989 480 4043 5:
521 4007 540 4041 ι
585 3986 664 4061 De
704 3990 1011 4059 ignominiis
1050 3991 1105 4044 in
1142 3992 1375 4061 honores
1415 3989 1619 4044 metalli
1647 3986 1836 4058 refuga

255 4059 521 4114 mutatur.
557 4080 578 4112 ι
609 4060 861 4115 I’oemate
894 4075 912 4114 ι
944 4067 1132 4116 contra
1158 4059 1513 4115 Marcionem:

379 4149 642 4201 Terribilis
661 4149 833 4212 refuga
857 4151 1078 4200 attribuit
1096 4148 1197 4201 fera
1217 4161 1419 4200 munera
1440 4150 1630 4210 mortis,
1692 4176 1699 4183 ς

259 4230 326 4286 Et
348 4231 589 4286 secundo
616 4248 631 4285 :

380 4320 641 4382 Postquam
664 4320 810 4374 fracta
828 4319 952 4371 ﬁdes
971 4320 1165 4385 refugis
1182 4322 1477 4386 spirantibus
1499 4321 1677 4385 hostis,
1700 4325 1799 4371 etc.

259 4403 327 4458 Et
352 4402 497 4459 infra
522 4420 537 4457 :

379 4516 545 4567 Atiixit
562 4516 699 4578 ligno
726 4516 1004 4580 reingarum
1029 4518 1237 4567 immane
1261 4522 1515 4581 tropaeum.

261 4620 484 4705 l’tel’ug‘a:
523 4622 627 4705 qn'i‘
647 4622 848 4692 aliquid
872 4621 1091 4705 refugit.
1110 4622 1452 4705 ‘Flodoardus
1497 4622 1635 4705 lib._r
1663 4620 1829 4705 ilist:,

257 4705 376 4813 cap.
404 4690 479 4745 Ἦ
505 4707 517 4743 :
542 4710 560 4741 ‹
588 4690 844 4746 Humana:
872 4690 1048 4748 laudis
1070 4702 1126 4747 et
1152 4694 1436 4747 mundana:
1456 4692 1832 4747 rctributionis

256 4774 317 4813 re
343 4776 461 4832 uga.
486 4760 698 4832 iAlias
738 4763 1065 4829 adjectivum
1099 4770 1204 4826 est,
1236 4771 1315 4828 ut,
1349 4762 1531 4832 refuga
1567 4762 1828 4832 ctesaries,

258 4830 396 4900 apud
438 4830 720 4887 Sidonium
762 4832 854 4887 lib.
887 4847 904 4886 ι
934 4833 1092 4903 epist.
1122 4832 1176 4898 2,
1218 4832 1271 4886 id
1298 4842 1401 4896 est,
1432 4830 1486 4885 in
1520 4830 1831 4900 occipitium

1859 1754 1904 1813 B
1935 1724 2249 1780 mutationis
2281 1698 2580 1797 perniciem
2608 1728 2769 1783 simul
2810 1744 2932 1784 cum
2973 1732 3187 1801 publica
3224 1735 3511 1791 mundanae

1932 1816 2312 1886 delinquentite
2343 1817 2644 1873 facinorum
2700 1821 3021 1891 contagione
3079 1822 3237 1878 debet
3283 1823 3513 1881 ﬁdeliter

1922 1906 2076 1976 juxta
2117 1908 2220 1962 sibi
2250 1909 2512 1964 creditum
2560 1925 2807 1979 supernae
2827 1912 3074 1968 veritatis
3099 1915 3266 1969 divini
3298 1916 3511 1988 imperii

1931 1999 2103 2053 vicem
2151 2008 2205 2053 et
2246 2000 2538 2071 gloriosum
2587 2010 2815 2058 terrente
2859 2005 3145 2074 potestatis
3184 2005 3508 2077 principium

1932 2089 2195 2145 severitas
2250 2091 2564 2161 jnstissimae
2630 2107 2871 2149 censurae
2936 2101 2994 2151 et
3064 2097 3398 2154 zizaniorum
3449 2113 3514 2153 ac

1933 2178 2255 2235 tribulorum
2297 2182 2366 2235 de
2412 2197 2542 2253 agro
2583 2185 2829 2240 cordium
2873 2185 3298 2258 delinquentium
3342 2192 3514 2260 pessi-

1931 2285 2074 2324 mam
2102 2269 2505 2327 suﬁ’ocationem
2530 2273 2771 2331 falcifera
2797 2277 3188 2336 emendationis
3213 2281 3512 2337 succisionc

1932 2359 2195 2415 radicitus
2218 2362 2542 2432 exstirpare,
2568 2373 2732 2436 atque
2753 2382 2971 2423 vomere
2997 2367 3226 2440 iustitia:
3254 2381 3310 2428 et
3333 2379 3511 2429 rastro

1931 2447 2179 2503 veritatis
2206 2449 2476 2518 excolere,
2504 2460 2565 2507 ut
2588 2456 2838 2511 novalem
2875 2456 3113 2513 fructum
3138 2460 3263 2517 ﬁdei
3305 2469 3363 2517 et
3386 2478 3511 2517 san-

1932 2538 2139 2595 ctitatis
2183 2542 2417 2596 creatori
2460 2559 2561 2599 suo
2599 2546 2773 2602 valeat
2793 2563 3101 2617 procreare.
3149 2550 3277 2607 Haec
3318 2553 3511 2624 exigua

1934 2631 2099 2687 verba
2146 2632 2213 2688 de
2268 2636 2601 2691 exsecranda
2662 2638 2965 2709 hypocrisis
3020 2640 3261 2711 nequitia
3309 2642 3512 2697 dixisse

1934 2722 2183 2778 suﬁiciat.
2238 2723 2376 2780 Nam
2426 2727 2492 2782 de
2541 2729 2878 2797 gravioribus
2920 2728 3140 2800 ﬂagitiis
3189 2729 3510 2786 delictorum

1935 2813 2207 2869 disserere
2248 2830 2357 2870 non
2404 2824 2486 2872 est
2525 2833 2724 2874 meum.
2774 2819 2921 2875 Illius
2967 2835 3183 2890 semper
3226 2821 3510 2877 sententia:

1935 2908 2300 2964 recordabar:
2324 2908 2489 2964 Posui
2523 2912 2603 2964 ori
2637 2927 2749 2966 meo
2778 2911 3092 2977 custodiam,
3115 2911 3241 2966 dum
3278 2912 3511 2966 consistit

1933 3006 2174 3067 peccator
2205 2999 2478 3054 adversum
2502 3017 2585 3054 me
2616 3000 2787 3072 (Psal.
2811 3002 3061 3073 xxxvm).
3098 3000 3164 3057 Ut
3195 3018 3299 3058 non
3321 3001 3508 3074 loqua-

1860 3099 1906 3160 ρ
1936 3084 2023 3140 tur
2050 3104 2106 3142 os
2143 3104 2315 3143 meum
2344 3106 2502 3160 opera
2526 3091 2796 3145 hominum
2839 3090 3012 3162 (Psal.
3045 3090 3179 3165 xvi).
3218 3092 3312 3147 llle
3332 3090 3513 3162 justus

1928 3177 2117 3247 judex,
2148 3181 2240 3250 qui
2269 3189 2351 3237 est
2385 3183 2648 3238 mentium
2689 3184 2844 3239 testis
2870 3192 2925 3239 et
2954 3186 3289 3242 occultorum
3322 3184 3509 3257 cogni-

1933 3279 2041 3339 tor,
2076 3272 2191 3342 ipse
2226 3283 2309 3329 est
2346 3281 2402 3330 et
2442 3276 2548 3330 erit
2589 3277 2745 3332 bonis
2786 3278 3052 3333 bonorum
3091 3279 3147 3334 in
3184 3279 3510 3350 sempiterna

1934 3360 2103 3431 gloria
2131 3364 2441 3428 retributor,
2476 3372 2533 3419 et
2553 3366 2820 3421 malorum
2846 3368 3141 3422 secundum
3174 3368 3370 3423 merita
3395 3368 3509 3423 sin-

1933 3452 2181 3521 gulorum
2208 3457 2587 3512 veracissimus
2615 3457 2774 3513 ultor.

1935 3645 2154 3701 reﬂexa.

2006 3727 2028 3788 ξ
2070 3713 2298 3788 causam
2317 3715 2662 3788 delinquentis
2683 3717 2925 3774 adornat.
2959 3719 3132 3776 Causa
3161 3722 3266 3778 hoc
3282 3721 3402 3780 loco
3426 3734 3509 3779 est

1934 3785 2196 3851 defensio,
2226 3785 2525 3842 excusatio.
2573 3787 2856 3844 Terentius
2899 3790 2956 3845 in
3002 3790 3230 3862 Hecyra,
3280 3800 3385 3848 act.
3416 3793 3503 3858 iV,

1935 3871 2012 3911 SC.
2044 3871 2098 3909 IV
2124 3874 2136 3909 ε

2181 3947 2283 3996 Etsi
2311 3947 2399 3998 tibi
2421 3960 2561 3998 causa
2585 3955 2662 3999 est
2691 3949 2757 4000 de
2778 3949 2867 4001 hac
2889 3963 2965 4002 re.

1937 4029 2039 4086 Ubi
2072 4030 2349 4107 Donat_us_:
2394 4049 2439 4107 «_
2453 4031 2688 4107 Causam
2731 4048 2883 4090 more
2926 4049 3026 4091 suo
3060 4050 3160 4107 pro
3195 4035 3508 4095 defensione

1886 4140 1897 4159 ς
1936 4101 2134 4172 posuit.
2171 4121 2190 4153 ι
2231 4101 2299 4155 Ει
2327 4102 2381 4156 in
2406 4100 2764 4158 Phormione:

2058 4193 2244 4243 Justam
2271 4190 2401 4242 illam
2423 4205 2634 4256 causam,
2658 4193 2870 4255 facilem,
2899 4196 3199 4261 vincibilem,
3224 4200 3471 4261 optimam.

1937 4275 2213 4330 Donatus:
2242 4292 2261 4326 ι
2295 4290 2515 4330 causam
2538 4292 2639 4347 pro
2664 4276 2975 4332 defensione
2998 4278 3196 4347 posuit.
3223 4299 3243 4333 ι
3277 4279 3507 4336 Causam

1938 4360 2068 4416 ergo
2096 4346 2381 4417 iadornare
2422 4354 2505 4400 est
2544 4346 2915 4417 defensionem
2957 4363 3176 4417 parare,
3218 4350 3510 4416 instruere,

1858 4443 1914 4505 D
1940 4415 2577 4505 quasdam‘rationesuad
2615 4415 2875 4472 delictum
2913 4415 3280 4474 eicusandum
3305 4419 3391 4475 vel
3423 4415 3513 4475 ex-

1940 4485 2268 4540 tenuandum
2297 4485 2556 4554 proferre.

2006 4553 2048 4629 d_
2065 4553 2177 4629 Nec
2203 4552 2600 4629 dissimulanter
2618 4572 2735 4626 qua:
2752 4556 3020 4629 permittit.
3041 4555 3202 4629 Lege,
3234 4559 3507 4629 necgdissi-

1939 4622 2208 4696 mulando,
2239 4631 2295 4678 et
2318 4625 2375 4678 τὸ
2399 4640 2526 4696 quae
2539 4622 2807 4696 expunge.
2836 4625 2962 4694 quia
2987 4622 3268 4682 redundat.
3300 4627 3370 4684 Ut
3398 4629 3510 4682 haec

1937 4693 2011 4747 ita
2040 4692 2432 4748 connectantur
2456 4709 2469 4745 :
2498 4692 2901 4748 Nec‘humilia'ri
2921 4712 3039 4750 eum
3063 4698 3185 4752 sinit
3208 4714 3228 4752 :
3251 4714 3342 4752 nec
3361 4698 3511 4752 dissi-

1938 4761 2218 4838 mulando,
2253 4762 2505 4832 permittit
2552 4764 2618 4817 de
2663 4764 3023 4833 satisfactione
3060 4771 3122 4821 'et
3167 4769 3320 4823 venia
3363 4767 3505 4838 (sup.

1935 4830 2076 4902 eum)
2105 4830 2352 4903 cogitare.
