3958 6198
405 360 508 423 765

1394 379 1455 441 S,
1493 373 1852 433 BENEDIC'I'I
1888 371 2181 429 ABBATIS
2217 369 2622 426 ANIANENSIS

3547 370 3646 427 76$

407 496 551 550 torio
577 510 608 548 a
627 505 654 534 ι
685 492 882 549 clerico
909 492 1190 557 recitetur,
1225 490 1340 561 ipso
1369 489 1698 544 oblationem
1738 486 1971 540 fratrum
1998 489 2050 546 Α
2075 483 2239 555 gestis
2261 482 2518 538 caelorum
2547 482 2687 551 quod
2712 480 2994 551 suscepisti
3016 479 3071 536 in
3096 481 3276 537 terris.
3304 481 3373 537 Et
3394 490 3518 553 post
3537 485 3649 540 ltzec

410 586 691 642 recitante.
731 581 789 638 Si
829 592 1006 637 tamen
1034 581 1201 637 abbas
1221 583 1395 637 adhuc
1422 580 1708 636 defunctus
1732 595 1840 634 non
1861 578 1977 633 fue-

409 677 501 739 rit,
533 684 587 729 et
620 674 796 728 adhuc
834 671 1043 727 deletus
1071 687 1101 724 a
1128 671 1265 725 vivis
1307 686 1416 725 non
1459 669 1641 734 fuerit,
1693 676 1819 722 tunc
1854 674 1977 737 post

411 780 605 819 nomen
659 761 896 830 majoris.
930 760 1114 815 bNam
1155 769 1439 831 postquam
1490 758 1730 814 defuncti
1782 772 1974 812 nomen

410 854 553 908 inter
592 852 932 921 quiescentes
975 852 1310 921 migraverit,
1342 851 1466 905 novi
1497 865 1693 905 nomen
1723 850 1775 903 in
1800 849 1997 917 capite,

378 958 385 963 '
410 941 697 996 scribatur.
731 941 852 995 Mox
879 956 1008 1011 ergo
1034 940 1369 996 celebrantes
1401 941 1456 994 in
1488 939 1728 994 oratorio
1759 939 1971 1001 missas,

408 1048 533 1087 cum
562 1032 936 1101 explicuerint,
988 1039 1277 1100 praesente,
1310 1039 1369 1084 ut
1402 1032 1655 1095 diximus,
1701 1029 1975 1099 pontifice,

410 1122 497 1177 vel
532 1131 729 1177 cuncto
764 1121 954 1176 ordine
986 1121 1277 1175 clericatus
1306 1119 1487 1185 oﬂicii,
1522 1121 1644 1174 data
1670 1120 1773 1173 eia
1799 1120 1980 1189 priore

411 1226 580 1281 pace,
623 1210 709 1265 vel
756 1211 1116 1279 subsequente
1162 1211 1597 1280 congregatione,
1638 1209 1817 1263 tradat
1842 1210 1891 1263 ei
1922 1209 1978 1262 in

412 1314 631 1353 manum
660 1300 800 1353 hanc
838 1297 1121 1369 Regulam,
1175 1298 1358 1363 simul,
1404 1306 1460 1351 et
1503 1299 1701 1367 petitas
1734 1297 1912 1353 claves
1948 1313 1979 1351 a

412 1390 695 1445 cellerario
718 1392 785 1445 de
810 1401 833 1430 ο
859 1389 1041 1444 inticis
1074 1390 1386 1444 monasterii
1418 1398 1474 1444 et
1496 1389 1523 1429 δ
1546 1389 1767 1445 brevem
1798 1403 1979 1444 rerum

411 1482 787 1536 universarum
844 1480 1408 1548 ferramentorumque
1467 1485 1523 1533 et
1572 1479 1838 1544 codicum,
1896 1478 1982 1532 vel

412 1571 789 1626 universarum
816 1569 1114 1635 mobilium,
1146 1577 1201 1625 et
1232 1570 1432 1625 collata
1474 1569 1812 1638 singulorum
1844 1580 1868 1608 ο
1898 1576 1981 1623 te—

411 1669 677 1717 stamenta
717 1660 898 1714 omnia
946 1668 1073 1714 ante
1109 1659 1419 1729 pontificem
1451 1660 1812 1730 assignentur.
1846 1657 1981 1713 Nam

412 1754 558 1808 dicat
584 1752 634 1807 ei
671 1751 757 1807 cui
792 1751 883 1805 dat
917 1751 1180 1821 Regulam
1214 1752 1372 1814 hanc,
1417 1758 1687 1819 praesente
1727 1747 1983 1819 pontifice

2075 578 2217 633 dicta
2247 577 2424 631 tradat
2448 576 2495 629 ei
2527 574 2748 645 pallium
2781 590 2935 629 suum
2963 593 2976 628 :
3002 590 3109 645 quo
3145 584 3395 645 accepto,
3437 576 3533 646 qui
3559 593 3648 632 ac-

2076 668 2282 738 ceperit
2308 665 2320 717 i
2356 666 2629 720 osculetur
2652 680 2871 719 manum
2894 665 3090 719 dantis.
3116 664 3185 719 Et
3203 680 3326 719 cum
3353 667 3648 735 acceperit,

2076 774 2198 812 mox
2222 757 2497 828 ingressus
2520 772 2643 810 cum
2668 756 2947 810 sacerdote
2977 769 3147 808 novus
3171 753 3340 809 abbas
3370 770 3495 809 cum
3522 771 3653 809 con-

2076 849 2385 919 gregatione
2429 846 2542 915 jam
2589 861 2686 899 sua
2729 845 2782 899 in
2831 844 3129 899 oratorium
3163 851 3218 897 et
3246 852 3400 899 stans
3432 845 3487 898 in
3532 844 3651 900 loco

2076 938 2294 1007 prioris,
2333 932 2620 1007 postquam
2664 936 2918 990 sacerdos
2946 948 3045 1005 pro
3073 948 3139 989 eo
3166 934 3471 989 orationem
3504 934 3652 991 fude-

2078 1030 2169 1091 rit,
2201 1029 2385 1082 statim
2409 1028 2571 1081 vadat
2609 1042 2779 1082 novus
2819 1020 2989 1081 abbas
3032 1027 3100 1081 ad
3147 1025 3358 1081 altare:
3385 1035 3441 1081 et
3491 1035 3654 1096 ponat

2078 1133 2241 1186 super
2266 1133 2388 1171 eum
2429 1116 2706 1188 Regulam,
2748 1117 2776 1156 ιι
2809 1124 2865 1171 et
2889 1117 3016 1171 dum
3044 1132 3163 1171 eam
3196 1118 3350 1187 ponit
3372 1132 3539 1187 quam
3569 1133 3657 1173 ac-

2078 1207 2241 1275 cepit,
2282 1206 2426 1260 dicat
2455 1214 2602 1259 retro
2642 1205 2819 1260 omnis
2859 1206 3210 1275 congregatio
3238 1222 3345 1260 una
3381 1221 3506 1260 cum
3539 1206 3656 1276 ipso

2078 1297 2222 1350 hunc
2248 1310 2463 1349 versum
2488 1313 2499 1347 :
2528 1293 2795 1364 Conﬁrma
2822 1296 2940 1361 hoc,
2968 1294 3132 1362 Deus,
3162 1296 3302 1366 quod
3326 1307 3574 1368 operatus
3602 1315 3654 1352 es

2078 1385 2132 1437 in
2160 1384 2326 1438 nobis.
2356 1383 2491 1438 Cum
2527 1384 2696 1455 gloria
2737 1393 2791 1439 et
2826 1383 3117 1440 cantilena.
3158 1385 3289 1453 Quae
3312 1402 3435 1441 cum
3460 1388 3653 1457 praedi—

2080 1475 2243 1541 xerit,
2278 1490 2402 1528 mox
2434 1474 2579 1529 clara
2610 1490 2743 1529 voce
2769 1483 3122 1545 prosternens
3160 1491 3220 1531 se
3254 1476 3309 1530 in
3349 1477 3654 1533 orationem

2079 1567 2389 1636 pavimento
2409 1575 2627 1637 expetat
2648 1581 2746 1635 pro
2765 1582 2823 1621 se
2840 1581 2999 1622 orare
3022 1566 3394 1622 sacerdotem:
3423 1565 3442 1605 ι
3464 1565 3652 1639 [quod]

2082 1665 2136 1711 et
2165 1665 2312 1712 retro
2354 1666 2504 1713 stans
2532 1658 2880 1728 congregatio
2921 1658 3171 1713 similiter
3209 1658 3522 1728 pavimento
3560 1659 3653 1713 ad-

2082 1750 2319 1814 haereat;
2349 1758 2404 1804 et
2428 1761 2468 1788 ιιι
2496 1759 2778 1820 surgentes
2812 1759 2933 1821 post
2970 1750 3289 1819 completam
3323 1750 3649 1816 orationem,

411 1844 497 1901 vel
525 1845 776 1900 universo
819 1844 964 1900 clero
998 1842 1114 1911 eius
1140 1860 1155 1897 :
1181 1843 1389 1913 Accipe,
1430 1841 1619 1907 frater,
1654 1840 1841 1910 Legem
1884 1839 1984 1892 Dei
2011 1829 2057 1887 Β
2087 1852 2113 1879 ιι
2143 1840 2418 1897 osculetur
2456 1857 2631 1913 genua
2670 1842 2987 1907 sacerdotis,
3030 1851 3085 1896 et
3120 1842 3362 1912 erigatur
3389 1842 3440 1896 ei
3468 1842 3537 1896 ad
3566 1857 3658 1912 pa-

413 1937 548 1989 Itanc
584 1934 841 2006 regulam,
883 1936 938 1989 in
968 1952 1074 2004 qua
1103 1934 1493 1988 observantibus
1532 1943 1780 1988 a’ternam
1812 1932 1984 2002 provi-

412 2024 536 2077 deas
563 2023 741 2089 vitam,
772 2022 1143 2094 negligentibus
1169 2024 1535 2093 sempiternum
1550 2039 1810 2093 proponas
1826 2021 1982 2091 judi—

413 2115 571 2167 cium.
605 2113 705 2167 Hic
733 2116 911 2168 anima
940 2114 1117 2180 vincit,
1147 2123 1237 2168 aut
1265 2116 1435 2185 perit;
1470 2115 1554 2167 hic
1579 2115 1684 2168 vita
1708 2123 1801 2168 aut
1822 2114 1981 2168 amit-

414 2205 565 2269 titur,
595 2213 686 2258 aut
717 2213 938 2259 tenetur.
976 2205 1073 2259 llic
1094 2205 1292 2273 pendet
1317 2205 1564 2268 istarum,
1595 2219 1731 2273 quas
1765 2204 1981 2273 conspi-

413 2296 515 2358 cis,
542 2294 844 2348 animarum
871 2310 901 2347 a
922 2303 975 2348 te
1000 2293 1095 2348 Dei
1122 2295 1351 2350 exactio.
1382 2294 1402 2333 ί
1432 2294 1508 2349 De
1537 2295 1640 2349 hoc
1664 2294 1830 2349 breve
1857 2309 1981 2363 gre-

414 2382 498 2452 gis
540 2381 696 2436 istius
740 2382 793 2435 in
817 2382 1022 2452 judicio
1053 2382 1264 2438 Domini
1300 2391 1421 2454 post
1449 2399 1534 2438 me
1566 2392 1622 2437 tu
1651 2382 1895 2438 facturus
1924 2399 1986 2438 es
2032 2380 2045 2391 ⁸

415 2468 699 2524 rationem.
751 2468 1040 2537 Memento,
1097 2469 1287 2537 frater,
1337 2482 1642 2538 memento,
1689 2472 1817 2542 quia
1863 2472 1985 2541 plus

414 2560 500 2614 cui
534 2561 795 2625 creditur,
832 2562 949 2632 plus
975 2564 1043 2618 ab
1072 2578 1138 2618 eo
1165 2564 1401 2635 exigitur
1429 2583 1443 2618 :
1476 2573 1531 2619 et
1557 2574 1675 2620 esto
1700 2565 1813 2635 jam
1838 2564 1985 2619 solli-

412 2649 572 2716 citus,
614 2658 671 2706 et
709 2648 818 2707 noli
849 2667 971 2708 esse
999 2669 1225 2709 securus
1262 2656 1328 2710 de
1368 2655 1479 2727 lupi
1508 2657 1795 2711 voracibus
1817 2655 1986 2712 fauci-

414 2740 515 2797 bus
545 2744 571 2783 ⁸
605 2742 895 2801 diabolicas
932 2746 1155 2802 insidias
1181 2749 1330 2818 gregi
1359 2758 1451 2803 tuo
1478 2749 1707 2815 futuras,
1741 2750 1770 2789 ιι
1795 2750 1890 2805 sed
1927 2760 1984 2805 et

414 2831 731 2889 vulneribus
771 2836 1073 2891 animarum
1116 2839 1200 2892 vel
1241 2841 1413 2895 minis
1461 2841 1762 2911 culparum,
1789 2841 1984 2911 quibus

414 2923 626 2978 artibus
656 2925 743 2979 vel
783 2927 1171 2983 monitionibus
1199 2929 1267 2983 ad
1297 2929 1527 2985 salutem
1565 2931 1776 2985 animas
1804 2930 1984 2985 valeas

416 3012 741 3069 instaurare.
788 3015 917 3070 Esto
957 3015 1091 3085 jam,
1144 3027 1402 3088 quantum
1443 3030 1616 3088 potes,
1666 3019 1895 3090 vigilans
1929 3029 1986 3075 et

415 3099 700 3166 sollicitus,
747 3103 875 3170 quia
926 3119 1098 3173 usque
1151 3105 1312 3161 hodie
1366 3105 1515 3161 fuisti
1564 3122 1806 3162 securus.
1857 3106 1983 3163 Haec

415 3203 540 3242 cum
574 3191 943 3259 compleverit,
991 3192 1255 3265 Regulam
1298 3196 1458 3251 istam
1505 3199 1709 3252 tenenti
1739 3200 1795 3253 in
1819 3216 1983 3255 manu

416 3279 610 3335 iterato
660 3281 806 3336 dicat
852 3283 1020 3339 abbas
1044 3303 1058 3339 :
1082 3284 1369 3355 Ingredere
1424 3288 1479 3342 in
1531 3289 1828 3344 oratorium
1881 3290 1984 3345 Do-

415 3369 571 3438 mini,
624 3379 680 3426 et
722 3380 805 3427 sta
842 3372 898 3427 in
939 3373 1059 3429 loco
1094 3391 1215 3430 meo
1255 3392 1378 3433 cum
1421 3381 1838 3449 congregatione
1869 3381 1983 3451 jam

415 3469 530 3515 tua.
571 3460 814 3533 Alligeti
848 3478 1092 3520 summus
1131 3466 1386 3522 sacerdos
1425 3468 1763 3523 orationibus
1789 3472 1903 3524 suis
1928 3470 1983 3525 in

485 3617 816 3745 ἓέοέἓξῇξο.
841 3620 900 3677 Id
950 3630 1055 3690 est,
1094 3624 1429 3696 presbytero.
1482 3624 1689 3681 Nomen
1733 3628 1984 3697 generale

412 3702 512 3758 pro
538 3702 771 3758 spectati.

485 3759 514 3799 δ
546 3759 688 3835 Nam
702 3770 989 3835 postquam
1010 3761 1239 3835 defuncti
1269 3781 1475 3828 nomen,
1504 3774 1609 3821 etc.
1641 3765 1698 3820 Id
1724 3774 1826 3835 est,
1857 3784 1981 3823 cum

413 3841 607 3908 nomen
633 3831 1099 3908 abbatis'defuncti
1128 3833 1181 3908 in
1216 3848 1335 3908 eam
1360 3845 1569 3908 partem
1612 3850 1704 3891 seu
1731 3831 1981 3908 paginam

411 3897 646 3979 diptychi
713 3900 768 3953 in
827 3915 932 3979 qua
1012 3902 1231 3979 nomina
1262 3897 1679 3979 defunctorum
1712 3897 1984 3979 abbatum

411 3969 739 4091 scribitntui,
767 3969 996 4024 relatum
1024 3969 1218 4035 fuerit;
1260 3973 1315 4029 id
1342 3984 1447 4039 est,
1475 3990 1597 4029 cum
1636 3978 1805 4033 abbas
1832 3993 1979 4032 mor-

436 4053 535 4091 uus
580 4055 690 4091 ueri
721 4080 733 4091 .

436 4053 535 4091 uus
558 4040 733 4094 fuerit.

484 4116 506 4144 α
537 4109 739 4187 (micis.
772 4110 973 4179 lnticm,
1002 4115 1057 4167 id
1113 4123 1220 4179 est,
1268 4112 1529 4187 enthecac,
1580 4122 1641 4168 ut
1685 4115 1980 4187 diptycum,

412 4188 509 4253 PF“
533 4176 875 4253 diP‘thum;
909 4176 1238 4253 eptatycum,
1269 4196 1368 4253 pro
1405 4176 1839 4253 heptateuchuni.
1870 4176 1980 4240 Eni

414 4244 571 4323 theca
608 4244 873 4323 a'_Gra_:co,
927 4244 1120 4318 ὣθήκή,
1170 4244 1567 4323 repositorium,
1598 4253 1753 4319 cella,
1783 4255 1835 4308 in
1876 4270 1981 4323 qua

415 4315 714 4394 substantia
745 4318 968 4394 domus_
990 4336 1085 4394 seu
1108 4315 1115 4318 ⁷
1140 4315 1452 4394 monasterii
1492 4315 1819 4394 reconditur.
1852 4315 1983 4379 Cas-

414 4385 620 4462 sianus,
649 4385 743 4442 lib.
776 4405 829 4444 tv
857 4392 923 4446 de
950 4391 1215 4446 lnstitutis
1241 4389 1685 4462 renuntiantium,
1717 4408 1834 4462 cap.
1866 4394 1930 4447 14
1963 4409 1977 4448 :

419 4469 439 4503 ι
477 4455 717 4527 Cumque
742 4466 906 4515 totam
926 4463 1207 4515 enthecam
1232 4458 1458 4514 caenobii
1486 4475 1638 4513 suam
1660 4455 1844 4517 credat
1862 4478 1979 4519 esse

2083 1947 2222 1986 cem.
2271 1930 2476 1985 Deinde
2528 1932 2674 1987 omni
2719 1930 2896 1986 ollicio
2943 1931 3060 2001 ejus
3108 1946 3296 2002 pacem
3348 1932 3656 1997 contradat,

2084 2022 2278 2077 deinde
2316 2022 2621 2092 praepositis
2670 2022 2755 2078 vel
2799 2023 2944 2077 omni
2990 2024 3435 2095 congregationi:
3483 2032 3539 2079 et
3582 2025 3658 2079 sic

2083 2119 2240 2166 exeat
2276 2111 2608 2181 disciplinae,
2650 2106 2871 2166 tradens
2894 2111 3075 2167 claves
3114 2128 3275 2167 manu
3304 2128 3402 2167 sua
3430 2112 3658 2168 cellera-

2085 2201 2186 2255 rio.
2223 2200 2344 2255 Mox
2376 2200 2579 2255 vadens
2618 2209 2673 2256 et
2711 2201 3010 2255 orationem
3053 2217 3176 2256 cum
3218 2201 3471 2256 omnibus
3513 2217 3661 2256 com-

2081 2293 2237 2363 plens
2262 2293 2380 2347 sine
2406 2293 2685 2347 sacerdote
2714 2293 2827 2362 jam
2864 2293 2977 2362 ipse
3002 2295 3168 2361 petita
3195 2293 3579 2348 benedictione
3607 2294 3658 2347 in

2084 2384 2344 2440 cathedra
2391 2383 2578 2439 sedeat
2620 2384 3069 2453 praedecessoris,
3122 2385 3301 2454 primo
3347 2386 3657 2454 przepositi,

2083 2475 2276 2529 deinde
2314 2489 2506 2529 omnes
2532 2472 2649 2544 ejus
2678 2489 2849 2544 genua
2887 2474 3217 2529 osculentur.
3266 2473 3388 2528 Mox
3434 2489 3660 2544 surgens

2083 2568 2245 2621 vadat
2265 2567 2333 2621 ad
2348 2565 2616 2635 jacentem
2641 2567 2897 2636 priorem,
2949 2573 3004 2620 et
3028 2566 3302 2621 osculetur
3324 2581 3499 2641 genua
3523 2564 3657 2633 ejus,

2081 2655 2395 2726 porrigatur
2418 2654 2487 2709 ad
2513 2669 2701 2724 pacem
2722 2654 2791 2708 ei.
2820 2653 2949 2708 Post
2973 2664 3251 2725 acceptam
3280 2670 3472 2723 pacem
3494 2670 3662 2724 quon-

2083 2746 2207 2801 dam
2232 2745 2381 2815 prior
2415 2745 2560 2801 dicat
2583 2744 2834 2800 omnibus
2860 2762 2872 2798 :
2903 2744 3121 2809 fratres,
3156 2753 3213 2798 et
3239 2759 3339 2814 pro
3370 2760 3457 2799 me
3483 2754 3656 2808 orate,

2084 2846 2147 2892 ut
2188 2838 2463 2893 orationes
2512 2837 2815 2890 animarum
2862 2847 3164 2890 vestrarum
3206 2842 3514 2889 transactus
3554 2850 3661 2888 una

2083 2944 2207 2983 cum
2241 2943 2361 2983 mea
2391 2927 2595 2998 possim
2637 2926 2691 2980 in
2730 2926 2817 2981 die
2857 2924 3046 2994 judicii
3077 2934 3203 2980 ante
3230 2925 3522 2980 Dominum
3551 2926 3665 2980 dis-

2083 3033 2357 3074 cussorem
2399 3017 2638 3087 integras
2675 3029 2943 3084 exponere
2964 3024 3017 3070 et
3041 3015 3270 3070 fideliter
3295 3015 3618 3084 consignarc
3643 3032 3656 3068 :

2083 3118 2139 3166 et
2174 3110 2443 3181 quomodo
2486 3125 2583 3164 vos
2624 3108 2991 3163 constabilivit
3029 3108 3284 3163 Dominus
3308 3106 3361 3161 in
3391 3107 3572 3171 terris,
3606 3115 3660 3161 et

2010 3185 2054 3246 C
2085 3216 2235 3256 meos
2262 3200 2400 3255 bene
2424 3200 2601 3253 exitus
2631 3198 2911 3268 suscipere
2941 3197 3194 3268 dignetur
3218 3199 3273 3250 in
3304 3196 3475 3251 culis.
3507 3196 3661 3251 Unde

2082 3292 2126 3347 si
2170 3300 2293 3362 post
2332 3291 2435 3344 hoc
2473 3289 2612 3344 forte
2649 3288 2966 3343 melioratus
3009 3289 3125 3359 ipse
3164 3286 3331 3342 abbas
3365 3286 3659 3341 defunctus

2081 3395 2188 3436 non
2234 3379 2418 3444 fuerit,
2467 3394 2683 3433 omnem
2716 3377 2988 3433 licentiam
3015 3377 3102 3467 vel
3128 3384 3475 3447 potestatem,
3514 3377 3661 3431 ordi-

2081 3471 2463 3540 nationemque
2513 3469 2599 3524 vel
2649 3469 2910 3525 honorem
2967 3468 3256 3539 pristinum
3290 3475 3314 3502 °
3352 3468 3657 3540 disciplina:

2108 3626 2294 3680 'uturis.

2082 3626 2311 3767 [αξιυὲἒᾶ
2332 3703 2379 3750 ει
2402 3695 2719 3750 vulneribus.
2756 3695 2898 3767 Lege
2928 3712 2941 3749 :
2967 3694 3072 3767 sed
3095 3704 3143 3748 et
3165 3696 3229 3749 de
3260 3693 3585 3751 uulneribus.

2161 3766 2175 3835 ᾗ
2214 3764 2463 3835 Summus
2485 3767 2745 3820 sacerdos.
2773 3764 2951 3825 ld‘est,
2991 3765 3292 3835 episcopus.

2156 3832 2169 3883 i
2209 3832 2508 3900 Osculetur,
2537 3836 2625 3907 qui
2670 3832 3139 3907 accepit,imanum
3175 3832 3378 3907 dantis.
3410 3835 3655 3907 _Veteres

2081 3904 2212 3959 olim
2239 3920 2432 3959 manus
2484 3903 2866 3959 osculabantur
2893 3905 2944 3957 in
2973 3905 3182 3975 signum
3231 3904 3455 3959 honoris
3477 3914 3655 3975 etve-

2083 3976 2396 4029 nerationis.
2433 3975 2665 4032 Sanctus
2692 3974 3047 4044 Hieronymus
3073 3974 3124 4028 in
3156 3974 3276 4029 Vita
3315 3975 3489 4029 sancti
3515 3974 3656 4028 Hila-

2082 4044 2289 4099 rionis:
2320 4064 2338 4096 ι
2372 4045 2439 4099 Ει
2490 4046 2868 4101 benedicentes
2898 4043 3084 4098 Deum
3133 4045 3305 4099 sancti
3354 4043 3655 4099 deosculati

2083 4123 2208 4168 sunt
2237 4129 2445 4169 manus.
2478 4134 2496 4167 ι
2537 4114 2681 4171 Idem
2712 4116 2764 4169 in
2794 4113 2916 4168 Vita
2963 4115 3136 4169 sancti
3167 4114 3313 4168 Pauli
3359 4112 3605 4169 eremita:
3633 4129 3651 4166 :

2089 4200 2108 4254 ς
2148 4183 2418 4240 Osculatis
2455 4185 2571 4253 ejus
2620 4185 2788 4241 oculis
2838 4185 3210 4254 manibusque.
3241 4204 3261 4237 ι
3293 4182 3361 4238 Et
3395 4185 3560 4254 epist.
3586 4182 3655 4239 ad

2083 4251 2316 4333 Asellam
2345 4276 2364 4333 _:
2399 4273 2416 4306 ι
2450 4251 2842 4333 Oseulabantur
2860 4254 2986 4309 mihi
3008 4251 3200 4310 manus
3212 4251 3453 4324 quidam,
3481 4262 3540 4308 et
3557 4269 3653 4309 ore

2080 4325 2299 4393 vipereo
2328 4325 2697 4380 detrahebant.
2736 4344 2756 4377 ι

2152 4394 2191 4466 κᾼ
2211 4394 2278 4447 Et
2300 4395 2426 4447 dum
2450 4412 2563 4466 eam
2587 4396 2753 4466 ponit,
2775 4409 2933 4466 qu_am
2954 4392 3170 4462 accepit.
3188 4392 3458 4466 [Insunt
3477 4402 3656 4466 t_raus—

2153 4464 2274 4529 sita,
2306 4472 2362 4519 et
2393 4466 2474 4519 sic
2510 4462 2879 4535 legendafEt
2910 4472 3067 4535 ponat
3108 4480 3265 4535 super
3298 4462 3445 4535 illud
3475 4462 3657 4533 Regu-

412 4523 786 4604 substantiam.
815 4550 833 4582 ι
852 4531 1095 4604 _Sanctus
1116 4529 1468 4604 Augustinus,
1494 4544 1657 4583 serm.
1691 4531 1744 4597 t,
1764 4532 1839 4604 de
1866 4534 1978 4589 vita
2002 4523 2055 4583 D
2079 4523 2184 4604 1am
2217 4523 2374 4604 quam
2402 4523 2617 4604 accepi},
2647 4546 2692 4589 et
2722 4534 2861 4604 duni
2876 4523 3249 4604 eamimpon'ii,
3272 4533 3437 4604 dicat.

414 4598 732 4653 clericorum
760 4618 771 4651 :
803 4619 822 4651 α
851 4601 1145 4654 Enthecam
1198 4598 1351 4652 nobis
1382 4598 1579 4653 habere
1625 4616 1732 4654 non
1760 4601 1904 4656 licet.
1951 4624 1969 4657 ι

412 4668 627 4740 Novella
679 4667 964 4724 Iustiniani
992 4670 1116 4740 7128
1147 4686 1158 4721 :
1198 4686 1216 4720 ι
1253 4666 1386 4740 cum
1426 4670 1673 4725 omnibus
1713 4671 1802 4740 qui
1828 4672 1882 4727 in
1912 4688 1976 4728 ea

412 4739 773 4862 inv'enielnliur,
804 4739 1052 4810 agricolis
1085 4745 1139 4793 et
1161 4737 1382 4808 peculiis
1397 4752 1605 4806 eorum,
1628 4748 1683 4795 et
1708 4737 1973 4807 enthects,

412 4827 440 4862 e
516 4824 649 4862 I‘llCI
692 4824 771 4862 us.
806 4831 824 4862 ι

410 4818 465 4864 et
493 4811 771 4863 fructibus.
806 4831 824 4863 ι

481 4878 506 4917 ἀ
533 4878 767 4932 Brevem.
792 4881 868 4935 De
889 4880 989 4934 hac
1014 4894 1147 4934 voce
1172 4878 1312 4934 infra
1341 4878 1569 4934 dicetur.

484 4958 509 4986 ε
542 4947 887 5005 Testamenta.
928 4950 1268 5005 Testamenta
1314 4957 1438 5004 sunt
1474 4948 1828 5004 instrumenta
1876 4966 1972 5006 seu

409 5016 609 5071 chartze
636 5019 982 5074 donationum
1013 5028 1067 5075 et
1093 5019 1519 5087 acquisitionum.
1548 5017 1657 5073 Lex
1692 5019 1975 5087 Ripuario-

408 5100 549 5147 rum,
576 5088 658 5141 tit.
683 5089 772 5151 59,
805 5089 833 5160 §
862 5091 886 5144 I
922 5107 935 5142 :
966 5107 985 5141 ‹
1020 5088 1077 5144 Si
1108 5089 1229 5158 quis
1254 5089 1456 5160 aliquid
1473 5087 1637 5160 alteri
1650 5090 1969 5158 vendiderit,

408 5163 460 5207 et
488 5168 696 5226 emptor
743 5158 1117 5213 testamentum
1171 5158 1491 5212 venditionis
1529 5158 1771 5226 accipere
1793 5161 1973 5216 volue-

406 5225 501 5299 rit,
538 5244 554 5275 ι
581 5225 691 5281 etc.
721 5227 1080 5299 Marculphus,
1109 5227 1456 5299 formula_10l
1497 5244 1509 5279 :
1551 5243 1568 5274 σ
1609 5225 1721 5282 Sub
1744 5228 1967 5284 liberta-

404 5293 475 5348 tis
513 5303 834 5353 testamento
886 5293 1215 5353 solemnitcr.
1261 5317 1279 5350 ι
1313 5297 1381 5352 Et
1437 5297 1539 5351 hoc
1585 5312 1745 5353 sensu
1800 5300 1968 5355 multa

403 5369 726 5437 testamenta
773 5368 1025 5421 abbatum
1080 5368 1421 5437 intelligenda
1456 5376 1602 5432 sunt,
1652 5384 1883 5437 quorum
1909 5370 1972 5424 ﬁt

402 5436 608 5488 mentio
637 5436 689 5489 in
714 5437 954 5492 historiis
984 5445 1039 5492 et
1069 5436 1591 5492 multis’sanctorum
1624 5436 1777 5491 Vitis.

481 5500 502 5539 ί
532 5502 609 5557 De
633 5505 730 5559 hoc
762 5507 910 5579 breue
937 5510 1124 5579 gregis.
1179 5507 1254 5562 Ita
1297 5507 1547 5579 loquitur,
1582 5508 1704 5575 quia
1736 5507 1809 5561 ibi
1852 5516 1970 5579 erat

400 5570 568 5650 breve
597 5588 691 5627 seu
720 5570 1047 5643 matricu'la,’
1070 5578 1126 5631 in
1163 5592 1268 5647 qua
1312 5570 1698 5631 monachorum
1749 5578 1967 5633 nomina

467 5654 602 5697 1⁵11)ιᾶ
632 5654 806 5697 erant.

400 5648 821 5794 iugljgagzgzz;
838 5715 1086 5794 insidias:
1114 5716 1174 5794 In
1198 5714 1400 5794 chuia
1424 5731 1534 5794 insi
1560 5712 1651 5794 Yet
1677 5715 1964 5794 diabolicas

398 5777 642 5836 insidias.
674 5782 781 5836 Sed
836 5784 975 5854 lege,
1007 5785 1082 5839 vel
1120 5777 1390 5839 diabolicis
1434 5784 1641 5840 insidiis
1693 5788 1832 5856 gregi
1873 5797 1961 5840 tuo

2154 4602 2173 4642 ι
2205 4601 2358 4669 Quod
2383 4614 2430 4657 et
2459 4601 2615 4658 retro.
2644 4605 2719 4660 Ita
2748 4604 2803 4657 in
2829 4601 3032 4673 Regula
3061 4601 3164 4657 ms.
3205 4601 3573 4657 Nihilominus
3596 4606 3656 4660 τὸ

2076 4674 2218 4744 quod
2230 4674 2453 4744 Avidetur
2471 4675 2791 4729 redundare.

2150 4755 2189 4782 ω
2217 4740 2516 4813 Surgentes.
2544 4746 2622 4797 Ita
2652 4746 2704 4798 in
2736 4741 2936 4812 Regula
2960 4756 3061 4796 ms.
3094 4740 3468 4813 Nominativus
3489 4744 3654 4798 abso-

2077 4811 2218 4867 lutus
2241 4811 2339 4883 pro
2386 4815 2637 4869 ablativo.
2692 4811 2842 4881 Quod
2897 4826 3037 4879 scepe
3073 4813 3311 4883 occurrit
3337 4813 3391 4865 in
3421 4812 3526 4867 hoc
3555 4828 3656 4867 au-

2074 4881 2255 4963 ctore,
2285 4897 2315 4936 a
2350 4898 2456 4952 quo
2498 4900 2605 4938 non
2649 4885 2782 4939 adeo
2830 4893 3075 4937 exactam
3110 4881 3458 4961 Latinitatem
3505 4898 3656 4952 qua:-

2075 4966 2265 5006 l'ImUS.
3632 4968 3661 4977 "'

2147 5032 2175 5059 ιι
2205 5020 2482 5076 Oseuletur
2505 5039 2674 5091 genua
2695 5021 3001 5092 sacerdotis.
3035 5020 3099 5092 In
3132 5021 3343 5092 signum
3393 5034 3655 5076 reveren-

2076 5091 2164 5147 tia:
2194 5099 2248 5145 et
2279 5090 2651 5148 submissionis
2693 5093 2820 5147 olim
2849 5090 3048 5146 subditi
3084 5090 3422 5159 superiorum
3471 5106 3650 5160 genua

2074 5161 2475 5242 osculabantur,
2500 5163 2642 5242 quod
2678 5164 2856 5242 etiam
2908 5160 3222 5242 paulopost
3249 5160 3481 5242 videtur.
3519 5160 3651 5242 {mn

2071 5230 2179 5300 ipse
2208 5232 2429 5303 ‘(Abbas)
2467 5230 2623 5302 petita
2672 5230 3020 5303 benedictione
3076 5231 3131 5283 in
3186 5230 3435 5303 cathedra
3470 5230 3650 5303 sedeat

2070 5300 2497 5370 pra’decessor'is’;
2528 5312 2576 5356 et
2615 5305 2872 5356 venientes
2919 5300 3086 5371 primo
3145 5300 3434 5370 pra'positi,
3454 5300 3649 5371 deinde

2072 5368 2385 5442 omnesiejus
2410 5388 2576 5442 genua
2626 5368 2939 5426 osculentur.
2955 5370 3126 5442 _Apud
3146 5368 3423 5442 sanctum
3441 5368 3651 5442 Grego-

2068 5439 2208 5493 rium
2239 5439 2604 5497 Tdron'ensem
2656 5443 2710 5496 in
2774 5442 2906 5495 Vitis
2954 5439 3216 5509 Patrum,
3242 5453 3362 5509 cap.
3400 5439 3434 5493 8
3467 5453 3482 5491 :
3521 5458 3541 5488 ι
3576 5440 3648 5493 At

2068 5521 2168 5576 ego
2193 5525 2313 5583 cum
2338 5512 2691 5580 trepidatione
2718 5526 3049 5583 consurgens
3073 5508 3350 5565 osculatus
3371 5524 3493 5564 sum
3517 5524 3647 5564 sau-

2067 5587 2153 5631 cta
2174 5580 2288 5651 ejus
2316 5598 2506 5651 genua.
2544 5601 2562 5634 ι

2066 5720 2100 5775 d
2141 5648 2525 5772 °dDisciplinw.
2574 5649 2930 5719 Vocabulum,
2970 5649 3283 5722 discipline,
3310 5648 3522 5704 videtur
3554 5662 3645 5701 re-

2105 5734 2172 5772 un
2213 5735 2325 5773 are.

2105 5734 2325 5773 υιιαιιτο.
