3958 6198
272 351 375 407 765

1242 342 1631 401 CONCORDIA
1668 341 2120 399 REGULARUM.
2161 373 2232 384 ·-
2266 342 2416 399 CAP.

3416 349 3521 407 766

269 478 391 547 ipse
418 468 687 541 recipiat:
716 473 772 522 et
818 465 1034 532 merito,
1085 463 1173 520 cui
1219 464 1363 518 Deus
1407 463 1475 517 ad
1519 462 1625 518 hoc
1668 461 1844 531 ipsum
1871 468 1923 529 Α
1944 462 2125 533 piendi
2147 462 2233 517 vel
2247 462 2376 517 vitia
2404 463 2631 517 fratrum
2667 463 2985 518 emendandi
3026 463 3111 518 vel
3145 470 3521 523 excommuni-

269 562 512 620 reddidit
534 560 722 614 vitam.
763 555 1014 625 Nihilque
1056 554 1159 610 sibi
1207 554 1419 608 noviter
1457 551 1741 607 ordinatus
1775 566 1843 606 ex

270 657 360 713 illa
393 656 529 710 hora
557 666 728 721 usque
754 650 809 704 in
837 649 981 705 diem
1008 664 1151 703 verae
1177 647 1369 702 mortis
1395 646 1460 702 de
1489 647 1695 700 honore
1720 659 1846 700 oon-

269 748 463 804 stituto
505 742 762 798 vindicet.
809 739 879 794 Et
918 754 1040 794 cum
1088 738 1138 792 ei
1189 744 1369 792 certus
1413 734 1692 790 advenerit
1728 734 1845 789 dies

269 838 484 901 mortis,
513 836 605 905 qui
622 832 738 902 jam
760 833 859 887 sub
882 830 1171 901 praesentia
1193 828 1493 884 sacerdotis
1513 827 1723 896 pridem
1747 841 1845 879 ex-

269 929 410 986 stitit
435 926 740 989 ordinatus,
769 924 887 978 sine
924 921 1087 977 dubio
1109 922 1222 989 ipse
1251 920 1526 974 succedat.
1554 918 1632 972 lta
1665 926 1844 972 tamen

269 1022 314 1076 si
339 1034 503 1076 casus
537 1016 805 1087 superbiae
830 1013 915 1069 vel
940 1013 1189 1066 elationis
1227 1012 1343 1081 ejus
1381 1026 1487 1064 non
1534 1009 1846 1078 deposuerit

269 1110 484 1166 merita.
512 1119 537 1147 α
564 1106 706 1176 Ergo
746 1119 868 1159 cum
910 1101 1042 1155 nihil
1072 1100 1163 1155 illo
1190 1101 1313 1155 vivo
1356 1100 1459 1153 sibi
1501 1097 1846 1166 usurpaverit

270 1203 335 1256 de
361 1202 590 1262 honore,
617 1194 757 1268 [sed]
784 1196 888 1249 hoc
912 1201 1020 1247 tota
1047 1190 1240 1246 mentis
1263 1190 1560 1243 intentione
1582 1195 1843 1251 assumat,

269 1299 323 1346 et
356 1287 605 1358 diligenti
648 1284 1025 1339 observatione
1067 1280 1336 1336 custodiat
1364 1298 1377 1333 :
1404 1289 1464 1333 ut
1489 1295 1596 1333 non
1630 1279 1744 1349 jam
1780 1276 1847 1330 de

269 1384 478 1437 honore
528 1378 809 1446 designato
863 1374 1122 1428 reddatur
1160 1371 1353 1435 elatus,
1404 1370 1499 1425 sed
1552 1369 1605 1423 in
1657 1368 1848 1423 melius

270 1471 441 1542 magis
472 1476 593 1523 acta
622 1482 722 1522 sua
749 1466 813 1521 de
838 1462 1123 1535 praeceptis
1147 1461 1244 1516 Dei
1269 1462 1321 1514 in
1353 1459 1555 1528 Regula
1584 1459 1847 1513 constitu-

271 1562 341 1615 tis
367 1558 611 1629 quotidie
634 1559 698 1611 de
731 1571 791 1610 se
816 1569 999 1610 coram
1027 1552 1139 1605 Deo
1166 1558 1222 1605 et
1245 1549 1523 1614 fratribus,
1555 1549 1639 1602 vel
1668 1549 1846 1604 omni-

270 1653 372 1706 bus
395 1648 710 1705 hominibus
730 1645 989 1717 praebeat.
1020 1644 1087 1698 Et
1111 1644 1231 1713 plus
1255 1657 1311 1698 se
1337 1657 1404 1697 ex
1433 1650 1560 1695 tunc
1589 1641 1642 1694 in
1666 1641 1848 1695 verbis

271 1749 325 1797 et
353 1739 518 1794 factis
540 1739 657 1807 ipso
683 1736 869 1791 habitu
890 1734 1159 1799 humiliet,
1185 1750 1347 1803 quam
1375 1741 1532 1787 antea
1557 1748 1657 1802 pro
1679 1732 1848 1801 ipsius

1945 554 2102 610 candi
2128 554 2406 609 licentiam
2435 554 2636 608 habeat
2666 554 2999 608 attributam.
3031 554 3184 622 Quod
3227 556 3271 611 si
3300 573 3525 613 excom-

1943 644 2249 700 municatus
2275 643 2591 701 satisfacere
2611 646 2660 699 ei
2679 654 2933 699 consuete
2954 644 3204 711 noluerit,
3246 658 3522 703 reservata

1946 734 2102 804 culpa
2131 734 2249 804 ejus
2275 733 2474 799 abbati,
2517 735 2631 803 ipse
2660 749 2789 788 vero
2826 749 2994 803 usque
3040 735 3106 788 ad
3151 737 3438 791 adventum
3466 739 3523 791 in

1945 831 2101 878 reatu
2121 823 2694 877 excommunicationis
2736 833 3070 892 permaneat.
3101 824 3295 879 Omnia
3328 826 3430 881 ista
3455 843 3519 881 ex

1890 906 1896 915 ’
1946 912 2278 983 delegatione
2303 912 2628 967 ambulantis
2650 924 2918 978 exerceat,
2960 923 3016 969 et
3057 916 3109 969 in
3150 918 3401 973 omnibus
3425 919 3524 972 ab-

1946 1004 2115 1059 sentis
2139 1012 2262 1072 agat
2282 1004 2429 1058 vices
2450 1004 2676 1058 abbatis.
2702 1003 2807 1059 Sed
2832 1006 2934 1060 hoc
2957 1006 3131 1074 ipsum
3168 1024 3274 1062 non
3304 1025 3400 1064 suo
3441 1008 3526 1077 ju-

1946 1094 2087 1149 dicio
2113 1094 2215 1148 sibi
2245 1094 2560 1160 defendens,
2598 1096 2691 1150 sed
2727 1096 2878 1165 jussu
2908 1098 3110 1166 prioris
3133 1108 3186 1153 et
3208 1101 3322 1155 veri
3362 1103 3527 1157 abba-

1945 1185 2016 1239 tis
2045 1202 2058 1237 :
2093 1184 2278 1238 cumei
2316 1199 2413 1253 per
2428 1193 2751 1254 praeceptum
2805 1188 3157 1254 permittitur,
3200 1197 3325 1244 tunc
3360 1191 3527 1245 licen-

1946 1280 2077 1328 tiam
2106 1274 2305 1327 habeat
2328 1273 2526 1343 aliquid
2559 1276 2812 1329 ordinare
2832 1285 2924 1330 aut
2952 1278 3006 1331 in
3048 1279 3153 1333 hoc
3177 1258 3393 1335 honore
3411 1296 3528 1335 cre-

1947 1365 2039 1419 dat
2059 1380 2118 1419 se
2145 1380 2304 1434 posse
2327 1365 2643 1419 consistere.
2667 1364 2800 1419 Nam
2823 1366 2967 1420 omni
2998 1368 3131 1422 hora
3167 1369 3419 1425 omnibus
3448 1371 3528 1424 in-

1947 1455 2134 1510 dicans
2161 1469 2220 1509 se
2241 1469 2361 1510 esse
2389 1455 2670 1523 aequalem,
2701 1464 2755 1510 et
2781 1456 2971 1526 magis,
2998 1457 3041 1512 si
3067 1450 3179 1511 vu'lt
3205 1474 3325 1513 esse
3349 1460 3529 1530 perfe-

1947 1552 2087 1608 ctus,
2112 1551 2166 1598 et
2190 1545 2352 1614 digne
2377 1544 2509 1608 vult,
2533 1545 2597 1598 ad
2612 1545 2740 1613 quid
2770 1545 3058 1614 deputatus
3083 1555 3185 1611 est,
3219 1549 3519 1617 pervenire,

1948 1634 2280 1689 humiliando
2303 1649 2361 1689 se
2389 1635 2658 1689 universis
2691 1633 2950 1689 fratribus
2971 1636 3103 1701 suis,
3137 1637 3308 1707 magis
3331 1653 3389 1693 se
3417 1653 3530 1693 om~

1947 1724 2107 1778 nibus
2135 1724 2444 1778 inferiorem
2470 1723 2756 1793 adjudicet,
2781 1733 2835 1777 et
2870 1725 3116 1779 viliorem
3159 1739 3219 1781 se
3258 1728 3527 1783 universis

271 1827 595 1883 humilitatis
629 1826 799 1897 gratia
829 1824 1005 1879 fuerat
1034 1814 1363 1888 incurvatu‘s,
1392 1830 1454 1876 ut
1472 1836 1663 1877 omnes
1696 1821 1845 1875 aesti—
1874 1830 1921 1887 B
1948 1818 2137 1873 ultimo
2162 1818 2338 1872 cordis
2362 1819 2548 1872 credat
2577 1816 2790 1871 atl‘ectu.
2817 1816 2953 1883 Quia
2983 1818 3116 1875 tales
3161 1820 3309 1874 novit
3345 1819 3528 1875 Domi.

270 1927 422 1975 ment
454 1934 577 1975 eum
618 1916 958 1973 humiliorem
990 1922 1045 1969 et
1072 1914 1314 1968 viliorem
1345 1914 1595 1968 omnibus
1624 1910 1840 1984 [magis]

271 2018 394 2081 post
442 2008 868 2079 designationem
913 2005 1135 2060 honoris
1175 2004 1424 2058 effectum
1470 2018 1628 2071 quam
1676 2011 1841 2056 ante:

270 2110 332 2157 ut
361 2101 518 2171 quasi
545 2098 818 2169 profectus
850 2096 1045 2151 merito
1075 2094 1129 2149 in
1156 2111 1214 2150 se
1249 2094 1462 2149 Domini
1487 2094 1704 2164 impleat
1728 2108 1850 2148 sen-

270 2193 498 2248 tentiam
546 2189 812 2244 dicentis:
845 2185 948 2253 Qui
985 2186 1090 2241 vult
1129 2188 1266 2239 inter
1309 2202 1396 2239 vos
1423 2202 1533 2239 esse
1561 2185 1589 2224 ι)
1633 2184 1843 2254 fortior,

271 2279 339 2335 sit
385 2290 552 2335 vester
579 2289 600 2317 ο
630 2278 880 2342 ultimus;
925 2288 973 2331 et
1023 2278 1113 2348 qui
1158 2295 1214 2332 se
1242 2277 1610 2341 humiliarerit,
1661 2277 1845 2330 merito

271 2375 533 2427 excitetur
553 2370 766 2442 (Matth.
793 2368 905 2441 xx).
933 2369 1136 2424 Tamen
1158 2377 1380 2439 propter
1404 2370 1661 2423 honorem
1686 2383 1846 2438 quem

272 2463 529 2518 sacerdos
579 2461 916 2516 orationibus
966 2460 1323 2514 constituerat
1371 2477 1384 2511 :
1433 2467 1488 2512 et
1537 2473 1699 2512 manu
1751 2472 1848 2511 sua

272 2563 395 2624 post
442 2554 655 2608 abbatis
698 2553 918 2623 prioris,
961 2568 1083 2607 cum
1125 2551 1507 2613 inllrmaretur,
1550 2550 1605 2603 in
1633 2549 1849 2620 diptyco

274 2646 611 2702 monasterii.
640 2660 836 2700 nomen
885 2644 1219 2713 scripserat:
1248 2650 1305 2696 et
1344 2657 1443 2696 suo
1483 2640 1851 2696 honorabilius

273 2738 424 2807 prior
449 2745 504 2791 et
527 2751 689 2790 verus
728 2737 898 2789 abbas
929 2734 1129 2788 indicio
1156 2733 1424 2802 elegerat;
1468 2740 1524 2787 et
1549 2732 1690 2800 quod
1724 2739 1851 2787 ante

276 2842 383 2879 non
412 2825 616 2879 licebat
642 2839 739 2894 per
768 2824 1007 2894 regulam
1034 2837 1134 2892 pro
1159 2822 1403 2877 oratione
1439 2821 1760 2876 sacerdotali
1796 2827 1854 2875 et

279 2915 450 2982 ipsius
478 2914 691 2967 abbatis
722 2913 1006 2976 electione,
1053 2919 1109 2965 et
1153 2910 1322 2981 magis
1352 2921 1574 2980 propter
1612 2911 1852 2965 additam

276 3014 329 3057 et
357 3010 765 3072 augmentatum
804 3002 857 3054 in
886 3017 952 3055 eo
980 2999 1336 3054 humilitatem
1366 2998 1718 3053 secundarius
1737 2999 1850 3069 jam

268 3094 568 3166 jadicetur.
613 3092 767 3159 Quod
812 3107 1008 3146 nomen
1045 3107 1152 3145 non
1197 3107 1295 3145 suo
1331 3091 1534 3160 judicio
1570 3091 1685 3160 ipse
1707 3106 1851 3160 pra:-

277 3184 531 3252 sumpsit,
567 3183 660 3237 sed
686 3180 940 3251 perfecta:
969 3180 1326 3236 observantiae
1356 3181 1547 3235 merita
1578 3181 1633 3234 in
1659 3195 1722 3236 eo
1745 3180 1854 3236 ele-
1881 3182 1927 3247 C
1957 3185 2206 3255 gentibus
2255 3185 2541 3270 cozequalis

277 3282 492 3346 gerunt.
523 3271 549 3311 ἀ
577 3271 713 3326 Nam
753 3271 934 3341 regula
971 3270 1091 3325 ideo
1116 3278 1262 3324 vetat
1294 3271 1548 3325 constitui
1587 3271 1851 3326 secunda-

278 3365 391 3419 rios
435 3370 658 3433 propter
703 3361 986 3416 elationem
1032 3368 1088 3414 et
1130 3359 1456 3430 superbiam.
1510 3360 1644 3414 Nam
1693 3362 1855 3415 istum

278 3471 378 3526 per
398 3464 584 3510 actum
612 3456 766 3509 bonae
795 3453 1174 3517 observantia),
1210 3452 1293 3506 vel
1324 3453 1544 3507 nimiam
1584 3453 1857 3507 humilita-

282 3554 393 3600 tem
419 3554 477 3598 et
503 3544 647 3599 Deus
674 3544 859 3614 elegit,
892 3552 947 3597 et
967 3543 1134 3597 abbas
1172 3544 1459 3607 concessit,
1509 3551 1564 3597 et
1604 3544 1857 3598 sacerdos

279 3634 556 3689 ordinavit
581 3651 594 3686 :
624 3635 717 3688 sed
765 3633 1018 3687 constitui
1058 3633 1233 3687 adhuc
1264 3633 1374 3686 vita
1405 3631 1604 3701 prioris
1647 3631 1857 3686 reddita

279 3742 389 3780 non
432 3725 703 3795 permisit.
736 3723 890 3779 Unde
919 3739 985 3778 ex
1008 3722 1096 3777 illa
1124 3724 1210 3777 die
1244 3735 1267 3762 ο
1297 3724 1451 3792 quasi
1487 3722 1603 3790 jam
1645 3722 1858 3792 spirita-

283 3815 352 3868 lis
387 3813 574 3869 Caesar
611 3813 922 3884 designatus
958 3828 1112 3867 secus
1160 3814 1404 3867 abbatem
1434 3812 1651 3877 sedeat;
1693 3811 1857 3865 alium

282 3907 513 3959 chorum
556 3903 898 3973 psallentium
934 3910 1122 3957 contra
1153 3903 1402 3957 abbatem
1442 3910 1619 3956 teneat
1646 3903 1699 3955 in
1730 3916 1853 3955 ora-

282 3995 461 4060 torio,
533 4002 654 4064 post
704 3994 854 4048 illum
907 3994 1131 4049 calicem
1178 3993 1248 4047 ad
1298 4008 1542 4048 mensam
1592 3994 1855 4062 accipiat,

281 4094 405 4154 post
452 4087 631 4154 ipsum
678 4085 733 4138 in
781 4085 1036 4139 omnibus
1086 4083 1351 4138 habeatur
1396 4091 1525 4141 :et,
1554 4084 1860 4152 ubicunque

283 4179 456 4233 abbas
524 4176 916 4239 ambulaverit,
985 4176 1099 4245 ipse
1155 4174 1334 4229 locum
1401 4189 1500 4245 pro
1566 4189 1625 4229 se
1682 4175 1859 4229 susci-

422 4288 568 4358 Ergo
601 4304 719 4341 cum
750 4286 916 4351 nihil,
949 4295 1052 4341 etc.
1097 4287 1267 4365 Longi
1312 4294 1366 4341 et
1411 4287 1655 4409 perplexi
1703 4286 1861 4356 hujus

422 4359 551 4409 ritus
598 4372 789 4409 sensus
814 4366 915 4409 est.
952 4357 1007 4409 Si
1037 4357 1243 4409 electus
1294 4357 1405 4409 nihi
1478 4374 1506 4409 a
1535 4367 1646 4409 tero
1685 4359 1861 4409 adhuc

286 4357 551 4414 circuitus
598 4372 789 4411 sensus
814 4366 915 4411 est.
952 4357 1007 4411 Si
1037 4357 1243 4411 electus
1294 4357 1426 4410 nihil
1478 4357 1646 4411 altero
1685 4359 1863 4412 adhuc

285 4431 500 4482 vivente
546 4427 648 4481 sibi
693 4428 1057 4496 arrogaverit,
1084 4427 1178 4480 sed
1226 4440 1285 4496 se
1328 4426 1672 4480 humiliorem
1714 4428 1866 4481 exhi-

286 4497 491 4560 buerit,
522 4507 742 4565 pr0pter
776 4495 1037 4550 hancrem
1063 4497 1130 4549 ab
1156 4495 1407 4565 episcopo
1433 4497 1535 4550 sibi
1582 4497 1861 4559 traditum,

287 4567 548 4635 deinceps
577 4567 838 4619 habeatur
859 4565 1210 4621 secundarius
1229 4604 1244 4630 ,
1264 4565 1328 4620 id
1347 4574 1430 4620 est
1454 4565 1724 4620 secundus
1743 4576 1867 4636 post

289 4638 545 4691 abbatem
574 4637 626 4689 in
655 4644 943 4703 potestate.

360 4706 390 4745 ιι
430 4704 666 4758 Fortior.
720 4704 775 4759 ld
815 4714 898 4759 est
945 4704 1158 4774 major,
1210 4705 1475 4774 superior.
1526 4703 1584 4758 Id
1630 4706 1869 4774 postulat

291 4782 473 4829 textus
515 4775 857 4844 evangelicus
892 4774 1079 4828 Matth.
1127 4790 1220 4838 xx,
1272 4774 1435 4828 Marc.
1468 4790 1523 4839 x,
1557 4774 1686 4828 Luc.
1731 4791 1862 4830 xxu.

289 4844 361 4898 Et
386 4854 536 4898 certe
564 4843 853 4913 aliquando
884 4844 1074 4913 fortior
1115 4844 1388 4913 signiﬁcat
1429 4845 1488 4899 τὸ
1520 4844 1714 4913 major.
1745 4845 1863 4900 Lib.

288 4911 689 4983 vCapitularis
733 4914 908 4968 Caroli
936 4923 991 4967 et
1034 4911 1290 4967 Ludovici
1314 4911 1749 4983 imperatorum,
1783 4916 1864 4973 tit.

294 4982 399 5054 156
422 4981 488 5034 ί(
518 4981 755 5054 Comites
786 4984 1037 5038 fortiores
1070 4983 1263 5036 libram
1292 4982 1358 5036 de
1372 4981 1608 5054 argento
1641 4992 1735 5037 aut
1776 5001 1869 5038 va-

290 5052 498 5123 len_tem
544 5053 744 5107 donent
794 5054 848 5107 in
895 5054 1256 5122 eleemosyna.
1289 5072 1306 5104 ι
1368 5052 1647 5121 Et'paulo
1696 5062 1863 5123 post:

297 5141 318 5172 ι
363 5120 643 5176 Fortiores
687 5124 910 5177 comites
941 5120 1287 5184 uncias'tres,
1334 5120 1571 5177 minores
1615 5120 1865 5179 denarios

291 5192 542 5316 triginta.
574 5192 690 5274 Dib.
725 5208 784 5246 ιιι
810 5193 944 5264 legis
967 5192 1479 5276 Dongobardorum,
1509 5192 1593 5246 tit.
1625 5193 1712 5275 ll,
1743 5195 1780 5248 Ι.
1808 5211 1823 5248 ι
1850 5213 1863 5247 :

299 5279 321 5311 α
403 5276 490 5315 ive
538 5270 698 5315 etiam
747 5263 989 5316 nonnulli
1040 5262 1293 5316 fortiores
1339 5278 1482 5316 vassr
1532 5271 1810 5316 comitum.
1842 5284 1860 5316 ι

299 5279 321 5311 α
358 5262 490 5316 Sive
538 5262 698 5315 etiam
747 5262 989 5317 nonnulli
1040 5262 1293 5316 fortiores
1339 5264 1482 5318 vassi
1532 5264 1810 5317 comitum.
1842 5284 1860 5317 ι

292 5330 509 5401 Regula
561 5332 734 5385 sancti
777 5332 1073 5398 Benedicti,
1101 5347 1221 5400 cap.
1255 5330 1360 5385 li:
1392 5350 1411 5383 ‹
1449 5333 1516 5386 Ει
1541 5332 1868 5401 quia'minus

294 5400 526 5455 veniunt
556 5408 667 5455 tres
694 5401 904 5470 psalmi,
934 5402 1052 5456 ideo
1090 5402 1360 5457 dividendi
1392 5411 1537 5463 sunt,
1558 5400 1661 5470 qui
1692 5403 1743 5455 in
1772 5419 1871 5455 nu-

292 5482 457 5550 rnero
483 5471 850 5552 suprascripto
883 5470 1132 5526 fortiores
1164 5471 1543 5552 inveniuntur,
1574 5470 1625 5523 id
1651 5478 1735 5525 est
1761 5486 1875 5526 ma-

288 5539 465 5608 jores.
496 5539 604 5593 Sed
628 5540 717 5595 hic
750 5539 901 5596 locus
927 5549 1131 5610 spectat
1160 5542 1227 5595 ad
1249 5542 1624 5610 quantitatem.

360 5606 694 5681 _¢_Ultimu:.
730 5609 886 5681 Apud
929 5611 1236 5666 Matthaeum
1278 5618 1335 5666 et
1378 5610 1615 5665 Marcum
1652 5608 1870 5681 legitur,

294 5678 560 5733 minister.

373 5746 402 5787 ἀ
443 5745 588 5802 Nam
620 5748 820 5821 Regula
843 5758 976 5806 vetat
1001 5749 1234 5805 ordinari
1260 5750 1617 5807 secundarios.
1664 5748 1870 5806 Secun-

1890 4534 1942 4592 D

1946 1925 2049 1965 nus
2084 1910 2343 1972 exaltare,
2390 1910 2603 1964 dicente
2647 1909 2971 1979 Scriptura:
3005 1909 3108 1974 Qui
3150 1928 3205 1965 se
3258 1911 3524 1969 humiliat.

1946 1999 2265 2056 exaltabitur
2295 2000 2444 2072 (Luc.
2487 2000 2580 2070 ιν).
2629 2001 2761 2055 Nam
2797 2002 2899 2056 hoc
2936 2016 3126 2057 cavere
3166 2017 3380 2071 semper
3412 2002 3530 2072 ipse

1947 2093 2119 2149 frater
2147 2094 2326 2159 debet,
2370 2109 2438 2149 ne
2474 2094 2760 2164 aliquando
2810 2094 2876 2148 de
2907 2095 3126 2164 proviso
3173 2095 3381 2150 honore
3410 2109 3530 2150 cor-

1948 2185 2031 2240 dis
2060 2184 2344 2240 elationem
2383 2193 2643 2250 assumat,
2692 2193 2747 2238 et
2791 2185 2846 2238 in
2897 2185 3132 2254 aliquam
3171 2199 3530 2255 prorumpens

1949 2276 2263 2344 superbiam
2293 2275 2345 2330 in
2376 2275 2553 2344 aliqua
2575 2284 2728 2344 parte
2779 2283 2871 2328 aut
2916 2274 3232 2331 humilitatis
3280 2283 3373 2328 aut
3397 2290 3532 2345 pra:-

1950 2365 2090 2436 cepti
2119 2365 2284 2420 divini
2328 2381 2586 2420 corruens
2629 2366 2910 2436 Regulam,
2947 2366 3090 2420 sicut
3125 2367 3297 2435 prius,
3335 2366 3525 2420 obser-

1950 2458 2131 2522 vahat,
2165 2459 2341 2513 minus
2368 2458 2567 2526 aliquid
2593 2459 2751 2512 modo
2778 2458 3090 2526 adimpleat,
3108 2456 3220 2524 jam
3248 2457 3531 2528 designato

1950 2549 2159 2603 honore
2183 2562 2425 2602 securus.
2475 2548 2542 2602 Et
2588 2563 2711 2601 mox
2752 2548 2887 2602 sciat
2929 2562 3026 2618 pro
3052 2555 3202 2601 certo
3248 2547 3376 2616 quia
3404 2562 3530 2602 cum

1952 2636 2118 2691 abbas
2140 2636 2448 2706 frequenter
2479 2635 2497 2674 ί
2522 2639 2576 2690 in
2610 2637 2818 2706 aliquas
2850 2637 3055 2705 culpas,
3083 2651 3242 2706 quem
3267 2636 3526 2707 elegerat,

1952 2741 2059 2781 non
2089 2727 2141 2780 in
2188 2725 2363 2793 majus
2408 2725 2805 2795 proﬁcientem,
2868 2725 2960 2780 sed
3007 2741 3106 2795 per
3147 2726 3532 2796 negligentiam

1951 2817 2124 2888 magis
2158 2817 2543 2871 deterioratum
2587 2831 2713 2870 eum
2758 2816 3048 2886 aspexerit,
3094 2825 3150 2871 et
3188 2817 3426 2871 monitus
3464 2806 3534 2872 ab

1953 2912 2145 2969 abbate
2168 2929 2274 2968 non
2302 2914 2672 2968 emendaverit
2716 2930 2807 2980 se;
2839 2922 2894 2970 et
2923 2931 3122 2971 nomen
3167 2913 3285 2983 ejus
3336 2915 3534 2981 deleat,

1957 3008 1983 3046 ε
2013 3006 2258 3075 quamvis
2284 3005 2538 3060 sacerdos
2583 3014 2801 3076 rogatus
2835 3005 2903 3060 ab
2939 3006 3155 3071 abbate,
3192 3007 3258 3061 de
3283 3007 3533 3077 diptyco:

1952 3102 2007 3150 et
2034 3096 2148 3166 ipse
2184 3096 2238 3150 in
2274 3111 2429 3151 suum
2479 3096 2693 3151 rediens
2733 3110 3015 3151 numerum
3055 3095 3331 3164 iudicetur
3367 3096 3541 3168 negli-

2593 3203 2606 3238 :
2656 3186 3202 3242 excommunicationi
3267 3197 3541 3243 consuetae

1955 3277 2254 3346 suhjaceat,
2283 3267 2374 3345 qui
2414 3278 2600 3347 culpas
2641 3293 2746 3332 non
2798 3280 2952 3343 vitat,
2983 3280 3109 3349 quia
3146 3294 3245 3348 per
3266 3280 3541 3351 negligen-

1955 3368 2083 3421 tiam
2107 3367 2369 3437 perdidit,
2404 3368 2548 3437 quod
2586 3368 2984 3433 intervenerat;
3026 3377 3082 3424 et
3124 3369 3352 3438 recipiat
3397 3369 3541 3438 quod

1955 3457 2268 3511 admiserat.
2295 3456 2361 3509 Et
2390 3442 2674 3526 postquam
2702 3456 2862 3510 fuerit
2898 3456 3139 3511 inferiori
3169 3457 3411 3512 redditus
3434 3474 3543 3511 me-

1955 3547 2080 3609 rito,
2114 3561 2143 3598 a
2168 3546 2335 3599 latere
2365 3545 2478 3613 jam
2507 3545 2845 3615 disjungatur
2868 3545 3097 3600 abbatis.
3128 3546 3193 3600 Et
3220 3562 3285 3600 ex
3315 3547 3402 3600 illa
3424 3546 3539 3615 jam

1956 3634 2044 3689 die
2067 3636 2136 3688 ab
2163 3636 2355 3689 abbate
2387 3635 2524 3688 alius
2558 3633 2727 3688 frater
2754 3636 2819 3689 de
2870 3635 3122 3689 omnibus
3162 3634 3274 3703 jam
3309 3637 3466 3692 oculo
3486 3645 3542 3692 ct

1957 3726 2139 3779 animo
2187 3733 2459 3793 quaeratur
2520 3724 2765 3792 superior
2810 3724 3100 3795 negligenti
3143 3743 3155 3778 :
3194 3724 3294 3791 Qui
3340 3735 3394 3780 et
3425 3726 3541 3795 ipse

1956 3814 2160 3868 electus
2181 3814 2443 3868 absconsc
2469 3814 2728 3882 quotidie,
2757 3822 2998 3883 tempore
3027 3817 3218 3871 mortis
3241 3832 3351 3871 suae
3377 3832 3541 3872 manu

1958 3921 2057 3962 sua
2095 3920 2221 3959 eum
2255 3905 2494 3973 apertius
2544 3904 2745 3959 indicet
2780 3903 2927 3973 iuste
2962 3913 3019 3960 et
3066 3906 3259 3960 merito
3293 3906 3542 3960 omnibus

1956 3999 2377 4068 praeponendum
2418 3997 2474 4051 in
2516 3998 2854 4052 ordinatione
2886 3997 3170 4067 primatus.
3210 3998 3279 4051 Et
3325 3983 3543 4068 reprobi

1960 4091 2070 4155 isti,
2098 4090 2191 4160 qui
2219 4104 2314 4159 per
2337 4089 2713 4160 negligentiam
2735 4088 2802 4146 de
2822 4102 3034 4142 summo
3069 4089 3288 4143 honoris
3306 4089 3543 4144 culmine

1961 4181 2181 4246 cadunt,
2212 4180 2443 4259 audiant
2474 4179 2790 4249 Apostolum
2844 4179 3109 4235 dicentem
3143 4200 3155 4233 :
3188 4179 3331 4236 Bene
3359 4197 3541 4238 curre-

1965 4292 2149 4347 darius
2194 4291 2283 4345 hic
2326 4291 2625 4361 appellatur
2665 4291 2713 4345 is
2755 4290 2848 4360 qui
2882 4290 3182 4361 declaratus
3229 4292 3299 4361 ab
3334 4291 3545 4361 abbate

1964 4362 2289 4416 moribundo
2313 4358 2373 4416 ei
2388 4358 2737 4416 successurus
2757 4358 2865 4431 est.
2900 4358 3051 4431 Quod
3077 4376 3194 4431 cap.
3229 4360 3297 4416 92
3327 4359 3544 4431 Regulae

1968 4432 2222 4501 magister
2250 4432 2500 4501 prohibet
2521 4446 2653 4485 sano
2674 4430 2881 4501 abbate
2912 4430 3050 4501 ﬁeri.

2043 4498 2081 4539 ί
2105 4498 2271 4565 Quasi
2310 4502 2427 4571 jam
2474 4500 2728 4569 spiritalis
2771 4498 2952 4571 σφων
2987 4500 3308 4571 designatus.
3360 4498 3411 4553 ls
3449 4499 3541 4561 qui

1970 4572 2023 4625 in
2054 4573 2261 4625 socium
2287 4570 2355 4625 ab
2381 4571 2705 4639 imperatore
2732 4570 3101 4624 asciscebatur
3119 4570 3169 4623 ei
3195 4582 3543 4639 successurus

1967 4642 2152 4711 Caesar
2195 4638 2582 4711 appellabatur,
2618 4647 2680 4693 ut
2721 4640 2882 4708 vulgo
2910 4647 3095 4711 notum
3134 4653 3198 4692 ex
3244 4638 3542 4711 historicis,
3635 4645 3657 4659 ‘

1970 4711 2061 4779 qui
2096 4710 2161 4780 de
2188 4708 2353 4780 gestis
2390 4709 2779 4780 imperatorum
2819 4708 3193 4780 scripserunt:
3219 4708 3297 4762 sic
3326 4708 3429 4761 iste
3459 4723 3543 4760 se-

1971 4778 2265 4833 cundarius
2296 4780 2368 4831 ita
2402 4779 2682 4831 ordinatus
2710 4786 2921 4833 mortuo
2966 4778 3147 4833 abbati
3193 4791 3543 4832 successurus

1970 4858 2055 4903 est
2084 4849 2247 4901 veluti
2260 4916 2263 4917 ν
2276 4848 2457 4902 Cmsar
2484 4846 2767 4917 spiritalis.

2007 4987 2018 5000 .
2050 4917 2068 4955 ί
2084 4917 2179 5038 ,11η
2213 4916 2416 4986 aliquas
2466 4913 2667 4986 culpas.
2705 4914 2905 4984 Supple
2930 4913 3273 4979 incidentem,
3304 4914 3385 4967 vel
3414 4915 3543 4984 quid

2008 5002 2097 5038 mu
2123 5004 2171 5038 ρ.

1977 5002 2171 5042 ειῐηιιρ.

2047 5058 2073 5095 ε
2110 5054 2360 5120 Quamvis
2394 5053 2638 5109 sacerdos
2678 5060 2891 5121 rogatus
2917 5051 2982 5121 ob
3008 5050 3211 5105 abbate.
3236 5050 3316 5105 Ita
3343 5051 3398 5105 in
3420 5053 3540 5107 cod.

1973 5124 2131 5181 Vind.
2178 5125 2234 5179 In
2270 5124 2473 5195 Regula
2491 5138 2603 5195 gms.
2631 5120 2865 5195 legitur:
2893 5120 3072 5187 Quiris
3117 5122 3379 5195 sacerdos,
3411 5131 3542 5187 etc.,

1974 5196 2049 5249 ita
2076 5202 2134 5247 ut
2162 5190 2445 5250 sensus'sit
2472 5190 2758 5248 delendum
2796 5206 2917 5247 esse
2944 5205 3136 5245 nomen
3169 5190 3325 5245 istius
3352 5206 3545 5245 secun-

1975 5265 2112 5319 darii
2141 5280 2170 5316 a
2195 5264 2383 5331 quovis
2412 5263 2693 5317 sacerdote
2716 5276 2876 5331 quem
2902 5261 3069 5315 abbas
3097 5260 3389 5331 rogaverit.
3434 5258 3545 5331 Sed

1975 5350 2082 5388 non
2105 5329 2262 5387 video
2285 5334 2548 5386 rationem
2566 5346 2674 5401 cur
2701 5329 2814 5401 ipse
2839 5331 3006 5401 abbas
3036 5345 3141 5384 non
3166 5329 3334 5400 possit
3363 5329 3545 5401 delere

1978 5417 2172 5456 nomen
2196 5401 2516 5456 secundarii.
2547 5399 2767 5467 Quodsi
2790 5400 3072 5455 delendum
3094 5399 3216 5453 sita
3240 5400 3544 5464 sacerdote,

1980 5488 2108 5527 sane
2140 5486 2244 5525 non
2275 5488 2304 5524 a
2331 5471 2539 5540 quovis.
2565 5471 2657 5525 sed
2684 5470 2752 5524 ab
2776 5470 2865 5523 illo
2892 5472 2981 5540 qui
3014 5471 3323 5540 scripserat.
3356 5469 3545 5540 Itaque

1978 5541 2261 5612 legendum
2291 5539 2457 5610 puto:
2486 5539 2734 5612 Quamvis
2762 5539 3002 5593 sacerdos
3025 5539 3334 5612 rogatus__ab
3357 5539 3543 5612 abbate

1976 5607 2258 5681 scripserit,
2292 5607 2351 5663 ut
2383 5624 2573 5681 sensus
2614 5610 2682 5665 sit
2732 5607 3276 5681 nomensecundarii
3324 5607 3543 5681 superbi

1978 5678 2411 5751 delendumesse
2452 5680 2518 5735 de
2553 5680 2824 5751 diplych",
2856 5680 2954 5735 etsi
3008 5681 3158 5749 prius
3197 5695 3225 5733 a
3261 5678 3545 5735 sacerdote

1976 5751 2233 5823 scriptum
2256 5750 2436 5807 fuerit.
