3958 6198
362 328 461 384 767

1349 327 1406 383 S.
1446 326 1804 382 BENEDICTI
1841 326 2130 382 ABBATIS
2165 327 2575 385 ANIANENSIS

3504 337 3601 397 763

361 442 513 507 batis,
540 444 659 512 quis
681 457 770 495 vos
797 439 1097 511 impedivit?
1124 438 1376 504 Satanas,
1402 439 1494 509 qui
1521 439 1722 495 electos
1760 439 1925 508 depo-
1953 443 2006 501 Α
2028 454 2220 496 omnes
2261 455 2331 497 ex
2379 444 2541 497 corde
2597 443 2929 513 amplectens
2951 488 2966 513 ,
3008 447 3217 503 nullum
3280 464 3601 510 conversum

361 534 457 589 nit.
488 532 551 586 Et
571 541 857 599 antequam
884 529 1089 584 deletus
1120 520 1381 597 reprobus
1432 529 1546 595 fiat,
1575 538 1630 583 et
1678 530 1733 583 in
1760 528 1928 599 negli—

361 625 594 694 gentiam
627 630 992 684 convertatur,
1029 620 1209 675 audiat
1232 622 1360 690 quid
1387 637 1512 675 eum
1535 622 1777 690 quotidie
1803 636 1930 676 con-

362 713 544 767 veniat
569 709 846 780 Scriptura
876 710 1059 764 dicens
1090 728 1102 762 :
1138 710 1272 763 Tene
1313 711 1451 781 quod
1480 711 1666 776 habes,
1698 728 1761 765 ne
1791 724 1817 751 α
1847 710 1929 764 al-

362 812 438 856 ter
463 801 682 871 accipiat
706 817 952 854 coronam
975 810 1119 853 tuam
1134 799 1317 869 (Apoc.
1342 800 1445 871 ιιι).
1466 800 1529 853 Et
1560 802 1652 869 qui
1673 801 1923 863 audierit,

356 901 412 946 et
449 908 555 947 non
621 890 1006 954 observaverit,
1067 890 1168 943 sibi
1218 889 1447 957 imputet
1488 904 1611 943 cum
1650 889 1924 943 ceciderit.

356 982 492 1048 Quia
515 997 546 1035 a
570 964 794 1036 Domino
820 978 1035 1049 superbi
1064 986 1119 1031 et
1140 977 1470 1047 negligentes
1493 988 1547 1031 ct
1577 978 1779 1049 indigni
1808 979 1927 1033 ideo

357 1074 715 1140 deponuntur,
747 1077 806 1123 ut
855 1060 1010 1139 digne
1054 1067 1404 1122 observantes
1455 1077 1775 1137 praeceptum
1808 1069 1925 1133 Dei,

355 1162 686 1226 uthumiles,
716 1161 1017 1216 exaltentur
1052 1177 1066 1213 :
1100 1159 1225 1227 quia
1271 1160 1409 1228 apud
1453 1157 1689 1226 judicent
1721 1159 1926 1228 justum

357 1253 642 1306 Dominum
662 1267 766 1305 non
789 1259 872 1306 est
898 1264 1248 1319 personarum
1276 1249 1541 1316 acreptio.
1560 1249 1670 1303 Nec
1694 1250 1806 1302 vult
1835 1248 1929 1303 ali-

357 1342 484 1411 quid
532 1350 791 1411 prazstare
824 1340 1073 1409 indignis,
1120 1353 1242 1392 cum
1287 1338 1429 1393 solos
1460 1338 1634 1407 justos
1674 1341 1843 1394 bonos
1872 1348 1927 1394 et

355 1439 572 1485 sanctos
610 1430 758 1484 novit
808 1430 1046 1500 diligere,
1106 1435 1161 1483 et
1202 1429 1334 1498 ipsis
1372 1429 1499 1483 solis
1541 1431 1606 1484 de
1643 1431 1926 1498 praesentis

355 1522 481 1590 vitae
511 1523 710 1575 honore
739 1528 794 1575 et
822 1520 888 1573 de
917 1527 1188 1589 perpetuae
1231 1535 1445 1575 corona:
1477 1520 1831 1576 retributione
1856 1522 1928 1576 sit

354 1611 584 1666 debitor.

492 1720 520 1792 §
549 1720 693 1776 V.-
719 1720 796 1774 Ex
824 1718 1043 1774 Renum
1080 1735 1267 1775 sucu
1305 1720 1502 1775 Ismom
1531 1721 1668 1794 (cap.
1700 1722 1777 1795 '5).

425 1832 454 1872 δ
480 1832 663 1886 Abbas
691 1832 897 1885 interea
919 1831 1195 1902 eligendus
1213 1839 1297 1886 est
1322 1843 1344 1870 α
1372 1833 1708 1889 institutione
1728 1843 1927 1891 sancta:

353 1924 480 1978 vitae
510 1924 734 1977 duratus
758 1930 920 1991 atque
951 1924 1241 1991 inspectus,
1273 1923 1548 1992 patientiae
1570 1932 1626 1978 et
1652 1925 1929 1979 humilita-

358 2015 428 2069 tis
466 2022 750 2085 expertus,
775 2013 973 2082 quique
1012 2014 1174 2067 etiam
1201 2022 1255 2068 et
1282 2030 1378 2083 per
1396 2015 1716 2070 exercitium
1760 2017 1925 2071 vitam

353 2105 676 2160 laboriosam
711 2105 983 2170 toleravit,
1011 2120 1075 2160 ac
1116 2107 1502 2161 transcendens
1541 2115 1755 2161 atatem
1798 2107 1926 2163 ado-

353 2195 627 2249 lescentia:
655 2194 682 2234 (ι
705 2195 1043 2264 iuventutem
1108 2210 1200 2250 seu
1272 2205 1601 2252 senectutem
1668 2200 1921 2270 tetigerit.

357 2284 455 2339 Cui
482 2292 536 2339 et
566 2282 801 2352 majores
834 2300 942 2339 non
987 2285 1342 2356 dedignentur
1368 2303 1581 2357 parere,
1613 2289 1927 2344 obedientes

354 2377 405 2431 ei
432 2387 455 2415 ε
479 2384 587 2430 tam
613 2392 711 2446 pro
727 2385 906 2442 aetate,
926 2376 1269 2447 quam'etiam
1297 2394 1395 2448 pro
1411 2396 1619 2434 morum
1637 2382 1920 2450 probitate.

355 2470 463 2525 iste
490 2485 548 2524 se
578 2470 897 2524 imitandum
920 2471 974 2524 in
1003 2472 1212 2525 cunctis
1239 2488 1462 2541 operum
1491 2472 1754 2543 exemplis
1777 2476 1925 2530 exhi-

356 2561 525 2617 bebit.
561 2561 582 2601 ί
612 2560 795 2635 Neque
840 2561 1105 2631 imperare
1146 2562 1224 2616 illi
1265 2563 1515 2632 cuiquam
1557 2564 1741 2620 licebit
1784 2567 1928 2635 quod

353 2652 469 2722 ipse
509 2665 617 2706 non
660 2634 867 2706 fecerit.
915 2650 1163 2722 Singulos
1203 2659 1380 2706 autem
1410 2653 1765 2708 hortamentis
1801 2634 1923 2709 mu-

353 2743 463 2797 tuis
505 2744 801 2808 excitabit,
851 2743 1130 2814 alloquens
1181 2754 1423 2810 cunctos,
1475 2747 1788 2811 exhortans,
1841 2747 1926 2801 vel

353 2832 627 2888 aediﬁcans
652 2834 706 2888 in
734 2832 812 2889 eis
838 2835 883 2889 si
914 2836 1042 2904 quid
1068 2851 1255 2889 eorum
1288 2836 1410 2890 vit-.e
1452 2852 1550 2909 pro
1592 2839 1930 2909 uniuscujus-

353 2939 461 2992 que
491 2925 659 2992 gradu
686 2925 941 2993 prodesse
983 2927 1337 2995 perspexerit.
1383 2906 1541 2980 Circa
1584 2944 1772 2982 omnes
1815 2944 1926 2983 scr-

354 3029 489 3069 vans
502 3014 791 3082 justitiam,
810 3025 997 3070 contra
1021 3017 1224 3070 nullum
1242 3017 1410 3072 livore
1427 3017 1535 3071 odii
1559 3018 1925 3089 inardescens,

427 3160 452 3187 ιι
495 3145 577 3200 Ne
609 3145 775 3220 _alter.
828 3148 1176 3219 Apocalypsis
1220 3165 1311 3215 tu,
1360 3149 1453 3203 ubi
1495 3149 1691 3220 legitur
1719 3152 1775 3205 in
1817 3153 1927 3208 edi-

359 3219 507 3271 tione
535 3216 770 3284 vulgata,
807 3228 863 3269 ut
880 3216 1083 3271 nemo.
1552 3216 1571 3220 ⁷
1630 3258 1633 3261 -

427 3288 454 3326 b
493 3285 681 3339 Abbas.
716 3285 840 3359 Haec
868 3288 1213 3357 reperiuntur
1231 3288 1286 3342 in
1305 3287 1510 3359 Regula
1538 3290 1711 3345 sancti
1732 3290 1923 3346 lsidori

359 3370 577 3418 excusa,
614 3370 733 3422 cap.
765 3357 821 3409 2.

428 3438 449 3465 ο
495 3424 831 3479 Institutione
874 3438 1068 3481 sancta:
1111 3428 1230 3481 vitae
1279 3427 1520 3483 duratus.
1577 3428 1656 3483 Ita
1707 3438 1926 3487 sanctus

356 3496 686 3566 Fructuosus
715 3510 875 3566 supra
904 3513 918 3549 :
952 3494 1082 3549 Viue
1117 3507 1312 3550 sancta:
1334 3499 1656 3552 institutione
1680 3500 1920 3566 duratus,

357 3566 411 3620 il
437 3574 541 3629 est,
564 3565 656 3633 qui
686 3565 883 3621 multos
905 3581 1075 3620 annos
1103 3574 1414 3621 constanter
1442 3568 1495 3621 in
1526 3576 1713 3623 sancta
1741 3572 1926 3624 obser-

354 3636 535 3690 vantia
570 3636 1011 3704 perseveraverit.
1057 3636 1211 3702 Quod
1255 3638 1417 3691 etiam
1460 3639 1687 3692 habetur
1713 3639 1926 3696 Codicis

357 3705 474 3787 lege
501 3704 569 3758 t6
595 3706 659 3787 de
690 3706 870 3787 Episc.
899 3716 955 3787 et
979 3705 1221 3787 (Plericis,
1246 3717 1352 3787 etc.
1386 3707 1488 3764 Ubi
1525 3709 1702 3787 agi-tur
1728 3710 1793 3763 de
1819 3711 1922 3787 _ele-

355 3775 536 3829 ctione
569 3775 866 3848 abbatis:_¢
901 3775 1005 3830 Sed
1036 3792 1195 3846 quem
1240 3778 1430 3846 utique
1469 3788 1523 3831 et
1564 3775 1677 3831 vita
1719 3781 1922 3848 optima

354 3854 410 3899 et
437 3859 615 3921 mores
636 3843 850 3921 honesti
871 3843 1276 3921 commendant;
1303 3843 1389 3921 gat
1408 3851 1437 3906 ἡ
1464 3849 1583 3921 περὶ
1601 3867 1684 3921 τερ(
1708 3843 1930 3916 domum

358 3919 595 3970 συντονία
626 3930 641 3966 :
674 3915 728 3969 id
752 3923 856 3980 est,
880 3918 1019 3970 circa
1044 3918 1486 3979 exercitationem,
1518 3915 1605 3969 seu
1636 3919 1789 3971 vitam
1816 3936 1927 3972 mo-

355 3984 626 4055 nacltt'cam
663 3986 979 4055 constantia,
1020 3993 1074 4040 et
1108 4001 1391 4041 commune
1440 3986 1769 4055 reliquorum
1811 4004 1925 4043 mo-

358 4054 649 4125 nachorum
671 4054 1141 4125 complementum,
1161 4065 1253 4109 aut
1273 4056 1504 4109 maxima
1525 4054 1652 4125 pars
1674 4056 1924 4111 idoneum

358 4121 424 4175 ad
456 4122 557 4175 hoc
581 4123 867 4190 putaverit.
900 4142 919 4174 ι

427 4191 453 4229 d
470 4191 826 4262 _thyentutem
854 4207 945 4262 seu
973 4200 1283 4262 senectutem
1311 4195 1551 4262 tetigerit.
1598 4196 1675 4249 Ita
1703 4197 1754 4249 in
1781 4196 1923 4250 Con-

353 4260 539 4314 cordia
562 4259 962 4315 V'indocinensi.
985 4261 1045 4315 In
1077 4261 1277 4334 Regula
1299 4259 1495 4334 excusa
1526 4266 1721 4334 legitur
1737 4266 1926 4334 juven-

357 4338 464 4384 tute
509 4345 608 4383 sua
649 4338 960 4384 senectutem
1023 4333 1264 4399 tetigerit.
1319 4332 1423 4385 Sed
1474 4332 1601 4388 hmo“
1636 4332 1855 4388 manant
1894 4352 1925 4390 a

354 4407 687 4472 correctore,
714 4399 807 4468 qui
861 4400 1181 4472 locum_uon
1223 4402 1547 4472 intelligens,
1587 4405 1714 4458 dum
1755 4406 1925 4459 corri-

2029 532 2348 601 despiciens,
2375 543 2598 604 paratus
2623 537 2787 591 etiam
2812 540 3166 606 quorumdam
3194 541 3605 602 infirmitatibus

2032 622 2055 659 ⁸
2085 623 2443 690 compatiendi
2486 625 2913 681 misericordiam
2956 627 3272 696 Apostoinm
3322 646 3599 702 sequens:

2027 708 2184 764 Facti
2216 728 2398 767 sumus
2440 714 2648 783 parvuli
2684 717 2740 768 in
2764 716 2932 770 medio
2970 724 3220 786 uestrum,
3263 729 3521 793 tanquam
3556 726 3605 778 si

2028 804 2208 857 nutrix
2228 804 2253 843 ιι
2283 804 2451 873 foveat
2481 806 2653 876 pullos
2684 825 2807 861 suos
2837 808 2889 880 (I
2914 809 3093 865 Thess.
3121 812 3207 884 ιι).

2120 912 2260 984 §VI.
2282 915 2450 969 -—Ex
2489 915 2707 972 [lacum
2748 934 2933 975 SANC'I'I
2970 920 3174 976 BASILH
3205 933 3343 996 (cap.
3379 925 3491 996 12).

2096 1023 2356 1097 Interrog.
2422 1029 2438 1067 ί
2493 1028 2548 1082 Si
2605 1030 2729 1084 licet
2781 1032 2939 1088 alicui
3003 1034 3182 1091 dicere
3245 1051 3313 1090 ex
3378 1041 3603 1109 proprio

2027 1130 2208 1179 sensu,
2239 1117 2380 1184 quod
2425 1118 2525 1172 sibi
2571 1120 2782 1175 videtur
2811 1123 3010 1177 bonum
3040 1124 3242 1195 absque
3288 1130 3604 1187 testimonio

2030 1203 2046 1252 l
2079 1202 2497 1272 Scripturarum,
2526 1207 2753 1264 Domino
2779 1221 2967 1267 nostro
2986 1212 3113 1270 Jesu
3141 1215 3361 1273 Christo
3390 1220 3605 1278 dicente

2026 1293 2093 1346 de
2131 1293 2334 1362 Spiritu
2361 1305 2544 1352 sancto
2571 1316 2582 1350 :
2614 1288 2735 1354 Non
2759 1302 2894 1355 enim
2918 1302 3159 1374 loquetur
3185 1325 3217 1361 a
3235 1325 3310 1374 se,
3337 1309 3433 1363 sed
3459 1328 3607 1382 qum-

2027 1400 2226 1454 cunque
2262 1386 2505 1451 audierit,
2532 1388 2643 1442 lucc
2686 1389 2927 1461 loquetur
2952 1392 3131 1465 (Joan.
3161 1396 3295 1468 1m).
3322 1398 3399 1453 De
3424 1401 3607 1469 seipso

2029 1484 2208 1529 autem
2236 1494 2249 1530 :
2278 1476 2400 1531 Non
2420 1488 2582 1548 potest
2603 1480 2746 1548 ﬁlius
2773 1500 2804 1536 a
2827 1500 2881 1536 se
2909 1485 3083 1554 facere
3104 1488 3391 1560 quidquam
3418 1489 3601 1562 (loan.

2026 1564 2102 1634 v).
2139 1566 2207 1619 Et
2235 1567 2425 1620 iterum
2451 1584 2464 1632 ;
2494 1567 2605 1639 Ego
2631 1587 2663 1622 a
2693 1587 2774 1623 me
2797 1571 2907 1641 ipso
2950 1589 3053 1626 non
3089 1592 3203 1629 sum
3244 1576 3485 1643 locutus;
3511 1579 3605 1633 sed

2026 1657 2115 1727 qui
2144 1673 2223 1710 me
2247 1657 2394 1717 misit,
2412 1654 2593 1721 Pater,
2626 1659 2733 1728 ipse
2754 1661 2882 1713 mihi
2907 1661 3050 1714 dedit
3086 1664 3411 1719 mandatum.
3462 1666 3602 1732 Quid

2028 1747 2221 1812 dicam,
2252 1757 2342 1799 aut
2378 1746 2502 1816 quid
2537 1746 2722 1818 loquar
2758 1757 2805 1802 et
2833 1751 2964 1816 scio,
2990 1752 3112 1821 quia
3143 1753 3451 1807 mandatum
3488 1756 3600 1825 ejus

2028 1835 2132 1888 vita
2176 1844 2370 1889 a’terna
2412 1844 2504 1888 est.
2554 1835 2699 1890 Sicut
2737 1838 2871 1890 dixit
2909 1838 3034 1892 mihi
3083 1837 3266 1906 Pater,
3293 1842 3371 1894 ita
3419 1843 3604 1912 loquor

2027 1922 2208 1995 (Ioan.
2233 1924 2352 1995 xu).
2380 1956 2451 1965 —
2469 1924 2622 1995 Resp.
2655 1925 2786 1992 Quis
2826 1936 3004 1995 potest
3031 1928 3085 1981 in
3117 1937 3328 1984 tantum
3372 1933 3593 1987 temeri-

2027 2015 2154 2069 tatis
2198 2016 2469 2085 progredi,
2499 2025 2557 2070 ut
2602 2017 2798 2071 audeat
2824 2034 2853 2071 a
2881 2033 2939 2073 se
2987 2019 3280 2088 quidquam
3307 2021 3393 2076 vel
3423 2022 3602 2092 loqui,

2024 2106 2110 2160 vel
2142 2107 2415 2177 cogitare?
2458 2106 2568 2161 imo
2612 2122 2740 2161 vero
2783 2108 3057 2162 sciendum
3102 2120 3206 2176 est,
3238 2113 3364 2181 quia
3410 2128 3603 2169 omnes

2026 2197 2161 2250 duce
2206 2196 2414 2250 itineris
2442 2196 2744 2266 indigemus
2778 2196 2981 2266 Spiritu
3017 2208 3222 2265 sancto,
3253 2208 3315 2256 ut
3355 2202 3472 2272 ipse
3501 2218 3605 2258 nos

2026 2286 2080 2341 in
2101 2288 2243 2341 viam
2268 2287 2464 2356 dirigat
2489 2287 2733 2341 veritatis
2752 2295 2806 2340 et
2833 2289 2885 2341 in
2912 2289 3237 2359 cogitatione
3263 2299 3317 2345 et
3337 2292 3393 2346 in
3416 2293 3603 2347 verbis

2026 2384 2080 2431 et
2119 2377 2173 2430 in
2198 2376 2427 2429 actibus.
2473 2375 2659 2430 Caecus
2688 2385 2773 2429 est
2800 2378 2943 2429 enim
2985 2386 3040 2431 et
3083 2378 3135 2432 in
3173 2380 3412 2434 tenebris
3453 2380 3603 2450 degit

2025 2467 2204 2521 omnis
2228 2465 2319 2533 qui
2344 2473 2428 2520 est
2458 2466 2661 2535 absque
2692 2465 2803 2519 sole
2820 2467 3068 2535 justitize,
3098 2469 3187 2536 qui
3217 2477 3301 2524 est
3343 2471 3604 2525 Dominus

2027 2566 2212 2612 noster
2256 2555 2410 2612 Jcsus
2455 2555 2734 2624 Christus;
2768 2560 2922 2628 cujus
2966 2561 3236 2617 mandatis
3259 2562 3407 2617 velut
3435 2564 3602 2619 radiis

2026 2648 2347 2718 quibusdam
2399 2646 3143 2704 illuminamur:Mandatum
3189 2654 3359 2718 enim,
3405 2655 3599 2724 inquit,

2026 2740 2239 2795 Domini
2264 2740 2497 2795 lucidum
2522 2740 2829 2795 illuminans
2857 2741 3034 2795 oculos
3059 2740 3229 2812 (Psal.
3256 2743 3432 2814 xvttt).
3466 2744 3603 2813 Quia

2027 2846 2157 2902 ergo
2187 2832 2241 2885 in
2266 2831 2515 2885 omnibus
2541 2831 2793 2900 negotiis,
2824 2846 2942 2899 qua:
2987 2832 3125 2885 inter
3154 2846 3252 2886 nos
3289 2843 3601 2901 versantur,

2027 2923 2111 2977 vel
2156 2923 2354 2986 verbis,
2386 2922 2632 2992 quaedam
2664 2922 2878 2989 quidem
2922 2936 3020 2990 per
3060 2922 3372 2977 mandatum
3420 2923 3516 2978 Dei
3546 2925 3602 2978 in

2023 3013 2224 3072 divinis
2249 3011 2544 3082 Scripturis
2584 3011 3006 3081 distinguuntur,
3030 3012 3274 3081 quaedam
3299 3028 3431 3068 vero
3474 3013 3604 3068 reti-

1952 3134 1995 3195 C
2028 3149 2325 3218 neophytus
2366 3164 2471 3201 non
2515 3149 2603 3212 sit,
2633 3148 2745 3211 sed,
2779 3156 2837 3201 ut
2866 3150 2941 3202 ait
2990 3156 3209 3204 sanctus
3250 3148 3507 3214 Isidorus,
3542 3152 3600 3206 in

2027 3218 2360 3272 institutione
2386 3226 2585 3271 sancta:
2608 3219 2731 3271 vita:
2761 3218 3000 3273 ditratus.

2102 3299 2124 3324 θ
2166 3287 2291 3339 Tum
2314 3304 2406 3356 pro
2432 3297 2599 3340 a'tate.
2628 3287 2793 3341 Recte
2818 3306 2830 3341 :
2857 3289 2981 3356 quia
3003 3287 3401 3343 adolescentior
3428 3290 3604 3344 senio-

2026 3357 2175 3410 ribus
2203 3364 2345 3410 esset
2365 3358 2659 3425 despectui.
2689 3357 2748 3410 ln
2774 3357 2973 3427 Regula
2994 3374 3193 3413 excusa
3218 3358 3416 3428 legitur
3441 3377 3454 3412 :
3480 3358 3605 3413 Non

2027 3436 2131 3495 tam
2155 3442 2247 3495 pro
2277 3434 2464 3491 (etate;
2497 3427 2655 3481 male.

2105 3494 2137 3567 ‘_
2165 3494 2353 3567 Neque
2391 3496 2645 3565 imperare
2673 3495 2751 3549 illi
2791 3496 3051 3567 cui‘quant,
3093 3506 3200 3551 etc.
3230 3496 3399 3551 Recte
3425 3503 3481 3551 et
3510 3513 3608 3567 ap-

2024 3565 2236 3635 posite:
2266 3565 2391 3632 quia
2439 3567 2579 3635 quod
2637 3582 2910 3634 nunquam
2946 3566 3066 3631 quis
3103 3567 3321 3619 sustulit
3367 3565 3602 3634 pondus,

2026 3634 2187 3703 quam
2216 3649 2377 3704 grave
2407 3634 2534 3688 illud
2564 3635 2654 3700 sit,
2688 3636 2915 3705 ignorat.
2949 3635 3345 3689 Pharisaeorum
3377 3644 3463 3689 est
3505 3638 3607 3690 im-

2062 3720 2225 3775 onere
2250 3720 2413 3775 onera
2459 3706 2661 3775 gravia,
2694 3714 2749 3759 et
2794 3705 2934 3759 nolle
2960 3720 3022 3758 ea
3051 3706 3273 3759 minimo
3309 3705 3480 3775 digito
3506 3707 3608 3761 tol-

2047 3790 2156 3829 ere.
2200 3773 2358 3827 Aliud
2404 3773 2505 3827 es?
2520 3774 2663 3829 ferre
2694 3776 2903 3843 pondus
2942 3783 2997 3828 et
3024 3784 3190 3829 aestus
3225 3773 3524 3843 religionis,
3550 3785 3607 3831 et

2026 3844 2222 3897 mulam
2272 3858 2493 3897 versare
2543 3846 2926 3910 monasticam;
2975 3844 3118 3898 aliud
3173 3860 3283 3899 suae
3335 3846 3601 3901 voluntati

2026 3913 2372 3983 ohsequelam
2431 3913 2608 3967 facere
2666 3915 2885 3981 suisque
2939 3913 3217 3967 affectibus
3284 3914 3603 3969 lenocinari.

2023 3983 2168 4037 Idem
2197 3983 2355 4052 plane
2404 3984 2561 4039 docet
2605 3994 2821 4038 sanctus
2867 3984 3133 4039 Caesarius
3185 3984 3521 4039 Arelatensis
3546 3986 3601 4039 in

2025 4051 2301 4122 epist.’ad
2329 4051 2657 4108 Oratoriam.
2707 4072 2725 4104 ‹
2760 4053 2917 4109 Prius
2966 4062 3123 4107 cauta
3174 4054 3607 4109 consideratione

2025 4137 2309 4191 perpensa,
2352 4132 2412 4176 ut
2456 4124 2599 4191 quod
2645 4138 2741 4178 ore
2786 4124 3012 4192 promis,
3067 4122 3221 4177 factis
3266 4123 3517 4190 impleas,
3549 4134 3609 4178 ut

2026 4193 2177 4263 quod
2200 4193 2319 4246 aliis
2366 4192 2663 4261 praedicas,
2703 4194 2956 4263 operibus
3001 4194 3241 4261 przebeas
3267 4192 3517 4263 {scilicet
3546 4203 3606 4247 ut

2026 4262 2079 4314 in
2110 4262 2213 4332 tuis
2234 4263 2475 4316 humeris
2496 4270 2657 4332 atque
2678 4263 2981 4317 cervicibus
2998 4263 3151 4331 prius
3171 4262 3395 4324 sentias,
3419 4272 3604 4317 utrum

2026 4330 2291 4401 gravibus
2325 4340 2417 4384 aut
2455 4330 2663 4386 levibus
2710 4334 2967 4387 oneribus
3012 4332 3145 4386 colla
3193 4347 3440 4386 sororum
3468 4348 3607 4387 onu-

2028 4400 2157 4454 stes.
2199 4420 2217 4452 ι
2264 4400 2417 4466 Quod
2473 4403 2723 4456 servabat
2770 4411 2986 4457 sanctus
3036 4401 3379 4455 Erminoldus
3433 4402 3604 4457 abbas

355 4484 482 4540 gere
505 4469 694 4542 voluit,
727 4471 986 4542 corrupit.
1025 4469 1150 4525 Hzec
1178 4471 1324 4525 enim
1351 4468 1539 4528 verba
1562 4475 1766 4528 nullum
1801 4490 1923 4529 sen-
1947 4471 2000 4530 D
2024 4468 2463 4542 Profeningensis
2497 4479 2565 4542 et
2599 4481 2823 4542 martyr,
2865 4481 2927 4525 ut
2953 4472 3184 4542 habetur
3228 4471 3283 4524 in
3332 4470 3450 4540 ejus
3482 4471 3605 4526 Vita

355 4537 474 4596 sum
523 4537 776 4594 cilicium.
828 4537 1015 4609 Itaque
1066 4549 1375 4596 constanter
1430 4544 1708 4599 retinenda
1765 4544 1923 4600 lectio

356 4609 937 4682 nostrorumcodicum
976 4616 1106 4682 mss.
1151 4611 1262 4665 Nec
1293 4612 1530 4682 ineptum
1558 4623 1641 4667 est
1686 4614 1922 4682 aliquem

354 4680 561 4734 institui
603 4679 851 4753 abbatem
898 4680 953 4734 in
990 4680 1293 4753 juventute,
1323 4679 1398 4753 _si-
1412 4680 1667 4750 juventus
1698 4679 1923 4753 proprie

355 4760 598 4823 sumatur
620 4767 637 4823 _:
661 4764 780 4818 qua:
800 4748 953 4823 juxta
981 4751 1229 4823 eumdem
1268 4748 1528 4807 lsidorum
1556 4753 1647 4807 lib.
1680 4748 1725 4807 η’
1747 4748 1919 4823 orig,

355 4835 471 4892 cap.
505 4819 653 4892 9.,Aab
684 4834 825 4892 anno
868 4820 1124 4892 vigesimo
1170 4830 1360 4876 octavo
1380 4862 1395 4887 ,
1425 4839 1531 4892 quo
1562 4824 1758 4877 desinit
1796 4819 1925 4877 ado-

355 4890 979 4964 lescentiaLproducitur
1001 4891 1268 4964 usquead
1313 4890 1510 4964 annum
1546 4894 1923 4964 quinquagesi-

356 4976 501 5032 mum
525 4978 537 5013 :
567 4978 585 5010 ί
614 4958 816 5025 Tertia,
862 4961 1057 5031 inquit,
1086 4958 1444 5017 adolescentia
1489 4958 1579 5017 ad—
1601 4958 1921 5032 gignendum

355 5029 555 5091 adulta.
582 5045 701 5101 quae
727 5029 1019 5099 porrigitur
1050 5048 1220 5101 usque
1239 5032 1307 5084 ad
1332 5029 1648 5101 vigesimum
1661 5029 1921 5086 octavum

355 5115 579 5171 annum.
627 5099 827 5171 Quarta
872 5099 1479 5171 juventttsﬁrmissima
1514 5102 1751 5171 omnium
1797 5110 1923 5155 azta-

355 5176 466 5241 tum
495 5170 686 5241 linicns
711 5170 777 5241 ing
792 5170 1237 5241 quinquagesimo
1259 5186 1420 5225 anno.
1453 5191 1471 5224 ι
1493 5171 1588 5241 Vel
1606 5170 1762 5237 juxta
1784 5171 1923 5225 Cen-

355 5239 593 5293 sorinum
639 5239 817 5294 libello
845 5242 912 5295 de
942 5239 1131 5296 Natali
1157 5243 1273 5306 die,
1308 5257 1428 5310 cap.
1462 5240 1603 5309 una
1642 5242 1921 5310 trigesimo

356 5323 499 5381 anno
525 5323 693 5381 usque
713 5310 782 5381 ad
806 5312 1277 5381 quadragesimum
1305 5312 1571 5380 quintum.
1601 5330 1618 5361 ι
1650 5310 1914 5372 Secundo,

356 5378 548 5446 inquit,
581 5379 649 5433 ad
684 5378 1242 5435 triceSimumhnnum
1284 5378 1653 5436 adolescentes
1695 5382 1761 5435 ab
1792 5381 1922 5433 ado-

355 5446 605 5504 lescendo
642 5448 728 5521 _sic
769 5450 1099 5515 nominatos;
1131 5451 1184 5521 in
1222 5451 1381 5504 tertio
1418 5452 1605 5521 gradu,
1632 5452 1721 5520 qui
1766 5457 1924 5521 erant

355 5531 528 5591 usque
567 5518 803 5591 quinque
833 5528 886 5573 et
916 5520 1267 5591 quadraginta
1298 5518 1468 5575 annos
1485 5518 1712 5587 juvenes
1743 5520 1921 5590 appel-

356 5583 509 5659 latos,
544 5583 607 5641 e6
640 5583 792 5659 quod
832 5583 1214 5659 rempublicam
1246 5590 1297 5643 in
1336 5606 1394 5644 re
1442 5583 1659 5645 militari
1703 5583 1922 5659 possent

353 5655 559 5729 iuvare.
592 5674 611 5707 ι
639 5655 705 5711 Ει
723 5665 868 5729 certe
894 5655 1034 5729 intra
1058 5661 1159 5729 hoc
1180 5675 1444 5714 annorum
1469 5655 1922 5729 spatium—poterit

353 5724 623 5807 quispiam
666 5728 873 5781 muneri
913 5728 1162 5783 abbatiali
1211 5730 1432 5785 idoneus
1478 5724 1738 5796 inveniri,
1762 5728 1920 5785 modo

2026 4540 2194 4610 lib.,t,
2223 4555 2342 4609 cap.
2375 4541 2408 4594 '5
2432 4555 2447 4594 :
2477 4559 2496 4590 ‹
2526 4541 2625 4596 Hic
2650 4540 2831 4610 itaque
2860 4541 3029 4595 ﬁdelis
3061 4556 3252 4595 servus
3276 4550 3333 4594 et
3360 4541 3601 4610 prudens

2025 4609 2282 4677 subjectis
2338 4619 2516 4664 tamen
2572 4627 2678 4665 non
2733 4609 2843 4664 tam
2891 4624 3124 4679 prreesse
3179 4609 3406 4674 studuit,
3436 4626 3603 4679 quam

2025 4682 2301 4749 prodesse,
2332 4680 2468 4733 nihil
2514 4680 2741 4735 subditis
2774 4680 3078 4734 faciendum
3125 4680 3428 4749 injungens,
3458 4680 3605 4749 quod

2026 4751 2141 4819 ipse
2169 4749 2397 4817 exempli
2427 4765 2592 4804 causa
2621 4766 2728 4803 non
2765 4751 3016 4817 primitus
3042 4750 3379 4817 pertulisset.
3411 4767 3430 4800 ›

2101 4821 2127 4858 Β
2164 4818 2522 4887 Compatiendi
2573 4818 3003 4873 misericordiam.
3051 4818 3107 4873 In
3150 4818 3355 4887 Regula
3399 4832 3603 4875 excusa

2101 4836 2125 4858 υ
2164 4836 2521 4888 companenai
2573 4836 3003 4873 misericormam.
3051 4836 3107 4873 in
3151 4836 3355 4887 negata
3399 4836 3603 4875 excusa

2023 4888 2273 4957 legitur:
2310 4890 2534 4957 compati
2583 4889 2978 4952 misericordia;
3029 4897 3194 4943 recte.
3251 4888 3379 4953 Legi
3435 4888 3603 4945 etiam

2024 4967 2202 5029 potest
2228 4976 2239 5010 :
2263 4959 2486 5025 compati
2503 4975 2520 5022 ;
2549 4959 2958 5011 misericordiam
2991 4958 3215 5027 apostoli
3236 4973 3477 5028 sequens.

2096 5029 2123 5067 ιι
2163 5026 2361 5080 Foveat
2385 5026 2556 5094 pullos
2581 5043 2724 5081 suos.
2768 5027 2843 5080 Ita
2879 5027 2935 5080 in
2970 5026 3151 5094 regula
3195 5041 3416 5090 excusa,
3441 5024 3602 5078 aliter

2711 5067 2724 5080 ο
2769 5065 2843 5080 ιω
2881 5065 2935 5080 III
2970 5065 3151 5090 ινδ-..ιι
3195 5065 3416 5090 νιινυσυ,

2025 5105 2206 5151 tamen
2235 5096 2288 5150 in
2311 5094 2523 5165 vulgata
2553 5097 2837 5150 versione:
2860 5094 3061 5151 Foveat
3099 5095 3236 5162 ﬁlios
3263 5112 3419 5157 suos;
3444 5105 3507 5148 ut
3546 5094 3600 5146 in

2025 5175 2175 5220 textu
2220 5164 2445 5238 graeco:
2470 5168 2647 5238 Θάλπῃ
2699 5169 2764 5221 τὰ
2813 5168 2990 5238 tauros
3044 5168 3194 5238 τέγγει
3220 5184 3232 5218 :
3256 5166 3401 5238 quod
3449 5165 3595 5219 idem

2022 5244 2199 5305 sonat.
2222 5234 2406 5302 itaque
2426 5237 2566 5305 apud
2584 5234 2832 5290 sanctum
2852 5235 3117 5290 lsidorum
3138 5235 3422 5305 legendum
3445 5240 3596 5303 puto:

2027 5304 2224 5360 Foveat
2257 5303 2502 5373 parvulos
2530 5322 2677 5359 suos.

2099 5377 2115 5415 ί
2170 5374 2232 5429 Si
2259 5372 2397 5436 licet,
2438 5383 2543 5430 etc.
2576 5373 2703 5431 Hzec
2754 5376 3021 5431 habentur
3052 5372 3194 5442 apud
3219 5379 3468 5427 sanctum
3500 5372 3600 5426 Ba-

2024 5444 2223 5508 silium,
2258 5445 2686 5516 interrogatione
2742 5444 2913 5513 prima
2965 5444 3294 5516 {tegularum
3330 5442 3597 5503 brevium,

2022 5522 2076 5568 et
2101 5516 2245 5588 apud
2270 5513 2529 5588 Ruﬁnum
2555 5515 2928 5588 interpretem,
2958 5513 3077 5584 cap}
3110 5513 3214 5588 id:
3369 5583 3385 5588 _
3567 5582 3574 5588 .

2096 5584 2108 5632 i
2161 5583 2580 5653 Scripturarum.
2608 5584 2664 5639 lu
2694 5592 2841 5638 textu
2867 5583 3058 5641 Graeco
3096 5583 3333 5653 additur,
3362 5583 3603 5653 Osonjm'r

2022 5677 2176 5719 στων,
2214 5648 2406 5717 Μ’ρει,
2439 5669 2468 5707 a
2492 5654 2600 5708 Deo
2626 5655 3013 5723 inspiratarum
3041 5671 3055 5719 ;
3099 5651 3243 5723 quod
3272 5648 3596 5723 vocabulum

2023 5726 2111 5780 hic
2138 5724 2493 5791 desideratur,
2530 5720 2984 5791 quemadmodum
3010 5720 3153 5792 apud
3178 5720 3454 5776 “tinuum.
