  <div class='ocr_page' id='page_1' title='image "/cluster/home/n/w/nwhite01/storage/ocr_20150623/103/hvd.32044054759691/390.png"; bbox 0 0 3958 6198; ppageno 0'>
   <div class='ocr_carea' id='block_1_1' title="bbox 348 275 453 331">
    <p class='ocr_par' dir='ltr' id='par_1_1' title="bbox 348 275 453 331">
     <span class='ocr_line' id='line_1_1' title="bbox 348 275 453 331; baseline 0.019 -2"><span class='ocrx_word' id='word_1_1' title='bbox 348 275 453 331; x_wconf 76' lang='lat'>769</span> 
     </span>
    </p>
   </div>
   <div class='ocr_carea' id='block_1_2' title="bbox 1306 273 2578 333">
    <p class='ocr_par' dir='ltr' id='par_1_2' title="bbox 1306 273 2578 333">
     <span class='ocr_line' id='line_1_2' title="bbox 1306 273 2578 333; baseline 0.003 -4"><span class='ocrx_word' id='word_1_2' title='bbox 1306 273 1694 330; x_wconf 72' lang='lat' dir='ltr'><strong>CONCORDIA</strong></span> <span class='ocrx_word' id='word_1_3' title='bbox 1722 275 2182 331; x_wconf 34' lang='lat' dir='ltr'><strong>.RECULARUM.</strong></span> <span class='ocrx_word' id='word_1_4' title='bbox 2222 309 2289 316; x_wconf 89' lang='lat'><strong>—</strong></span> <span class='ocrx_word' id='word_1_5' title='bbox 2325 278 2473 332; x_wconf 75' lang='lat' dir='ltr'><strong>CAP.</strong></span> <span class='ocrx_word' id='word_1_6' title='bbox 2514 280 2578 333; x_wconf 68' lang='grc' dir='ltr'><strong>ν.</strong></span> 
     </span>
    </p>
   </div>
   <div class='ocr_carea' id='block_1_3' title="bbox 3485 288 3591 344">
    <p class='ocr_par' dir='ltr' id='par_1_3' title="bbox 3485 288 3591 344">
     <span class='ocr_line' id='line_1_3' title="bbox 3485 288 3591 344; baseline 0.019 -4"><span class='ocrx_word' id='word_1_7' title='bbox 3485 288 3591 344; x_wconf 82' lang='lat'><strong>770</strong></span> 
     </span>
    </p>
   </div>
   <div class='ocr_carea' id='block_1_4' title="bbox 345 385 3588 467">
    <p class='ocr_par' dir='ltr' id='par_1_4' title="bbox 345 385 3588 467">
     <span class='ocr_line' id='line_1_4' title="bbox 345 385 3588 467; baseline 0.002 -22"><span class='ocrx_word' id='word_1_8' title='bbox 345 400 565 453; x_wconf 87' lang='lat' dir='ltr'><strong>centur;</strong></span> <span class='ocrx_word' id='word_1_9' title='bbox 595 391 660 444; x_wconf 88' lang='lat' dir='ltr'><strong>de</strong></span> <span class='ocrx_word' id='word_1_10' title='bbox 688 387 768 441; x_wconf 84' lang='lat' dir='ltr'><strong>his</strong></span> <span class='ocrx_word' id='word_1_11' title='bbox 794 388 1030 456; x_wconf 97' lang='lat' dir='ltr'><strong>quidem,</strong></span> <span class='ocrx_word' id='word_1_12' title='bbox 1055 402 1172 457; x_wconf 67' lang='lat' dir='ltr'><strong>quae</strong></span> <span class='ocrx_word' id='word_1_13' title='bbox 1196 385 1396 455; x_wconf 89' lang='lat' dir='ltr'><strong>scripta</strong></span> <span class='ocrx_word' id='word_1_14' title='bbox 1423 395 1565 452; x_wconf 90' lang='lat' dir='ltr'><strong>sunt,</strong></span> <span class='ocrx_word' id='word_1_15' title='bbox 1593 386 1737 440; x_wconf 87' lang='lat' dir='ltr'><strong>nulla</strong></span> <span class='ocrx_word' id='word_1_16' title='bbox 1761 402 1913 457; x_wconf 89' lang='lat' dir='ltr'><strong>pror-</strong></span> <span class='ocrx_word' id='word_1_17' title='bbox 1941 396 1991 452; x_wconf 78' lang='grc' dir='ltr'>Α</span> <span class='ocrx_word' id='word_1_18' title='bbox 2017 391 2111 444; x_wconf 91' lang='lat' dir='ltr'><strong>sed</strong></span> <span class='ocrx_word' id='word_1_19' title='bbox 2161 406 2278 460; x_wconf 62' lang='lat' dir='ltr'><strong>qua:</strong></span> <span class='ocrx_word' id='word_1_20' title='bbox 2310 392 2578 447; x_wconf 60' lang='lat' dir='ltr'><strong>atdilicant</strong></span> <span class='ocrx_word' id='word_1_21' title='bbox 2628 395 2924 462; x_wconf 75' lang='lat' dir='ltr'><strong>proximos,</strong></span> <span class='ocrx_word' id='word_1_22' title='bbox 2954 413 3113 467; x_wconf 76' lang='lat' dir='ltr'><strong>agere</strong></span> <span class='ocrx_word' id='word_1_23' title='bbox 3150 398 3446 467; x_wconf 89' lang='lat' dir='ltr'><strong>debemus;</strong></span> <span class='ocrx_word' id='word_1_24' title='bbox 3478 418 3588 459; x_wconf 87' lang='lat' dir='ltr'><strong>non</strong></span> 
     </span>
    </p>
   </div>
   <div class='ocr_carea' id='block_1_5' title="bbox 346 476 1918 550">
    <p class='ocr_par' dir='ltr' id='par_1_5' title="bbox 346 476 1918 550">
     <span class='ocr_line' id='line_1_5' title="bbox 346 476 1918 550; baseline -0.004 -13"><span class='ocrx_word' id='word_1_25' title='bbox 346 499 441 537; x_wconf 86' lang='lat' dir='ltr'><strong>sus</strong></span> <span class='ocrx_word' id='word_1_26' title='bbox 476 481 692 536; x_wconf 77' lang='lat' dir='ltr'><strong>licentia</strong></span> <span class='ocrx_word' id='word_1_27' title='bbox 716 480 1048 550; x_wconf 89' lang='lat' dir='ltr'><strong>permittitur</strong></span> <span class='ocrx_word' id='word_1_28' title='bbox 1075 479 1326 546; x_wconf 80' lang='lat' dir='ltr'><strong>cuiquam</strong></span> <span class='ocrx_word' id='word_1_29' title='bbox 1352 476 1436 531; x_wconf 86' lang='lat' dir='ltr'><strong>vel</strong></span> <span class='ocrx_word' id='word_1_30' title='bbox 1466 478 1749 531; x_wconf 75' lang='lat' dir='ltr'><strong>admittere</strong></span> <span class='ocrx_word' id='word_1_31' title='bbox 1775 478 1918 546; x_wconf 91' lang='lat' dir='ltr'><strong>quod</strong></span> 
     </span>
    </p>
   </div>
   <div class='ocr_carea' id='block_1_6' title="bbox 343 568 1910 643">
    <p class='ocr_par' dir='ltr' id='par_1_6' title="bbox 343 568 1910 643">
     <span class='ocr_line' id='line_1_6' title="bbox 343 568 1910 643; baseline -0.005 -16"><span class='ocrx_word' id='word_1_32' title='bbox 343 572 675 643; x_wconf 84' lang='lat' dir='ltr'><strong>prohibitum</strong></span> <span class='ocrx_word' id='word_1_33' title='bbox 712 578 823 634; x_wconf 87' lang='lat' dir='ltr'><strong>est,</strong></span> <span class='ocrx_word' id='word_1_34' title='bbox 851 569 937 623; x_wconf 90' lang='lat' dir='ltr'><strong>vel</strong></span> <span class='ocrx_word' id='word_1_35' title='bbox 971 569 1222 624; x_wconf 89' lang='lat' dir='ltr'><strong>omittere</strong></span> <span class='ocrx_word' id='word_1_36' title='bbox 1250 568 1390 635; x_wconf 89' lang='lat' dir='ltr'><strong>quod</strong></span> <span class='ocrx_word' id='word_1_37' title='bbox 1425 578 1749 637; x_wconf 71' lang='lat' dir='ltr'><strong>prmeeptum</strong></span> <span class='ocrx_word' id='word_1_38' title='bbox 1796 576 1910 621; x_wconf 90' lang='lat' dir='ltr'><strong>est:</strong></span> 
     </span>
    </p>
   </div>
   <div class='ocr_carea' id='block_1_7' title="bbox 345 654 1915 731">
    <p class='ocr_par' dir='ltr' id='par_1_7' title="bbox 345 654 1915 731">
     <span class='ocr_line' id='line_1_7' title="bbox 345 654 1915 731; baseline -0.006 -14"><span class='ocrx_word' id='word_1_39' title='bbox 345 680 469 718; x_wconf 90' lang='lat' dir='ltr'><strong>cum</strong></span> <span class='ocrx_word' id='word_1_40' title='bbox 498 663 612 731; x_wconf 86' lang='lat' dir='ltr'><strong>ipse</strong></span> <span class='ocrx_word' id='word_1_41' title='bbox 643 660 903 715; x_wconf 85' lang='lat' dir='ltr'><strong>Dominus</strong></span> <span class='ocrx_word' id='word_1_42' title='bbox 933 660 1005 712; x_wconf 90' lang='lat' dir='ltr'><strong>ita</strong></span> <span class='ocrx_word' id='word_1_43' title='bbox 1035 657 1348 727; x_wconf 71' lang='lat' dir='ltr'><strong>prmceperit</strong></span> <span class='ocrx_word' id='word_1_44' title='bbox 1372 657 1554 711; x_wconf 88' lang='lat' dir='ltr'><strong>dicens</strong></span> <span class='ocrx_word' id='word_1_45' title='bbox 1583 670 1596 707; x_wconf 93' lang='lat'><strong>:</strong></span> <span class='ocrx_word' id='word_1_46' title='bbox 1621 654 1688 707; x_wconf 84' lang='lat' dir='ltr'><strong>Et</strong></span> <span class='ocrx_word' id='word_1_47' title='bbox 1713 655 1915 709; x_wconf 81' lang='lat' dir='ltr'><strong>custodi</strong></span> 
     </span>
    </p>
   </div>
   <div class='ocr_carea' id='block_1_8' title="bbox 342 746 1913 823">
    <p class='ocr_par' dir='ltr' id='par_1_8' title="bbox 342 746 1913 823">
     <span class='ocr_line' id='line_1_8' title="bbox 342 746 1913 823; baseline -0.006 -15"><span class='ocrx_word' id='word_1_48' title='bbox 342 756 552 808; x_wconf 76' lang='lat' dir='ltr'><strong>verbum</strong></span> <span class='ocrx_word' id='word_1_49' title='bbox 577 754 693 818; x_wconf 86' lang='lat' dir='ltr'><strong>hoc,</strong></span> <span class='ocrx_word' id='word_1_50' title='bbox 728 752 865 823; x_wconf 90' lang='lat' dir='ltr'><strong>quod</strong></span> <span class='ocrx_word' id='word_1_51' title='bbox 891 767 981 820; x_wconf 84' lang='lat' dir='ltr'><strong>ego</strong></span> <span class='ocrx_word' id='word_1_52' title='bbox 1012 750 1105 803; x_wconf 89' lang='lat' dir='ltr'><strong>tibi</strong></span> <span class='ocrx_word' id='word_1_53' title='bbox 1131 746 1320 801; x_wconf 87' lang='lat' dir='ltr'><strong>mando</strong></span> <span class='ocrx_word' id='word_1_54' title='bbox 1345 746 1497 799; x_wconf 89' lang='lat' dir='ltr'><strong>hodie</strong></span> <span class='ocrx_word' id='word_1_55' title='bbox 1522 761 1539 798; x_wconf 89' lang='lat'><strong><em>:</em></strong></span> <span class='ocrx_word' id='word_1_56' title='bbox 1564 762 1666 797; x_wconf 90' lang='lat' dir='ltr'><strong>non</strong></span> <span class='ocrx_word' id='word_1_57' title='bbox 1696 746 1913 814; x_wconf 85' lang='lat' dir='ltr'><strong>adjicies</strong></span> 
     </span>
    </p>
   </div>
   <div class='ocr_carea' id='block_1_9' title="bbox 341 834 1910 912">
    <p class='ocr_par' dir='ltr' id='par_1_9' title="bbox 341 834 1910 912">
     <span class='ocr_line' id='line_1_9' title="bbox 341 834 1910 912; baseline -0.008 -14"><span class='ocrx_word' id='word_1_58' title='bbox 341 846 411 899; x_wconf 86' lang='lat' dir='ltr'><strong>ad</strong></span> <span class='ocrx_word' id='word_1_59' title='bbox 441 844 607 907; x_wconf 86' lang='lat' dir='ltr'><strong>illud,</strong></span> <span class='ocrx_word' id='word_1_60' title='bbox 635 857 797 912; x_wconf 86' lang='lat' dir='ltr'><strong>neque</strong></span> <span class='ocrx_word' id='word_1_61' title='bbox 842 837 1046 908; x_wconf 77' lang='lat' dir='ltr'><strong>auferes</strong></span> <span class='ocrx_word' id='word_1_62' title='bbox 1094 836 1158 889; x_wconf 89' lang='lat' dir='ltr'><strong>ab</strong></span> <span class='ocrx_word' id='word_1_63' title='bbox 1204 852 1262 888; x_wconf 91' lang='lat' dir='ltr'><strong>eo</strong></span> <span class='ocrx_word' id='word_1_64' title='bbox 1292 834 1492 905; x_wconf 73' lang='lat' dir='ltr'><strong>(Exod.</strong></span> <span class='ocrx_word' id='word_1_65' title='bbox 1531 850 1720 899; x_wconf 74' lang='lat' dir='ltr'><strong>xxxrv;</strong></span> <span class='ocrx_word' id='word_1_66' title='bbox 1753 834 1910 887; x_wconf 87' lang='lat' dir='ltr'><strong>Deut.</strong></span> 
     </span>
    </p>
   </div>
   <div class='ocr_carea' id='block_1_10' title="bbox 342 919 1914 1002">
    <p class='ocr_par' dir='ltr' id='par_1_10' title="bbox 342 919 1914 1002">
     <span class='ocr_line' id='line_1_10' title="bbox 342 919 1914 1002; baseline -0.008 -15"><span class='ocrx_word' id='word_1_67' title='bbox 342 935 464 1002; x_wconf 81' lang='lat' dir='ltr'><strong>xu).</strong></span> <span class='ocrx_word' id='word_1_68' title='bbox 517 931 623 986; x_wconf 87' lang='lat' dir='ltr'><strong>Sed</strong></span> <span class='ocrx_word' id='word_1_69' title='bbox 666 938 721 983; x_wconf 87' lang='lat' dir='ltr'><strong>et</strong></span> <span class='ocrx_word' id='word_1_70' title='bbox 770 928 1024 983; x_wconf 80' lang='lat' dir='ltr'><strong>terribilis</strong></span> <span class='ocrx_word' id='word_1_71' title='bbox 1072 926 1212 979; x_wconf 89' lang='lat' dir='ltr'><strong>inest</strong></span> <span class='ocrx_word' id='word_1_72' title='bbox 1252 922 1580 993; x_wconf 82' lang='lat' dir='ltr'><strong>exspectatio</strong></span> <span class='ocrx_word' id='word_1_73' title='bbox 1621 919 1826 988; x_wconf 77' lang='lat' dir='ltr'><strong>iudicii,</strong></span> <span class='ocrx_word' id='word_1_74' title='bbox 1859 932 1914 976; x_wconf 92' lang='lat' dir='ltr'><strong>et</strong></span> 
     </span>
    </p>
   </div>
   <div class='ocr_carea' id='block_1_11' title="bbox 340 1013 1912 1094">
    <p class='ocr_par' dir='ltr' id='par_1_11' title="bbox 340 1013 1912 1094">
     <span class='ocr_line' id='line_1_11' title="bbox 340 1013 1912 1094; baseline -0.007 -16"><span class='ocrx_word' id='word_1_75' title='bbox 340 1023 481 1094; x_wconf 84' lang='lat' dir='ltr'><strong>ignis</strong></span> <span class='ocrx_word' id='word_1_76' title='bbox 508 1022 674 1085; x_wconf 83' lang='lat' dir='ltr'><strong>zelus,</strong></span> <span class='ocrx_word' id='word_1_77' title='bbox 698 1021 788 1089; x_wconf 91' lang='lat' dir='ltr'><strong>qui</strong></span> <span class='ocrx_word' id='word_1_78' title='bbox 814 1024 1227 1085; x_wconf 85' lang='lat' dir='ltr'><strong>consumpturus</strong></span> <span class='ocrx_word' id='word_1_79' title='bbox 1256 1024 1339 1068; x_wconf 90' lang='lat' dir='ltr'><strong>est</strong></span> <span class='ocrx_word' id='word_1_80' title='bbox 1363 1013 1703 1067; x_wconf 80' lang='lat' dir='ltr'><strong>adversarios</strong></span> <span class='ocrx_word' id='word_1_81' title='bbox 1740 1022 1794 1065; x_wconf 87' lang='lat' dir='ltr'><strong>et</strong></span> <span class='ocrx_word' id='word_1_82' title='bbox 1819 1027 1912 1067; x_wconf 88' lang='lat' dir='ltr'><strong>eos</strong></span> 
     </span>
    </p>
   </div>
   <div class='ocr_carea' id='block_1_12' title="bbox 340 1103 1911 1184">
    <p class='ocr_par' dir='ltr' id='par_1_12' title="bbox 340 1103 1911 1184">
     <span class='ocr_line' id='line_1_12' title="bbox 340 1103 1911 1184; baseline -0.008 -16"><span class='ocrx_word' id='word_1_83' title='bbox 340 1115 430 1184; x_wconf 91' lang='lat' dir='ltr'><strong>qui</strong></span> <span class='ocrx_word' id='word_1_84' title='bbox 461 1114 575 1167; x_wconf 92' lang='lat' dir='ltr'><strong>ausi</strong></span> <span class='ocrx_word' id='word_1_85' title='bbox 605 1120 729 1167; x_wconf 89' lang='lat' dir='ltr'><strong>sunt</strong></span> <span class='ocrx_word' id='word_1_86' title='bbox 772 1110 876 1165; x_wconf 90' lang='lat' dir='ltr'><strong>tale</strong></span> <span class='ocrx_word' id='word_1_87' title='bbox 900 1107 1097 1176; x_wconf 87' lang='lat' dir='ltr'><strong>aliquid</strong></span> <span class='ocrx_word' id='word_1_88' title='bbox 1124 1104 1356 1175; x_wconf 89' lang='lat' dir='ltr'><strong>operari.</strong></span> <span class='ocrx_word' id='word_1_89' title='bbox 1405 1104 1478 1156; x_wconf 91' lang='lat' dir='ltr'><strong>De</strong></span> <span class='ocrx_word' id='word_1_90' title='bbox 1515 1103 1599 1156; x_wconf 91' lang='lat' dir='ltr'><strong>his</strong></span> <span class='ocrx_word' id='word_1_91' title='bbox 1635 1118 1762 1156; x_wconf 88' lang='lat' dir='ltr'><strong>vero</strong></span> <span class='ocrx_word' id='word_1_92' title='bbox 1792 1117 1911 1172; x_wconf 76' lang='lat' dir='ltr'><strong>qua:</strong></span> 
     </span>
    </p>
   </div>
   <div class='ocr_carea' id='block_1_13' title="bbox 341 1191 1910 1273">
    <p class='ocr_par' dir='ltr' id='par_1_13' title="bbox 341 1191 1910 1273">
     <span class='ocr_line' id='line_1_13' title="bbox 341 1191 1910 1273; baseline -0.008 -15"><span class='ocrx_word' id='word_1_93' title='bbox 341 1204 539 1273; x_wconf 89' lang='lat' dir='ltr'><strong>scripta</strong></span> <span class='ocrx_word' id='word_1_94' title='bbox 571 1202 802 1265; x_wconf 90' lang='lat' dir='ltr'><strong>reticuit,</strong></span> <span class='ocrx_word' id='word_1_95' title='bbox 831 1199 1071 1270; x_wconf 82' lang='lat' dir='ltr'><strong>regulam</strong></span> <span class='ocrx_word' id='word_1_96' title='bbox 1115 1196 1269 1249; x_wconf 89' lang='lat' dir='ltr'><strong>nobis</strong></span> <span class='ocrx_word' id='word_1_97' title='bbox 1298 1194 1477 1263; x_wconf 87' lang='lat' dir='ltr'><strong>posuit</strong></span> <span class='ocrx_word' id='word_1_98' title='bbox 1514 1191 1802 1260; x_wconf 84' lang='lat' dir='ltr'><strong>Apostolus</strong></span> <span class='ocrx_word' id='word_1_99' title='bbox 1828 1192 1910 1245; x_wconf 88' lang='lat' dir='ltr'><strong>di-</strong></span> 
     </span>
    </p>
   </div>
   <div class='ocr_carea' id='block_1_14' title="bbox 341 1284 1908 1355">
    <p class='ocr_par' dir='ltr' id='par_1_14' title="bbox 341 1284 1908 1355">
     <span class='ocr_line' id='line_1_14' title="bbox 341 1284 1908 1355; baseline -0.006 -7"><span class='ocrx_word' id='word_1_100' title='bbox 341 1309 467 1349; x_wconf 88' lang='lat' dir='ltr'><strong>cens</strong></span> <span class='ocrx_word' id='word_1_101' title='bbox 493 1310 504 1344; x_wconf 90' lang='lat'>:</span> <span class='ocrx_word' id='word_1_102' title='bbox 534 1291 723 1345; x_wconf 81' lang='lat' dir='ltr'><strong>Omnia</strong></span> <span class='ocrx_word' id='word_1_103' title='bbox 745 1288 920 1352; x_wconf 79' lang='lat' dir='ltr'><strong>licent,</strong></span> <span class='ocrx_word' id='word_1_104' title='bbox 949 1288 1035 1341; x_wconf 91' lang='lat' dir='ltr'><strong>sed</strong></span> <span class='ocrx_word' id='word_1_105' title='bbox 1072 1304 1173 1340; x_wconf 88' lang='lat' dir='ltr'><strong>non</strong></span> <span class='ocrx_word' id='word_1_106' title='bbox 1205 1287 1379 1339; x_wconf 85' lang='lat' dir='ltr'><strong>omnia</strong></span> <span class='ocrx_word' id='word_1_107' title='bbox 1408 1284 1708 1355; x_wconf 68' lang='lat' dir='ltr'><strong>expediunt.</strong></span> <span class='ocrx_word' id='word_1_108' title='bbox 1740 1284 1908 1338; x_wconf 82' lang='lat' dir='ltr'><strong>Nemo</strong></span> 
     </span>
    </p>
   </div>
   <div class='ocr_carea' id='block_1_15' title="bbox 336 1371 1904 1452">
    <p class='ocr_par' dir='ltr' id='par_1_15' title="bbox 336 1371 1904 1452">
     <span class='ocr_line' id='line_1_15' title="bbox 336 1371 1904 1452; baseline -0.006 -17"><span class='ocrx_word' id='word_1_109' title='bbox 336 1382 484 1452; x_wconf 62' lang='lat' dir='ltr'><strong>quod.</strong></span> <span class='ocrx_word' id='word_1_110' title='bbox 503 1397 653 1434; x_wconf 88' lang='lat' dir='ltr'><strong>suum</strong></span> <span class='ocrx_word' id='word_1_111' title='bbox 680 1389 753 1432; x_wconf 80' lang='lat' dir='ltr'><strong>est</strong></span> <span class='ocrx_word' id='word_1_112' title='bbox 779 1385 976 1449; x_wconf 64' lang='lat' dir='ltr'><strong>quierat</strong></span> <span class='ocrx_word' id='word_1_113' title='bbox 1000 1416 1014 1441; x_wconf 94' lang='lat'><strong>,</strong></span> <span class='ocrx_word' id='word_1_114' title='bbox 1045 1375 1133 1428; x_wconf 87' lang='lat' dir='ltr'><strong>sed</strong></span> <span class='ocrx_word' id='word_1_115' title='bbox 1163 1375 1301 1446; x_wconf 86' lang='lat' dir='ltr'><strong>quod</strong></span> <span class='ocrx_word' id='word_1_116' title='bbox 1324 1372 1537 1426; x_wconf 87' lang='lat' dir='ltr'><strong>alterius</strong></span> <span class='ocrx_word' id='word_1_117' title='bbox 1578 1372 1627 1443; x_wconf 85' lang='grc' dir='ltr'><strong>(Ι</strong></span> <span class='ocrx_word' id='word_1_118' title='bbox 1660 1371 1784 1426; x_wconf 88' lang='lat' dir='ltr'><strong>Cor.</strong></span> <span class='ocrx_word' id='word_1_119' title='bbox 1830 1389 1904 1437; x_wconf 81' lang='lat' dir='ltr'><strong>vi,</strong></span> 
     </span>
    </p>
   </div>
   <div class='ocr_carea' id='block_1_16' title="bbox 338 1465 1904 1543">
    <p class='ocr_par' dir='ltr' id='par_1_16' title="bbox 338 1465 1904 1543">
     <span class='ocr_line' id='line_1_16' title="bbox 338 1465 1904 1543; baseline -0.005 -16"><span class='ocrx_word' id='word_1_120' title='bbox 338 1473 415 1543; x_wconf 71' lang='grc' dir='ltr'><strong>ι).</strong></span> <span class='ocrx_word' id='word_1_121' title='bbox 453 1485 477 1513; x_wconf 68' lang='grc' dir='ltr'><strong>θ</strong></span> <span class='ocrx_word' id='word_1_122' title='bbox 506 1471 692 1540; x_wconf 83' lang='lat' dir='ltr'><strong>itaque</strong></span> <span class='ocrx_word' id='word_1_123' title='bbox 737 1469 1041 1525; x_wconf 89' lang='lat' dir='ltr'><strong>onmimode</strong></span> <span class='ocrx_word' id='word_1_124' title='bbox 1072 1483 1175 1521; x_wconf 92' lang='lat' dir='ltr'><strong>non</strong></span> <span class='ocrx_word' id='word_1_125' title='bbox 1225 1480 1345 1536; x_wconf 77' lang='lat' dir='ltr'><strong>qua:</strong></span> <span class='ocrx_word' id='word_1_126' title='bbox 1383 1465 1538 1520; x_wconf 89' lang='lat' dir='ltr'><strong>nobis</strong></span> <span class='ocrx_word' id='word_1_127' title='bbox 1584 1466 1728 1520; x_wconf 87' lang='lat' dir='ltr'><strong>licita</strong></span> <span class='ocrx_word' id='word_1_128' title='bbox 1761 1475 1904 1531; x_wconf 88' lang='lat' dir='ltr'><strong>sunt,</strong></span> 
     </span>
    </p>
   </div>
   <div class='ocr_carea' id='block_1_17' title="bbox 407 1594 1907 1669">
    <p class='ocr_par' dir='ltr' id='par_1_17' title="bbox 407 1594 1907 1669">
     <span class='ocr_line' id='line_1_17' title="bbox 407 1594 1907 1669; baseline -0.001 -17"><span class='ocrx_word' id='word_1_129' title='bbox 407 1612 433 1639; x_wconf 74' lang='grc' dir='ltr'><strong>ι</strong></span> <span class='ocrx_word' id='word_1_130' title='bbox 474 1600 661 1669; x_wconf 82' lang='lat' dir='ltr'><strong>Itaque</strong></span> <span class='ocrx_word' id='word_1_131' title='bbox 684 1597 997 1669; x_wconf 85' lang='lat' dir='ltr'><strong>omnimode,</strong></span> <span class='ocrx_word' id='word_1_132' title='bbox 1026 1606 1138 1669; x_wconf 79' lang='lat' dir='ltr'><strong>_etc.</strong></span> <span class='ocrx_word' id='word_1_133' title='bbox 1174 1594 1248 1649; x_wconf 87' lang='lat' dir='ltr'><strong>Ita</strong></span> <span class='ocrx_word' id='word_1_134' title='bbox 1285 1594 1442 1669; x_wconf 10' lang='lat' dir='ltr'><strong>apud,</strong></span> <span class='ocrx_word' id='word_1_135' title='bbox 1465 1594 1738 1649; x_wconf 82' lang='lat' dir='ltr'><strong>Rulinum.</strong></span> <span class='ocrx_word' id='word_1_136' title='bbox 1794 1595 1907 1651; x_wconf 86' lang='lat' dir='ltr'><strong>Ali-</strong></span> 
     </span>
    </p>
   </div>
   <div class='ocr_carea' id='block_1_18' title="bbox 339 1664 1897 1738">
    <p class='ocr_par' dir='ltr' id='par_1_18' title="bbox 339 1664 1897 1738">
     <span class='ocr_line' id='line_1_18' title="bbox 339 1664 1897 1738; baseline -0.003 -14"><span class='ocrx_word' id='word_1_137' title='bbox 339 1679 424 1723; x_wconf 89' lang='lat' dir='ltr'><strong>ter</strong></span> <span class='ocrx_word' id='word_1_138' title='bbox 460 1670 515 1724; x_wconf 90' lang='lat' dir='ltr'><strong>in</strong></span> <span class='ocrx_word' id='word_1_139' title='bbox 569 1664 715 1723; x_wconf 78' lang='lat' dir='ltr'><strong>textu</strong></span> <span class='ocrx_word' id='word_1_140' title='bbox 763 1668 951 1722; x_wconf 63' lang='lat' dir='ltr'><strong>Graeco</strong></span> <span class='ocrx_word' id='word_1_141' title='bbox 981 1684 993 1720; x_wconf 89' lang='lat'><strong>:</strong></span> <span class='ocrx_word' id='word_1_142' title='bbox 1026 1664 1185 1738; x_wconf 62' lang='grc' dir='ltr'><strong>’.ίὶστι</strong></span> <span class='ocrx_word' id='word_1_143' title='bbox 1206 1670 1360 1738; x_wconf 75' lang='grc' dir='ltr'>παντὶ</span> <span class='ocrx_word' id='word_1_144' title='bbox 1395 1667 1525 1737; x_wconf 70' lang='grc' dir='ltr'><strong>λόγῳ</strong></span> <span class='ocrx_word' id='word_1_145' title='bbox 1571 1670 1846 1738; x_wconf 71' lang='grc' dir='ltr'><strong>ἐπάναγκες·</strong></span> <span class='ocrx_word' id='word_1_146' title='bbox 1867 1674 1897 1735; x_wconf 77' lang='grc' dir='ltr'>ᾖ</span> 
     </span>
    </p>
   </div>
   <div class='ocr_carea' id='block_1_19' title="bbox 336 1728 1977 1810">
    <p class='ocr_par' dir='ltr' id='par_1_19' title="bbox 336 1728 1977 1810">
     <span class='ocr_line' id='line_1_19' title="bbox 336 1728 1977 1810; baseline -0.004 -16"><span class='ocrx_word' id='word_1_147' title='bbox 336 1748 407 1809; x_wconf 78' lang='grc' dir='ltr'><strong><em>τῷ</em></strong></span> <span class='ocrx_word' id='word_1_148' title='bbox 461 1748 569 1810; x_wconf 83' lang='grc' dir='ltr'><strong>Θεῷ</strong></span> <span class='ocrx_word' id='word_1_149' title='bbox 616 1741 1005 1795; x_wconf 76' lang='grc' dir='ltr'><strong>ὑποτάσσεσθαι</strong></span> <span class='ocrx_word' id='word_1_150' title='bbox 1060 1736 1174 1793; x_wconf 78' lang='grc' dir='ltr'><strong><em>κατ’</em></strong></span> <span class='ocrx_word' id='word_1_151' title='bbox 1223 1737 1421 1795; x_wconf 69' lang='grc' dir='ltr'><strong>ἐντολήν</strong></span> <span class='ocrx_word' id='word_1_152' title='bbox 1458 1728 1637 1799; x_wconf 51' lang='lat' dir='ltr'><strong>abuit,</strong></span> <span class='ocrx_word' id='word_1_153' title='bbox 1693 1728 1752 1790; x_wconf 74' lang='grc' dir='ltr'><strong>ια’</strong></span> <span class='ocrx_word' id='word_1_154' title='bbox 1795 1728 1898 1801; x_wconf 59' lang='lat' dir='ltr'><strong>est;</strong></span> <span class='ocrx_word' id='word_1_155' title='bbox 1930 1728 1977 1788; x_wconf 86' lang='grc' dir='ltr'><strong>Β</strong></span> 
     </span>
    </p>
   </div>
   <div class='ocr_carea' id='block_1_20' title="bbox 2019 480 3591 551">
    <p class='ocr_par' dir='ltr' id='par_1_20' title="bbox 2019 480 3591 551">
     <span class='ocr_line' id='line_1_20' title="bbox 2019 480 3591 551; baseline 0.01 -20"><span class='ocrx_word' id='word_1_156' title='bbox 2019 480 2174 533; x_wconf 90' lang='lat' dir='ltr'><strong>nobis</strong></span> <span class='ocrx_word' id='word_1_157' title='bbox 2202 480 2440 550; x_wconf 86' lang='lat' dir='ltr'><strong>placere,</strong></span> <span class='ocrx_word' id='word_1_158' title='bbox 2468 482 2561 537; x_wconf 89' lang='lat' dir='ltr'><strong>sed</strong></span> <span class='ocrx_word' id='word_1_159' title='bbox 2594 486 2855 551; x_wconf 63' lang='lat' dir='ltr'><strong>proximis</strong></span> <span class='ocrx_word' id='word_1_160' title='bbox 2879 488 2944 539; x_wconf 87' lang='lat' dir='ltr'><strong>ad</strong></span> <span class='ocrx_word' id='word_1_161' title='bbox 2973 489 3402 544; x_wconf 68' lang='lat' dir='ltr'><strong>mdiiicationem.</strong></span> <span class='ocrx_word' id='word_1_162' title='bbox 3443 491 3591 548; x_wconf 88' lang='lat' dir='ltr'><strong>Seri-</strong></span> 
     </span>
    </p>
   </div>
   <div class='ocr_carea' id='block_1_21' title="bbox 2016 568 3590 640">
    <p class='ocr_par' dir='ltr' id='par_1_21' title="bbox 2016 568 3590 640">
     <span class='ocr_line' id='line_1_21' title="bbox 2016 568 3590 640; baseline 0.008 -19"><span class='ocrx_word' id='word_1_163' title='bbox 2016 577 2165 635; x_wconf 89' lang='lat' dir='ltr'><strong>ptum</strong></span> <span class='ocrx_word' id='word_1_164' title='bbox 2213 578 2295 621; x_wconf 86' lang='lat' dir='ltr'><strong>est</strong></span> <span class='ocrx_word' id='word_1_165' title='bbox 2341 570 2485 623; x_wconf 89' lang='lat' dir='ltr'><strong>enim</strong></span> <span class='ocrx_word' id='word_1_166' title='bbox 2514 590 2524 623; x_wconf 91' lang='lat'>:</span> <span class='ocrx_word' id='word_1_167' title='bbox 2554 568 2785 640; x_wconf 69' lang='lat' dir='ltr'><strong>Subjccti</strong></span> <span class='ocrx_word' id='word_1_168' title='bbox 2827 574 3038 627; x_wconf 79' lang='lat' dir='ltr'><strong>invicem</strong></span> <span class='ocrx_word' id='word_1_169' title='bbox 3070 577 3124 629; x_wconf 89' lang='lat' dir='ltr'><strong>in</strong></span> <span class='ocrx_word' id='word_1_170' title='bbox 3167 579 3351 632; x_wconf 86' lang='lat' dir='ltr'><strong>timore</strong></span> <span class='ocrx_word' id='word_1_171' title='bbox 3393 577 3590 634; x_wconf 75' lang='lat' dir='ltr'><strong>Christi</strong></span> 
     </span>
    </p>
   </div>
   <div class='ocr_carea' id='block_1_22' title="bbox 2018 658 3589 731">
    <p class='ocr_par' dir='ltr' id='par_1_22' title="bbox 2018 658 3589 731">
     <span class='ocr_line' id='line_1_22' title="bbox 2018 658 3589 731; baseline 0.008 -20"><span class='ocrx_word' id='word_1_172' title='bbox 2018 658 2178 728; x_wconf 77' lang='lat' dir='ltr'><strong>(Eph.</strong></span> <span class='ocrx_word' id='word_1_173' title='bbox 2210 662 2285 728; x_wconf 88' lang='lat' dir='ltr'><strong>v).</strong></span> <span class='ocrx_word' id='word_1_174' title='bbox 2326 660 2430 714; x_wconf 85' lang='lat' dir='ltr'><strong>Sed</strong></span> <span class='ocrx_word' id='word_1_175' title='bbox 2462 678 2648 715; x_wconf 76' lang='lat' dir='ltr'><strong>rursus</strong></span> <span class='ocrx_word' id='word_1_176' title='bbox 2676 662 2934 717; x_wconf 86' lang='lat' dir='ltr'><strong>Dominus</strong></span> <span class='ocrx_word' id='word_1_177' title='bbox 2962 664 3036 718; x_wconf 89' lang='lat' dir='ltr'><strong>ait</strong></span> <span class='ocrx_word' id='word_1_178' title='bbox 3061 684 3073 718; x_wconf 88' lang='lat'><strong>:</strong></span> <span class='ocrx_word' id='word_1_179' title='bbox 3102 665 3205 731; x_wconf 84' lang='lat' dir='ltr'><strong>Qui</strong></span> <span class='ocrx_word' id='word_1_180' title='bbox 3224 667 3331 720; x_wconf 85' lang='lat' dir='ltr'><strong>vult</strong></span> <span class='ocrx_word' id='word_1_181' title='bbox 3363 670 3416 722; x_wconf 86' lang='lat' dir='ltr'><strong>in</strong></span> <span class='ocrx_word' id='word_1_182' title='bbox 3445 670 3589 724; x_wconf 89' lang='lat' dir='ltr'><strong>vobis</strong></span> 
     </span>
    </p>
   </div>
   <div class='ocr_carea' id='block_1_23' title="bbox 2014 752 3588 820">
    <p class='ocr_par' dir='ltr' id='par_1_23' title="bbox 2014 752 3588 820">
     <span class='ocr_line' id='line_1_23' title="bbox 2014 752 3588 820; baseline 0.008 -17"><span class='ocrx_word' id='word_1_183' title='bbox 2014 752 2188 819; x_wconf 82' lang='lat' dir='ltr'><strong>major</strong></span> <span class='ocrx_word' id='word_1_184' title='bbox 2212 768 2339 814; x_wconf 87' lang='lat' dir='ltr'><strong>esse,</strong></span> <span class='ocrx_word' id='word_1_185' title='bbox 2358 752 2451 820; x_wconf 86' lang='lat' dir='ltr'><strong>ﬁat</strong></span> <span class='ocrx_word' id='word_1_186' title='bbox 2477 754 2705 807; x_wconf 89' lang='lat' dir='ltr'><strong>omnium</strong></span> <span class='ocrx_word' id='word_1_187' title='bbox 2732 756 3038 811; x_wconf 77' lang='lat' dir='ltr'><strong>novissimus</strong></span> <span class='ocrx_word' id='word_1_188' title='bbox 3066 767 3112 811; x_wconf 89' lang='lat' dir='ltr'><strong>et</strong></span> <span class='ocrx_word' id='word_1_189' title='bbox 3139 760 3370 812; x_wconf 86' lang='lat' dir='ltr'><strong>omnium</strong></span> <span class='ocrx_word' id='word_1_190' title='bbox 3410 778 3588 816; x_wconf 84' lang='lat' dir='ltr'><strong>servus</strong></span> 
     </span>
    </p>
   </div>
   <div class='ocr_carea' id='block_1_24' title="bbox 2016 838 3587 914">
    <p class='ocr_par' dir='ltr' id='par_1_24' title="bbox 2016 838 3587 914">
     <span class='ocr_line' id='line_1_24' title="bbox 2016 838 3587 914; baseline 0.009 -24"><span class='ocrx_word' id='word_1_191' title='bbox 2016 838 2229 910; x_wconf 76' lang='lat' dir='ltr'><strong>(Matth.</strong></span> <span class='ocrx_word' id='word_1_192' title='bbox 2254 841 2331 911; x_wconf 62' lang='grc' dir='ltr'><strong>χ).</strong></span> <span class='ocrx_word' id='word_1_193' title='bbox 2357 842 2508 906; x_wconf 75' lang='lat' dir='ltr'><strong>Quod</strong></span> <span class='ocrx_word' id='word_1_194' title='bbox 2535 844 2718 911; x_wconf 85' lang='lat' dir='ltr'><strong>utique</strong></span> <span class='ocrx_word' id='word_1_195' title='bbox 2747 846 2837 911; x_wconf 88' lang='lat' dir='ltr'><strong>qui</strong></span> <span class='ocrx_word' id='word_1_196' title='bbox 2869 846 3090 914; x_wconf 88' lang='lat' dir='ltr'><strong>implere</strong></span> <span class='ocrx_word' id='word_1_197' title='bbox 3119 848 3249 911; x_wconf 90' lang='lat' dir='ltr'><strong>vult,</strong></span> <span class='ocrx_word' id='word_1_198' title='bbox 3280 849 3397 903; x_wconf 87' lang='lat' dir='ltr'><strong>sine</strong></span> <span class='ocrx_word' id='word_1_199' title='bbox 3424 850 3587 905; x_wconf 90' lang='lat' dir='ltr'><strong>dubio</strong></span> 
     </span>
    </p>
   </div>
   <div class='ocr_carea' id='block_1_25' title="bbox 2014 930 3585 1000">
    <p class='ocr_par' dir='ltr' id='par_1_25' title="bbox 2014 930 3585 1000">
     <span class='ocr_line' id='line_1_25' title="bbox 2014 930 3585 1000; baseline 0.008 -19"><span class='ocrx_word' id='word_1_200' title='bbox 2014 930 2259 998; x_wconf 88' lang='lat' dir='ltr'><strong>proprias</strong></span> <span class='ocrx_word' id='word_1_201' title='bbox 2289 938 2530 998; x_wconf 86' lang='lat' dir='ltr'><strong>amputat</strong></span> <span class='ocrx_word' id='word_1_202' title='bbox 2564 933 2863 1000; x_wconf 81' lang='lat' dir='ltr'><strong>voluptates</strong></span> <span class='ocrx_word' id='word_1_203' title='bbox 2898 936 3189 989; x_wconf 90' lang='lat' dir='ltr'><strong>secundum</strong></span> <span class='ocrx_word' id='word_1_204' title='bbox 3228 938 3585 993; x_wconf 81' lang='lat' dir='ltr'><strong>imitationem</strong></span> 
     </span>
    </p>
   </div>
   <div class='ocr_carea' id='block_1_26' title="bbox 2015 1018 3587 1091">
    <p class='ocr_par' dir='ltr' id='par_1_26' title="bbox 2015 1018 3587 1091">
     <span class='ocr_line' id='line_1_26' title="bbox 2015 1018 3587 1091; baseline 0.006 -21"><span class='ocrx_word' id='word_1_205' title='bbox 2015 1018 2184 1087; x_wconf 88' lang='lat' dir='ltr'><strong>ipsius</strong></span> <span class='ocrx_word' id='word_1_206' title='bbox 2230 1019 2438 1072; x_wconf 88' lang='lat' dir='ltr'><strong>Domini</strong></span> <span class='ocrx_word' id='word_1_207' title='bbox 2482 1020 3025 1075; x_wconf 70' lang='lat' dir='ltr'><strong>dicentiszltescendi</strong></span> <span class='ocrx_word' id='word_1_208' title='bbox 3068 1024 3132 1076; x_wconf 88' lang='lat' dir='ltr'><strong>de</strong></span> <span class='ocrx_word' id='word_1_209' title='bbox 3175 1024 3339 1091; x_wconf 69' lang='lat' dir='ltr'><strong>caelo,</strong></span> <span class='ocrx_word' id='word_1_210' title='bbox 3389 1042 3491 1079; x_wconf 89' lang='lat' dir='ltr'><strong>non</strong></span> <span class='ocrx_word' id='word_1_211' title='bbox 3528 1035 3587 1079; x_wconf 87' lang='lat' dir='ltr'><strong>ut</strong></span> 
     </span>
    </p>
   </div>
   <div class='ocr_carea' id='block_1_27' title="bbox 2013 1108 3586 1188">
    <p class='ocr_par' dir='ltr' id='par_1_27' title="bbox 2013 1108 3586 1188">
     <span class='ocr_line' id='line_1_27' title="bbox 2013 1108 3586 1188; baseline 0.008 -28"><span class='ocrx_word' id='word_1_212' title='bbox 2013 1108 2208 1177; x_wconf 78' lang='lat' dir='ltr'><strong>faciam</strong></span> <span class='ocrx_word' id='word_1_213' title='bbox 2247 1108 2556 1162; x_wconf 80' lang='lat' dir='ltr'><strong>voluntatem</strong></span> <span class='ocrx_word' id='word_1_214' title='bbox 2602 1127 2770 1164; x_wconf 88' lang='lat' dir='ltr'><strong>meam</strong></span> <span class='ocrx_word' id='word_1_215' title='bbox 2797 1152 2811 1176; x_wconf 92' lang='lat'><strong>,</strong></span> <span class='ocrx_word' id='word_1_216' title='bbox 2848 1113 2938 1166; x_wconf 87' lang='lat' dir='ltr'><strong>sed</strong></span> <span class='ocrx_word' id='word_1_217' title='bbox 2978 1112 3294 1168; x_wconf 78' lang='lat' dir='ltr'><strong>voluntatem</strong></span> <span class='ocrx_word' id='word_1_218' title='bbox 3339 1118 3453 1186; x_wconf 83' lang='lat' dir='ltr'><strong>ejus</strong></span> <span class='ocrx_word' id='word_1_219' title='bbox 3493 1120 3586 1188; x_wconf 85' lang='lat' dir='ltr'><strong>qui</strong></span> 
     </span>
    </p>
   </div>
   <div class='ocr_carea' id='block_1_28' title="bbox 2011 1197 3588 1277">
    <p class='ocr_par' dir='ltr' id='par_1_28' title="bbox 2011 1197 3588 1277">
     <span class='ocr_line' id='line_1_28' title="bbox 2011 1197 3588 1277; baseline 0.009 -29"><span class='ocrx_word' id='word_1_220' title='bbox 2011 1198 2151 1250; x_wconf 86' lang='lat' dir='ltr'><strong>misit</strong></span> <span class='ocrx_word' id='word_1_221' title='bbox 2188 1214 2299 1262; x_wconf 88' lang='lat' dir='ltr'><strong>me,</strong></span> <span class='ocrx_word' id='word_1_222' title='bbox 2348 1197 2527 1253; x_wconf 82' lang='lat' dir='ltr'><strong>Patris</strong></span> <span class='ocrx_word' id='word_1_223' title='bbox 2572 1199 2752 1269; x_wconf 79' lang='lat' dir='ltr'><strong>(Joan.</strong></span> <span class='ocrx_word' id='word_1_224' title='bbox 2797 1202 2931 1272; x_wconf 78' lang='lat' dir='ltr'><strong>xw).</strong></span> <span class='ocrx_word' id='word_1_225' title='bbox 2978 1203 3046 1256; x_wconf 88' lang='lat' dir='ltr'><strong>Et</strong></span> <span class='ocrx_word' id='word_1_226' title='bbox 3092 1204 3288 1258; x_wconf 87' lang='lat' dir='ltr'><strong>iterum</strong></span> <span class='ocrx_word' id='word_1_227' title='bbox 3333 1210 3588 1277; x_wconf 69' lang='lat' dir='ltr'><strong>prmcepit</strong></span> 
     </span>
    </p>
   </div>
   <div class='ocr_carea' id='block_1_29' title="bbox 2011 1286 3583 1362">
    <p class='ocr_par' dir='ltr' id='par_1_29' title="bbox 2011 1286 3583 1362">
     <span class='ocr_line' id='line_1_29' title="bbox 2011 1286 3583 1362; baseline 0.005 -21"><span class='ocrx_word' id='word_1_228' title='bbox 2011 1286 2195 1342; x_wconf 87' lang='lat' dir='ltr'><strong>dicens</strong></span> <span class='ocrx_word' id='word_1_229' title='bbox 2218 1303 2231 1339; x_wconf 92' lang='lat'><strong>:</strong></span> <span class='ocrx_word' id='word_1_230' title='bbox 2257 1288 2317 1343; x_wconf 88' lang='lat' dir='ltr'><strong>Si</strong></span> <span class='ocrx_word' id='word_1_231' title='bbox 2338 1290 2452 1359; x_wconf 84' lang='lat' dir='ltr'><strong>quis</strong></span> <span class='ocrx_word' id='word_1_232' title='bbox 2480 1299 2527 1342; x_wconf 89' lang='lat' dir='ltr'><strong>te</strong></span> <span class='ocrx_word' id='word_1_233' title='bbox 2548 1292 2897 1359; x_wconf 86' lang='lat' dir='ltr'><strong>angariaverit</strong></span> <span class='ocrx_word' id='word_1_234' title='bbox 2918 1292 3058 1346; x_wconf 82' lang='lat' dir='ltr'><strong>mille</strong></span> <span class='ocrx_word' id='word_1_235' title='bbox 3083 1309 3292 1362; x_wconf 85' lang='lat' dir='ltr'><strong>passus,</strong></span> <span class='ocrx_word' id='word_1_236' title='bbox 3315 1295 3443 1348; x_wconf 87' lang='lat' dir='ltr'><strong>vade</strong></span> <span class='ocrx_word' id='word_1_237' title='bbox 3467 1313 3583 1349; x_wconf 86' lang='lat' dir='ltr'><strong>cum</strong></span> 
     </span>
    </p>
   </div>
   <div class='ocr_carea' id='block_1_30' title="bbox 2009 1376 2714 1453">
    <p class='ocr_par' dir='ltr' id='par_1_30' title="bbox 2009 1376 2714 1453">
     <span class='ocr_line' id='line_1_30' title="bbox 2009 1376 2714 1453; baseline 0.009 -23"><span class='ocrx_word' id='word_1_238' title='bbox 2009 1376 2102 1431; x_wconf 87' lang='lat' dir='ltr'><strong>illo</strong></span> <span class='ocrx_word' id='word_1_239' title='bbox 2128 1378 2234 1431; x_wconf 88' lang='lat' dir='ltr'><strong>alia</strong></span> <span class='ocrx_word' id='word_1_240' title='bbox 2257 1378 2360 1433; x_wconf 86' lang='lat' dir='ltr'><strong>duo</strong></span> <span class='ocrx_word' id='word_1_241' title='bbox 2394 1379 2609 1450; x_wconf 79' lang='lat' dir='ltr'><strong>(Matth.</strong></span> <span class='ocrx_word' id='word_1_242' title='bbox 2641 1380 2714 1453; x_wconf 86' lang='lat' dir='ltr'><strong>v).</strong></span> 
     </span>
    </p>
   </div>
   <div class='ocr_carea' id='block_1_31' title="bbox 2008 1598 3582 1673">
    <p class='ocr_par' dir='ltr' id='par_1_31' title="bbox 2008 1598 3582 1673">
     <span class='ocr_line' id='line_1_31' title="bbox 2008 1598 3582 1673; baseline 0.004 -21"><span class='ocrx_word' id='word_1_243' title='bbox 2008 1598 2273 1665; x_wconf 85' lang='lat' dir='ltr'><strong>Quocirca</strong></span> <span class='ocrx_word' id='word_1_244' title='bbox 2300 1598 2449 1673; x_wconf 85' lang='lat' dir='ltr'><strong>omni</strong></span> <span class='ocrx_word' id='word_1_245' title='bbox 2496 1600 2707 1673; x_wconf 82' lang='lat' dir='ltr'><strong>ratione</strong></span> <span class='ocrx_word' id='word_1_246' title='bbox 2737 1614 2957 1657; x_wconf 85' lang='lat' dir='ltr'><strong>necesse</strong></span> <span class='ocrx_word' id='word_1_247' title='bbox 2985 1609 3069 1658; x_wconf 89' lang='lat' dir='ltr'><strong>est</strong></span> <span class='ocrx_word' id='word_1_248' title='bbox 3101 1601 3213 1657; x_wconf 91' lang='lat' dir='ltr'><strong>Deo</strong></span> <span class='ocrx_word' id='word_1_249' title='bbox 3238 1600 3428 1670; x_wconf 87' lang='lat' dir='ltr'><strong>subjici</strong></span> <span class='ocrx_word' id='word_1_250' title='bbox 3457 1618 3582 1673; x_wconf 89' lang='lat' dir='ltr'><strong>pro-</strong></span> 
     </span>
    </p>
   </div>
   <div class='ocr_carea' id='block_1_32' title="bbox 2008 1668 2643 1739">
    <p class='ocr_par' dir='ltr' id='par_1_32' title="bbox 2008 1668 2643 1739">
     <span class='ocr_line' id='line_1_32' title="bbox 2008 1668 2643 1739; baseline 0.002 -16"><span class='ocrx_word' id='word_1_251' title='bbox 2008 1678 2131 1739; x_wconf 89' lang='lat' dir='ltr'><strong>pter</strong></span> <span class='ocrx_word' id='word_1_252' title='bbox 2170 1670 2486 1724; x_wconf 90' lang='lat' dir='ltr'><strong>mandatum</strong></span> <span class='ocrx_word' id='word_1_253' title='bbox 2509 1668 2643 1738; x_wconf 83' lang='lat' dir='ltr'><strong>ejus.</strong></span> 
     </span>
    </p>
   </div>
   <div class='ocr_carea' id='block_1_33' title="bbox 1708 1950 2208 2028">
    <p class='ocr_par' dir='ltr' id='par_1_33' title="bbox 1708 1950 2208 2028">
     <span class='ocr_line' id='line_1_33' title="bbox 1708 1950 2208 2028; baseline -0.004 0"><span class='ocrx_word' id='word_1_254' title='bbox 1708 1950 2040 2028; x_wconf 87' lang='lat' dir='ltr'><strong>CAPUT</strong></span> <span class='ocrx_word' id='word_1_255' title='bbox 2113 1951 2208 2027; x_wconf 89' lang='lat' dir='ltr'><strong>V.</strong></span> 
     </span>
    </p>
   </div>
   <div class='ocr_carea' id='block_1_34' title="bbox 1455 2080 2445 2163">
    <p class='ocr_par' dir='ltr' id='par_1_34' title="bbox 1455 2080 2445 2163">
     <span class='ocr_line' id='line_1_34' title="bbox 1455 2080 2445 2163; baseline -0.012 -13"><span class='ocrx_word' id='word_1_256' title='bbox 1455 2080 1701 2163; x_wconf 78' lang='lat' dir='ltr'><strong>QUALIS</strong></span> <span class='ocrx_word' id='word_1_257' title='bbox 1740 2090 1961 2146; x_wconf 84' lang='lat' dir='ltr'><strong>DEBET</strong></span> <span class='ocrx_word' id='word_1_258' title='bbox 2002 2085 2175 2143; x_wconf 72' lang='lat' dir='ltr'><strong>esse</strong></span> <span class='ocrx_word' id='word_1_259' title='bbox 2209 2086 2445 2144; x_wconf 75' lang='lat' dir='ltr'><strong>ABBAS.</strong></span> 
     </span>
    </p>
   </div>
   <div class='ocr_carea' id='block_1_35' title="bbox 1717 2208 2173 2232">
    <p class='ocr_par' dir='ltr' id='par_1_35' title="bbox 1717 2208 2173 2232">
     <span class='ocr_line' id='line_1_35' title="bbox 1717 2208 2173 2232; baseline 0.002 -17"><span class='ocrx_word' id='word_1_260' title='bbox 1717 2208 2173 2232; x_wconf 81' lang='lat'><strong>_________</strong></span> 
     </span>
    </p>
   </div>
   <div class='ocr_carea' id='block_1_36' title="bbox 544 2267 1670 2342">
    <p class='ocr_par' dir='ltr' id='par_1_36' title="bbox 544 2267 1670 2342">
     <span class='ocr_line' id='line_1_36' title="bbox 544 2267 1670 2342; baseline 0.003 -19"><span class='ocrx_word' id='word_1_261' title='bbox 544 2270 572 2342; x_wconf 83' lang='lat'>§</span> <span class='ocrx_word' id='word_1_262' title='bbox 599 2268 640 2323; x_wconf 92' lang='grc'><strong>1.</strong></span> <span class='ocrx_word' id='word_1_263' title='bbox 680 2299 751 2309; x_wconf 89' lang='lat'><strong>—-</strong></span> <span class='ocrx_word' id='word_1_264' title='bbox 786 2268 865 2322; x_wconf 76' lang='lat' dir='ltr'><strong>Ex</strong></span> <span class='ocrx_word' id='word_1_265' title='bbox 893 2267 1109 2325; x_wconf 68' lang='lat' dir='ltr'><strong>Recvu</strong></span> <span class='ocrx_word' id='word_1_266' title='bbox 1138 2284 1324 2325; x_wconf 63' lang='lat' dir='ltr'><strong>ssuc&#39;n</strong></span> <span class='ocrx_word' id='word_1_267' title='bbox 1352 2269 1670 2326; x_wconf 70' lang='lat' dir='ltr'><strong>BENEDICTI.</strong></span> 
     </span>
    </p>
   </div>
   <div class='ocr_carea' id='block_1_37' title="bbox 405 2359 1902 2431">
    <p class='ocr_par' dir='ltr' id='par_1_37' title="bbox 405 2359 1902 2431">
     <span class='ocr_line' id='line_1_37' title="bbox 405 2359 1902 2431; baseline 0.003 -18"><span class='ocrx_word' id='word_1_268' title='bbox 405 2373 430 2401; x_wconf 77' lang='grc' dir='ltr'><strong>ι</strong></span> <span class='ocrx_word' id='word_1_269' title='bbox 459 2359 639 2414; x_wconf 85' lang='lat' dir='ltr'><strong>Abbas</strong></span> <span class='ocrx_word' id='word_1_270' title='bbox 667 2359 757 2429; x_wconf 88' lang='lat' dir='ltr'><strong>qui</strong></span> <span class='ocrx_word' id='word_1_271' title='bbox 785 2374 1015 2428; x_wconf 72' lang='lat' dir='ltr'><strong>praeesse</strong></span> <span class='ocrx_word' id='word_1_272' title='bbox 1040 2359 1230 2431; x_wconf 82' lang='lat' dir='ltr'><strong>dignus</strong></span> <span class='ocrx_word' id='word_1_273' title='bbox 1261 2370 1346 2416; x_wconf 91' lang='lat' dir='ltr'><strong>est</strong></span> <span class='ocrx_word' id='word_1_274' title='bbox 1371 2362 1733 2428; x_wconf 90' lang='lat' dir='ltr'><strong>monasterio,</strong></span> <span class='ocrx_word' id='word_1_275' title='bbox 1760 2378 1902 2418; x_wconf 89' lang='lat' dir='ltr'><strong>sem-</strong></span> 
     </span>
    </p>
   </div>
   <div class='ocr_carea' id='block_1_38' title="bbox 333 2452 1904 2524">
    <p class='ocr_par' dir='ltr' id='par_1_38' title="bbox 333 2452 1904 2524">
     <span class='ocr_line' id='line_1_38' title="bbox 333 2452 1904 2524; baseline 0.002 -18"><span class='ocrx_word' id='word_1_276' title='bbox 333 2467 430 2524; x_wconf 89' lang='lat' dir='ltr'><strong>per</strong></span> <span class='ocrx_word' id='word_1_277' title='bbox 454 2452 749 2506; x_wconf 87' lang='lat' dir='ltr'><strong>meminere</strong></span> <span class='ocrx_word' id='word_1_278' title='bbox 775 2452 932 2506; x_wconf 84' lang='lat' dir='ltr'><strong>debet</strong></span> <span class='ocrx_word' id='word_1_279' title='bbox 957 2453 1099 2519; x_wconf 92' lang='lat' dir='ltr'><strong>quod</strong></span> <span class='ocrx_word' id='word_1_280' title='bbox 1128 2452 1325 2506; x_wconf 90' lang='lat' dir='ltr'><strong>dicitur</strong></span> <span class='ocrx_word' id='word_1_281' title='bbox 1343 2493 1356 2515; x_wconf 89' lang='lat'><strong>,</strong></span> <span class='ocrx_word' id='word_1_282' title='bbox 1388 2460 1442 2506; x_wconf 91' lang='lat' dir='ltr'><strong>et</strong></span> <span class='ocrx_word' id='word_1_283' title='bbox 1465 2468 1661 2507; x_wconf 88' lang='lat' dir='ltr'><strong>nomen</strong></span> <span class='ocrx_word' id='word_1_284' title='bbox 1684 2453 1904 2521; x_wconf 87' lang='lat' dir='ltr'><strong>majoris</strong></span> 
     </span>
    </p>
   </div>
   <div class='ocr_carea' id='block_1_39' title="bbox 335 2540 1901 2612">
    <p class='ocr_par' dir='ltr' id='par_1_39' title="bbox 335 2540 1901 2612">
     <span class='ocr_line' id='line_1_39' title="bbox 335 2540 1901 2612; baseline 0.001 -16"><span class='ocrx_word' id='word_1_285' title='bbox 335 2543 493 2599; x_wconf 84' lang='lat' dir='ltr'><strong>factis</strong></span> <span class='ocrx_word' id='word_1_286' title='bbox 515 2542 757 2612; x_wconf 88' lang='lat' dir='ltr'><strong>implere.</strong></span> <span class='ocrx_word' id='word_1_287' title='bbox 785 2540 983 2596; x_wconf 81' lang='lat' dir='ltr'><strong>Christi</strong></span> <span class='ocrx_word' id='word_1_288' title='bbox 1013 2542 1156 2595; x_wconf 89' lang='lat' dir='ltr'><strong>enim</strong></span> <span class='ocrx_word' id='word_1_289' title='bbox 1187 2543 1333 2596; x_wconf 84' lang='lat' dir='ltr'><strong>vices</strong></span> <span class='ocrx_word' id='word_1_290' title='bbox 1359 2558 1519 2611; x_wconf 82' lang='lat' dir='ltr'><strong>agere</strong></span> <span class='ocrx_word' id='word_1_291' title='bbox 1543 2543 1595 2596; x_wconf 92' lang='lat' dir='ltr'><strong>in</strong></span> <span class='ocrx_word' id='word_1_292' title='bbox 1626 2552 1901 2597; x_wconf 91' lang='lat' dir='ltr'><strong>monaste-</strong></span> 
     </span>
    </p>
   </div>
   <div class='ocr_carea' id='block_1_40' title="bbox 334 2632 1906 2703">
    <p class='ocr_par' dir='ltr' id='par_1_40' title="bbox 334 2632 1906 2703">
     <span class='ocr_line' id='line_1_40' title="bbox 334 2632 1906 2703; baseline 0.001 -16"><span class='ocrx_word' id='word_1_293' title='bbox 334 2633 414 2687; x_wconf 88' lang='lat' dir='ltr'><strong>rio</strong></span> <span class='ocrx_word' id='word_1_294' title='bbox 443 2633 684 2687; x_wconf 84' lang='lat' dir='ltr'><strong>creditur</strong></span> <span class='ocrx_word' id='word_1_295' title='bbox 719 2633 935 2701; x_wconf 87' lang='lat' dir='ltr'><strong>quando</strong></span> <span class='ocrx_word' id='word_1_296' title='bbox 985 2632 1152 2701; x_wconf 90' lang='lat' dir='ltr'><strong>ipsius</strong></span> <span class='ocrx_word' id='word_1_297' title='bbox 1183 2643 1410 2688; x_wconf 87' lang='lat' dir='ltr'><strong>vocatur</strong></span> <span class='ocrx_word' id='word_1_298' title='bbox 1446 2635 1797 2703; x_wconf 72' lang='lat' dir='ltr'><strong>ptaznomiue,</strong></span> <span class='ocrx_word' id='word_1_299' title='bbox 1828 2635 1906 2689; x_wconf 91' lang='lat' dir='ltr'><strong>di-</strong></span> 
     </span>
    </p>
   </div>
   <div class='ocr_carea' id='block_1_41' title="bbox 333 2719 1900 2793">
    <p class='ocr_par' dir='ltr' id='par_1_41' title="bbox 333 2719 1900 2793">
     <span class='ocr_line' id='line_1_41' title="bbox 333 2719 1900 2793; baseline 0.004 -22"><span class='ocrx_word' id='word_1_300' title='bbox 333 2728 488 2774; x_wconf 87' lang='lat' dir='ltr'><strong>cente</strong></span> <span class='ocrx_word' id='word_1_301' title='bbox 515 2719 771 2788; x_wconf 79' lang='lat' dir='ltr'><strong>Apostolo</strong></span> <span class='ocrx_word' id='word_1_302' title='bbox 800 2738 812 2773; x_wconf 87' lang='lat'><strong>:</strong></span> <span class='ocrx_word' id='word_1_303' title='bbox 846 2719 1127 2789; x_wconf 81' lang='lat' dir='ltr'><strong>Accepistis</strong></span> <span class='ocrx_word' id='word_1_304' title='bbox 1175 2722 1417 2789; x_wconf 79' lang='lat' dir='ltr'><strong>spiritum</strong></span> <span class='ocrx_word' id='word_1_305' title='bbox 1441 2724 1736 2793; x_wconf 76' lang='lat' dir='ltr'><strong>adopionis</strong></span> <span class='ocrx_word' id='word_1_306' title='bbox 1758 2724 1900 2792; x_wconf 88' lang='lat' dir='ltr'><strong>ﬁlio-</strong></span> 
     </span>
    </p>
   </div>
   <div class='ocr_carea' id='block_1_42' title="bbox 334 2810 1903 2882">
    <p class='ocr_par' dir='ltr' id='par_1_42' title="bbox 334 2810 1903 2882">
     <span class='ocr_line' id='line_1_42' title="bbox 334 2810 1903 2882; baseline 0.003 -20"><span class='ocrx_word' id='word_1_307' title='bbox 334 2827 469 2874; x_wconf 87' lang='lat' dir='ltr'><strong>rum,</strong></span> <span class='ocrx_word' id='word_1_308' title='bbox 493 2811 545 2862; x_wconf 84' lang='lat' dir='ltr'><strong>in</strong></span> <span class='ocrx_word' id='word_1_309' title='bbox 570 2828 674 2879; x_wconf 87' lang='lat' dir='ltr'><strong>quo</strong></span> <span class='ocrx_word' id='word_1_310' title='bbox 703 2810 1007 2874; x_wconf 84' lang='lat' dir='ltr'><strong>clamamus,</strong></span> <span class='ocrx_word' id='word_1_311' title='bbox 1034 2810 1175 2863; x_wconf 80' lang='lat' dir='ltr'><strong>Abba</strong></span> <span class='ocrx_word' id='word_1_312' title='bbox 1204 2821 1352 2879; x_wconf 85' lang='lat' dir='ltr'><strong>pater</strong></span> <span class='ocrx_word' id='word_1_313' title='bbox 1384 2811 1560 2881; x_wconf 84' lang='lat' dir='ltr'><strong>(Rom.</strong></span> <span class='ocrx_word' id='word_1_314' title='bbox 1586 2815 1727 2882; x_wconf 82' lang='lat' dir='ltr'><strong>vni).</strong></span> <span class='ocrx_word' id='word_1_315' title='bbox 1752 2814 1903 2867; x_wconf 86' lang='lat' dir='ltr'><strong>Ideo-</strong></span> 
     </span>
    </p>
   </div>
   <div class='ocr_carea' id='block_1_43' title="bbox 292 2899 1902 2973">
    <p class='ocr_par' dir='ltr' id='par_1_43' title="bbox 292 2899 1902 2973">
     <span class='ocr_line' id='line_1_43' title="bbox 292 2899 1902 2973; baseline 0.006 -24"><span class='ocrx_word' id='word_1_316' title='bbox 292 2968 297 2973; x_wconf 27' lang='grc' dir='ltr'>ν</span> <span class='ocrx_word' id='word_1_317' title='bbox 333 2914 434 2968; x_wconf 83' lang='lat' dir='ltr'><strong>que</strong></span> <span class='ocrx_word' id='word_1_318' title='bbox 460 2899 626 2953; x_wconf 76' lang='lat' dir='ltr'><strong>abbas</strong></span> <span class='ocrx_word' id='word_1_319' title='bbox 655 2900 683 2938; x_wconf 71' lang='grc'><strong>1)</strong></span> <span class='ocrx_word' id='word_1_320' title='bbox 711 2899 844 2953; x_wconf 83' lang='lat' dir='ltr'><strong>nihil</strong></span> <span class='ocrx_word' id='word_1_321' title='bbox 885 2909 1073 2953; x_wconf 89' lang='lat' dir='ltr'><strong>contra</strong></span> <span class='ocrx_word' id='word_1_322' title='bbox 1107 2910 1436 2970; x_wconf 70' lang='lat' dir='ltr'><strong>prmceptum</strong></span> <span class='ocrx_word' id='word_1_323' title='bbox 1485 2903 1719 2967; x_wconf 87' lang='lat' dir='ltr'><strong>Domini,</strong></span> <span class='ocrx_word' id='word_1_324' title='bbox 1757 2905 1902 2973; x_wconf 85' lang='lat' dir='ltr'><strong>quod</strong></span> 
     </span>
    </p>
   </div>
   <div class='ocr_carea' id='block_1_44' title="bbox 334 2991 1899 3062">
    <p class='ocr_par' dir='ltr' id='par_1_44' title="bbox 334 2991 1899 3062">
     <span class='ocr_line' id='line_1_44' title="bbox 334 2991 1899 3062; baseline 0.003 -17"><span class='ocrx_word' id='word_1_325' title='bbox 334 2992 494 3057; x_wconf 82' lang='lat' dir='ltr'><strong>absit,</strong></span> <span class='ocrx_word' id='word_1_326' title='bbox 526 2991 686 3045; x_wconf 80' lang='lat' dir='ltr'><strong>debet</strong></span> <span class='ocrx_word' id='word_1_327' title='bbox 713 3000 805 3044; x_wconf 90' lang='lat' dir='ltr'><strong>aut</strong></span> <span class='ocrx_word' id='word_1_328' title='bbox 840 2993 1190 3053; x_wconf 85' lang='lat' dir='ltr'><strong>constituere,</strong></span> <span class='ocrx_word' id='word_1_329' title='bbox 1245 2992 1325 3046; x_wconf 89' lang='lat' dir='ltr'><strong>vel</strong></span> <span class='ocrx_word' id='word_1_330' title='bbox 1346 2991 1543 3061; x_wconf 85' lang='lat' dir='ltr'><strong>jubere</strong></span> <span class='ocrx_word' id='word_1_331' title='bbox 1573 3011 1583 3046; x_wconf 88' lang='lat'><strong>:</strong></span> <span class='ocrx_word' id='word_1_332' title='bbox 1616 2993 1899 3062; x_wconf 77' lang='lat' dir='ltr'><strong>sedjussio</strong></span> 
     </span>
    </p>
   </div>
   <div class='ocr_carea' id='block_1_45' title="bbox 2003 2265 3574 2344">
    <p class='ocr_par' dir='ltr' id='par_1_45' title="bbox 2003 2265 3574 2344">
     <span class='ocr_line' id='line_1_45' title="bbox 2003 2265 3574 2344; baseline 0.003 -21"><span class='ocrx_word' id='word_1_333' title='bbox 2003 2284 2123 2323; x_wconf 90' lang='lat' dir='ltr'><strong>rum</strong></span> <span class='ocrx_word' id='word_1_334' title='bbox 2165 2267 2269 2322; x_wconf 88' lang='lat' dir='ltr'><strong>erit</strong></span> <span class='ocrx_word' id='word_1_335' title='bbox 2302 2267 2457 2330; x_wconf 87' lang='lat' dir='ltr'><strong>liber,</strong></span> <span class='ocrx_word' id='word_1_336' title='bbox 2499 2272 2559 2319; x_wconf 91' lang='lat' dir='ltr'><strong>ut</strong></span> <span class='ocrx_word' id='word_1_337' title='bbox 2582 2265 2626 2319; x_wconf 90' lang='lat' dir='ltr'><strong>si</strong></span> <span class='ocrx_word' id='word_1_338' title='bbox 2679 2265 2917 2333; x_wconf 87' lang='lat' dir='ltr'><strong>inquieto</strong></span> <span class='ocrx_word' id='word_1_339' title='bbox 2953 2265 3036 2321; x_wconf 83' lang='lat' dir='ltr'><strong>vel</strong></span> <span class='ocrx_word' id='word_1_340' title='bbox 3073 2265 3399 2325; x_wconf 89' lang='lat' dir='ltr'><strong>inobedienti</strong></span> <span class='ocrx_word' id='word_1_341' title='bbox 3426 2274 3574 2344; x_wconf 78' lang='lat' dir='ltr'><strong>gregi</strong></span> 
     </span>
    </p>
   </div>
   <div class='ocr_carea' id='block_1_46' title="bbox 2002 2358 3574 2431">
    <p class='ocr_par' dir='ltr' id='par_1_46' title="bbox 2002 2358 3574 2431">
     <span class='ocr_line' id='line_1_46' title="bbox 2002 2358 3574 2431; baseline 0.004 -16"><span class='ocrx_word' id='word_1_342' title='bbox 2002 2362 2238 2431; x_wconf 81' lang='lat' dir='ltr'><strong>pastoris</strong></span> <span class='ocrx_word' id='word_1_343' title='bbox 2268 2359 2431 2414; x_wconf 87' lang='lat' dir='ltr'><strong>fuerit</strong></span> <span class='ocrx_word' id='word_1_344' title='bbox 2460 2358 2633 2413; x_wconf 90' lang='lat' dir='ltr'><strong>omnis</strong></span> <span class='ocrx_word' id='word_1_345' title='bbox 2678 2358 2956 2428; x_wconf 80' lang='lat' dir='ltr'><strong>diligentia</strong></span> <span class='ocrx_word' id='word_1_346' title='bbox 2993 2362 3275 2429; x_wconf 82' lang='lat' dir='ltr'><strong>attributa,</strong></span> <span class='ocrx_word' id='word_1_347' title='bbox 3298 2372 3353 2419; x_wconf 92' lang='lat' dir='ltr'><strong>et</strong></span> <span class='ocrx_word' id='word_1_348' title='bbox 3382 2367 3574 2422; x_wconf 87' lang='lat' dir='ltr'><strong>morbi-</strong></span> 
     </span>
    </p>
   </div>
   <div class='ocr_carea' id='block_1_47' title="bbox 2003 2451 3572 2524">
    <p class='ocr_par' dir='ltr' id='par_1_47' title="bbox 2003 2451 3572 2524">
     <span class='ocr_line' id='line_1_47' title="bbox 2003 2451 3572 2524; baseline 0.003 -16"><span class='ocrx_word' id='word_1_349' title='bbox 2003 2454 2088 2508; x_wconf 87' lang='lat' dir='ltr'><strong>dis</strong></span> <span class='ocrx_word' id='word_1_350' title='bbox 2128 2469 2315 2508; x_wconf 90' lang='lat' dir='ltr'><strong>earum</strong></span> <span class='ocrx_word' id='word_1_351' title='bbox 2362 2453 2572 2506; x_wconf 86' lang='lat' dir='ltr'><strong>actibus</strong></span> <span class='ocrx_word' id='word_1_352' title='bbox 2619 2452 2870 2505; x_wconf 83' lang='lat' dir='ltr'><strong>universa</strong></span> <span class='ocrx_word' id='word_1_353' title='bbox 2921 2451 3083 2508; x_wconf 87' lang='lat' dir='ltr'><strong>fuerit</strong></span> <span class='ocrx_word' id='word_1_354' title='bbox 3131 2469 3259 2508; x_wconf 88' lang='lat' dir='ltr'><strong>cura</strong></span> <span class='ocrx_word' id='word_1_355' title='bbox 3312 2457 3572 2524; x_wconf 74' lang='lat' dir='ltr'><strong>exhibita,</strong></span> 
     </span>
    </p>
   </div>
   <div class='ocr_carea' id='block_1_48' title="bbox 2001 2541 3571 2612">
    <p class='ocr_par' dir='ltr' id='par_1_48' title="bbox 2001 2541 3571 2612">
     <span class='ocr_line' id='line_1_48' title="bbox 2001 2541 3571 2612; baseline 0.004 -15"><span class='ocrx_word' id='word_1_356' title='bbox 2001 2553 2188 2612; x_wconf 85' lang='lat' dir='ltr'><strong>pastor</strong></span> <span class='ocrx_word' id='word_1_357' title='bbox 2216 2559 2402 2599; x_wconf 85' lang='lat' dir='ltr'><strong>earum</strong></span> <span class='ocrx_word' id='word_1_358' title='bbox 2431 2544 2484 2596; x_wconf 92' lang='lat' dir='ltr'><strong>in</strong></span> <span class='ocrx_word' id='word_1_359' title='bbox 2506 2541 2711 2611; x_wconf 89' lang='lat' dir='ltr'><strong>judicio</strong></span> <span class='ocrx_word' id='word_1_360' title='bbox 2740 2543 2949 2597; x_wconf 90' lang='lat' dir='ltr'><strong>Domini</strong></span> <span class='ocrx_word' id='word_1_361' title='bbox 2977 2545 3253 2601; x_wconf 91' lang='lat' dir='ltr'><strong>absolutus</strong></span> <span class='ocrx_word' id='word_1_362' title='bbox 3283 2547 3427 2603; x_wconf 89' lang='lat' dir='ltr'><strong>dicat</strong></span> <span class='ocrx_word' id='word_1_363' title='bbox 3450 2565 3571 2604; x_wconf 90' lang='lat' dir='ltr'><strong>cum</strong></span> 
     </span>
    </p>
   </div>
   <div class='ocr_carea' id='block_1_49' title="bbox 2003 2632 3569 2704">
    <p class='ocr_par' dir='ltr' id='par_1_49' title="bbox 2003 2632 3569 2704">
     <span class='ocr_line' id='line_1_49' title="bbox 2003 2632 3569 2704; baseline 0.001 -14"><span class='ocrx_word' id='word_1_364' title='bbox 2003 2635 2268 2704; x_wconf 81' lang='lat' dir='ltr'><strong>Propheta</strong></span> <span class='ocrx_word' id='word_1_365' title='bbox 2302 2633 2530 2688; x_wconf 91' lang='lat' dir='ltr'><strong>Domino</strong></span> <span class='ocrx_word' id='word_1_366' title='bbox 2557 2652 2568 2685; x_wconf 90' lang='lat'>:</span> <span class='ocrx_word' id='word_1_367' title='bbox 2613 2632 2885 2686; x_wconf 82' lang='lat' dir='ltr'><strong>Justitiam</strong></span> <span class='ocrx_word' id='word_1_368' title='bbox 2918 2644 3063 2688; x_wconf 89' lang='lat' dir='ltr'><strong>tuam</strong></span> <span class='ocrx_word' id='word_1_369' title='bbox 3089 2652 3194 2689; x_wconf 86' lang='lat' dir='ltr'><strong>non</strong></span> <span class='ocrx_word' id='word_1_370' title='bbox 3234 2638 3485 2692; x_wconf 84' lang='lat' dir='ltr'><strong>abscondi</strong></span> <span class='ocrx_word' id='word_1_371' title='bbox 3514 2641 3569 2693; x_wconf 87' lang='lat' dir='ltr'><strong>in</strong></span> 
     </span>
    </p>
   </div>
   <div class='ocr_carea' id='block_1_50' title="bbox 2004 2722 3566 2797">
    <p class='ocr_par' dir='ltr' id='par_1_50' title="bbox 2004 2722 3566 2797">
     <span class='ocr_line' id='line_1_50' title="bbox 2004 2722 3566 2797; baseline 0.002 -20"><span class='ocrx_word' id='word_1_372' title='bbox 2004 2726 2160 2778; x_wconf 86' lang='lat' dir='ltr'><strong>corde</strong></span> <span class='ocrx_word' id='word_1_373' title='bbox 2182 2741 2315 2788; x_wconf 82' lang='lat' dir='ltr'><strong>meo,</strong></span> <span class='ocrx_word' id='word_1_374' title='bbox 2342 2724 2604 2777; x_wconf 83' lang='lat' dir='ltr'><strong>veritatem</strong></span> <span class='ocrx_word' id='word_1_375' title='bbox 2630 2731 2770 2775; x_wconf 88' lang='lat' dir='ltr'><strong>tuam</strong></span> <span class='ocrx_word' id='word_1_376' title='bbox 2787 2732 2833 2775; x_wconf 87' lang='lat' dir='ltr'><strong>et</strong></span> <span class='ocrx_word' id='word_1_377' title='bbox 2854 2722 3085 2776; x_wconf 87' lang='lat' dir='ltr'><strong>salutare</strong></span> <span class='ocrx_word' id='word_1_378' title='bbox 3099 2734 3245 2777; x_wconf 88' lang='lat' dir='ltr'><strong>tuum</strong></span> <span class='ocrx_word' id='word_1_379' title='bbox 3258 2726 3368 2779; x_wconf 75' lang='lat' dir='ltr'><strong>dixi</strong></span> <span class='ocrx_word' id='word_1_380' title='bbox 3382 2725 3566 2797; x_wconf 61' lang='lat' dir='ltr'><strong>(Psal.</strong></span> 
     </span>
    </p>
   </div>
   <div class='ocr_carea' id='block_1_51' title="bbox 2002 2812 3563 2885">
    <p class='ocr_par' dir='ltr' id='par_1_51' title="bbox 2002 2812 3563 2885">
     <span class='ocr_line' id='line_1_51' title="bbox 2002 2812 3563 2885; baseline 0.003 -19"><span class='ocrx_word' id='word_1_381' title='bbox 2002 2812 2229 2885; x_wconf 75' lang='lat' dir='ltr'><strong>xxxix):</strong></span> <span class='ocrx_word' id='word_1_382' title='bbox 2263 2812 2364 2882; x_wconf 89' lang='lat' dir='ltr'><strong>ipsi</strong></span> <span class='ocrx_word' id='word_1_383' title='bbox 2415 2820 2592 2865; x_wconf 89' lang='lat' dir='ltr'><strong>autem</strong></span> <span class='ocrx_word' id='word_1_384' title='bbox 2651 2818 3056 2866; x_wconf 88' lang='lat' dir='ltr'><strong>contemnentes</strong></span> <span class='ocrx_word' id='word_1_385' title='bbox 3108 2825 3429 2882; x_wconf 88' lang='lat' dir='ltr'><strong>spreverunt</strong></span> <span class='ocrx_word' id='word_1_386' title='bbox 3459 2832 3563 2871; x_wconf 89' lang='lat' dir='ltr'><strong>me.</strong></span> 
     </span>
    </p>
   </div>
   <div class='ocr_carea' id='block_1_52' title="bbox 2004 2901 3569 2962">
    <p class='ocr_par' dir='ltr' id='par_1_52' title="bbox 2004 2901 3569 2962">
     <span class='ocr_line' id='line_1_52' title="bbox 2004 2901 3569 2962; baseline 0.002 -4"><span class='ocrx_word' id='word_1_387' title='bbox 2004 2906 2070 2958; x_wconf 88' lang='lat' dir='ltr'><strong>Et</strong></span> <span class='ocrx_word' id='word_1_388' title='bbox 2129 2913 2256 2958; x_wconf 91' lang='lat' dir='ltr'><strong>tunc</strong></span> <span class='ocrx_word' id='word_1_389' title='bbox 2281 2902 2495 2957; x_wconf 89' lang='lat' dir='ltr'><strong>demum</strong></span> <span class='ocrx_word' id='word_1_390' title='bbox 2537 2901 2967 2956; x_wconf 88' lang='lat' dir='ltr'><strong>inobedientibus</strong></span> <span class='ocrx_word' id='word_1_391' title='bbox 3018 2920 3161 2958; x_wconf 70' lang='lat' dir='ltr'><strong>cura:</strong></span> <span class='ocrx_word' id='word_1_392' title='bbox 3212 2920 3322 2959; x_wconf 77' lang='lat' dir='ltr'><strong>sua:</strong></span> <span class='ocrx_word' id='word_1_393' title='bbox 3376 2907 3569 2962; x_wconf 86' lang='lat' dir='ltr'><strong>ovibus</strong></span> 
     </span>
    </p>
   </div>
   <div class='ocr_carea' id='block_1_53' title="bbox 2002 2990 3572 3067">
    <p class='ocr_par' dir='ltr' id='par_1_53' title="bbox 2002 2990 3572 3067">
     <span class='ocr_line' id='line_1_53' title="bbox 2002 2990 3572 3067; baseline 0.005 -22"><span class='ocrx_word' id='word_1_394' title='bbox 2002 2995 2027 3032; x_wconf 73' lang='grc' dir='ltr'><strong>ιι</strong></span> <span class='ocrx_word' id='word_1_395' title='bbox 2046 3006 2201 3063; x_wconf 85' lang='lat' dir='ltr'><strong>poena</strong></span> <span class='ocrx_word' id='word_1_396' title='bbox 2217 2994 2285 3047; x_wconf 91' lang='lat' dir='ltr'><strong>sit</strong></span> <span class='ocrx_word' id='word_1_397' title='bbox 2312 2994 2390 3047; x_wconf 91' lang='lat' dir='ltr'><strong>eis</strong></span> <span class='ocrx_word' id='word_1_398' title='bbox 2415 2990 2845 3062; x_wconf 52' lang='lat' dir='ltr'><strong>pra‘valensipsa,</strong></span> <span class='ocrx_word' id='word_1_399' title='bbox 2866 3007 3031 3048; x_wconf 89' lang='lat' dir='ltr'><strong>mors.</strong></span> <span class='ocrx_word' id='word_1_400' title='bbox 3061 2993 3201 3065; x_wconf 81' lang='lat' dir='ltr'><strong>Ergo</strong></span> <span class='ocrx_word' id='word_1_401' title='bbox 3230 3011 3352 3050; x_wconf 91' lang='lat' dir='ltr'><strong>cum</strong></span> <span class='ocrx_word' id='word_1_402' title='bbox 3375 2998 3572 3067; x_wconf 86' lang='lat' dir='ltr'><strong>aliquis</strong></span> 
     </span>
    </p>
   </div>
   <div class='ocr_carea' id='block_1_54' title="bbox 334 3082 3569 3154">
    <p class='ocr_par' dir='ltr' id='par_1_54' title="bbox 334 3082 3569 3154">
     <span class='ocr_line' id='line_1_54' title="bbox 334 3082 3569 3154; baseline 0.002 -16"><span class='ocrx_word' id='word_1_403' title='bbox 334 3083 472 3152; x_wconf 80' lang='lat' dir='ltr'><strong>ejus,</strong></span> <span class='ocrx_word' id='word_1_404' title='bbox 520 3082 607 3137; x_wconf 86' lang='lat' dir='ltr'><strong>vel</strong></span> <span class='ocrx_word' id='word_1_405' title='bbox 669 3083 910 3138; x_wconf 79' lang='lat' dir='ltr'><strong>doctrina</strong></span> <span class='ocrx_word' id='word_1_406' title='bbox 943 3095 964 3122; x_wconf 76' lang='grc' dir='ltr'><strong>ο</strong></span> <span class='ocrx_word' id='word_1_407' title='bbox 1000 3082 1318 3138; x_wconf 83' lang='lat' dir='ltr'><strong>fermentum</strong></span> <span class='ocrx_word' id='word_1_408' title='bbox 1367 3085 1562 3139; x_wconf 77' lang='lat' dir='ltr'><strong>divinae</strong></span> <span class='ocrx_word' id='word_1_409' title='bbox 1588 3085 1811 3154; x_wconf 70' lang='lat' dir='ltr'><strong>justitim</strong></span> <span class='ocrx_word' id='word_1_410' title='bbox 1840 3087 1894 3141; x_wconf 91' lang='lat' dir='ltr'><strong>in</strong></span> <span class='ocrx_word' id='word_1_411' title='bbox 1924 3087 1966 3147; x_wconf 86' lang='lat' dir='ltr'><strong>C</strong></span> <span class='ocrx_word' id='word_1_412' title='bbox 1999 3085 2221 3153; x_wconf 81' lang='lat' dir='ltr'><strong>suscipit</strong></span> <span class='ocrx_word' id='word_1_413' title='bbox 2258 3099 2450 3137; x_wconf 90' lang='lat' dir='ltr'><strong>nomen</strong></span> <span class='ocrx_word' id='word_1_414' title='bbox 2477 3082 2708 3149; x_wconf 86' lang='lat' dir='ltr'><strong>abbatis,</strong></span> <span class='ocrx_word' id='word_1_415' title='bbox 2760 3083 2959 3153; x_wconf 87' lang='lat' dir='ltr'><strong>duplici</strong></span> <span class='ocrx_word' id='word_1_416' title='bbox 2992 3084 3150 3139; x_wconf 90' lang='lat' dir='ltr'><strong>debet</strong></span> <span class='ocrx_word' id='word_1_417' title='bbox 3179 3086 3421 3141; x_wconf 90' lang='lat' dir='ltr'><strong>doctrina</strong></span> <span class='ocrx_word' id='word_1_418' title='bbox 3458 3089 3569 3143; x_wconf 88' lang='lat' dir='ltr'><strong>suis</strong></span> 
     </span>
    </p>
   </div>
   <div class='ocr_carea' id='block_1_55' title="bbox 334 3174 1943 3246">
    <p class='ocr_par' dir='ltr' id='par_1_55' title="bbox 334 3174 1943 3246">
     <span class='ocr_line' id='line_1_55' title="bbox 334 3174 1943 3246; baseline 0.002 -18"><span class='ocrx_word' id='word_1_419' title='bbox 334 3174 718 3244; x_wconf 88' lang='lat' dir='ltr'><strong>discipulorum</strong></span> <span class='ocrx_word' id='word_1_420' title='bbox 749 3176 1018 3229; x_wconf 90' lang='lat' dir='ltr'><strong>mentibus</strong></span> <span class='ocrx_word' id='word_1_421' title='bbox 1063 3183 1467 3246; x_wconf 83' lang='lat' dir='ltr'><strong>conspergatur.</strong></span> <span class='ocrx_word' id='word_1_422' title='bbox 1529 3176 1732 3231; x_wconf 82' lang='lat' dir='ltr'><strong>Memor</strong></span> <span class='ocrx_word' id='word_1_423' title='bbox 1761 3193 1901 3231; x_wconf 89' lang='lat' dir='ltr'><strong>sem-</strong></span> <span class='ocrx_word' id='word_1_424' title='bbox 1936 3180 1943 3189; x_wconf 83' lang='lat'><strong><em>&#39;</em></strong></span> 
     </span>
    </p>
   </div>
   <div class='ocr_carea' id='block_1_56' title="bbox 333 3264 1904 3336">
    <p class='ocr_par' dir='ltr' id='par_1_56' title="bbox 333 3264 1904 3336">
     <span class='ocr_line' id='line_1_56' title="bbox 333 3264 1904 3336; baseline 0.003 -18"><span class='ocrx_word' id='word_1_425' title='bbox 333 3281 430 3335; x_wconf 88' lang='lat' dir='ltr'><strong>per</strong></span> <span class='ocrx_word' id='word_1_426' title='bbox 456 3265 622 3320; x_wconf 86' lang='lat' dir='ltr'><strong>abbas</strong></span> <span class='ocrx_word' id='word_1_427' title='bbox 653 3266 778 3334; x_wconf 91' lang='lat' dir='ltr'><strong>quia</strong></span> <span class='ocrx_word' id='word_1_428' title='bbox 808 3264 833 3303; x_wconf 75' lang='grc' dir='ltr'>ἀ</span> <span class='ocrx_word' id='word_1_429' title='bbox 867 3265 1123 3320; x_wconf 70' lang='lat' dir='ltr'><strong>doctrinm</strong></span> <span class='ocrx_word' id='word_1_430' title='bbox 1155 3282 1265 3320; x_wconf 83' lang='lat' dir='ltr'><strong>suae</strong></span> <span class='ocrx_word' id='word_1_431' title='bbox 1291 3274 1345 3320; x_wconf 89' lang='lat' dir='ltr'><strong>et</strong></span> <span class='ocrx_word' id='word_1_432' title='bbox 1365 3267 1749 3336; x_wconf 88' lang='lat' dir='ltr'><strong>discipulorum</strong></span> <span class='ocrx_word' id='word_1_433' title='bbox 1777 3270 1904 3323; x_wconf 88' lang='lat' dir='ltr'><strong>ohe-</strong></span> 
     </span>
    </p>
   </div>
   <div class='ocr_carea' id='block_1_57' title="bbox 334 3353 1903 3423">
    <p class='ocr_par' dir='ltr' id='par_1_57' title="bbox 334 3353 1903 3423">
     <span class='ocr_line' id='line_1_57' title="bbox 334 3353 1903 3423; baseline 0.004 -17"><span class='ocrx_word' id='word_1_434' title='bbox 334 3353 570 3418; x_wconf 72' lang='lat' dir='ltr'><strong>dientiae,</strong></span> <span class='ocrx_word' id='word_1_435' title='bbox 604 3362 955 3422; x_wconf 89' lang='lat' dir='ltr'><strong>utrarumque</strong></span> <span class='ocrx_word' id='word_1_436' title='bbox 985 3370 1165 3409; x_wconf 86' lang='lat' dir='ltr'><strong>rerum</strong></span> <span class='ocrx_word' id='word_1_437' title='bbox 1199 3355 1251 3408; x_wconf 92' lang='lat' dir='ltr'><strong>in</strong></span> <span class='ocrx_word' id='word_1_438' title='bbox 1287 3357 1565 3410; x_wconf 87' lang='lat' dir='ltr'><strong>tremendo</strong></span> <span class='ocrx_word' id='word_1_439' title='bbox 1579 3355 1784 3423; x_wconf 88' lang='lat' dir='ltr'><strong>judicio</strong></span> <span class='ocrx_word' id='word_1_440' title='bbox 1808 3358 1903 3412; x_wconf 90' lang='lat' dir='ltr'><strong>Dei</strong></span> 
     </span>
    </p>
   </div>
   <div class='ocr_carea' id='block_1_58' title="bbox 331 3444 1906 3517">
    <p class='ocr_par' dir='ltr' id='par_1_58' title="bbox 331 3444 1906 3517">
     <span class='ocr_line' id='line_1_58' title="bbox 331 3444 1906 3517; baseline 0.004 -20"><span class='ocrx_word' id='word_1_441' title='bbox 331 3444 581 3499; x_wconf 87' lang='lat' dir='ltr'><strong>facienda</strong></span> <span class='ocrx_word' id='word_1_442' title='bbox 629 3445 736 3498; x_wconf 90' lang='lat' dir='ltr'><strong>erit</strong></span> <span class='ocrx_word' id='word_1_443' title='bbox 786 3445 1071 3499; x_wconf 89' lang='lat' dir='ltr'><strong>discussio.</strong></span> <span class='ocrx_word' id='word_1_444' title='bbox 1113 3445 1370 3515; x_wconf 88' lang='lat' dir='ltr'><strong>Sciatque</strong></span> <span class='ocrx_word' id='word_1_445' title='bbox 1421 3449 1586 3502; x_wconf 91' lang='lat' dir='ltr'><strong>abbas</strong></span> <span class='ocrx_word' id='word_1_446' title='bbox 1615 3448 1782 3517; x_wconf 74' lang='lat' dir='ltr'><strong>eulpze</strong></span> <span class='ocrx_word' id='word_1_447' title='bbox 1812 3465 1906 3517; x_wconf 88' lang='lat' dir='ltr'><strong>pa-</strong></span> 
     </span>
    </p>
   </div>
   <div class='ocr_carea' id='block_1_59' title="bbox 334 3535 1906 3605">
    <p class='ocr_par' dir='ltr' id='par_1_59' title="bbox 334 3535 1906 3605">
     <span class='ocr_line' id='line_1_59' title="bbox 334 3535 1906 3605; baseline 0.004 -19"><span class='ocrx_word' id='word_1_448' title='bbox 334 3536 498 3588; x_wconf 85' lang='lat' dir='ltr'><strong>storis</strong></span> <span class='ocrx_word' id='word_1_449' title='bbox 532 3536 845 3589; x_wconf 89' lang='lat' dir='ltr'><strong>incumbere</strong></span> <span class='ocrx_word' id='word_1_450' title='bbox 888 3535 1146 3604; x_wconf 88' lang='lat' dir='ltr'><strong>quidquid</strong></span> <span class='ocrx_word' id='word_1_451' title='bbox 1179 3535 1232 3589; x_wconf 91' lang='lat' dir='ltr'><strong>in</strong></span> <span class='ocrx_word' id='word_1_452' title='bbox 1272 3536 1465 3591; x_wconf 80' lang='lat' dir='ltr'><strong>ovibus</strong></span> <span class='ocrx_word' id='word_1_453' title='bbox 1512 3537 1906 3605; x_wconf 63' lang='lat' dir='ltr'><strong>paterfamilias</strong></span> 
     </span>
    </p>
   </div>
   <div class='ocr_carea' id='block_1_60' title="bbox 339 3625 1907 3696">
    <p class='ocr_par' dir='ltr' id='par_1_60' title="bbox 339 3625 1907 3696">
     <span class='ocr_line' id='line_1_60' title="bbox 339 3625 1907 3696; baseline 0.003 -16"><span class='ocrx_word' id='word_1_454' title='bbox 339 3638 360 3665; x_wconf 70' lang='grc' dir='ltr'>ε</span> <span class='ocrx_word' id='word_1_455' title='bbox 386 3626 634 3681; x_wconf 88' lang='lat' dir='ltr'><strong>utilitatis</strong></span> <span class='ocrx_word' id='word_1_456' title='bbox 669 3626 848 3680; x_wconf 87' lang='lat' dir='ltr'><strong>minus</strong></span> <span class='ocrx_word' id='word_1_457' title='bbox 875 3626 1109 3696; x_wconf 88' lang='lat' dir='ltr'><strong>potuerit</strong></span> <span class='ocrx_word' id='word_1_458' title='bbox 1135 3626 1397 3681; x_wconf 84' lang='lat' dir='ltr'><strong>invenire.</strong></span> <span class='ocrx_word' id='word_1_459' title='bbox 1439 3626 1457 3664; x_wconf 70' lang='grc' dir='ltr'><em>τ</em></span> <span class='ocrx_word' id='word_1_460' title='bbox 1492 3625 1723 3681; x_wconf 91' lang='lat' dir='ltr'><strong>Tantum</strong></span> <span class='ocrx_word' id='word_1_461' title='bbox 1753 3632 1778 3670; x_wconf 74' lang='grc'>8</span> <span class='ocrx_word' id='word_1_462' title='bbox 1808 3629 1907 3684; x_wconf 86' lang='lat' dir='ltr'><strong>ite-</strong></span> 
     </span>
    </p>
   </div>
   <div class='ocr_carea' id='block_1_61' title="bbox 404 3732 1906 3803">
    <p class='ocr_par' dir='ltr' id='par_1_61' title="bbox 404 3732 1906 3803">
     <span class='ocr_line' id='line_1_61' title="bbox 404 3732 1906 3803; baseline 0.002 -15"><span class='ocrx_word' id='word_1_463' title='bbox 404 3747 429 3775; x_wconf 69' lang='grc' dir='ltr'><strong>ο</strong></span> <span class='ocrx_word' id='word_1_464' title='bbox 471 3734 665 3797; x_wconf 79' lang='lat' dir='ltr'><strong>Abbas,</strong></span> <span class='ocrx_word' id='word_1_465' title='bbox 694 3741 798 3788; x_wconf 85' lang='lat' dir='ltr'><strong>etc.</strong></span> <span class='ocrx_word' id='word_1_466' title='bbox 848 3732 1016 3801; x_wconf 88' lang='lat' dir='ltr'><strong>llujus</strong></span> <span class='ocrx_word' id='word_1_467' title='bbox 1074 3734 1266 3802; x_wconf 87' lang='lat' dir='ltr'><strong>capitis</strong></span> <span class='ocrx_word' id='word_1_468' title='bbox 1313 3742 1367 3787; x_wconf 90' lang='lat' dir='ltr'><strong>et</strong></span> <span class='ocrx_word' id='word_1_469' title='bbox 1400 3734 1752 3803; x_wconf 55' lang='lat' dir='ltr'><strong>praecedentis</strong></span> <span class='ocrx_word' id='word_1_470' title='bbox 1792 3738 1906 3792; x_wconf 73' lang='lat' dir='ltr'><strong>hmo</strong></span> 
     </span>
    </p>
   </div>
   <div class='ocr_carea' id='block_1_62' title="bbox 336 3804 1906 3876">
    <p class='ocr_par' dir='ltr' id='par_1_62' title="bbox 336 3804 1906 3876">
     <span class='ocr_line' id='line_1_62' title="bbox 336 3804 1906 3876; baseline 0.003 -19"><span class='ocrx_word' id='word_1_471' title='bbox 336 3807 538 3858; x_wconf 89' lang='lat' dir='ltr'><strong>mentio</strong></span> <span class='ocrx_word' id='word_1_472' title='bbox 576 3804 635 3857; x_wconf 83' lang='lat' dir='ltr'><strong>lit</strong></span> <span class='ocrx_word' id='word_1_473' title='bbox 678 3806 729 3858; x_wconf 92' lang='lat' dir='ltr'><strong>in</strong></span> <span class='ocrx_word' id='word_1_474' title='bbox 761 3804 1349 3876; x_wconf 81' lang='lat' dir='ltr'><strong>concilio&#39;l‘rosleiano,</strong></span> <span class='ocrx_word' id='word_1_475' title='bbox 1380 3820 1497 3876; x_wconf 86' lang='lat' dir='ltr'><strong>cap.</strong></span> <span class='ocrx_word' id='word_1_476' title='bbox 1531 3806 1563 3859; x_wconf 83' lang='grc'><strong>5</strong></span> <span class='ocrx_word' id='word_1_477' title='bbox 1600 3822 1612 3855; x_wconf 87' lang='lat'>:</span> <span class='ocrx_word' id='word_1_478' title='bbox 1652 3825 1669 3855; x_wconf 84' lang='grc'><strong><em>‹</em></strong></span> <span class='ocrx_word' id='word_1_479' title='bbox 1705 3805 1760 3859; x_wconf 87' lang='lat' dir='ltr'><strong>In</strong></span> <span class='ocrx_word' id='word_1_480' title='bbox 1793 3808 1906 3876; x_wconf 88' lang='lat' dir='ltr'><strong>ipso</strong></span> 
     </span>
    </p>
   </div>
   <div class='ocr_carea' id='block_1_63' title="bbox 337 3820 1903 3945">
    <p class='ocr_par' dir='ltr' id='par_1_63' title="bbox 337 3820 1903 3945">
     <span class='ocr_line' id='line_1_63' title="bbox 337 3820 1903 3924; baseline 0.002 -66"><span class='ocrx_word' id='word_1_481' title='bbox 337 3820 538 3858; x_wconf 79' lang='lat' dir='ltr'><strong>mentio</strong></span> <span class='ocrx_word' id='word_1_482' title='bbox 576 3820 635 3857; x_wconf 88' lang='grc' dir='ltr'><strong>ιιι</strong></span> <span class='ocrx_word' id='word_1_483' title='bbox 678 3820 729 3858; x_wconf 83' lang='grc' dir='ltr'><strong>ιιι</strong></span> <span class='ocrx_word' id='word_1_484' title='bbox 761 3820 989 3857; x_wconf 87' lang='lat' dir='ltr'><strong>concmo</strong></span> <span class='ocrx_word' id='word_1_485' title='bbox 1028 3820 1349 3867; x_wconf 79' lang='lat' dir='ltr'><strong>trosieiano,</strong></span> <span class='ocrx_word' id='word_1_486' title='bbox 1380 3820 1497 3924; x_wconf 78' lang='lat' dir='ltr'><strong>cap.</strong></span> <span class='ocrx_word' id='word_1_487' title='bbox 1531 3820 1563 3859; x_wconf 79' lang='grc' dir='ltr'>ο</span> <span class='ocrx_word' id='word_1_488' title='bbox 1600 3822 1612 3855; x_wconf 87' lang='lat'>:</span> <span class='ocrx_word' id='word_1_489' title='bbox 1652 3825 1669 3855; x_wconf 85' lang='grc'><strong><em>‹</em></strong></span> <span class='ocrx_word' id='word_1_490' title='bbox 1705 3820 1760 3859; x_wconf 84' lang='grc' dir='ltr'><strong>ιιι</strong></span> <span class='ocrx_word' id='word_1_491' title='bbox 1793 3822 1903 3876; x_wconf 79' lang='lat' dir='ltr'><strong>ipso</strong></span> 
     </span>
     <span class='ocr_line' id='line_1_64' title="bbox 337 3874 1903 3945; baseline 0.002 -18"><span class='ocrx_word' id='word_1_492' title='bbox 337 3875 581 3945; x_wconf 81' lang='lat' dir='ltr'><strong>ingressu</strong></span> <span class='ocrx_word' id='word_1_493' title='bbox 611 3884 811 3928; x_wconf 82' lang='lat' dir='ltr'><strong>sanctae</strong></span> <span class='ocrx_word' id='word_1_494' title='bbox 838 3874 1053 3945; x_wconf 60' lang='lat' dir='ltr'><strong>Regula:</strong></span> <span class='ocrx_word' id='word_1_495' title='bbox 1068 3874 1280 3945; x_wconf 81' lang='lat' dir='ltr'><strong>legitur</strong></span> <span class='ocrx_word' id='word_1_496' title='bbox 1321 3874 1386 3927; x_wconf 90' lang='lat' dir='ltr'><strong>de</strong></span> <span class='ocrx_word' id='word_1_497' title='bbox 1415 3888 1444 3926; x_wconf 90' lang='lat' dir='ltr'><strong>e</strong></span> <span class='ocrx_word' id='word_1_498' title='bbox 1470 3876 1660 3943; x_wconf 79' lang='lat' dir='ltr'><strong>igendo</strong></span> <span class='ocrx_word' id='word_1_499' title='bbox 1690 3878 1903 3941; x_wconf 69' lang='lat' dir='ltr'><strong>abbate,</strong></span> 
     </span>
    </p>
   </div>
   <div class='ocr_carea' id='block_1_64' title="bbox 334 3944 1907 4013">
    <p class='ocr_par' dir='ltr' id='par_1_64' title="bbox 334 3944 1907 4013">
     <span class='ocr_line' id='line_1_65' title="bbox 334 3944 1907 4013; baseline -0.001 -15"><span class='ocrx_word' id='word_1_500' title='bbox 334 3954 387 3998; x_wconf 88' lang='lat' dir='ltr'><strong>et</strong></span> <span class='ocrx_word' id='word_1_501' title='bbox 416 3944 591 4013; x_wconf 88' lang='lat' dir='ltr'><strong>qualis</strong></span> <span class='ocrx_word' id='word_1_502' title='bbox 625 3959 744 3999; x_wconf 88' lang='lat' dir='ltr'><strong>esse</strong></span> <span class='ocrx_word' id='word_1_503' title='bbox 770 3944 975 3997; x_wconf 82' lang='lat' dir='ltr'><strong>debeat.</strong></span> <span class='ocrx_word' id='word_1_504' title='bbox 1018 3964 1035 3995; x_wconf 75' lang='grc' dir='ltr'><strong>ι</strong></span> <span class='ocrx_word' id='word_1_505' title='bbox 1067 3944 1144 3997; x_wconf 80' lang='lat' dir='ltr'><strong>Ex</strong></span> <span class='ocrx_word' id='word_1_506' title='bbox 1172 3960 1278 4012; x_wconf 91' lang='lat' dir='ltr'><strong>quo</strong></span> <span class='ocrx_word' id='word_1_507' title='bbox 1308 3952 1454 4012; x_wconf 87' lang='lat' dir='ltr'><strong>patet</strong></span> <span class='ocrx_word' id='word_1_508' title='bbox 1485 3952 1647 4012; x_wconf 85' lang='lat' dir='ltr'><strong>caput</strong></span> <span class='ocrx_word' id='word_1_509' title='bbox 1675 3947 1738 4000; x_wconf 89' lang='lat' dir='ltr'><strong>de</strong></span> <span class='ocrx_word' id='word_1_510' title='bbox 1759 3946 1907 3998; x_wconf 83' lang='lat' dir='ltr'><strong>ordi-</strong></span> 
     </span>
    </p>
   </div>
   <div class='ocr_carea' id='block_1_65' title="bbox 335 4013 1906 4136">
    <p class='ocr_par' dir='ltr' id='par_1_65' title="bbox 335 4013 1906 4136">
     <span class='ocr_line' id='line_1_66' title="bbox 335 4013 1906 4136; baseline 0.003 -71"><span class='ocrx_word' id='word_1_511' title='bbox 335 4016 533 4136; x_wconf 38' lang='lat' dir='ltr'><strong>gandg.</strong></span> <span class='ocrx_word' id='word_1_512' title='bbox 567 4015 759 4095; x_wconf 81' lang='lat' dir='ltr'><strong>abbate</strong></span> <span class='ocrx_word' id='word_1_513' title='bbox 811 4014 938 4067; x_wconf 91' lang='lat' dir='ltr'><strong>olim</strong></span> <span class='ocrx_word' id='word_1_514' title='bbox 993 4015 1229 4083; x_wconf 89' lang='lat' dir='ltr'><strong>primum</strong></span> <span class='ocrx_word' id='word_1_515' title='bbox 1285 4013 1453 4068; x_wconf 86' lang='lat' dir='ltr'><strong>fuisse</strong></span> <span class='ocrx_word' id='word_1_516' title='bbox 1479 4014 1697 4085; x_wconf 72' lang='lat' dir='ltr'><strong>Regula:</strong></span> <span class='ocrx_word' id='word_1_517' title='bbox 1733 4016 1906 4070; x_wconf 89' lang='lat' dir='ltr'><strong>sancti</strong></span> 
     </span>
     <span class='ocr_line' id='line_1_67' title="bbox 379 4096 635 4136; baseline 0 0"><span class='ocrx_word' id='word_1_518' title='bbox 379 4099 480 4136; x_wconf 89' lang='lat' dir='ltr'><strong>ene</strong></span> <span class='ocrx_word' id='word_1_519' title='bbox 521 4096 635 4136; x_wconf 80' lang='lat' dir='ltr'><strong>icti.</strong></span> 
     </span>
    </p>
   </div>
   <div class='ocr_carea' id='block_1_66' title="bbox 379 4084 635 4139">
    <p class='ocr_par' dir='ltr' id='par_1_66' title="bbox 379 4084 635 4139">
     <span class='ocr_line' id='line_1_68' title="bbox 379 4084 635 4139; baseline 0 -2"><span class='ocrx_word' id='word_1_520' title='bbox 379 4084 635 4139; x_wconf 87' lang='lat' dir='ltr'><strong>enedicti.</strong></span> 
     </span>
    </p>
   </div>
   <div class='ocr_carea' id='block_1_67' title="bbox 407 4151 1908 4223">
    <p class='ocr_par' dir='ltr' id='par_1_67' title="bbox 407 4151 1908 4223">
     <span class='ocr_line' id='line_1_69' title="bbox 407 4151 1908 4223; baseline 0.004 -18"><span class='ocrx_word' id='word_1_521' title='bbox 407 4155 435 4193; x_wconf 72' lang='grc' dir='ltr'>ι)</span> <span class='ocrx_word' id='word_1_522' title='bbox 479 4153 626 4207; x_wconf 84' lang='lat' dir='ltr'><strong>Nihil</strong></span> <span class='ocrx_word' id='word_1_523' title='bbox 652 4163 833 4207; x_wconf 86' lang='lat' dir='ltr'><strong>contra</strong></span> <span class='ocrx_word' id='word_1_524' title='bbox 856 4162 1168 4223; x_wconf 66' lang='lat' dir='ltr'><strong>praeceptum</strong></span> <span class='ocrx_word' id='word_1_525' title='bbox 1198 4151 1431 4218; x_wconf 84' lang='lat' dir='ltr'><strong>Domini,</strong></span> <span class='ocrx_word' id='word_1_526' title='bbox 1461 4161 1564 4208; x_wconf 89' lang='lat' dir='ltr'><strong>etc.</strong></span> <span class='ocrx_word' id='word_1_527' title='bbox 1594 4152 1651 4208; x_wconf 86' lang='lat' dir='ltr'><strong>In</strong></span> <span class='ocrx_word' id='word_1_528' title='bbox 1686 4153 1908 4211; x_wconf 90' lang='lat' dir='ltr'><strong>Canone</strong></span> 
     </span>
    </p>
   </div>
   <div class='ocr_carea' id='block_1_68' title="bbox 335 4223 1908 4293">
    <p class='ocr_par' dir='ltr' id='par_1_68' title="bbox 335 4223 1908 4293">
     <span class='ocr_line' id='line_1_70' title="bbox 335 4223 1908 4293; baseline 0.001 -16"><span class='ocrx_word' id='word_1_529' title='bbox 335 4225 508 4278; x_wconf 91' lang='lat' dir='ltr'><strong>sancti</strong></span> <span class='ocrx_word' id='word_1_530' title='bbox 541 4224 810 4279; x_wconf 87' lang='lat' dir='ltr'><strong>Theodori</strong></span> <span class='ocrx_word' id='word_1_531' title='bbox 853 4223 1145 4291; x_wconf 81' lang='lat' dir='ltr'><strong>Anglorum</strong></span> <span class='ocrx_word' id='word_1_532' title='bbox 1188 4223 1448 4293; x_wconf 78' lang='lat' dir='ltr'><strong>apostoli,</strong></span> <span class='ocrx_word' id='word_1_533' title='bbox 1478 4225 1543 4277; x_wconf 89' lang='lat' dir='ltr'><strong>de</strong></span> <span class='ocrx_word' id='word_1_534' title='bbox 1570 4224 1908 4279; x_wconf 84' lang='lat' dir='ltr'><strong>ordinatione</strong></span> 
     </span>
    </p>
   </div>
   <div class='ocr_carea' id='block_1_69' title="bbox 337 4293 1907 4362">
    <p class='ocr_par' dir='ltr' id='par_1_69' title="bbox 337 4293 1907 4362">
     <span class='ocr_line' id='line_1_71' title="bbox 337 4293 1907 4362; baseline -0.001 -13"><span class='ocrx_word' id='word_1_535' title='bbox 337 4294 666 4349; x_wconf 59' lang='lat' dir='ltr'><strong>abbatissae:</strong></span> <span class='ocrx_word' id='word_1_536' title='bbox 732 4312 749 4342; x_wconf 85' lang='grc' dir='ltr'><strong>ι</strong></span> <span class='ocrx_word' id='word_1_537' title='bbox 782 4293 1057 4359; x_wconf 88' lang='lat' dir='ltr'><strong>Quatenus</strong></span> <span class='ocrx_word' id='word_1_538' title='bbox 1105 4302 1196 4347; x_wconf 90' lang='lat' dir='ltr'><strong>tua</strong></span> <span class='ocrx_word' id='word_1_539' title='bbox 1242 4294 1415 4362; x_wconf 78' lang='lat' dir='ltr'><strong>gratia</strong></span> <span class='ocrx_word' id='word_1_540' title='bbox 1457 4304 1726 4362; x_wconf 63' lang='lat' dir='ltr'><strong>pra-venia</strong></span> <span class='ocrx_word' id='word_1_541' title='bbox 1774 4296 1907 4348; x_wconf 85' lang='lat' dir='ltr'><strong>nihil</strong></span> 
     </span>
    </p>
   </div>
   <div class='ocr_carea' id='block_1_70' title="bbox 341 4364 1903 4432">
    <p class='ocr_par' dir='ltr' id='par_1_70' title="bbox 341 4364 1903 4432">
     <span class='ocr_line' id='line_1_72' title="bbox 341 4364 1903 4432; baseline -0.001 -13"><span class='ocrx_word' id='word_1_542' title='bbox 341 4373 522 4419; x_wconf 79' lang='lat' dir='ltr'><strong>tontra</strong></span> <span class='ocrx_word' id='word_1_543' title='bbox 557 4374 706 4417; x_wconf 90' lang='lat' dir='ltr'><strong>tuum</strong></span> <span class='ocrx_word' id='word_1_544' title='bbox 746 4371 1073 4432; x_wconf 52' lang='lat' dir='ltr'><strong>praeceptum</strong></span> <span class='ocrx_word' id='word_1_545' title='bbox 1127 4364 1307 4427; x_wconf 86' lang='lat' dir='ltr'><strong>faciat,</strong></span> <span class='ocrx_word' id='word_1_546' title='bbox 1342 4366 1552 4429; x_wconf 89' lang='lat' dir='ltr'><strong>doceat,</strong></span> <span class='ocrx_word' id='word_1_547' title='bbox 1591 4366 1903 4430; x_wconf 88' lang='lat' dir='ltr'><strong>constituat,</strong></span> 
     </span>
    </p>
   </div>
   <div class='ocr_carea' id='block_1_71' title="bbox 347 4434 715 4487">
    <p class='ocr_par' dir='ltr' id='par_1_71' title="bbox 347 4434 715 4487">
     <span class='ocr_line' id='line_1_73' title="bbox 347 4434 715 4487; baseline -0.005 -1"><span class='ocrx_word' id='word_1_548' title='bbox 347 4434 421 4487; x_wconf 76' lang='lat' dir='ltr'><strong>tel</strong></span> <span class='ocrx_word' id='word_1_549' title='bbox 454 4434 653 4487; x_wconf 88' lang='lat' dir='ltr'><strong>iubeat.</strong></span> <span class='ocrx_word' id='word_1_550' title='bbox 698 4453 715 4484; x_wconf 75' lang='grc' dir='ltr'><strong>ι</strong></span> 
     </span>
    </p>
   </div>
   <div class='ocr_carea' id='block_1_72' title="bbox 411 4449 1907 4573">
    <p class='ocr_par' dir='ltr' id='par_1_72' title="bbox 411 4449 1907 4573">
     <span class='ocr_line' id='line_1_74' title="bbox 641 4453 715 4486; baseline -0.027 0"><span class='ocrx_word' id='word_1_551' title='bbox 641 4473 653 4486; x_wconf 79' lang='grc' dir='ltr'><strong>ο</strong></span> <span class='ocrx_word' id='word_1_552' title='bbox 698 4453 715 4484; x_wconf 71' lang='grc' dir='ltr'><strong>ι</strong></span> 
     </span>
     <span class='ocr_line' id='line_1_75' title="bbox 411 4449 1907 4573; baseline 0.001 -18"><span class='ocrx_word' id='word_1_553' title='bbox 411 4449 814 4557; x_wconf 47' lang='lat' dir='ltr'><strong>[cllb‘gti’irientum</strong></span> <span class='ocrx_word' id='word_1_554' title='bbox 864 4503 1087 4573; x_wconf 73' lang='lat' dir='ltr'><strong>justitice</strong></span> <span class='ocrx_word' id='word_1_555' title='bbox 1140 4503 1349 4557; x_wconf 84' lang='lat' dir='ltr'><strong>divimr.</strong></span> <span class='ocrx_word' id='word_1_556' title='bbox 1402 4502 1533 4573; x_wconf 3' lang='lat' dir='ltr'><strong>(Non</strong></span> <span class='ocrx_word' id='word_1_557' title='bbox 1586 4501 1907 4557; x_wconf 79' lang='lat' dir='ltr'><strong>fermentum</strong></span> 
     </span>
    </p>
   </div>
   <div class='ocr_carea' id='block_1_73' title="bbox 336 4572 1905 4641">
    <p class='ocr_par' dir='ltr' id='par_1_73' title="bbox 336 4572 1905 4641">
     <span class='ocr_line' id='line_1_76' title="bbox 336 4572 1905 4641; baseline -0.003 -11"><span class='ocrx_word' id='word_1_558' title='bbox 336 4573 758 4632; x_wconf 67' lang='lat' dir='ltr'><strong>Pharisazorum,</strong></span> <span class='ocrx_word' id='word_1_559' title='bbox 814 4572 956 4641; x_wconf 78' lang='lat' dir='ltr'><strong>qtiod</strong></span> <span class='ocrx_word' id='word_1_560' title='bbox 998 4572 1144 4626; x_wconf 79' lang='lat' dir='ltr'><strong>inflet</strong></span> <span class='ocrx_word' id='word_1_561' title='bbox 1174 4574 1238 4625; x_wconf 89' lang='lat' dir='ltr'><strong>ad</strong></span> <span class='ocrx_word' id='word_1_562' title='bbox 1293 4572 1604 4633; x_wconf 79' lang='lat' dir='ltr'><strong>vanitatem,</strong></span> <span class='ocrx_word' id='word_1_563' title='bbox 1669 4574 1761 4626; x_wconf 84' lang='lat' dir='ltr'><strong>sed</strong></span> <span class='ocrx_word' id='word_1_564' title='bbox 1793 4574 1905 4626; x_wconf 86' lang='lat' dir='ltr'><strong>fer-</strong></span> 
     </span>
    </p>
   </div>
   <div class='ocr_carea' id='block_1_74' title="bbox 338 4641 1907 4712">
    <p class='ocr_par' dir='ltr' id='par_1_74' title="bbox 338 4641 1907 4712">
     <span class='ocr_line' id='line_1_77' title="bbox 338 4641 1907 4712; baseline -0.001 -15"><span class='ocrx_word' id='word_1_565' title='bbox 338 4655 579 4697; x_wconf 88' lang='lat' dir='ltr'><strong>mentum</strong></span> <span class='ocrx_word' id='word_1_566' title='bbox 625 4643 826 4696; x_wconf 87' lang='lat' dir='ltr'><strong>Christi</strong></span> <span class='ocrx_word' id='word_1_567' title='bbox 853 4683 867 4706; x_wconf 98' lang='lat'><strong>,</strong></span> <span class='ocrx_word' id='word_1_568' title='bbox 919 4644 1060 4711; x_wconf 85' lang='lat' dir='ltr'><strong>quod</strong></span> <span class='ocrx_word' id='word_1_569' title='bbox 1106 4642 1327 4712; x_wconf 88' lang='lat' dir='ltr'><strong>pusillos</strong></span> <span class='ocrx_word' id='word_1_570' title='bbox 1349 4641 1744 4712; x_wconf 81' lang='lat' dir='ltr'><strong>discipulorum</strong></span> <span class='ocrx_word' id='word_1_571' title='bbox 1792 4643 1907 4696; x_wconf 90' lang='lat' dir='ltr'><strong>ani-</strong></span> 
     </span>
    </p>
   </div>
   <div class='ocr_carea' id='block_1_75' title="bbox 340 4710 1906 4783">
    <p class='ocr_par' dir='ltr' id='par_1_75' title="bbox 340 4710 1906 4783">
     <span class='ocr_line' id='line_1_78' title="bbox 340 4710 1906 4783; baseline -0.001 -16"><span class='ocrx_word' id='word_1_572' title='bbox 340 4729 456 4783; x_wconf 89' lang='lat' dir='ltr'><strong>mos</strong></span> <span class='ocrx_word' id='word_1_573' title='bbox 482 4713 722 4775; x_wconf 81' lang='lat' dir='ltr'><strong>extollat,</strong></span> <span class='ocrx_word' id='word_1_574' title='bbox 755 4721 809 4765; x_wconf 92' lang='lat' dir='ltr'><strong>et</strong></span> <span class='ocrx_word' id='word_1_575' title='bbox 855 4714 1054 4767; x_wconf 81' lang='lat' dir='ltr'><strong>excitet</strong></span> <span class='ocrx_word' id='word_1_576' title='bbox 1101 4710 1167 4765; x_wconf 80' lang='lat' dir='ltr'><strong>ad</strong></span> <span class='ocrx_word' id='word_1_577' title='bbox 1194 4710 1417 4783; x_wconf 81' lang='lat' dir='ltr'><strong>grandia</strong></span> <span class='ocrx_word' id='word_1_578' title='bbox 1446 4714 1715 4780; x_wconf 84' lang='lat' dir='ltr'><strong>Operanda</strong></span> <span class='ocrx_word' id='word_1_579' title='bbox 1746 4723 1906 4781; x_wconf 86' lang='lat' dir='ltr'><strong>atque</strong></span> 
     </span>
    </p>
   </div>
   <div class='ocr_carea' id='block_1_76' title="bbox 341 4782 1015 4853">
    <p class='ocr_par' dir='ltr' id='par_1_76' title="bbox 341 4782 1015 4853">
     <span class='ocr_line' id='line_1_79' title="bbox 341 4782 1015 4853; baseline -0.003 -17"><span class='ocrx_word' id='word_1_580' title='bbox 341 4782 559 4853; x_wconf 83' lang='lat' dir='ltr'><strong>ferenda</strong></span> <span class='ocrx_word' id='word_1_581' title='bbox 582 4783 1015 4853; x_wconf 76' lang='lat' dir='ltr'><strong>propterDeum.</strong></span> 
     </span>
    </p>
   </div>
   <div class='ocr_carea' id='block_1_77' title="bbox 407 4849 1904 4921">
    <p class='ocr_par' dir='ltr' id='par_1_77' title="bbox 407 4849 1904 4921">
     <span class='ocr_line' id='line_1_80' title="bbox 407 4849 1904 4921; baseline 0.001 -16"><span class='ocrx_word' id='word_1_582' title='bbox 407 4852 436 4893; x_wconf 66' lang='grc' dir='ltr'><strong>ι</strong></span> <span class='ocrx_word' id='word_1_583' title='bbox 474 4849 763 4905; x_wconf 63' lang='grc' dir='ltr'><strong>Ποείνὺίαθ.</strong></span> <span class='ocrx_word' id='word_1_584' title='bbox 799 4851 855 4905; x_wconf 87' lang='lat' dir='ltr'><strong>Si</strong></span> <span class='ocrx_word' id='word_1_585' title='bbox 905 4861 1028 4921; x_wconf 91' lang='lat' dir='ltr'><strong>apta</strong></span> <span class='ocrx_word' id='word_1_586' title='bbox 1064 4849 1225 4904; x_wconf 86' lang='lat' dir='ltr'><strong>fuerit</strong></span> <span class='ocrx_word' id='word_1_587' title='bbox 1270 4850 1336 4903; x_wconf 92' lang='lat' dir='ltr'><strong>ad</strong></span> <span class='ocrx_word' id='word_1_588' title='bbox 1363 4849 1647 4905; x_wconf 86' lang='lat' dir='ltr'><strong>lucrandas</strong></span> <span class='ocrx_word' id='word_1_589' title='bbox 1698 4852 1904 4906; x_wconf 89' lang='lat' dir='ltr'><strong>animas</strong></span> 
     </span>
    </p>
   </div>
   <div class='ocr_carea' id='block_1_78' title="bbox 340 4920 1901 4990">
    <p class='ocr_par' dir='ltr' id='par_1_78' title="bbox 340 4920 1901 4990">
     <span class='ocr_line' id='line_1_81' title="bbox 340 4920 1901 4990; baseline -0.002 -14"><span class='ocrx_word' id='word_1_590' title='bbox 340 4936 633 4990; x_wconf 85' lang='lat' dir='ltr'><strong>earumque</strong></span> <span class='ocrx_word' id='word_1_591' title='bbox 683 4922 948 4975; x_wconf 84' lang='lat' dir='ltr'><strong>fervorem</strong></span> <span class='ocrx_word' id='word_1_592' title='bbox 1013 4921 1315 4990; x_wconf 79' lang='lat' dir='ltr'><strong>augendum</strong></span> <span class='ocrx_word' id='word_1_593' title='bbox 1350 4929 1401 4972; x_wconf 90' lang='lat' dir='ltr'><strong>ct</strong></span> <span class='ocrx_word' id='word_1_594' title='bbox 1455 4920 1901 4990; x_wconf 77' lang='lat' dir='ltr'><strong>conservandum.</strong></span> 
     </span>
    </p>
   </div>
   <div class='ocr_carea' id='block_1_79' title="bbox 340 4989 1902 5060">
    <p class='ocr_par' dir='ltr' id='par_1_79' title="bbox 340 4989 1902 5060">
     <span class='ocr_line' id='line_1_82' title="bbox 340 4989 1902 5060; baseline -0.001 -15"><span class='ocrx_word' id='word_1_595' title='bbox 340 4991 455 5046; x_wconf 78' lang='lat' dir='ltr'><strong>Non</strong></span> <span class='ocrx_word' id='word_1_596' title='bbox 488 4989 684 5046; x_wconf 70' lang='lat' dir='ltr'><strong>saliicit</strong></span> <span class='ocrx_word' id='word_1_597' title='bbox 719 4991 860 5044; x_wconf 90' lang='lat' dir='ltr'><strong>enim</strong></span> <span class='ocrx_word' id='word_1_598' title='bbox 892 4991 1093 5060; x_wconf 88' lang='lat' dir='ltr'><strong>pastori</strong></span> <span class='ocrx_word' id='word_1_599' title='bbox 1134 4989 1298 5043; x_wconf 88' lang='lat' dir='ltr'><strong>multa</strong></span> <span class='ocrx_word' id='word_1_600' title='bbox 1330 4998 1381 5040; x_wconf 70' lang='lat' dir='ltr'><strong>ti</strong></span> <span class='ocrx_word' id='word_1_601' title='bbox 1406 4989 1663 5057; x_wconf 65' lang='lat' dir='ltr'><strong>prmi-lora</strong></span> <span class='ocrx_word' id='word_1_602' title='bbox 1692 4990 1902 5056; x_wconf 86' lang='lat' dir='ltr'><strong>docere,</strong></span> 
     </span>
    </p>
   </div>
   <div class='ocr_carea' id='block_1_80' title="bbox 340 5059 1642 5130">
    <p class='ocr_par' dir='ltr' id='par_1_80' title="bbox 340 5059 1642 5130">
     <span class='ocr_line' id='line_1_83' title="bbox 340 5059 1642 5130; baseline -0.003 -14"><span class='ocrx_word' id='word_1_603' title='bbox 340 5063 433 5117; x_wconf 85' lang='lat' dir='ltr'><strong>sed</strong></span> <span class='ocrx_word' id='word_1_604' title='bbox 464 5063 601 5115; x_wconf 88' lang='lat' dir='ltr'><strong>bene</strong></span> <span class='ocrx_word' id='word_1_605' title='bbox 628 5069 683 5114; x_wconf 89' lang='lat' dir='ltr'><strong>et</strong></span> <span class='ocrx_word' id='word_1_606' title='bbox 708 5059 946 5130; x_wconf 83' lang='lat' dir='ltr'><strong>apposite</strong></span> <span class='ocrx_word' id='word_1_607' title='bbox 973 5062 1038 5113; x_wconf 89' lang='lat' dir='ltr'><strong>ad</strong></span> <span class='ocrx_word' id='word_1_608' title='bbox 1065 5060 1364 5130; x_wconf 76' lang='lat' dir='ltr'><strong>animarum</strong></span> <span class='ocrx_word' id='word_1_609' title='bbox 1394 5059 1642 5130; x_wconf 80' lang='lat' dir='ltr'><strong>salutem.</strong></span> 
     </span>
    </p>
   </div>
   <div class='ocr_carea' id='block_1_81' title="bbox 413 5126 1906 5185">
    <p class='ocr_par' dir='ltr' id='par_1_81' title="bbox 413 5126 1906 5185">
     <span class='ocr_line' id='line_1_84' title="bbox 413 5126 1906 5185; baseline -0.003 0"><span class='ocrx_word' id='word_1_610' title='bbox 413 5142 437 5171; x_wconf 73' lang='grc' dir='ltr'><strong>θ</strong></span> <span class='ocrx_word' id='word_1_611' title='bbox 476 5130 730 5185; x_wconf 86' lang='lat' dir='ltr'><strong>Utilitatis</strong></span> <span class='ocrx_word' id='word_1_612' title='bbox 744 5126 928 5183; x_wconf 66' lang='lat' dir='ltr'><strong>minus</strong></span> <span class='ocrx_word' id='word_1_613' title='bbox 952 5128 1220 5183; x_wconf 85' lang='lat' dir='ltr'><strong>invenerit.</strong></span> <span class='ocrx_word' id='word_1_614' title='bbox 1255 5127 1409 5182; x_wconf 89' lang='lat' dir='ltr'><strong>Nota.</strong></span> <span class='ocrx_word' id='word_1_615' title='bbox 1463 5126 1574 5181; x_wconf 82' lang='lat' dir='ltr'><strong>Non</strong></span> <span class='ocrx_word' id='word_1_616' title='bbox 1608 5135 1813 5181; x_wconf 83' lang='lat' dir='ltr'><strong>tantum</strong></span> <span class='ocrx_word' id='word_1_617' title='bbox 1839 5129 1906 5181; x_wconf 87' lang='lat' dir='ltr'><strong>de</strong></span> 
     </span>
    </p>
   </div>
   <div class='ocr_carea' id='block_1_82' title="bbox 340 5196 1907 5270">
    <p class='ocr_par' dir='ltr' id='par_1_82' title="bbox 340 5196 1907 5270">
     <span class='ocr_line' id='line_1_85' title="bbox 340 5196 1907 5270; baseline -0.003 -15"><span class='ocrx_word' id='word_1_618' title='bbox 340 5201 517 5270; x_wconf 76' lang='lat' dir='ltr'><strong>gregis</strong></span> <span class='ocrx_word' id='word_1_619' title='bbox 541 5201 886 5265; x_wconf 87' lang='lat' dir='ltr'><strong>detrimento,</strong></span> <span class='ocrx_word' id='word_1_620' title='bbox 913 5200 1008 5254; x_wconf 88' lang='lat' dir='ltr'><strong>sed</strong></span> <span class='ocrx_word' id='word_1_621' title='bbox 1044 5199 1207 5270; x_wconf 87' lang='lat' dir='ltr'><strong>etiam</strong></span> <span class='ocrx_word' id='word_1_622' title='bbox 1234 5198 1299 5252; x_wconf 87' lang='lat' dir='ltr'><strong>de</strong></span> <span class='ocrx_word' id='word_1_623' title='bbox 1326 5198 1521 5251; x_wconf 90' lang='lat' dir='ltr'><strong>minori</strong></span> <span class='ocrx_word' id='word_1_624' title='bbox 1546 5198 1688 5252; x_wconf 87' lang='lat' dir='ltr'><strong>illius</strong></span> <span class='ocrx_word' id='word_1_625' title='bbox 1724 5196 1907 5270; x_wconf 78' lang='lat' dir='ltr'><strong>profe-</strong></span> 
     </span>
    </p>
   </div>
   <div class='ocr_carea' id='block_1_83' title="bbox 341 5268 1905 5336">
    <p class='ocr_par' dir='ltr' id='par_1_83' title="bbox 341 5268 1905 5336">
     <span class='ocr_line' id='line_1_86' title="bbox 341 5268 1905 5336; baseline -0.001 -12"><span class='ocrx_word' id='word_1_626' title='bbox 341 5268 626 5324; x_wconf 40' lang='lat' dir='ltr'><strong>ctu—abbas</strong></span> <span class='ocrx_word' id='word_1_627' title='bbox 658 5272 918 5324; x_wconf 89' lang='lat' dir='ltr'><strong>rationem</strong></span> <span class='ocrx_word' id='word_1_628' title='bbox 965 5269 1270 5324; x_wconf 85' lang='lat' dir='ltr'><strong>redditurus</strong></span> <span class='ocrx_word' id='word_1_629' title='bbox 1304 5276 1405 5331; x_wconf 79' lang='lat' dir='ltr'><strong>est,</strong></span> <span class='ocrx_word' id='word_1_630' title='bbox 1465 5283 1636 5336; x_wconf 89' lang='lat' dir='ltr'><strong>eoque</strong></span> <span class='ocrx_word' id='word_1_631' title='bbox 1688 5268 1905 5322; x_wconf 78' lang='lat' dir='ltr'><strong>nomine</strong></span> 
     </span>
    </p>
   </div>
   <div class='ocr_carea' id='block_1_84' title="bbox 376 5336 1907 5406">
    <p class='ocr_par' dir='ltr' id='par_1_84' title="bbox 376 5336 1907 5406">
     <span class='ocr_line' id='line_1_87' title="bbox 376 5336 1907 5406; baseline -0.003 -13"><span class='ocrx_word' id='word_1_632' title='bbox 376 5340 678 5404; x_wconf 82' lang='lat' dir='ltr'><strong>lectendus,</strong></span> <span class='ocrx_word' id='word_1_633' title='bbox 707 5355 813 5393; x_wconf 89' lang='lat' dir='ltr'><strong>non</strong></span> <span class='ocrx_word' id='word_1_634' title='bbox 836 5354 992 5394; x_wconf 89' lang='lat' dir='ltr'><strong>secus</strong></span> <span class='ocrx_word' id='word_1_635' title='bbox 1022 5353 1084 5392; x_wconf 90' lang='lat' dir='ltr'><strong>ac</strong></span> <span class='ocrx_word' id='word_1_636' title='bbox 1112 5337 1292 5405; x_wconf 79' lang='lat' dir='ltr'><strong>upilio,</strong></span> <span class='ocrx_word' id='word_1_637' title='bbox 1324 5337 1407 5391; x_wconf 86' lang='lat' dir='ltr'><strong>cui</strong></span> <span class='ocrx_word' id='word_1_638' title='bbox 1428 5336 1571 5405; x_wconf 89' lang='lat' dir='ltr'><strong>juste</strong></span> <span class='ocrx_word' id='word_1_639' title='bbox 1599 5338 1907 5406; x_wconf 78' lang='lat' dir='ltr'><strong>paterfami-</strong></span> 
     </span>
    </p>
   </div>
   <div class='ocr_carea' id='block_1_85' title="bbox 363 5407 1909 5467">
    <p class='ocr_par' dir='ltr' id='par_1_85' title="bbox 363 5407 1909 5467">
     <span class='ocr_line' id='line_1_88' title="bbox 363 5407 1909 5467; baseline -0.001 -5"><span class='ocrx_word' id='word_1_640' title='bbox 363 5410 442 5465; x_wconf 83' lang='lat' dir='ltr'><strong>ias</strong></span> <span class='ocrx_word' id='word_1_641' title='bbox 477 5411 735 5467; x_wconf 81' lang='lat' dir='ltr'><strong>irascitur</strong></span> <span class='ocrx_word' id='word_1_642' title='bbox 767 5423 872 5462; x_wconf 86' lang='lat' dir='ltr'><strong>non</strong></span> <span class='ocrx_word' id='word_1_643' title='bbox 901 5417 1105 5463; x_wconf 90' lang='lat' dir='ltr'><strong>tantum</strong></span> <span class='ocrx_word' id='word_1_644' title='bbox 1135 5408 1179 5461; x_wconf 91' lang='lat' dir='ltr'><strong>si</strong></span> <span class='ocrx_word' id='word_1_645' title='bbox 1211 5407 1388 5462; x_wconf 85' lang='lat' dir='ltr'><strong>videat</strong></span> <span class='ocrx_word' id='word_1_646' title='bbox 1429 5423 1558 5461; x_wconf 86' lang='lat' dir='ltr'><strong>oves</strong></span> <span class='ocrx_word' id='word_1_647' title='bbox 1592 5422 1716 5461; x_wconf 89' lang='lat' dir='ltr'><strong>suas</strong></span> <span class='ocrx_word' id='word_1_648' title='bbox 1740 5408 1909 5460; x_wconf 89' lang='lat' dir='ltr'><strong>inter-</strong></span> 
     </span>
    </p>
   </div>
   <div class='ocr_carea' id='block_1_86' title="bbox 340 5477 1911 5545">
    <p class='ocr_par' dir='ltr' id='par_1_86' title="bbox 340 5477 1911 5545">
     <span class='ocr_line' id='line_1_89' title="bbox 340 5477 1911 5545; baseline -0.003 -11"><span class='ocrx_word' id='word_1_649' title='bbox 340 5480 490 5545; x_wconf 89' lang='lat' dir='ltr'><strong>iisse,</strong></span> <span class='ocrx_word' id='word_1_650' title='bbox 524 5479 615 5535; x_wconf 73' lang='lat' dir='ltr'><strong>vel</strong></span> <span class='ocrx_word' id='word_1_651' title='bbox 664 5478 855 5534; x_wconf 85' lang='lat' dir='ltr'><strong>saltem</strong></span> <span class='ocrx_word' id='word_1_652' title='bbox 892 5478 1187 5543; x_wconf 90' lang='lat' dir='ltr'><strong>morbidas,</strong></span> <span class='ocrx_word' id='word_1_653' title='bbox 1217 5478 1311 5530; x_wconf 90' lang='lat' dir='ltr'><strong>sed</strong></span> <span class='ocrx_word' id='word_1_654' title='bbox 1349 5477 1509 5530; x_wconf 90' lang='lat' dir='ltr'><strong>etiam</strong></span> <span class='ocrx_word' id='word_1_655' title='bbox 1536 5478 1581 5530; x_wconf 87' lang='lat' dir='ltr'><strong>si</strong></span> <span class='ocrx_word' id='word_1_656' title='bbox 1612 5492 1823 5529; x_wconf 77' lang='lat' dir='ltr'><strong>macrus</strong></span> <span class='ocrx_word' id='word_1_657' title='bbox 1855 5484 1911 5529; x_wconf 93' lang='lat' dir='ltr'><strong>et</strong></span> 
     </span>
    </p>
   </div>
   <div class='ocr_carea' id='block_1_87' title="bbox 342 5551 534 5605">
    <p class='ocr_par' dir='ltr' id='par_1_87' title="bbox 342 5551 534 5605">
     <span class='ocr_line' id='line_1_90' title="bbox 342 5551 534 5605; baseline -0.005 -1"><span class='ocrx_word' id='word_1_658' title='bbox 342 5551 534 5605; x_wconf 81' lang='lat' dir='ltr'><strong>exiles.</strong></span> 
     </span>
    </p>
   </div>
   <div class='ocr_carea' id='block_1_88' title="bbox 419 5615 1911 5684">
    <p class='ocr_par' dir='ltr' id='par_1_88' title="bbox 419 5615 1911 5684">
     <span class='ocr_line' id='line_1_91' title="bbox 419 5615 1911 5684; baseline -0.002 -12"><span class='ocrx_word' id='word_1_659' title='bbox 419 5618 438 5658; x_wconf 71' lang='grc' dir='ltr'>ί</span> <span class='ocrx_word' id='word_1_660' title='bbox 485 5618 709 5672; x_wconf 81' lang='lat' dir='ltr'><strong>Tantum</strong></span> <span class='ocrx_word' id='word_1_661' title='bbox 738 5618 927 5671; x_wconf 84' lang='lat' dir='ltr'><strong>iterum</strong></span> <span class='ocrx_word' id='word_1_662' title='bbox 978 5615 1107 5669; x_wconf 85' lang='lat' dir='ltr'><strong>liber</strong></span> <span class='ocrx_word' id='word_1_663' title='bbox 1157 5617 1274 5676; x_wconf 83' lang='lat' dir='ltr'><strong>erit,</strong></span> <span class='ocrx_word' id='word_1_664' title='bbox 1323 5615 1479 5677; x_wconf 86' lang='lat' dir='ltr'><strong>utsi,</strong></span> <span class='ocrx_word' id='word_1_665' title='bbox 1532 5623 1633 5669; x_wconf 83' lang='lat' dir='ltr'><strong>etc.</strong></span> <span class='ocrx_word' id='word_1_666' title='bbox 1666 5615 1741 5668; x_wconf 90' lang='lat' dir='ltr'><strong>lta</strong></span> <span class='ocrx_word' id='word_1_667' title='bbox 1769 5615 1911 5684; x_wconf 87' lang='lat' dir='ltr'><strong>apud</strong></span> 
     </span>
    </p>
   </div>
   <div class='ocr_carea' id='block_1_89' title="bbox 346 5684 1907 5756">
    <p class='ocr_par' dir='ltr' id='par_1_89' title="bbox 346 5684 1907 5756">
     <span class='ocr_line' id='line_1_92' title="bbox 346 5684 1907 5756; baseline -0.004 -14"><span class='ocrx_word' id='word_1_668' title='bbox 346 5688 705 5756; x_wconf 77' lang='lat' dir='ltr'><strong>Ruthardum,</strong></span> <span class='ocrx_word' id='word_1_669' title='bbox 737 5691 815 5741; x_wconf 86' lang='lat' dir='ltr'><strong>ita</strong></span> <span class='ocrx_word' id='word_1_670' title='bbox 841 5692 895 5741; x_wconf 84' lang='lat' dir='ltr'><strong>in</strong></span> <span class='ocrx_word' id='word_1_671' title='bbox 945 5687 1064 5741; x_wconf 90' lang='lat' dir='ltr'><strong>eod.</strong></span> <span class='ocrx_word' id='word_1_672' title='bbox 1103 5688 1230 5739; x_wconf 78' lang='lat' dir='ltr'><strong>mss.</strong></span> <span class='ocrx_word' id='word_1_673' title='bbox 1262 5685 1417 5739; x_wconf 82' lang='lat' dir='ltr'><strong>Vind.</strong></span> <span class='ocrx_word' id='word_1_674' title='bbox 1458 5686 1515 5739; x_wconf 87' lang='lat' dir='ltr'><strong>S.</strong></span> <span class='ocrx_word' id='word_1_675' title='bbox 1574 5685 1819 5750; x_wconf 84' lang='lat' dir='ltr'><strong>Faronis,</strong></span> <span class='ocrx_word' id='word_1_676' title='bbox 1849 5684 1907 5737; x_wconf 89' lang='lat' dir='ltr'><strong>S.</strong></span> 
     </span>
    </p>
   </div>
   <div class='ocr_carea' id='block_1_90' title="bbox 1973 5609 3161 5679">
    <p class='ocr_par' dir='ltr' id='par_1_90' title="bbox 1973 5609 3161 5679">
     <span class='ocr_line' id='line_1_93' title="bbox 1973 5609 3161 5679; baseline 0.001 -14"><span class='ocrx_word' id='word_1_677' title='bbox 1973 5658 1990 5679; x_wconf 78' lang='grc'><em>,</em></span> <span class='ocrx_word' id='word_1_678' title='bbox 2017 5614 2265 5667; x_wconf 86' lang='lat' dir='ltr'><strong>thardum</strong></span> <span class='ocrx_word' id='word_1_679' title='bbox 2296 5609 2738 5667; x_wconf 77' lang='lat' dir='ltr'><strong>Cameracensem</strong></span> <span class='ocrx_word' id='word_1_680' title='bbox 2775 5621 2832 5666; x_wconf 88' lang='lat' dir='ltr'><strong>et</strong></span> <span class='ocrx_word' id='word_1_681' title='bbox 2870 5613 3161 5666; x_wconf 84' lang='lat' dir='ltr'><strong>Notkcrum</strong></span> 
     </span>
    </p>
   </div>
   <div class='ocr_carea' id='block_1_91' title="bbox 2002 3173 3575 3243">
    <p class='ocr_par' dir='ltr' id='par_1_91' title="bbox 2002 3173 3575 3243">
     <span class='ocr_line' id='line_1_94' title="bbox 2002 3173 3575 3243; baseline 0.004 -17"><span class='ocrx_word' id='word_1_682' title='bbox 2002 3188 2233 3242; x_wconf 72' lang='lat' dir='ltr'><strong>pra-esse</strong></span> <span class='ocrx_word' id='word_1_683' title='bbox 2260 3173 2575 3243; x_wconf 89' lang='lat' dir='ltr'><strong>discipulis;</strong></span> <span class='ocrx_word' id='word_1_684' title='bbox 2606 3174 2659 3227; x_wconf 87' lang='lat' dir='ltr'><strong>id</strong></span> <span class='ocrx_word' id='word_1_685' title='bbox 2698 3179 2803 3238; x_wconf 82' lang='lat' dir='ltr'><strong>est,</strong></span> <span class='ocrx_word' id='word_1_686' title='bbox 2835 3174 3015 3227; x_wconf 86' lang='lat' dir='ltr'><strong>omnia</strong></span> <span class='ocrx_word' id='word_1_687' title='bbox 3040 3176 3176 3229; x_wconf 87' lang='lat' dir='ltr'><strong>bona</strong></span> <span class='ocrx_word' id='word_1_688' title='bbox 3208 3184 3260 3229; x_wconf 90' lang='lat' dir='ltr'><strong>et</strong></span> <span class='ocrx_word' id='word_1_689' title='bbox 3285 3187 3469 3232; x_wconf 84' lang='lat' dir='ltr'><strong>sancta</strong></span> <span class='ocrx_word' id='word_1_690' title='bbox 3500 3180 3575 3233; x_wconf 85' lang='lat' dir='ltr'><strong>fa-</strong></span> 
     </span>
    </p>
   </div>
   <div class='ocr_carea' id='block_1_92' title="bbox 2004 3264 3575 3338">
    <p class='ocr_par' dir='ltr' id='par_1_92' title="bbox 2004 3264 3575 3338">
     <span class='ocr_line' id='line_1_95' title="bbox 2004 3264 3575 3338; baseline 0.004 -20"><span class='ocrx_word' id='word_1_691' title='bbox 2004 3265 2106 3319; x_wconf 88' lang='lat' dir='ltr'><strong>ctis</strong></span> <span class='ocrx_word' id='word_1_692' title='bbox 2142 3264 2394 3333; x_wconf 88' lang='lat' dir='ltr'><strong>amplius,</strong></span> <span class='ocrx_word' id='word_1_693' title='bbox 2443 3280 2604 3333; x_wconf 91' lang='lat' dir='ltr'><strong>quam</strong></span> <span class='ocrx_word' id='word_1_694' title='bbox 2654 3264 2835 3320; x_wconf 84' lang='lat' dir='ltr'><strong>verbis</strong></span> <span class='ocrx_word' id='word_1_695' title='bbox 2863 3267 3130 3321; x_wconf 88' lang='lat' dir='ltr'><strong>ostendat.</strong></span> <span class='ocrx_word' id='word_1_696' title='bbox 3171 3267 3241 3321; x_wconf 88' lang='lat' dir='ltr'><strong>Ut</strong></span> <span class='ocrx_word' id='word_1_697' title='bbox 3288 3270 3575 3338; x_wconf 86' lang='lat' dir='ltr'><strong>capacibus</strong></span> 
     </span>
    </p>
   </div>
   <div class='ocr_carea' id='block_1_93' title="bbox 2004 3354 3581 3427">
    <p class='ocr_par' dir='ltr' id='par_1_93' title="bbox 2004 3354 3581 3427">
     <span class='ocr_line' id='line_1_96' title="bbox 2004 3354 3581 3427; baseline 0.004 -20"><span class='ocrx_word' id='word_1_698' title='bbox 2004 3354 2279 3424; x_wconf 89' lang='lat' dir='ltr'><strong>discipulis</strong></span> <span class='ocrx_word' id='word_1_699' title='bbox 2320 3355 2576 3408; x_wconf 89' lang='lat' dir='ltr'><strong>mandata</strong></span> <span class='ocrx_word' id='word_1_700' title='bbox 2607 3354 2822 3409; x_wconf 89' lang='lat' dir='ltr'><strong>Domini</strong></span> <span class='ocrx_word' id='word_1_701' title='bbox 2852 3357 3033 3411; x_wconf 89' lang='lat' dir='ltr'><strong>verbis</strong></span> <span class='ocrx_word' id='word_1_702' title='bbox 3083 3366 3390 3427; x_wconf 86' lang='lat' dir='ltr'><strong>proponat;</strong></span> <span class='ocrx_word' id='word_1_703' title='bbox 3425 3360 3581 3414; x_wconf 83' lang='lat' dir='ltr'><strong>duris</strong></span> 
     </span>
    </p>
   </div>
   <div class='ocr_carea' id='block_1_94' title="bbox 2001 3444 3571 3519">
    <p class='ocr_par' dir='ltr' id='par_1_94' title="bbox 2001 3444 3571 3519">
     <span class='ocr_line' id='line_1_97' title="bbox 2001 3444 3571 3519; baseline 0.003 -20"><span class='ocrx_word' id='word_1_704' title='bbox 2001 3459 2134 3499; x_wconf 86' lang='lat' dir='ltr'><strong>vero</strong></span> <span class='ocrx_word' id='word_1_705' title='bbox 2185 3453 2241 3499; x_wconf 93' lang='lat' dir='ltr'><strong>et</strong></span> <span class='ocrx_word' id='word_1_706' title='bbox 2282 3445 2697 3514; x_wconf 88' lang='lat' dir='ltr'><strong>simplicioribus</strong></span> <span class='ocrx_word' id='word_1_707' title='bbox 2732 3444 2890 3499; x_wconf 86' lang='lat' dir='ltr'><strong>factis</strong></span> <span class='ocrx_word' id='word_1_708' title='bbox 2948 3446 3060 3500; x_wconf 91' lang='lat' dir='ltr'><strong>suis</strong></span> <span class='ocrx_word' id='word_1_709' title='bbox 3096 3448 3275 3501; x_wconf 81' lang='lat' dir='ltr'><strong>divina</strong></span> <span class='ocrx_word' id='word_1_710' title='bbox 3305 3461 3571 3519; x_wconf 58' lang='lat' dir='ltr'><strong>praecepta</strong></span> 
     </span>
    </p>
   </div>
   <div class='ocr_carea' id='block_1_95' title="bbox 2005 3535 3574 3605">
    <p class='ocr_par' dir='ltr' id='par_1_95' title="bbox 2005 3535 3574 3605">
     <span class='ocr_line' id='line_1_98' title="bbox 2005 3535 3574 3605; baseline 0.003 -15"><span class='ocrx_word' id='word_1_711' title='bbox 2005 3537 2355 3591; x_wconf 86' lang='lat' dir='ltr'><strong>demonstret.</strong></span> <span class='ocrx_word' id='word_1_712' title='bbox 2410 3535 2603 3590; x_wconf 83' lang='lat' dir='ltr'><strong>Omnia</strong></span> <span class='ocrx_word' id='word_1_713' title='bbox 2669 3551 2795 3590; x_wconf 86' lang='lat' dir='ltr'><strong>vero</strong></span> <span class='ocrx_word' id='word_1_714' title='bbox 2848 3552 2968 3605; x_wconf 61' lang='lat' dir='ltr'><strong>quae</strong></span> <span class='ocrx_word' id='word_1_715' title='bbox 3013 3537 3291 3605; x_wconf 87' lang='lat' dir='ltr'><strong>discipulis</strong></span> <span class='ocrx_word' id='word_1_716' title='bbox 3327 3540 3574 3596; x_wconf 87' lang='lat' dir='ltr'><strong>docuerit</strong></span> 
     </span>
    </p>
   </div>
   <div class='ocr_carea' id='block_1_96' title="bbox 2003 3625 3568 3697">
    <p class='ocr_par' dir='ltr' id='par_1_96' title="bbox 2003 3625 3568 3697">
     <span class='ocr_line' id='line_1_99' title="bbox 2003 3625 3568 3697; baseline 0.001 -14"><span class='ocrx_word' id='word_1_717' title='bbox 2003 3644 2123 3685; x_wconf 88' lang='lat' dir='ltr'><strong>esse</strong></span> <span class='ocrx_word' id='word_1_718' title='bbox 2149 3628 2440 3693; x_wconf 90' lang='lat' dir='ltr'><strong>contraria,</strong></span> <span class='ocrx_word' id='word_1_719' title='bbox 2480 3630 2498 3667; x_wconf 69' lang='grc' dir='ltr'><strong>ί</strong></span> <span class='ocrx_word' id='word_1_720' title='bbox 2528 3628 2581 3681; x_wconf 91' lang='lat' dir='ltr'><strong>in</strong></span> <span class='ocrx_word' id='word_1_721' title='bbox 2621 3627 2734 3681; x_wconf 92' lang='lat' dir='ltr'><strong>suis</strong></span> <span class='ocrx_word' id='word_1_722' title='bbox 2761 3625 2921 3679; x_wconf 90' lang='lat' dir='ltr'><strong>factis</strong></span> <span class='ocrx_word' id='word_1_723' title='bbox 2960 3626 3155 3680; x_wconf 74' lang='lat' dir='ltr'><strong>indicet</strong></span> <span class='ocrx_word' id='word_1_724' title='bbox 3186 3643 3292 3681; x_wconf 90' lang='lat' dir='ltr'><strong>non</strong></span> <span class='ocrx_word' id='word_1_725' title='bbox 3323 3631 3527 3697; x_wconf 79' lang='lat' dir='ltr'><strong>agenda</strong></span> <span class='ocrx_word' id='word_1_726' title='bbox 3555 3650 3568 3684; x_wconf 88' lang='lat'><strong>:</strong></span> 
     </span>
    </p>
   </div>
   <div class='ocr_carea' id='block_1_97' title="bbox 2004 3735 3572 3805">
    <p class='ocr_par' dir='ltr' id='par_1_97' title="bbox 2004 3735 3572 3805">
     <span class='ocr_line' id='line_1_100' title="bbox 2004 3735 3572 3805; baseline 0.004 -15"><span class='ocrx_word' id='word_1_727' title='bbox 2004 3737 2260 3791; x_wconf 84' lang='lat' dir='ltr'><strong>Germani</strong></span> <span class='ocrx_word' id='word_1_728' title='bbox 2298 3746 2546 3805; x_wconf 90' lang='lat' dir='ltr'><strong>utroque,</strong></span> <span class='ocrx_word' id='word_1_729' title='bbox 2579 3744 2632 3788; x_wconf 84' lang='lat' dir='ltr'><strong>et</strong></span> <span class='ocrx_word' id='word_1_730' title='bbox 2680 3736 2733 3788; x_wconf 92' lang='lat' dir='ltr'><strong>in</strong></span> <span class='ocrx_word' id='word_1_731' title='bbox 2792 3736 3024 3789; x_wconf 89' lang='lat' dir='ltr'><strong>editione</strong></span> <span class='ocrx_word' id='word_1_732' title='bbox 3052 3735 3378 3792; x_wconf 79' lang='lat' dir='ltr'><strong>Coloniensi.</strong></span> <span class='ocrx_word' id='word_1_733' title='bbox 3417 3741 3487 3794; x_wconf 84' lang='lat' dir='ltr'><strong>At</strong></span> <span class='ocrx_word' id='word_1_734' title='bbox 3515 3742 3572 3796; x_wconf 87' lang='lat' dir='ltr'><strong>in</strong></span> 
     </span>
    </p>
   </div>
   <div class='ocr_carea' id='block_1_98' title="bbox 2005 3805 3575 3882">
    <p class='ocr_par' dir='ltr' id='par_1_98' title="bbox 2005 3805 3575 3882">
     <span class='ocr_line' id='line_1_101' title="bbox 2005 3805 3575 3882; baseline 0.003 -22"><span class='ocrx_word' id='word_1_735' title='bbox 2005 3807 2225 3882; x_wconf 40' lang='lat' dir='ltr'><strong>Regula“</strong></span> <span class='ocrx_word' id='word_1_736' title='bbox 2241 3822 2341 3859; x_wconf 90' lang='lat' dir='ltr'><strong>ms.</strong></span> <span class='ocrx_word' id='word_1_737' title='bbox 2376 3806 2638 3882; x_wconf 73' lang='lat' dir='ltr'><strong>Magistri,</strong></span> <span class='ocrx_word' id='word_1_738' title='bbox 2672 3805 3203 3882; x_wconf 72' lang='lat' dir='ltr'><strong>apud_Tr_i_themium</strong></span> <span class='ocrx_word' id='word_1_739' title='bbox 3233 3818 3287 3882; x_wconf 87' lang='lat' dir='ltr'><strong>_ct</strong></span> <span class='ocrx_word' id='word_1_740' title='bbox 3318 3808 3575 3882; x_wconf 79' lang='lat' dir='ltr'><strong>_S_t_narag-</strong></span> 
     </span>
    </p>
   </div>
   <div class='ocr_carea' id='block_1_99' title="bbox 2005 3874 3568 3949">
    <p class='ocr_par' dir='ltr' id='par_1_99' title="bbox 2005 3874 3568 3949">
     <span class='ocr_line' id='line_1_102' title="bbox 2005 3874 3568 3949; baseline 0.001 -18"><span class='ocrx_word' id='word_1_741' title='bbox 2005 3874 2151 3949; x_wconf 75' lang='lat' dir='ltr'><strong>dum,</strong></span> <span class='ocrx_word' id='word_1_742' title='bbox 2185 3874 2528 3949; x_wconf 74' lang='lat' dir='ltr'><strong>Tantumdem</strong></span> <span class='ocrx_word' id='word_1_743' title='bbox 2552 3875 2741 3949; x_wconf 74' lang='lat' dir='ltr'><strong>iterum</strong></span> <span class='ocrx_word' id='word_1_744' title='bbox 2765 3876 2862 3926; x_wconf 87' lang='lat' dir='ltr'><strong>erit</strong></span> <span class='ocrx_word' id='word_1_745' title='bbox 2886 3874 3035 3949; x_wconf 78' lang='lat' dir='ltr'><strong>liber,</strong></span> <span class='ocrx_word' id='word_1_746' title='bbox 3062 3885 3115 3949; x_wconf 74' lang='lat' dir='ltr'><strong>ut</strong></span> <span class='ocrx_word' id='word_1_747' title='bbox 3138 3876 3203 3929; x_wconf 84' lang='lat' dir='ltr'><strong>si.</strong></span> <span class='ocrx_word' id='word_1_748' title='bbox 3231 3876 3287 3930; x_wconf 90' lang='lat' dir='ltr'><strong>ln</strong></span> <span class='ocrx_word' id='word_1_749' title='bbox 3321 3877 3456 3933; x_wconf 76' lang='lat' dir='ltr'><strong>Vict.</strong></span> <span class='ocrx_word' id='word_1_750' title='bbox 3486 3874 3568 3949; x_wconf 43' lang='lat' dir='ltr'><strong>pt,</strong></span> 
     </span>
    </p>
   </div>
   <div class='ocr_carea' id='block_1_100' title="bbox 2005 3942 3571 4014">
    <p class='ocr_par' dir='ltr' id='par_1_100' title="bbox 2005 3942 3571 4014">
     <span class='ocr_line' id='line_1_103' title="bbox 2005 3942 3571 4014; baseline 0.004 -15"><span class='ocrx_word' id='word_1_751' title='bbox 2005 3946 2238 3999; x_wconf 81' lang='lat' dir='ltr'><strong>tondent.</strong></span> <span class='ocrx_word' id='word_1_752' title='bbox 2270 3945 2325 3998; x_wconf 93' lang='lat' dir='ltr'><strong>ln</strong></span> <span class='ocrx_word' id='word_1_753' title='bbox 2365 3942 2797 4014; x_wconf 48' lang='lat' dir='ltr'><strong>vulgatis&#39;decst</strong></span> <span class='ocrx_word' id='word_1_754' title='bbox 2848 3942 3110 4012; x_wconf 84' lang='lat' dir='ltr'><strong>particula</strong></span> <span class='ocrx_word' id='word_1_755' title='bbox 3141 3954 3233 4007; x_wconf 88' lang='lat' dir='ltr'><strong>ut;</strong></span> <span class='ocrx_word' id='word_1_756' title='bbox 3276 3955 3330 4001; x_wconf 92' lang='lat' dir='ltr'><strong>et</strong></span> <span class='ocrx_word' id='word_1_757' title='bbox 3360 3942 3571 4007; x_wconf 45' lang='lat' dir='ltr'><strong>ante-16</strong></span> 
     </span>
    </p>
   </div>
   <div class='ocr_carea' id='block_1_101' title="bbox 2004 4013 3572 4087">
    <p class='ocr_par' dir='ltr' id='par_1_101' title="bbox 2004 4013 3572 4087">
     <span class='ocr_line' id='line_1_104' title="bbox 2004 4013 3572 4087; baseline 0.004 -20"><span class='ocrx_word' id='word_1_758' title='bbox 2004 4026 2189 4087; x_wconf 75' lang='lat' dir='ltr'><strong>pastor</strong></span> <span class='ocrx_word' id='word_1_759' title='bbox 2216 4013 2477 4084; x_wconf 66' lang='lat' dir='ltr'><strong>pingitur</strong></span> <span class='ocrx_word' id='word_1_760' title='bbox 2502 4020 2776 4087; x_wconf 81' lang='lat' dir='ltr'><strong>punctum,</strong></span> <span class='ocrx_word' id='word_1_761' title='bbox 2810 4014 2985 4087; x_wconf 86' lang='lat' dir='ltr'><strong>_ita_ut</strong></span> <span class='ocrx_word' id='word_1_762' title='bbox 3034 4013 3210 4087; x_wconf 80' lang='lat' dir='ltr'><strong>nullus</strong></span> <span class='ocrx_word' id='word_1_763' title='bbox 3234 4031 3298 4087; x_wconf 77' lang='lat' dir='ltr'><strong>ex</strong></span> <span class='ocrx_word' id='word_1_764' title='bbox 3335 4025 3440 4087; x_wconf 86' lang='lat' dir='ltr'><strong>tota</strong></span> <span class='ocrx_word' id='word_1_765' title='bbox 3470 4019 3572 4073; x_wconf 88' lang='lat' dir='ltr'><strong>hac</strong></span> 
     </span>
    </p>
   </div>
   <div class='ocr_carea' id='block_1_102' title="bbox 2044 4082 3570 4152">
    <p class='ocr_par' dir='ltr' id='par_1_102' title="bbox 2044 4082 3570 4152">
     <span class='ocr_line' id='line_1_105' title="bbox 2044 4082 3570 4152; baseline 0.003 -14"><span class='ocrx_word' id='word_1_766' title='bbox 2044 4082 2231 4138; x_wconf 83' lang='lat' dir='ltr'><strong>eriodo</strong></span> <span class='ocrx_word' id='word_1_767' title='bbox 2283 4082 2473 4138; x_wconf 80' lang='lat' dir='ltr'><strong>sensus</strong></span> <span class='ocrx_word' id='word_1_768' title='bbox 2506 4082 2645 4137; x_wconf 32' lang='lat' dir='ltr'><strong>’elici</strong></span> <span class='ocrx_word' id='word_1_769' title='bbox 2682 4083 2865 4152; x_wconf 90' lang='lat' dir='ltr'><strong>possit.</strong></span> <span class='ocrx_word' id='word_1_770' title='bbox 2897 4082 2953 4137; x_wconf 89' lang='lat' dir='ltr'><strong>In</strong></span> <span class='ocrx_word' id='word_1_771' title='bbox 2984 4085 3217 4139; x_wconf 86' lang='lat' dir='ltr'><strong>editione</strong></span> <span class='ocrx_word' id='word_1_772' title='bbox 3253 4085 3469 4142; x_wconf 69' lang='lat' dir='ltr'><strong>Colinzei</strong></span> <span class='ocrx_word' id='word_1_773' title='bbox 3498 4089 3570 4142; x_wconf 90' lang='lat' dir='ltr'><strong>ita</strong></span> 
     </span>
    </p>
   </div>
   <div class='ocr_carea' id='block_1_103' title="bbox 2005 4101 3571 4225">
    <p class='ocr_par' dir='ltr' id='par_1_103' title="bbox 2005 4101 3571 4225">
     <span class='ocr_line' id='line_1_106' title="bbox 2044 4101 3570 4152; baseline 0.003 -14"><span class='ocrx_word' id='word_1_774' title='bbox 2044 4101 2227 4138; x_wconf 77' lang='lat' dir='ltr'><strong>ertooo</strong></span> <span class='ocrx_word' id='word_1_775' title='bbox 2283 4101 2473 4138; x_wconf 90' lang='lat' dir='ltr'><strong>sensus</strong></span> <span class='ocrx_word' id='word_1_776' title='bbox 2527 4101 2645 4137; x_wconf 71' lang='lat' dir='ltr'><strong>ene:</strong></span> <span class='ocrx_word' id='word_1_777' title='bbox 2682 4101 2865 4152; x_wconf 84' lang='lat' dir='ltr'><strong>possu.</strong></span> <span class='ocrx_word' id='word_1_778' title='bbox 2897 4101 2953 4137; x_wconf 86' lang='grc' dir='ltr'><strong>ιιι</strong></span> <span class='ocrx_word' id='word_1_779' title='bbox 2984 4101 3217 4139; x_wconf 79' lang='lat' dir='ltr'><strong>coitione</strong></span> <span class='ocrx_word' id='word_1_780' title='bbox 3253 4101 3469 4142; x_wconf 69' lang='lat' dir='ltr'><strong>Lonnzet</strong></span> <span class='ocrx_word' id='word_1_781' title='bbox 3498 4101 3570 4142; x_wconf 79' lang='lat' dir='ltr'><strong>ita</strong></span> 
     </span>
     <span class='ocr_line' id='line_1_107' title="bbox 2005 4101 3571 4225; baseline 0.003 -17"><span class='ocrx_word' id='word_1_782' title='bbox 2005 4101 2240 4225; x_wconf 55' lang='lat' dir='ltr'><strong>fegitur:</strong></span> <span class='ocrx_word' id='word_1_783' title='bbox 2283 4172 2300 4204; x_wconf 81' lang='grc' dir='ltr'><strong>ι</strong></span> <span class='ocrx_word' id='word_1_784' title='bbox 2337 4153 2741 4225; x_wconf 83' lang='lat' dir='ltr'><strong>Tantummodo</strong></span> <span class='ocrx_word' id='word_1_785' title='bbox 2777 4156 2938 4225; x_wconf 81' lang='lat' dir='ltr'><strong>apud</strong></span> <span class='ocrx_word' id='word_1_786' title='bbox 2967 4154 3131 4225; x_wconf 89' lang='lat' dir='ltr'><strong>Deum</strong></span> <span class='ocrx_word' id='word_1_787' title='bbox 3188 4154 3323 4210; x_wconf 88' lang='lat' dir='ltr'><strong>liber</strong></span> <span class='ocrx_word' id='word_1_788' title='bbox 3369 4159 3492 4223; x_wconf 86' lang='lat' dir='ltr'><strong>erit,</strong></span> <span class='ocrx_word' id='word_1_789' title='bbox 3526 4158 3571 4213; x_wconf 88' lang='lat' dir='ltr'><strong>si</strong></span> 
     </span>
    </p>
   </div>
   <div class='ocr_carea' id='block_1_104' title="bbox 2008 4222 3574 4296">
    <p class='ocr_par' dir='ltr' id='par_1_104' title="bbox 2008 4222 3574 4296">
     <span class='ocr_line' id='line_1_108' title="bbox 2008 4222 3574 4296; baseline 0.003 -18"><span class='ocrx_word' id='word_1_790' title='bbox 2008 4222 2315 4296; x_wconf 78' lang='lat' dir='ltr'><strong>(postquam</strong></span> <span class='ocrx_word' id='word_1_791' title='bbox 2365 4224 2607 4296; x_wconf 84' lang='lat' dir='ltr'><strong>inquieto</strong></span> <span class='ocrx_word' id='word_1_792' title='bbox 2642 4234 2694 4277; x_wconf 89' lang='lat' dir='ltr'><strong>et</strong></span> <span class='ocrx_word' id='word_1_793' title='bbox 2729 4222 3054 4296; x_wconf 83' lang='lat' dir='ltr'><strong>inobedienti</strong></span> <span class='ocrx_word' id='word_1_794' title='bbox 3101 4226 3247 4295; x_wconf 80' lang='lat' dir='ltr'><strong>gregi</strong></span> <span class='ocrx_word' id='word_1_795' title='bbox 3286 4226 3574 4296; x_wconf 87' lang='lat' dir='ltr'><strong>pastoralis</strong></span> 
     </span>
    </p>
   </div>
   <div class='ocr_carea' id='block_1_105' title="bbox 2005 4292 3570 4363">
    <p class='ocr_par' dir='ltr' id='par_1_105' title="bbox 2005 4292 3570 4363">
     <span class='ocr_line' id='line_1_109' title="bbox 2005 4292 3570 4363; baseline 0.002 -15"><span class='ocrx_word' id='word_1_796' title='bbox 2005 4292 2183 4348; x_wconf 84' lang='lat' dir='ltr'><strong>omnis</strong></span> <span class='ocrx_word' id='word_1_797' title='bbox 2210 4294 2483 4363; x_wconf 79' lang='lat' dir='ltr'><strong>diligentia</strong></span> <span class='ocrx_word' id='word_1_798' title='bbox 2516 4292 2678 4347; x_wconf 86' lang='lat' dir='ltr'><strong>fuerit</strong></span> <span class='ocrx_word' id='word_1_799' title='bbox 2706 4294 2985 4357; x_wconf 85' lang='lat' dir='ltr'><strong>attributa,</strong></span> <span class='ocrx_word' id='word_1_800' title='bbox 3018 4302 3071 4348; x_wconf 89' lang='lat' dir='ltr'><strong>et</strong></span> <span class='ocrx_word' id='word_1_801' title='bbox 3096 4292 3355 4351; x_wconf 65' lang='lat' dir='ltr'><strong>morbidis</strong></span> <span class='ocrx_word' id='word_1_802' title='bbox 3383 4313 3570 4351; x_wconf 86' lang='lat' dir='ltr'><strong>earum</strong></span> 
     </span>
    </p>
   </div>
   <div class='ocr_carea' id='block_1_106' title="bbox 2010 4365 3571 4435">
    <p class='ocr_par' dir='ltr' id='par_1_106' title="bbox 2010 4365 3571 4435">
     <span class='ocr_line' id='line_1_110' title="bbox 2010 4365 3571 4435; baseline 0.001 -17"><span class='ocrx_word' id='word_1_803' title='bbox 2010 4365 2219 4418; x_wconf 78' lang='lat' dir='ltr'><strong>actibus</strong></span> <span class='ocrx_word' id='word_1_804' title='bbox 2268 4365 2521 4417; x_wconf 85' lang='lat' dir='ltr'><strong>universa</strong></span> <span class='ocrx_word' id='word_1_805' title='bbox 2555 4380 2685 4417; x_wconf 91' lang='lat' dir='ltr'><strong>cura</strong></span> <span class='ocrx_word' id='word_1_806' title='bbox 2739 4365 3003 4434; x_wconf 61' lang='lat' dir='ltr'><strong>exhibita)</strong></span> <span class='ocrx_word' id='word_1_807' title='bbox 3036 4374 3219 4435; x_wconf 70' lang='lat' dir='ltr'><strong>pastor</strong></span> <span class='ocrx_word' id='word_1_808' title='bbox 3253 4365 3365 4434; x_wconf 91' lang='lat' dir='ltr'><strong>ipse</strong></span> <span class='ocrx_word' id='word_1_809' title='bbox 3392 4366 3445 4419; x_wconf 94' lang='lat' dir='ltr'><strong>in</strong></span> <span class='ocrx_word' id='word_1_810' title='bbox 3485 4367 3571 4435; x_wconf 86' lang='lat' dir='ltr'><strong>ju-</strong></span> 
     </span>
    </p>
   </div>
   <div class='ocr_carea' id='block_1_107' title="bbox 1932 4431 3573 4498">
    <p class='ocr_par' dir='ltr' id='par_1_107' title="bbox 1932 4431 3573 4498">
     <span class='ocr_line' id='line_1_111' title="bbox 1932 4431 3573 4498; baseline 0.001 -9"><span class='ocrx_word' id='word_1_811' title='bbox 1932 4431 1985 4489; x_wconf 89' lang='lat' dir='ltr'><strong>D</strong></span> <span class='ocrx_word' id='word_1_812' title='bbox 2011 4435 2150 4488; x_wconf 90' lang='lat' dir='ltr'><strong>dicio</strong></span> <span class='ocrx_word' id='word_1_813' title='bbox 2176 4434 2384 4487; x_wconf 87' lang='lat' dir='ltr'><strong>Domini</strong></span> <span class='ocrx_word' id='word_1_814' title='bbox 2418 4435 2693 4494; x_wconf 80' lang='lat' dir='ltr'><strong>absolutus</strong></span> <span class='ocrx_word' id='word_1_815' title='bbox 2721 4435 2887 4498; x_wconf 87' lang='lat' dir='ltr'><strong>dicat,</strong></span> <span class='ocrx_word' id='word_1_816' title='bbox 2925 4454 2943 4484; x_wconf 73' lang='grc' dir='ltr'><strong>ι</strong></span> <span class='ocrx_word' id='word_1_817' title='bbox 2985 4431 3098 4486; x_wconf 84' lang='lat' dir='ltr'><strong>etc.</strong></span> <span class='ocrx_word' id='word_1_818' title='bbox 3130 4431 3319 4489; x_wconf 81' lang='lat' dir='ltr'><strong>Clarus</strong></span> <span class='ocrx_word' id='word_1_819' title='bbox 3344 4447 3427 4490; x_wconf 88' lang='lat' dir='ltr'><strong>est</strong></span> <span class='ocrx_word' id='word_1_820' title='bbox 3452 4431 3573 4490; x_wconf 83' lang='lat' dir='ltr'><strong>sen-</strong></span> 
     </span>
    </p>
   </div>
   <div class='ocr_carea' id='block_1_108' title="bbox 2010 4503 3566 4572">
    <p class='ocr_par' dir='ltr' id='par_1_108' title="bbox 2010 4503 3566 4572">
     <span class='ocr_line' id='line_1_112' title="bbox 2010 4503 3566 4572; baseline 0.003 -17"><span class='ocrx_word' id='word_1_821' title='bbox 2010 4519 2102 4572; x_wconf 78' lang='lat' dir='ltr'><strong>sus</strong></span> <span class='ocrx_word' id='word_1_822' title='bbox 2128 4513 2181 4557; x_wconf 89' lang='lat' dir='ltr'><strong>et</strong></span> <span class='ocrx_word' id='word_1_823' title='bbox 2210 4504 2524 4572; x_wconf 84' lang='lat' dir='ltr'><strong>plausibilis.</strong></span> <span class='ocrx_word' id='word_1_824' title='bbox 2561 4503 2742 4572; x_wconf 80' lang='lat' dir='ltr'><strong>Itaque</strong></span> <span class='ocrx_word' id='word_1_825' title='bbox 2764 4503 3043 4571; x_wconf 75' lang='lat' dir='ltr'><strong>legendum</strong></span> <span class='ocrx_word' id='word_1_826' title='bbox 3071 4513 3198 4571; x_wconf 91' lang='lat' dir='ltr'><strong>puto</strong></span> <span class='ocrx_word' id='word_1_827' title='bbox 3227 4504 3328 4558; x_wconf 89' lang='lat' dir='ltr'><strong>hoc</strong></span> <span class='ocrx_word' id='word_1_828' title='bbox 3366 4508 3524 4559; x_wconf 83' lang='lat' dir='ltr'><strong>modo</strong></span> <span class='ocrx_word' id='word_1_829' title='bbox 3555 4523 3566 4559; x_wconf 90' lang='lat'><strong>:</strong></span> 
     </span>
    </p>
   </div>
   <div class='ocr_carea' id='block_1_109' title="bbox 2012 4571 3570 4644">
    <p class='ocr_par' dir='ltr' id='par_1_109' title="bbox 2012 4571 3570 4644">
     <span class='ocr_line' id='line_1_113' title="bbox 2012 4571 3570 4644; baseline 0.002 -19"><span class='ocrx_word' id='word_1_830' title='bbox 2012 4571 2237 4644; x_wconf 75' lang='lat' dir='ltr'><strong>Tantum</strong></span> <span class='ocrx_word' id='word_1_831' title='bbox 2264 4575 2449 4625; x_wconf 82' lang='lat' dir='ltr'><strong>iterum</strong></span> <span class='ocrx_word' id='word_1_832' title='bbox 2479 4574 2608 4626; x_wconf 86' lang='lat' dir='ltr'><strong>liber</strong></span> <span class='ocrx_word' id='word_1_833' title='bbox 2628 4642 2637 4644; x_wconf 23' lang='grc' dir='ltr'><strong><em>Α</em></strong></span> <span class='ocrx_word' id='word_1_834' title='bbox 2658 4571 2760 4626; x_wconf 76' lang='lat' dir='ltr'><strong>erit</strong></span> <span class='ocrx_word' id='word_1_835' title='bbox 2788 4590 2829 4627; x_wconf 75' lang='lat' dir='ltr'><strong>si</strong></span> <span class='ocrx_word' id='word_1_836' title='bbox 2864 4574 2939 4644; x_wconf 86' lang='lat' dir='ltr'><strong>(ut</strong></span> <span class='ocrx_word' id='word_1_837' title='bbox 2986 4574 3237 4644; x_wconf 75' lang='lat' dir='ltr'><strong>inquieto,</strong></span> <span class='ocrx_word' id='word_1_838' title='bbox 3269 4572 3343 4625; x_wconf 87' lang='lat' dir='ltr'><strong>vel</strong></span> <span class='ocrx_word' id='word_1_839' title='bbox 3391 4574 3570 4628; x_wconf 84' lang='lat' dir='ltr'><strong>inobe-</strong></span> 
     </span>
    </p>
   </div>
   <div class='ocr_carea' id='block_1_110' title="bbox 2008 4640 3569 4711">
    <p class='ocr_par' dir='ltr' id='par_1_110' title="bbox 2008 4640 3569 4711">
     <span class='ocr_line' id='line_1_114' title="bbox 2008 4640 3569 4711; baseline 0.001 -17"><span class='ocrx_word' id='word_1_840' title='bbox 2008 4642 2171 4695; x_wconf 82' lang='lat' dir='ltr'><strong>dienti</strong></span> <span class='ocrx_word' id='word_1_841' title='bbox 2195 4644 2334 4710; x_wconf 76' lang='lat' dir='ltr'><strong>gregi</strong></span> <span class='ocrx_word' id='word_1_842' title='bbox 2356 4643 2579 4710; x_wconf 83' lang='lat' dir='ltr'><strong>pastoris</strong></span> <span class='ocrx_word' id='word_1_843' title='bbox 2611 4642 2769 4709; x_wconf 80' lang='lat' dir='ltr'><strong>fuerit</strong></span> <span class='ocrx_word' id='word_1_844' title='bbox 2806 4640 2972 4696; x_wconf 84' lang='lat' dir='ltr'><strong>omnis</strong></span> <span class='ocrx_word' id='word_1_845' title='bbox 3003 4640 3273 4711; x_wconf 76' lang='lat' dir='ltr'><strong>diligentia</strong></span> <span class='ocrx_word' id='word_1_846' title='bbox 3295 4644 3569 4702; x_wconf 83' lang='lat' dir='ltr'><strong>attributa,</strong></span> 
     </span>
    </p>
   </div>
   <div class='ocr_carea' id='block_1_111' title="bbox 2006 4711 3567 4777">
    <p class='ocr_par' dir='ltr' id='par_1_111' title="bbox 2006 4711 3567 4777">
     <span class='ocr_line' id='line_1_115' title="bbox 2006 4711 3567 4777; baseline -0.002 -13"><span class='ocrx_word' id='word_1_847' title='bbox 2006 4721 2056 4764; x_wconf 88' lang='lat' dir='ltr'><strong>et</strong></span> <span class='ocrx_word' id='word_1_848' title='bbox 2084 4711 2330 4764; x_wconf 86' lang='lat' dir='ltr'><strong>morbidis</strong></span> <span class='ocrx_word' id='word_1_849' title='bbox 2388 4728 2569 4764; x_wconf 88' lang='lat' dir='ltr'><strong>earum</strong></span> <span class='ocrx_word' id='word_1_850' title='bbox 2612 4711 2811 4765; x_wconf 86' lang='lat' dir='ltr'><strong>actibus</strong></span> <span class='ocrx_word' id='word_1_851' title='bbox 2864 4714 3103 4765; x_wconf 85' lang='lat' dir='ltr'><strong>universa</strong></span> <span class='ocrx_word' id='word_1_852' title='bbox 3155 4728 3282 4763; x_wconf 89' lang='lat' dir='ltr'><strong>cura</strong></span> <span class='ocrx_word' id='word_1_853' title='bbox 3314 4712 3567 4777; x_wconf 72' lang='lat' dir='ltr'><strong>exhibita)</strong></span> 
     </span>
    </p>
   </div>
   <div class='ocr_carea' id='block_1_112' title="bbox 2043 4779 3564 4849">
    <p class='ocr_par' dir='ltr' id='par_1_112' title="bbox 2043 4779 3564 4849">
     <span class='ocr_line' id='line_1_116' title="bbox 2043 4779 3564 4849; baseline 0.001 -16"><span class='ocrx_word' id='word_1_854' title='bbox 2043 4791 2186 4833; x_wconf 85' lang='lat' dir='ltr'><strong>astor</strong></span> <span class='ocrx_word' id='word_1_855' title='bbox 2212 4795 2393 4849; x_wconf 85' lang='lat' dir='ltr'><strong>earum</strong></span> <span class='ocrx_word' id='word_1_856' title='bbox 2426 4781 2478 4833; x_wconf 87' lang='lat' dir='ltr'><strong>in</strong></span> <span class='ocrx_word' id='word_1_857' title='bbox 2497 4781 2705 4849; x_wconf 87' lang='lat' dir='ltr'><strong>judicio</strong></span> <span class='ocrx_word' id='word_1_858' title='bbox 2729 4780 2944 4834; x_wconf 85' lang='lat' dir='ltr'><strong>Domini</strong></span> <span class='ocrx_word' id='word_1_859' title='bbox 2969 4779 3235 4834; x_wconf 86' lang='lat' dir='ltr'><strong>absolutus</strong></span> <span class='ocrx_word' id='word_1_860' title='bbox 3265 4779 3425 4844; x_wconf 85' lang='lat' dir='ltr'><strong>dicat,</strong></span> <span class='ocrx_word' id='word_1_861' title='bbox 3458 4791 3564 4835; x_wconf 78' lang='lat' dir='ltr'><strong>etc.</strong></span> 
     </span>
    </p>
   </div>
   <div class='ocr_carea' id='block_1_113' title="bbox 2006 4797 3571 4919">
    <p class='ocr_par' dir='ltr' id='par_1_113' title="bbox 2006 4797 3571 4919">
     <span class='ocr_line' id='line_1_117' title="bbox 2043 4797 3564 4849; baseline 0.001 -16"><span class='ocrx_word' id='word_1_862' title='bbox 2043 4797 2186 4833; x_wconf 76' lang='grc' dir='ltr'><strong>ηδιον</strong></span> <span class='ocrx_word' id='word_1_863' title='bbox 2212 4797 2393 4833; x_wconf 86' lang='lat' dir='ltr'><strong>earum</strong></span> <span class='ocrx_word' id='word_1_864' title='bbox 2426 4797 2478 4833; x_wconf 77' lang='grc' dir='ltr'>ιη</span> <span class='ocrx_word' id='word_1_865' title='bbox 2497 4797 2705 4849; x_wconf 70' lang='lat' dir='ltr'><strong>juamo</strong></span> <span class='ocrx_word' id='word_1_866' title='bbox 2729 4797 2942 4834; x_wconf 85' lang='lat' dir='ltr'><strong>uomtm</strong></span> <span class='ocrx_word' id='word_1_867' title='bbox 2969 4797 3235 4834; x_wconf 85' lang='lat' dir='ltr'><strong>aosomms</strong></span> <span class='ocrx_word' id='word_1_868' title='bbox 3265 4797 3425 4844; x_wconf 81' lang='grc' dir='ltr'><strong>αιεαι,</strong></span> <span class='ocrx_word' id='word_1_869' title='bbox 3458 4797 3564 4835; x_wconf 80' lang='lat' dir='ltr'><strong>elt‘.</strong></span> 
     </span>
     <span class='ocr_line' id='line_1_118' title="bbox 2006 4797 3571 4919; baseline 0.002 -16"><span class='ocrx_word' id='word_1_870' title='bbox 2006 4797 2071 4903; x_wconf 53' lang='lat' dir='ltr'><strong>Et</strong></span> <span class='ocrx_word' id='word_1_871' title='bbox 2100 4848 2383 4919; x_wconf 66' lang='lat' dir='ltr'><strong>particula</strong></span> <span class='ocrx_word' id='word_1_872' title='bbox 2412 4858 2468 4901; x_wconf 89' lang='lat' dir='ltr'><strong>ut</strong></span> <span class='ocrx_word' id='word_1_873' title='bbox 2499 4854 2598 4903; x_wconf 88' lang='lat' dir='ltr'><strong>hoc</strong></span> <span class='ocrx_word' id='word_1_874' title='bbox 2623 4849 2741 4904; x_wconf 86' lang='lat' dir='ltr'><strong>loco</strong></span> <span class='ocrx_word' id='word_1_875' title='bbox 2783 4859 2866 4903; x_wconf 90' lang='lat' dir='ltr'><strong>est</strong></span> <span class='ocrx_word' id='word_1_876' title='bbox 2898 4866 3014 4904; x_wconf 89' lang='lat' dir='ltr'><strong>cum</strong></span> <span class='ocrx_word' id='word_1_877' title='bbox 3052 4848 3137 4903; x_wconf 89' lang='lat' dir='ltr'><strong>vel</strong></span> <span class='ocrx_word' id='word_1_878' title='bbox 3184 4858 3480 4919; x_wconf 82' lang='lat' dir='ltr'><strong>postquam,</strong></span> <span class='ocrx_word' id='word_1_879' title='bbox 3515 4860 3571 4906; x_wconf 86' lang='lat' dir='ltr'><strong>ut</strong></span> 
     </span>
    </p>
   </div>
   <div class='ocr_carea' id='block_1_114' title="bbox 2006 4917 2890 4992">
    <p class='ocr_par' dir='ltr' id='par_1_114' title="bbox 2006 4917 2890 4992">
     <span class='ocr_line' id='line_1_119' title="bbox 2006 4917 2890 4992; baseline -0.002 -19"><span class='ocrx_word' id='word_1_880' title='bbox 2006 4917 2313 4992; x_wconf 61' lang='lat' dir='ltr'><strong>saepeapud</strong></span> <span class='ocrx_word' id='word_1_881' title='bbox 2342 4917 2594 4992; x_wconf 66' lang='lat' dir='ltr'><strong>classigos</strong></span> <span class='ocrx_word' id='word_1_882' title='bbox 2623 4928 2890 4992; x_wconf 85' lang='lat' dir='ltr'><strong>auctores.</strong></span> 
     </span>
    </p>
   </div>
   <div class='ocr_carea' id='block_1_115' title="bbox 2011 4986 3565 5057">
    <p class='ocr_par' dir='ltr' id='par_1_115' title="bbox 2011 4986 3565 5057">
     <span class='ocr_line' id='line_1_120' title="bbox 2011 4986 3565 5057; baseline 0.001 -15"><span class='ocrx_word' id='word_1_883' title='bbox 2011 5032 2021 5042; x_wconf 89' lang='lat'><strong>.</strong></span> <span class='ocrx_word' id='word_1_884' title='bbox 2079 4986 2103 5027; x_wconf 67' lang='lat'>3</span> <span class='ocrx_word' id='word_1_885' title='bbox 2142 4986 2363 5040; x_wconf 79' lang='lat' dir='ltr'><strong>Iterum.</strong></span> <span class='ocrx_word' id='word_1_886' title='bbox 2407 4986 2610 5057; x_wconf 74' lang='lat' dir='ltr'><strong>Nempe</strong></span> <span class='ocrx_word' id='word_1_887' title='bbox 2641 4989 2692 5041; x_wconf 92' lang='lat' dir='ltr'><strong>in</strong></span> <span class='ocrx_word' id='word_1_888' title='bbox 2741 4986 2964 5052; x_wconf 89' lang='lat' dir='ltr'><strong>judicio,</strong></span> <span class='ocrx_word' id='word_1_889' title='bbox 3016 5002 3136 5041; x_wconf 89' lang='lat' dir='ltr'><strong>cum</strong></span> <span class='ocrx_word' id='word_1_890' title='bbox 3188 4996 3345 5040; x_wconf 90' lang='lat' dir='ltr'><strong>antea</strong></span> <span class='ocrx_word' id='word_1_891' title='bbox 3377 4987 3428 5041; x_wconf 91' lang='lat' dir='ltr'><strong>in</strong></span> <span class='ocrx_word' id='word_1_892' title='bbox 3457 4989 3565 5044; x_wconf 89' lang='lat' dir='ltr'><strong>via</strong></span> 
     </span>
    </p>
   </div>
   <div class='ocr_carea' id='block_1_116' title="bbox 2002 5057 3566 5127">
    <p class='ocr_par' dir='ltr' id='par_1_116' title="bbox 2002 5057 3566 5127">
     <span class='ocr_line' id='line_1_121' title="bbox 2002 5057 3566 5127; baseline 0.002 -16"><span class='ocrx_word' id='word_1_893' title='bbox 2002 5058 2137 5111; x_wconf 86' lang='lat' dir='ltr'><strong>liber</strong></span> <span class='ocrx_word' id='word_1_894' title='bbox 2164 5057 2325 5111; x_wconf 89' lang='lat' dir='ltr'><strong>fuerit</strong></span> <span class='ocrx_word' id='word_1_895' title='bbox 2346 5059 2618 5112; x_wconf 86' lang='lat' dir='ltr'><strong>evadendo</strong></span> <span class='ocrx_word' id='word_1_896' title='bbox 2642 5057 2960 5127; x_wconf 78' lang='lat' dir='ltr'><strong>negligentis</strong></span> <span class='ocrx_word' id='word_1_897' title='bbox 2979 5059 3214 5127; x_wconf 90' lang='lat' dir='ltr'><strong>pastoris</strong></span> <span class='ocrx_word' id='word_1_898' title='bbox 3242 5058 3566 5127; x_wconf 86' lang='lat' dir='ltr'><strong>supplicium</strong></span> 
     </span>
    </p>
   </div>
   <div class='ocr_carea' id='block_1_117' title="bbox 2003 5137 2428 5195">
    <p class='ocr_par' dir='ltr' id='par_1_117' title="bbox 2003 5137 2428 5195">
     <span class='ocr_line' id='line_1_122' title="bbox 2003 5137 2428 5195; baseline -0.009 -12"><span class='ocrx_word' id='word_1_899' title='bbox 2003 5137 2428 5195; x_wconf 85' lang='lat' dir='ltr'><strong>temporaneum.</strong></span> 
     </span>
    </p>
   </div>
   <div class='ocr_carea' id='block_1_118' title="bbox 2072 5194 3567 5266">
    <p class='ocr_par' dir='ltr' id='par_1_118' title="bbox 2072 5194 3567 5266">
     <span class='ocr_line' id='line_1_123' title="bbox 2072 5194 3567 5266; baseline 0.003 -19"><span class='ocrx_word' id='word_1_900' title='bbox 2072 5194 2304 5248; x_wconf 64' lang='grc' dir='ltr'>ὶιΡαιηιι</span> <span class='ocrx_word' id='word_1_901' title='bbox 2343 5196 2410 5248; x_wconf 88' lang='lat' dir='ltr'><strong>sit</strong></span> <span class='ocrx_word' id='word_1_902' title='bbox 2435 5198 2526 5250; x_wconf 81' lang='lat' dir='ltr'><strong>eis.</strong></span> <span class='ocrx_word' id='word_1_903' title='bbox 2558 5197 2655 5249; x_wconf 87' lang='lat' dir='ltr'><strong>Est</strong></span> <span class='ocrx_word' id='word_1_904' title='bbox 2677 5195 2891 5263; x_wconf 87' lang='lat' dir='ltr'><strong>phrasis</strong></span> <span class='ocrx_word' id='word_1_905' title='bbox 2938 5194 3222 5261; x_wconf 80' lang='lat' dir='ltr'><strong>Hebraica,</strong></span> <span class='ocrx_word' id='word_1_906' title='bbox 3276 5209 3567 5266; x_wconf 86' lang='lat' dir='ltr'><strong>perquam</strong></span> 
     </span>
    </p>
   </div>
   <div class='ocr_carea' id='block_1_119' title="bbox 2005 5266 3572 5385">
    <p class='ocr_par' dir='ltr' id='par_1_119' title="bbox 2005 5266 3572 5385">
     <span class='ocr_line' id='line_1_124' title="bbox 2005 5266 3572 5336; baseline -0.001 -15"><span class='ocrx_word' id='word_1_907' title='bbox 2005 5267 2270 5321; x_wconf 84' lang='lat' dir='ltr'><strong>redundat</strong></span> <span class='ocrx_word' id='word_1_908' title='bbox 2298 5280 2438 5334; x_wconf 67' lang='lat' dir='ltr'><strong>sarpe</strong></span> <span class='ocrx_word' id='word_1_909' title='bbox 2474 5280 2768 5336; x_wconf 88' lang='lat' dir='ltr'><strong>pronomen</strong></span> <span class='ocrx_word' id='word_1_910' title='bbox 2796 5266 2863 5329; x_wconf 87' lang='lat' dir='ltr'><strong>is,</strong></span> <span class='ocrx_word' id='word_1_911' title='bbox 2893 5274 2991 5319; x_wconf 86' lang='lat' dir='ltr'><strong>ut:</strong></span> <span class='ocrx_word' id='word_1_912' title='bbox 3036 5267 3187 5334; x_wconf 87' lang='lat' dir='ltr'><strong>cujus</strong></span> <span class='ocrx_word' id='word_1_913' title='bbox 3239 5266 3572 5336; x_wconf 72' lang='lat' dir='ltr'><strong>participatio</strong></span> 
     </span>
     <span class='ocr_line' id='line_1_125' title="bbox 2008 5334 2475 5385; baseline 0 0"><span class='ocrx_word' id='word_1_914' title='bbox 2008 5337 2121 5385; x_wconf 78' lang='lat' dir='ltr'><strong>eius</strong></span> <span class='ocrx_word' id='word_1_915' title='bbox 2150 5336 2201 5385; x_wconf 86' lang='lat' dir='ltr'><strong>in</strong></span> <span class='ocrx_word' id='word_1_916' title='bbox 2230 5334 2475 5385; x_wconf 85' lang='lat' dir='ltr'><strong>idivsum.</strong></span> 
     </span>
    </p>
   </div>
   <div class='ocr_carea' id='block_1_120' title="bbox 2230 5350 2475 5387">
    <p class='ocr_par' dir='ltr' id='par_1_120' title="bbox 2230 5350 2475 5387">
     <span class='ocr_line' id='line_1_126' title="bbox 2230 5350 2475 5387; baseline 0.004 -1"><span class='ocrx_word' id='word_1_917' title='bbox 2230 5350 2475 5387; x_wconf 73' lang='lat' dir='ltr'><strong>iatvsum.</strong></span> 
     </span>
    </p>
   </div>
   <div class='ocr_carea' id='block_1_121' title="bbox 2008 5351 3567 5472">
    <p class='ocr_par' dir='ltr' id='par_1_121' title="bbox 2008 5351 3567 5472">
     <span class='ocr_line' id='line_1_127' title="bbox 2008 5351 2475 5406; baseline -0.006 -16"><span class='ocrx_word' id='word_1_918' title='bbox 2008 5353 2121 5406; x_wconf 64' lang='grc' dir='ltr'><strong>εμιε</strong></span> <span class='ocrx_word' id='word_1_919' title='bbox 2150 5352 2201 5387; x_wconf 87' lang='lat' dir='ltr'><strong>m</strong></span> <span class='ocrx_word' id='word_1_920' title='bbox 2230 5351 2475 5401; x_wconf 81' lang='lat' dir='ltr'><strong>tatpsum.</strong></span> 
     </span>
     <span class='ocr_line' id='line_1_128' title="bbox 2089 5401 3567 5472; baseline 0.001 -16"><span class='ocrx_word' id='word_1_921' title='bbox 2089 5408 2102 5444; x_wconf 72' lang='grc' dir='ltr'><strong>ι</strong></span> <span class='ocrx_word' id='word_1_922' title='bbox 2148 5403 2211 5456; x_wconf 84' lang='grc' dir='ltr'><strong>1η</strong></span> <span class='ocrx_word' id='word_1_923' title='bbox 2247 5404 2354 5455; x_wconf 82' lang='lat' dir='ltr'><strong>suis</strong></span> <span class='ocrx_word' id='word_1_924' title='bbox 2398 5404 2568 5472; x_wconf 77' lang='lat' dir='ltr'><strong>factis.</strong></span> <span class='ocrx_word' id='word_1_925' title='bbox 2610 5403 2666 5458; x_wconf 85' lang='lat' dir='ltr'><strong>in</strong></span> <span class='ocrx_word' id='word_1_926' title='bbox 2708 5403 2924 5460; x_wconf 88' lang='lat' dir='ltr'><strong>Canone</strong></span> <span class='ocrx_word' id='word_1_927' title='bbox 2984 5401 3251 5459; x_wconf 75' lang='lat' dir='ltr'><strong>Theodori</strong></span> <span class='ocrx_word' id='word_1_928' title='bbox 3307 5403 3567 5472; x_wconf 84' lang='lat' dir='ltr'><strong>archiepi-</strong></span> 
     </span>
    </p>
   </div>
   <div class='ocr_carea' id='block_1_122' title="bbox 2012 5472 3570 5544">
    <p class='ocr_par' dir='ltr' id='par_1_122' title="bbox 2012 5472 3570 5544">
     <span class='ocr_line' id='line_1_129' title="bbox 2012 5472 3570 5544; baseline -0.001 -16"><span class='ocrx_word' id='word_1_929' title='bbox 2012 5475 2159 5544; x_wconf 85' lang='lat' dir='ltr'><strong>sc0pi</strong></span> <span class='ocrx_word' id='word_1_930' title='bbox 2195 5472 2598 5544; x_wconf 78' lang='lat' dir='ltr'><strong>Cantuariensis</strong></span> <span class='ocrx_word' id='word_1_931' title='bbox 2622 5474 2848 5544; x_wconf 67' lang='lat' dir='ltr'><strong>legitur,</strong></span> <span class='ocrx_word' id='word_1_932' title='bbox 2874 5475 2927 5527; x_wconf 87' lang='lat' dir='ltr'><strong>in</strong></span> <span class='ocrx_word' id='word_1_933' title='bbox 2955 5474 3191 5544; x_wconf 85' lang='lat' dir='ltr'><strong>operibus</strong></span> <span class='ocrx_word' id='word_1_934' title='bbox 3213 5474 3339 5527; x_wconf 87' lang='lat' dir='ltr'><strong>suis.</strong></span> <span class='ocrx_word' id='word_1_935' title='bbox 3375 5474 3432 5527; x_wconf 85' lang='lat' dir='ltr'><strong>lu</strong></span> <span class='ocrx_word' id='word_1_936' title='bbox 3460 5474 3570 5544; x_wconf 78' lang='lat' dir='ltr'><strong>epi-</strong></span> 
     </span>
    </p>
   </div>
   <div class='ocr_carea' id='block_1_123' title="bbox 2014 5542 3570 5612">
    <p class='ocr_par' dir='ltr' id='par_1_123' title="bbox 2014 5542 3570 5612">
     <span class='ocr_line' id='line_1_130' title="bbox 2014 5542 3570 5612; baseline -0.003 -15"><span class='ocrx_word' id='word_1_937' title='bbox 2014 5542 2148 5597; x_wconf 83' lang='lat' dir='ltr'><strong>stola</strong></span> <span class='ocrx_word' id='word_1_938' title='bbox 2181 5542 2565 5612; x_wconf 79' lang='lat' dir='ltr'><strong>monachorum</strong></span> <span class='ocrx_word' id='word_1_939' title='bbox 2620 5542 2995 5597; x_wconf 81' lang='lat' dir='ltr'><strong>Laubiensium</strong></span> <span class='ocrx_word' id='word_1_940' title='bbox 3049 5544 3114 5596; x_wconf 91' lang='lat' dir='ltr'><strong>ad</strong></span> <span class='ocrx_word' id='word_1_941' title='bbox 3161 5546 3439 5612; x_wconf 89' lang='lat' dir='ltr'><strong>episcopos</strong></span> <span class='ocrx_word' id='word_1_942' title='bbox 3466 5542 3570 5608; x_wconf 63' lang='lat' dir='ltr'><strong>ito.</strong></span> 
     </span>
    </p>
   </div>
   <div class='ocr_carea' id='block_1_124' title="bbox 3241 5614 3570 5680">
    <p class='ocr_par' dir='ltr' id='par_1_124' title="bbox 3241 5614 3570 5680">
     <span class='ocr_line' id='line_1_131' title="bbox 3241 5614 3570 5680; baseline -0.006 -13"><span class='ocrx_word' id='word_1_943' title='bbox 3241 5614 3570 5680; x_wconf 88' lang='lat' dir='ltr'><strong>eodiensem,</strong></span> 
     </span>
    </p>
   </div>
   <div class='ocr_carea' id='block_1_125' title="bbox 2016 5680 3446 5753">
    <p class='ocr_par' dir='ltr' id='par_1_125' title="bbox 2016 5680 3446 5753">
     <span class='ocr_line' id='line_1_132' title="bbox 2016 5680 3446 5753; baseline 0.001 -18"><span class='ocrx_word' id='word_1_944' title='bbox 2016 5685 2069 5735; x_wconf 89' lang='lat' dir='ltr'><strong>in</strong></span> <span class='ocrx_word' id='word_1_945' title='bbox 2099 5683 2207 5736; x_wconf 85' lang='lat' dir='ltr'><strong>suis</strong></span> <span class='ocrx_word' id='word_1_946' title='bbox 2238 5680 2437 5735; x_wconf 83' lang='lat' dir='ltr'><strong>actibus</strong></span> <span class='ocrx_word' id='word_1_947' title='bbox 2469 5682 2787 5753; x_wconf 82' lang='lat' dir='ltr'><strong>(Baldricus,</strong></span> <span class='ocrx_word' id='word_1_948' title='bbox 2820 5680 2856 5737; x_wconf 79' lang='grc' dir='ltr'><strong>Ι.</strong></span> <span class='ocrx_word' id='word_1_949' title='bbox 2892 5699 2907 5737; x_wconf 91' lang='grc' dir='ltr'><strong>ι</strong></span> <span class='ocrx_word' id='word_1_950' title='bbox 2938 5683 3154 5750; x_wconf 60' lang='lat' dir='ltr'><strong>Claram,</strong></span> <span class='ocrx_word' id='word_1_951' title='bbox 3178 5699 3291 5753; x_wconf 81' lang='lat' dir='ltr'><strong>cap.</strong></span> <span class='ocrx_word' id='word_1_952' title='bbox 3328 5683 3446 5737; x_wconf 75' lang='grc'><strong>105.</strong></span> 
     </span>
    </p>
   </div>
  </div>
