3958 6198
367 239 466 295 '77!

1357 225 1414 282 S.
1456 226 1816 282 BENEDICTI
1853 224 2144 279 ABBATIS
2180 220 2584 279 ANIANENSIS

3506 221 3610 278 ’ῖῗῖ

366 364 436 403 ne
465 345 586 401 aliis
613 342 914 414 prmdicans
961 339 1077 409 ipse
1106 336 1368 407 reprobus
1398 336 1702 390 inveniatur
1732 334 1783 406 (1
1810 335 1931 390 Cor.
1964 341 2015 399 Α
2038 336 2198 389 nibus
2226 334 2484 395 ebaritas,
2513 348 2618 386 una
2649 332 2951 401 praebeatur
2978 331 3005 371 ἀ
3038 333 3091 387 in
3130 332 3383 388 omnibus
3422 349 3617 391 secun-

371 436 451 505 ιιι)
485 453 497 487 :
541 448 609 488 ne
635 428 848 501 quando
878 427 953 481 illi
994 426 1137 480 dicat
1164 425 1308 479 Deus
1358 425 1605 495 pec-cauti
1634 442 1645 477 :
1682 423 1857 488 Quare
1880 432 1935 476 tu

367 539 584 577 enarras
634 519 875 591 justitias
935 532 1099 581 meas,
1166 523 1216 569 et
1274 515 1499 567 assumis
1572 522 1937 567 testamentum

366 626 538 667 meum
589 627 681 681 per
722 626 779 663 as
828 619 1018 660 tuum:
1050 614 1106 658 tu
1152 620 1271 657 vero
1317 603 1472 656 odisti
1504 600 1859 671 disciplinam,
1890 610 1936 654 et

365 700 631 772 projecisti
662 711 688 739 ι
728 713 988 751 sermones
1016 711 1154 747 meos
1191 702 1305 762 post
1331 701 1379 745 te
1410 689 1579 762 (Psal.
1608 688 1778 759 xux).
1810 690 1837 729 h
1871 689 1938 741 Et

368 793 458 860 qui
508 791 561 844 in
617 788 801 843 fratris
841 786 917 839 tui
953 783 1109 839 oculo
1160 781 1422 837 festucam
1453 780 1694 841 videbas,
1734 779 1789 831 in
1844 785 1937 831 tuo

369 880 579 935 trabem
604 894 711 934 non
736 876 920 932 vidisti
960 873 1174 941 (Matth.
1222 872 1339 943 vn).
1379 869 1497 924 Non
1524 870 1591 923 ab
1619 883 1683 922 eo
1708 883 1941 937 persona

369 972 422 1025 in
447 970 781 1025 monasterio
814 968 1170 1027 discernatur,
1204 977 1310 1016 non
1349 977 1485 1014 unus
1521 959 1640 1030 plus
1670 959 1773 1013 alio
1803 974 1945 1013 ame-

372 1070 481 1126 tur,
508 1061 609 1116 nisi
643 1073 803 1128 quem
830 1057 885 1110 in
914 1055 1070 1109 bonis
1121 1053 1353 1115 actibus,
1401 1058 1493 1104 aut
1525 1049 1832 1104 obedientia
1860 1048 1943 1101 in-

367 1152 579 1207 venerit
625 1149 924 1204 meliorem.
962 1145 1080 1200 Non
1124 1153 1470 1214 praeponatur
1522 1142 1786 1210 ingenuus
1816 1151 1837 1178 ο
1874 1154 1940 1194 ex

370 1239 597 1295 servitio
626 1239 987 1301 co‘nvertenti,
1016 1234 1121 1288 nisi
1151 1234 1255 1286 alia
1279 1231 1614 1285 rationabilis
1639 1246 1801 1285 causa
1830 1230 1943 1283 exi-

372 1338 498 1384 stat.
534 1328 687 1395 Quod
716 1328 763 1383 si
801 1327 873 1379 ita
900 1324 1113 1378 ratione
1159 1323 1395 1377 dictante
1419 1320 1600 1375 abbati
1627 1321 1803 1374 visum
1826 1318 1943 1373 fue-

369 1420 461 1484 rit,
501 1428 558 1474 et
583 1420 648 1472 de
678 1417 967 1487 cujuslibet
995 1415 1184 1469 ordine
1211 1414 1265 1468 id
1291 1412 1454 1467 faciat
1478 1432 1491 1465 :
1518 1413 1601 1466 sin
1625 1411 1779 1477 alias,
1809 1427 1942 1481 pro“

370 1512 491 1582 pria
521 1516 738 1565 teneant
771 1508 906 1562 loca.
943 1505 1079 1573 Quia
1103 1506 1215 1559 sive
1249 1519 1460 1569 servus,
1499 1505 1613 1559 sive
1642 1504 1799 1570 liberi,
1821 1519 1941 1558 om-

374 1615 472 1654 nes
502 1599 556 1652 in
612 1597 830 1652 Christo
884 1610 1049 1648 unum
1098 1610 1305 1659 sumus,
1333 1603 1389 1648 et
1432 1593 1532 1648 sub
1562 1609 1670 1647 uno
1716 1594 1942 1648 Domino

2040 424 2163 478 dum
2194 425 2388 478 merita
2445 420 2747 491 disciplina.
2788 434 2810 461 ε
2838 423 2897 476 In
2930 423 3172 477 doctrina
3226 438 3466 492 namque
3516 440 3611 480 sua

2039 513 2205 568 abbas
2253 513 2606 583 apostolicam
2636 513 2793 567 debet
2825 512 2967 565 illam
2998 526 3211 580 semper
3239 511 3474 567 formam
3502 528 3615 568 ser-

2039 618 2191 667 vare,
2238 603 2291 657 in
2346 618 2451 671 qua
2506 602 2679 655 dicit:
2729 600 2748 639 ἵ
2779 600 2973 670 Argue,
3020 601 3255 667 obsecra,
3284 601 3499 671 increpa
3530 602 3613 672 (11

2043 690 2177 745 Tim.
2210 690 2283 761 tv)
2314 706 2328 756 ;
2389 692 2440 745 id
2478 699 2579 755 est,
2611 691 2638 729 Β
2671 691 2905 745 miscens
2959 691 3293 760 temporibus
3347 699 3609 759 tempora,

1981 822 2002 837 .
2039 785 2337 838 terroribus
2362 784 2724 837 blandimenta
2751 799 2765 847 ;
2793 782 2967 837 dirum
2993 779 3259 851 magistri,
3290 781 3317 819 ιι
3348 781 3496 848 pium
3521 797 3613 851 pa-

2041 874 2140 928 tris
2165 874 2411 928 ostendat
2436 871 2704 926 all'ectum.
2743 874 2757 912 ί
2794 870 3225 939 lndisciplinatos
3250 878 3306 924 et
3337 870 3610 939 inquietos

2041 964 2198 1019 debet
2234 962 2422 1017 durius
2471 977 2722 1032 arguere,
2762 961 3075 1017 obedientes
3114 969 3291 1014 autem
3323 968 3380 1015 et
3431 961 3609 1026 mites,

2040 1060 2094 1105 et
2130 1053 2413 1121 patientes,
2448 1056 2508 1104 ut
2540 1052 2592 1104 in
2619 1050 2811 1105 melius
2837 1049 3124 1119 proﬁciant
3153 1049 3485 1125 obsecrare;
3517 1068 3609 1106 ne-

2041 1142 2307 1210 gligentes
2343 1149 2400 1195 et
2426 1148 2855 1203 contemnentes,
2885 1147 2946 1193 ut
2985 1140 3224 1221 increpet
3251 1151 3305 1194 et
3331 1142 3610 1210 corripiat,

2044 1231 2058 1282 i
2084 1247 2473 1286 ammonemus.
2491 1231 2517 1270 ιι
2540 1229 2723 1301 Neque
2746 1232 3047 1286 dissimulet
3074 1240 3292 1303 peccata
3308 1232 3616 1304 delinquen-

2042 1322 2197 1383 tium,
2229 1321 2323 1375 sed
2350 1336 2497 1385 mox,
2539 1328 2594 1373 ut
2635 1320 2900 1389 cmperint
2945 1320 3101 1384 oriri,
3150 1321 3411 1376 radicitus
3442 1338 3529 1389 ea,
3560 1335 3615 1378 ut

2040 1410 2310 1479 praevalet,
2334 1417 2593 1479 amputet,
2617 1425 2825 1463 memor
2842 1409 3068 1479 periculi
3092 1409 3209 1464 lleli
3226 1412 3529 1468 sacerdotis
3550 1416 3610 1469 de

2043 1501 2156 1556 Silo
2179 1500 2230 1571 (1
2256 1500 2383 1571 Reg.
2415 1497 2499 1571 ιι).
2532 1500 2600 1553 Ει
2626 1499 2961 1554 honestiores
2988 1500 3226 1569 quidem,
3270 1511 3437 1571 atque
3463 1503 3612 1557 intel-

2042 1591 2357 1663 ligibiliores
2402 1592 2611 1645 animos
2645 1591 2817 1661 prima
2853 1590 2937 1645 vel
2988 1593 3222 1645 secunda
3252 1593 3612 1651 admonitione

370 1687 633 1757 aequalem
660 1685 938 1740 servitutis
963 1683 1206 1737 militiam
1225 1682 1526 1752 bajulamus
1562 1681 1614 1754 (I
1643 1680 1764 1736 Cor.
1794 1682 1892 1749 ιιι)
1924 1701 1937 1736 :
1969 1695 2016 1753 Β
2043 1682 2221 1736 verbis
2256 1680 2549 1751 corripiat:
2584 1680 2856 1749 improbos
2904 1690 3084 1735 autem
3133 1689 3187 1735 et
3211 1683 3394 1748 duros,
3427 1699 3493 1740 ac
3518 1701 3611 1741 su-

372 1779 499 1846 quia
522 1793 627 1831 non
650 1785 733 1837 est
762 1776 902 1846 apud
930 1776 1095 1828 Deum
1119 1789 1470 1842 personarum
1497 1774 1739 1843 acceptio
1764 1771 1935 1843 (Rom.

374 1868 435 1939 tt)
468 1885 480 1921 :
515 1867 608 1921 sed
659 1865 993 1921 solummodo
1033 1863 1085 1916 in
1118 1863 1220 1916 hac
1260 1869 1414 1931 parte
1464 1862 1603 1929 apud
1632 1863 1805 1931 ipsum
1833 1862 1942 1917 dis-

375 1958 668 2021 cernimur,
702 1956 747 2010 si
795 1953 1045 2008 meliores
1081 1950 1194 2023 [ab]
1238 1951 1357 2005 aliis
1402 1952 1456 2004 in
1500 1952 1752 2020 cperibus
1783 1951 1942 2006 bonis

377 2055 434 2101 et
459 2046 690 2100 humiles
721 2044 1076 2098 inveniamur.
1113 2042 1256 2112 Ergo
1283 2041 1505 2112 aequalis
1531 2042 1603 2096 sit
1628 2043 1695 2096 ah
1724 2058 1789 2096 eo
1820 2058 1939 2097 om-

452 2169 479 2196 ι
521 2154 794 2208 Sermones
820 2169 960 2207 meos
989 2163 1100 2212 post
1128 2163 1196 2206 te.
1214 2152 1287 2205 lta
1315 2153 1366 2205 in
1396 2152 1658 2206 Psalterio
1678 2153 1938 2208 Romano.

446 2225 474 2264 δ
514 2224 582 2277 Ει
734 2224 786 2276 in
813 2223 994 2293 fratris
1020 2225 1095 2275 tui
1124 2222 1293 2275 oculo.
1323 2221 1594 2287 Horatius,
1624 2231 1728 2277 sat.
1760 2224 1813 2289 3,
1847 2224 1939 2278 lib.

447 2309 588 2346 vers.
718 2310 731 2343 :

375 2312 416 2359 ι,
447 2309 588 2349 vers.
617 2309 687 2347 24
718 2310 731 2343 :

495 2384 684 2432 Stultus
708 2389 759 2431 et
782 2382 1029 2446 improbus
1050 2381 1130 2446 hie
1150 2394 1288 2446 amor
1304 2388 1400 2446 est,
1426 2382 1703 2441 dlgnusque
1725 2386 1876 2433 notari
1906 2420 1922 2446 ,

495 2446 612 2508 Cum
633 2455 712 2492 tua
739 2445 994 2508 pertiilets
1026 2444 1178 2508 oculis
1200 2443 1319 2490 mala
1348 2444 1505 2508 lippus
1533 2447 1775 2508 inunctis,

497 2506 591 2555 Cur
617 2510 663 2553 in
690 2506 947 2566 amicorum
972 2507 1101 2553 vitiis
1127 2514 1220 2552 Iani
1244 2506 1407 2566 cernis
1438 2515 1629 2553 acutum
1652 2543 1668 2566 ,

496 2567 649 2625 Quam
673 2575 754 2613 aut
779 2564 959 2627 aquila,
985 2574 1065 2614 aut
1089 2578 1294 2626 serpens
1316 2564 1603 2627 Epidaurius
1624 2564 1727 2617 ?‘...

447 2659 471 2688 ο
515 2648 600 2702 Ex
638 2648 847 2702 seruitio
911 2648 1244 2701 convertenti.
1286 2647 1399 2701 lluc
1440 2647 1630 2701 referri
1685 2655 1862 2717 potest
1889 2648 1945 2702 id

373 2720 518 2790 quod
545 2719 734 2790 scribit
783 2724 1002 2790 sanctus
1050 2717 1338 2790 Leander,»
1367 2732 1486 2790 cap.
1519 2717 1587 2790 412
1617 2718 1683 2790 de
1727 2717 1948 2790 Institu-

376 2785 520 2843 tione
546 2788 826 2858 Virginum
852 2804 866 2858 _:
907 2805 923 2835 ι
957 2786 1100 2852 Quas
1125 2786 1219 2840 tibi
1240 2785 1388 2851 facit,
1410 2787 1490 2840 vel
1511 2788 1699 2841 fecerit
1724 2788 1948 2843 ancillas

374 2859 611 2914 conditio
643 2854 821 2927 pares,
844 2854 956 2927 jam
990 2871 1092 2909 non
1120 2871 1218 2924 pro
1237 2872 1392 2927 Anexu
1427 2858 1702 2927 servitutis
1729 2858 1947 2912 exulce-

373 2945 483 2990 res,
520 2929 613 2996 sed
644 2924 746 2996 pro
802 2925 1073 2996 parilitate
1124 2924 1476 2996 professionis
1530 2927 1781 2981 honores.
1817 2928 1946 2995 Quae

374 3006 552 3052 tecum
592 2995 833 3075 Christo,
856 2995 1182 3075 virginitatis
1203 2995 1514 3075 “stipendiis
1561 2996 1776 3059 militat,
1827 2998 1945 3067 pari

2041 1771 2260 1842 perbos,
2294 1771 2379 1826 vel
2405 1772 2774 1827 inobedientes
2813 1773 3101 1826 verberum
3130 1773 3213 1829 vel
3240 1777 3489 1846 corporis
3514 1793 3603 1833 ca-

2046 1864 2337 1934 stigatione
2388 1865 2440 1918 in
2484 1865 2602 1935 ipso
2642 1865 2804 1919 initio
2856 1866 3064 1935 peccati
3114 1878 3401 1923 coerceat:
3438 1873 3618 1927 sciens

2052 1955 2352 2025 scriptum:
2395 1954 2412 1993 1
2468 1954 2673 2010 Stultus
2729 1956 2891 2010 verbis
2942 1972 3045 2011 non
3091 1959 3372 2028 corrigitur
3425 1959 3611 2032 (Prov.

2048 2044 2231 2116 xvm).
2269 2046 2337 2099 Et
2370 2046 2561 2100 iterum
2592 2064 2604 2099 :
2635 2059 2675 2085 ιιι
2707 2043 2928 2100 Percute
2977 2046 3147 2116 ﬁlium
3182 2059 3329 2103 tuum
3363 2052 3533 2122 virga,
3565 2063 3612 2107 et

2045 2155 2158 2231 rius
2190 2156 2411 2231 Magnus
2465 2155 2694 2231 miriﬁce
2747 2156 2984 2231 illustrat
3008 2167 3162 2227 parte
3189 2174 3228 2213 ιι
3256 2159 3412 2214 Cura:
3436 2171 3617 2231 pasto—

2044 2226 2194 2301 ralis,
2232 2241 2351 2301 cap.
2380 2226 2413 2278 6
2444 2244 2456 2278 :
2501 2244 2519 2275 ι
2557 2226 2865 2301 curandum
2892 2226 3088 2301 quippe
3111 2238 3192 2281 est
3213 2226 3473 2301 ut‘recto'r
3495 2233 3618 2287 sub-

2044 2294 2171 2350 ditis
2194 2296 2273 2349 et‘
2299 2294 2526 2349 matrem
2564 2295 2797 2364 pietatis,
2831 2305 2885 2350 et
2909 2294 3119 2364 patrem
3150 2299 3403 2353 exhibeat
3455 2302 3617 2356 disci-

2080 2365 2223 2435 lina).
2266 2385 2284 2416 ι
2317 2365 2382 2418 Ει
2410 2364 2726 2435 paulopost
2772 2381 3045 2435 exponens
3090 2367 3217 2421 illud
3264 2369 3564 2425 Psalmistae
3599 2392 3611 2425 :

2043 2379 2223 2489 pinna).
2266 2385 2284 2416 ι
2317 2379 2382 2418 ιιι
2410 2379 2570 2434 paulo
2605 2379 2726 2433 post
2772 2381 3045 2435 exponens
3090 2379 3217 2421 Illud
3264 2379 3564 2425 Psalmistae
3599 2392 3610 2425 :

2100 2436 2215 2507 irga
2240 2444 2330 2507 tua
2354 2446 2401 2488 et
2434 2434 2649 2488 baculus
2677 2445 2824 2507 tuus.
2852 2454 2870 2486 ι
2902 2435 3064 2507 Virga
3087 2438 3231 2491 enim
3259 2441 3610 2507 percutimur,

2045 2513 2100 2559 et
2130 2504 2321 2581 baculo
2344 2514 2711 2581 sustentantur
2741 2523 2761 2581 :_
2785 2505 2837 2581 si
2868 2513 2952 2581 est
2979 2504 3108 2581 ergo
3136 2504 3400 2563 districtio
3427 2504 3609 2581 virgae,

2086 2524 2100 2557 ι
2130 2524 2321 2558 uacum
2344 2524 2711 2559 suswntantur
2741 2524 2752 2556 Ξ
2785 2524 2828 2559 SI
2868 2524 2952 2559 εει
2979 2524 3108 2628 ergo
3136 2524 3400 2563 GISlrlClIO
3427 2526 3609 2581 νιῐεεὲ.

2086 2589 2168 2646 uae
2191 2573 2370 2639 feriat,
2406 2576 2475 2628 sit
2503 2583 2557 2627 et
2579 2576 2876 2630 consolatio
2903 2576 3036 2630 bacu
3060 2578 3098 2641 i,
3155 2593 3274 2646 qua:
3325 2590 3610 2635 sustentet.

2092 2644 2131 2697 it
2159 2645 2339 2712 itaque
2388 2659 2564 2711 amor,
2591 2645 2685 2720 sed
2710 2660 2821 2720 non
2867 2644 3187 2720 emolliensi
3229 2649 3300 2702 sit
3323 2651 3493 2720 rigor,
3518 2650 3613 2704 sed

2047 2728 2153 2768 non
2177 2728 2539 2789 exasperatis;
2580 2716 2650 2768 sit
2670 2715 2864 2789 pietas,
2901 2718 2994 2789 sed
3032 2733 3140 2771 non
3191 2715 3424 2788 amplius
3452 2735 3614 2789 quam

2047 2783 2296 2858 expediat
2322 2798 2582 2858 parcens;
2616 2793 2695 2848 ut,
2725 2785 2850 2858 dum
2889 2799 2949 2839 se
2979 2785 3033 2858 in
3057 2801 3181 2858 arce
3225 2783 3506 2856 regitnini's
3525 2789 3612 2858 ju’

2048 2854 2199 2925 stitia,
2223 2852 2614 2923 clementiaqne
2640 2854 2986 2925 permiscent,
3012 2857 3058 2909 is
3085 2857 3174 2924 qui
3211 2852 3408 2925 praeest
3451 2852 3614 2913 corda

2049 2924 2391 2989 subditorum
2423 2933 2479 2977 et
2514 2922 2766 2978 terrendo
2796 2922 3117 2989 demulceat,
3139 2934 3193 2979 et
3212 2922 3411 2982 'tamen
3439 2938 3615 2983 terro-

2050 2993 2126 3065 ris
2156 2994 2514 3065 reverentiam
2550 2992 2901 3065 demulcenth
2932 2996 3289 3065 constringat.
3322 3017 3342 3047 ι
3379 2997 3611 3053 Sanctus

374 3074 553 3147 tecum
616 3065 863 3147 libertate
918 3056 1172 3147 exsultet.
1201 3056 1320 3119 Nec
1336 3064 1418 3147 sic
1467 3080 1561 3146 vos
1590 3056 1946 3135 provocamus
1972 3056 2015 3118 C
2047 3061 2313 3117 Caesarius
2347 3063 2516 3145 epist.
2546 3063 2613 3117 ad
2639 3062 2968 3147 Qratqriam,
3019 3083 3037 3115 ι
3069 3080 3165 3147 per
3180 3056 3354 3147 virga:
3380 3068 3615 3138 discipli-

377 3135 445 3189 ad
488 3134 866 3205 humilitatem,
894 3141 952 3185 ut
998 3133 1119 3186 illas
1170 3134 1419 3205 superbia
1471 3133 1781 3205 erigamus:
1813 3152 1947 3205 quas

376 3205 502 3257 dum
553 3213 606 3257 tu
637 3202 838 3272 accipis
874 3210 935 3256 ut
958 3216 1193 3267 sorores,
1234 3202 1441 3273 gratius
1481 3202 1583 3258 illae
1610 3205 1704 3259 tibi
1728 3202 1847 3259 sint'
1870 3206 1949 3260 fa-

378 3274 556 3333 mulas,
587 3274 968 3343 prmbeantque
994 3274 1329 3342 obsequium,
1373 3289 1478 3327 non
1510 3275 1767 3330 servitute
1793 3276 1945 3331 addi—

380 3352 501 3405 ctaz,
543 3342 637 3396 sed
658 3342 832 3396 libera
855 3343 1141 3414 cbaritate.
1173 3343 1700 3414 __Quoniamquidem
1729 3360 1835 3399 non
1864 3355 1950 3401 est

376 3428 726 3482 personarum
752 3412 990 3482 acceptio
1010 3412 1148 3481 apud
1172 3412 1361 3478 Deum,
1385 3413 1479 3467 sed
1499 3412 1551 3467 in
1574 3414 1946 3471 distribuendo

382 3483 532 3537 ﬁdes.
568 3482 666 3537 Ubi
696 3482 901 3550 pariter
943 3482 1239 3535 consulitur
1283 3483 1511 3537 domina:
1537 3492 1590 3538 et
1619 3485 1843 3549 ancillae,
1874 3487 1947 3540 ibi

379 3568 487 3607 non
531 3551 750 3622 eligitur
796 3552 1034 3622 domina,
1088 3553 1486 3620 etreprobatur
1535 3555 1745 3608 ancilla.
1786 3574 1804 3605 ι
1836 3556 1947 3612 Nec

381 3620 633 3692 omittam
658 3621 913 3689 praeclare
956 3620 1081 3675 illud
1110 3621 1309 3692 dictum
1343 3639 1373 3677 a
1409 3632 1597 3677 sancto
1634 3625 1943 3692 Ambrosio,

382 3693 538 3761 epist.
569 3690 637 3745 55
668 3708 686 3762 ι
721 3710 739 3741 ‹
770 3692 922 3762 Apud
973 3691 1252 3746 Dominum
1279 3693 1420 3747 enim
1451 3694 1682 3748 servitus
1708 3704 1762 3748 et
1787 3690 1947 3750 liberé

380 3770 465 3815 tas
499 3777 649 3831 aequa
676 3761 829 3816 lance
855 3762 1177 3831 penduntur,
1232 3777 1351 3816 cum
1383 3763 1525 3817 nulla
1574 3764 1642 3818 sit
1668 3764 1840 3831 major
1864 3766 1947 3820 di-

379 3830 754 3902 gnitas’quam
783 3832 989 3902 servire
1013 3830 1139 3902 Deo.
1170 3848 1189 3881 ι
1223 3830 1379 3902 Quod
1429 3848 1534 3887 non
1564 3834 1672 3888 sint
1702 3830 1945 3888 contem-

379 3900 541 3954 nendi
568 3901 731 3965 servi,
762 3901 915 3971 plura
943 3901 1064 3953 vide
1098 3900 1237 3971 apud
1263 3901 1617 3966 Macronium,
1666 3903 1757 3957 lib.
1797 3920 1813 3957 ι
1846 3903 1945 3957 Sa-

382 3970 613 4042 turna|.,
641 3985 770 4042 cap._
790 3970 873 4033 ll,
907 3979 962 4023 et
988 3971 1124 4042 apud
1154 3970 1439 4039 Agellium,
1474 3972 1563 4025 lib.
1593 3988 1654 4035 Il,
1677 3988 1798 4042 cap.
1826 3973 1910 4027 l8.

447 4039 582 4093 d.ln
611 4038 847 4110 omnibus
885 4039 1169 4110 secundum
1212 4038 1401 4094 merita
1438 4038 1945 4110 disciplinafDisci—

378 4108 522 4188 plina
540 4109 649 4188 .hoc
675 4107 793 4162 loco
819 4116 902 4160 est
934 4108 1220 4188 correctio,
1240 4112 1368 4176 Quae
1401 4107 1701 4164 adhibenda
1725 4120 1808 4166 est
1825 4127 1946 4180 pro-

381 4186 440 4231 ut
465 4184 691 4246 quisque
714 4184 989 4231 meruerit.
1294 4222 1298 4226 Α

457 4258 481 4286 ο
520 4246 586 4299 In
636 4246 895 4310 doctrina,
931 4254 1036 4301 etc.
1069 4244 1168 4300 Hic
1216 4248 1363 4302 locus
1390 4247 1587 4302 citatur
1615 4251 1668 4303 in
1713 4249 1943 4306 concilio

381 4315 717 4381 Trosleiano,
741 4331 858 4381 cap.
889 4316 941 4381 5,
969 4324 1099 4369 tom.
1130 4315 1195 4369 Ill
1221 4317 1388 4371 Cone.
1419 4316 1622 4373 Galliae.

458 4386 478 4424 τ
519 4387 714 4455 Argue,
766 4385 998 4449 obsecra,
1032 4394 1135 4441 etc.
1187 4385 1282 4441 Est
1311 4388 1595 4442 merismus
1643 4402 1735 4442 seu
1768 4388 1948 4443 distri-

379 4455 549 4520 butio,
581 4455 798 4525 elegans
827 4457 1015 4527 ﬁgura,
1043 4470 1166 4509 cum
1197 4457 1378 4527 omnia
1425 4458 1584 4510 simul
1607 4459 1945 4512 accumulan-

383 4535 492 4590 tur,
545 4535 606 4578 ut
639 4535 824 4594 postea
872 4525 1294 4595 'debitogordine
1330 4526 1757 4592 distribuantur;
1801 4529 1941 4595 quod

381 4596 483 4677 rit_c
524 4605 760 4677 Praestat
794 4603 1022 4677 sanctus
1073 4593 1392 4677 Benedictus
1417 4673 1425 4677 Δ
1450 4611 1594 4677 cum.
1626 4593 1937 4666 subiungit:

388 4685 406 4715 ‹
445 4664 873 4733 lndisciplinatos
899 4674 953 4718 et
981 4664 1246 4732 inquietos
1274 4666 1433 4720 debet
1478 4667 1664 4721 durius
1692 4664 1937 4735 arguere,

379 4736 693 4790 obedientes
716 4744 894 4789 autem
921 4743 974 4789 et
1008 4735 1165 4788 mites
1189 4744 1242 4789 et
1267 4736 1547 4804 patientes,
1582 4746 1639 4790 ut
1669 4737 1723 4789 in
1752 4738 1942 4791 melius

379 4804 669 4875 proﬁciant
718 4805 1003 4859 obsecrare
1036 4821 1048 4856 :
1080 4813 1483 4859 contemnentes
1531 4816 1711 4860 autem
1758 4814 1812 4858 et
1840 4822 1935 4860 nc-

418 4875 640 4956 ligentes
683 4882 741 4928 ut
794 4876 1033 4956 increpet
1080 4882 1134 4956 et
1180 4875 1455 4945 corripiat,
1506 4876 1875 4956 admonemus,
1912 4896 1931 4956 ι

419 4894 640 4956 ligentes
683 4894 741 4928 ut
794 4894 1033 4943 lllCrepCl
1080 4894 1134 4928 et
1180 4894 1455 4945 corripiat,
1506 4894 1875 4956 admonemus,
1912 4896 1933 4956 ξ

381 4894 486 5000 Eb!
533 4945 696 4998 etiam
724 4946 1014 5014 notandum
1041 4952 1123 4997 est
1170 4960 1328 5012 quam
1360 4953 1598 5014 apposrte
1630 4947 1715 4999 lnc
1764 4956 1938 4999 sancti

380 5014 529 5069 Pauli
562 5015 710 5069 locus
733 5030 761 5067 a
792 5024 976 5068 sancto
1002 5013 1288 5068 Benedicto
1314 5013 1586 5084 expasitus
1611 5016 1697 5069 sit.

457 5087 481 5123 ⁸
523 5086 745 5138 Miscens
778 5084 1109 5154 temporibus
1139 5082 1398 5154 tempora;
1438 5084 1723 5153 Tempora,
1751 5082 1803 5137 id
1833 5092 1934 5149 est,

383 5156 711 5208 occasiones.
742 5153 927 5208 Miscet
967 5154 1296 5219 temporibus
1338 5163 1574 5222 tempora
1626 5155 1937 5208 monasterii

384 5235 586 5288 rector,
614 5238 756 5285 cum,
780 5223 1071 5294 prudenter
1098 5233 1311 5291 arrepta
1337 5224 1641 5285 occasione,
1674 5223 1829 5277 modo
1851 5239 1939 5277 ar-

387 5294 523 5361 guit,
560 5294 717 5350 modo
746 5296 1013 5354 obsecrat,
1056 5295 1212 5346 modo
1236 5294 1499 5361 increpat,
1543 5295 1701 5348 modo
1756 5302 1941 5357 terret,

386 5365 545 5483 ἶιιοέιο
560 5363 854 5483 (blanditur.
879 5361 1069 5417 Omnia
1095 5377 1223 5432 ergo
1245 5378 1367 5417 cum
1395 5365 1650 5434 temporis
1666 5365 1948 5418 occasione

407 5446 557 5483 acien
597 5448 647 5483 a.

407 5446 647 5486 acuenda.

456 5500 483 5539 δ
520 5498 677 5573 Pium
732 5499 933 5565 Patris,
988 5508 1091 5573 etc.
1124 5500 1374 5573 Declarat
1402 5501 1631 5573 amplius
1683 5503 1950 5572 quomodo

384 5575 470 5624 est
530 5570 804 5642 miscenda
855 5570 1124 5642 severitas
1176 5571 1402 5642 lenitati.
1435 5570 1598 5642 Ctijus
1648 5570 1950 5628 doctrinam

389 5648 645 5708 tanquam
676 5640 776 5694 sub
820 5640 935 5710 ejus
963 5638 1162 5709 Regula
1188 5641 1453 5699 enutritus
1480 5638 1700 5700 sanctus
1749 5642 1953 5712 Grego-

2050 3147 2174 3186 nam
2218 3132 2478 3204 corrigas,
2518 3148 2641 3204 per
2658 3132 2905 3204 baculum
2936 3132 3483 3204 vero’discipliuatam
3515 3132 3609 3192 su—

2050 3148 2174 3186 nam
2218 3148 2358 3186 corr:
2401 3148 2478 3195 as,
2534 3148 2631 3201 per
2660 3148 2905 3187 naculum
2936 3149 3065 3188 vero
3091 3148 3483 3204 unsmpunatam
3515 3154 3609 3192 su—

2049 3210 2273 3257 stentes.
2301 3223 2320 3253 ι
2347 3148 2441 3258 [iis
2463 3203 2596 3255 adde
2612 3202 2738 3256 illud
2764 3203 3000 3267 Senecae,
3026 3205 3118 3257 lib.
3148 3209 3247 3259 tde
3271 3204 3567 3261 Clementia
3597 3226 3610 3261 :

2053 3289 2073 3323 ι
2118 3272 2367 3326 Ofﬁcium
2398 3273 2671 3347 bonorum
2704 3282 3007 3347 parentum,
3052 3275 3141 3342 qui
3171 3274 3453 3347 objurgare
3482 3277 3616 3331 lil‘e-

2048 3357 2138 3413 ros
2191 3356 2574 3413 nonnunquam
2622 3342 2834 3406 blande,
2886 3358 3269 3413 nonnunquam
3330 3342 3616 3401 minaciter

2048 3412 2242 3475 solent,
2288 3412 2575 3482 aliquando
2601 3414 2762 3482 etiam
2801 3413 3091 3467 admonere
3116 3412 3450 3469 verberibus.
3487 3435 3505 3468 ι
3538 3416 3616 3470 Ita

2048 3497 2105 3537 se
2134 3483 2354 3555 gerebat
2379 3481 2598 3555 sanctus
2622 3481 2883 3555 Maximus
2905 3483 3187 3555 episcopus
3212 3484 3481 3548 lleiensis,
3501 3488 3612 3555 qui,

2046 3554 2185 3605 utin
2214 3553 2331 3622 ejus
2376 3553 2526 3607 Actis
2550 3552 2781 3606 habetur
2830 3570 2844 3604 :
2894 3570 2912 3601 ι
2951 3552 3265 3608 Metuendus
3300 3552 3611 3619 severitate,

2045 3622 2374 3692 benignitate
2447 3622 2804 3686 venerandus,
2860 3624 3237 3678 auctoritatem
3295 3625 3615 3680 humilitatis

2046 3692 2461 3747 mansuetudine
2491 3692 2800 3760 superabat.
2836 3711 2856 3743 ι

2122 3764 2138 3801 ι
2184 3761 2632 3832 lndisciplinatos,
2665 3760 3070 3833 etc.APra2clare
3094 3772 3316 3818 sanctus
3361 3762 3611 3833 Gregor..

2041 3829 2139 3886 lib.
2174 3848 2248 3895 ιι,
2297 3829 2456 3901 epist.
2488 3832 2522 3886 8
2551 3848 2565 3883 :
2610 3849 2628 3881 ι
2662 3830 2795 3885 Boni
2845 3840 2899 3886 te
2932 3832 3165 3899 dulcem,
3193 3833 3343 3903 pravi
3376 3829 3615 3888 sentiant

2044 3909 2431 3956 correctorem.
2469 3920 2488 3952 ι

2118 3967 2133 4020 i
2163 3970 2546 4041 AAmmonemus
2572 3986 2671 4039 pro
2691 3971 3048 4025 admonemus.
3079 3971 3156 4025 Ita
3186 3973 3387 4041 passim
3416 3975 3613 4029 scribi-

2044 4048 2133 4094 tur
2159 4039 2215 4093 in
2262 4042 2363 4094 hoc
2414 4040 2726 4109 Concordia:
2783 4042 2969 4094 culice
2999 4057 3101 4109 ms,
3149 4039 3289 4095 utin
3335 4042 3616 4100 Victorino

2043 4120 2273 4176 utroque
2301 4119 2354 4162 et
2379 4109 2435 4163 S.
2476 4110 2659 4164 Germ.
2688 4108 2764 4162 lta
2811 4110 3140 4178 scripserunt
3166 4121 3398 4174 veteres,
3432 4124 3491 4166 ut
3519 4115 3616 4169 do-

2043 4188 2131 4252 cet
2156 4178 2492 4252 Papyrianus
2516 4180 2663 4252 apud
2683 4179 3064 4252 Cassiodorum
3096 4179 3191 4252 lib.
3227 4184 3293 4234 de
3323 4180 3619 4252 Orthogra-

2042 4249 2169 4318 phia
2202 4266 2213 4300 :
2252 4265 2269 4318 ι
2306 4248 2405 4309 Ad,
2440 4248 2748 4318 praepositio
2801 4250 3069 4303 interdum
3096 4251 3293 4303 retinet
3316 4251 3350 4303 ά
3378 4248 3616 4306 litteram

2045 4316 2123 4378 ιιι,
2161 4317 2352 4387 adfert,
2404 4316 2573 4385 adfuit
2602 4334 2635 4387 ,‘7
2658 4318 2925 4387 interdum
2971 4318 3164 4381 variat,
3222 4330 3297 4384 ut,
3326 4332 3613 4387 ammonet,

1974 4385 2470 4469 Damminicul‘um.
2519 4407 2537 4438 ι
2600 4386 2667 4439 Ει
2717 4386 2880 4466 Beda,
2938 4388 3057 4469 lib._
3087 4387 3153 4441 de
3193 4385 3611 4469 Ortbograpbia.
3660 4394 3661 4401 “

2056 4474 2074 4506 ι
2113 4456 2215 4525 Ad,
2242 4456 2524 4525 euphonia:
2557 4471 2719 4511 causa
2746 4455 2800 4509 in
2842 4466 3152 4523 sequentem
3182 4455 3498 4523 mutabitur,
3532 4470 3613 4525 ut,

2050 4524 2487 4598 afﬁcio,_ufﬂuo,
2536 4525 2729 4598 aliide,
2779 4542 3069 4598 ammoneo,
3117 4543 3314 4581 annuo.
3353 4546 3373 4579 ι
3426 4528 3615 4598 Itaque

2050 4595 2244 4665 ubique
2274 4595 2411 4650 hanc
2441 4595 2762 4665 scripturam
2784 4595 3098 4665 retinemus.

2121 4666 2145 4702 ιε
2188 4663 2369 4734 Neque
2395 4663 2684 4718 dissimulet
2718 4673 2946 4734 peccatu.
2969 4663 3197 4719 Demissi
3229 4672 3310 4721 est
3337 4666 3503 4721 animi
3530 4675 3615 4721 at-

2047 4748 2151 4805 que
2174 4733 2645 4805 angustigpectoris
2671 4733 3269 4805 dissimularepeccata
3293 4734 3613 4805 delinquen-

2048 4804 2200 4862 tium,
2229 4801 2328 4858 nec
2347 4803 2442 4875 illa
2470 4804 2741 4875 corrigere
2772 4821 2784 4875 ς
2812 4802 2988 4871 qualis
3015 4801 3115 4875 fuit
3147 4805 3404 4860 Claudius
3436 4801 3613 4875 iinpe-

2048 4883 2213 4945 rator,
2267 4874 2359 4945 qui
2414 4875 2625 4945 socordi
2682 4872 2906 4945 lenitate
2956 4874 3264 4929 universum
3322 4872 3607 4945 imperium

2039 4940 2384 4996 labefactavit
2415 4960 2427 4995 :
2464 4944 2555 5011 qui
2595 4943 2699 4996 etsi
2726 4943 2896 4996 bonus
2930 4953 3095 5011 esset,
3124 4954 3323 5008 tamen,
3354 4940 3416 4999 ut
3438 4945 3506 5000 de
3537 4960 3608 5001 eo

2038 5012 2182 5065 canit
2208 5010 2553 5084 Ausoniusll
2558 5029 2592 5065 ιι
2613 5011 2907 5065 Cwsaribus
2932 5010 3153 5079 Tetrast.
3173 5014 3259 5086 6):

2160 5124 2265 5173 Non
2289 5122 2508 5174 faciendo
2531 5136 2712 5175 nocens
2728 5156 2744 5182 ,
2776 5124 2863 5174 sed
2886 5126 3111 5186 patiendo
3129 5124 3235 5176 fuit.

2039 5224 2130 5280 Sic
2157 5226 2385 5280 stolidus
2406 5226 2591 5287 abbas,
2615 5226 2707 5294 qui
2734 5225 2836 5281 sibi
2861 5227 3082 5281 barbam
3107 5228 3254 5291 velli,
3285 5237 3346 5284 ut
3368 5231 3541 5295 aiunt,
3578 5246 3611 5285 a

2053 5295 2280 5366 subditis
2311 5298 2532 5364 patitur,
2560 5295 2687 5350 licet
2715 5297 2933 5366 probus,
2958 5312 3157 5352 nocens
3180 5307 3357 5354 tamen
3379 5309 3480 5364 est,
3505 5316 3610 5355 nou

2034 5364 2298 5436 faciendo
2328 5374 2569 5436 peccata,
2602 5368 2696 5419 sed
2716 5364 2999 5436 patiendo.

2132 5433 2148 5472 ι
2175 5433 2377 5489 Stultus
2400 5436 2564 5490 verbis
2586 5451 2687 5487 non
2718 5433 3016 5505 corrigitur.
3032 5436 3338 5493 Prov.xvm
3364 5458 3377 5488 :
3406 5437 3612 5496 Stultus

2054 5521 2157 5559 non
2188 5506 2363 5575 recipit
2394 5507 2545 5559 verba
2567 5505 2876 5575 prudentia.
2905 5505 3011 5560 Sed
3045 5518 3264 5563 sanctus
3297 5508 3616 5562 Benedictus

2055 5575 2267 5645 videtur
2286 5573 2466 5645 potius
2488 5573 2771 5645 protulisse
2792 5590 3005 5630 sensum
3032 5591 3192 5644 quam
3215 5578 3399 5631 verba.

2129 5654 2169 5684 II
2207 5641 2429 5699 Percute
2474 5641 2644 5716 ﬁlium
2692 5654 2839 5698 tuum
2882 5641 3066 5716 virga;
3089 5655 3193 5703 etc.
3239 5646 3395 5702 Prov.
3453 5660 3608 5702 χχιιι.
