3958 6198
404 280 493 313 ιιι)

1379 239 1437 295 S.
1476 233 1834 291 BENEDlCTl
1875 228 2161 285 ABBATIS
2201 224 2604 279 ANIANENSIS

3518 229 3622 283 776

394 364 443 435 (ι
479 361 655 413 τηρεε,
685 357 743 427 ι),
793 355 905 409 Hoc
932 363 1031 415 est.
1068 365 1088 390 δ
1126 365 1221 420 pm
1252 347 1509 417 quamam
1557 362 1673 414 qum
1716 344 1957 414 mysticae
1988 350 2035 406 Α
2063 337 2234 390 titiam
2261 336 2498 405 episcopi
2527 334 2799 387 deferatur
2824 332 3003 435 :quo‘d
3039 331 3082 385 si
3125 332 3192 386 ab
3218 333 3470 404 episcOpo
3498 352 3621 393 cor-

391 448 610 522 pietatis
657 454 712 499 et
762 444 1006 498 veritatis
1053 440 1204 499 fiunt,
1240 439 1447 490 animas
1499 436 1565 489 ad
1608 434 1849 489 coelestia
1896 434 1961 486 de

394 538 627 594 terrenis
653 536 882 604 erigere,
915 533 1128 584 dicente
1174 526 1428 595 Apostolo
1455 544 1469 587 ;
1504 528 1672 593 .trgue
1693 566 1707 589 ,
1732 525 1957 591 increpa,

393 632 603 680 obsecra
628 639 743 676 cum
763 622 902 674 omni
925 620 1175 689 patientia
1193 627 1237 669 et
1255 616 1493 668 doctrina
1511 614 1593 686 (II
1621 614 1753 666 Tim.
1782 612 1876 682 tv).
1895 612 1961 664 Et

392 718 498 771 alio
520 716 637 769 loco
661 714 867 781 inquit:
899 710 1038 775 Quid
1068 708 1244 771 vultis,
1269 708 1330 759 in'
1351 708 1496 775 t'irga
1525 707 1727 757 veniam
1756 706 1823 756 ad
1851 721 1959 768 vos,

394 823 462 860 an
497 808 551 858 in
580 803 780 874 Spiritu
824 800 1241 854 mansuetudinis
1267 799 1290 851 2’
1312 798 1361 869 (l
1396 796 1516 850 Cor.
1545 796 1639 865 tv.)
1666 798 1965 850 Decernen—

395 897 519 949 dum
544 903 627 948 est
650 893 719 946 ab
751 891 840 946 ille
881 891 969 958 qui
1016 898 1210 958 prreest
1257 888 1488 957 qualiter
1535 888 1678 940 circa
1729 886 1964 955 singulos

396 984 587 1053 debeat
609 983 831 1052 pietatis
861 980 1092 1034 cilicium
1124 986 1447 1041 monstrare,
1481 977 1792 1043 requitatem
1822 977 1847 1015 ιτ
1881 985 1963 1029 ιε-

398 1090 545 1130 nere!
558 1071 760 1145 [debet]
789 1087 892 1125 non
924 1072 1205 1122 immemor
1234 1067 1443 1119 Domini
1464 1064 1691 1119 dicentis
1726 1084 1738 1117 :
1771 1064 1836 1117 In
1862 1082 1965 1135 qua

397 1180 640 1219 mensura
662 1161 827 1214 mensi
854 1159 1079 1227 fueritis,
1102 1157 1400 1210 remetietur
1424 1154 1563 1207 vobis
1611 1152 1819 1223 (Matth.
1848 1152 1960 1222 vn).

616 1272 643 1343 §
677 1270 761 1324 111.
784 1299 855 1309 ——
882 1268 960 1322 Ex
996 1282 1201 1321 necum
1234 1264 1457 1319 pATRUH
1480 1261 1617 1334 (cap.
1649 1262 1750 1333 ll).

470 1395 518 1437 ε.
559 1381 753 1437 Abbati
776 1395 902 1433 vero
932 1378 1061 1433 nulli
1096 1378 1256 1432 liceat
1286 1377 1313 1415 ἀ
1350 1376 1452 1431 sibi
1501 1373 1795 1445 quidquam
1837 1389 1965 1443 pro-

402 1475 519 1545 prie
548 1474 848 1536 vindicare,
882 1486 1004 1524 cum
1050 1470 1249 1531 omnia,
1280 1468 1388 1522 Deo
1429 1467 1694 1536 propitio,
1727 1466 1780 1519 in
1824 1465 1968 1519 illius

402 1570 655 1617 maneant
680 1567 959 1630 potestate.
999 1568 1021 1596 ο
1054 1556 1110 1611 Si
1153 1558 1274 1626 quis
1316 1572 1463 1619 vero,
1491 1556 1632 1623 quod
1680 1555 1733 1608 in
1784 1553 1965 1620 regula

408 1654 426 1692 ί
451 1652 756 1721 junioribus
780 1650 1114 1720 prohibetur,
1131 1648 1231 1701 sibi
1261 1647 1462 1714 aliquid
1489 1649 1513 1685 ε
1534 1661 1598 1700 ex
1627 1646 1966 1699 successione
1993 1680 2039 1737 Β

403 1753 705 1814 parentum,
738 1756 832 1795 seu
858 1739 1095 1810 quolibet
1129 1739 1305 1801 modo,
1358 1736 1440 1790 vel
1489 1737 1686 1790 donato
1727 1735 1965 1790 retinere

404 1830 825 1903 prtcsumpserit,
851 1836 906 1881 et
934 1844 1039 1880 non
1071 1827 1249 1880 omnia
1290 1826 1342 1879 in
1379 1840 1660 1878 commune
1704 1824 1964 1892 posuerit,

412 1939 440 1977 a
473 1922 731 1976 fratribus
761 1927 1046 1989 arguatur;
1092 1917 1135 1971 si
1166 1918 1219 1970 in
1258 1917 1390 1970 vitio
1420 1915 1736 1985 perstiterit,
1769 1916 1835 1970 ad
1867 1930 1966 1968 no—

475 2129 501 2156 ιι
543 2113 649 2167 Pro
677 2110 925 2183 qualitate
952 2125 1067 2183 qua;
1109 2107 1357 2183 mystica;
1388 2113 1493 2183 etc.
1525 2105 1826 2183 Pronomen
1852 2123 1968 2176 qtae

408 2176 819 2253 transpositum,
876 2189 929 2233 et
963 2176 1411 2253 subaudiendum
1464 2176 1966 2253 demonstrativum,

405 2246 605 2317 eorum,
633 2262 688 2307 et
708 2253 776 2304 ita
810 2251 955 2303 locus
980 2248 1387 2312 construendus,
1405 2254 1461 2298 ut
1483 2262 1674 2317 sensus
1701 2246 1820 2299 elici
1849 2262 1971 2315 pos-

406 2328 492 2381 sit.
525 2316 631 2377 Pro
658 2320 906 2394 qualitate
934 2317 1161 2390 mystica:
1185 2317 1396 2387 pietatis
1425 2324 1470 2368 et
1504 2316 1732 2370 unitatis
1754 2332 1935 2370 eorum
1953 2355 1968 2381 ,

404 2414 521 2468 qua:
538 2395 694 2468 ﬁunt,
712 2402 814 2468 etc.

464 2466 491 2505 δ
534 2457 727 2517 Tenere
754 2461 922 2514 debet.
951 2462 1010 2515 τὸ
1048 2458 1191 2511 debet
1230 2457 1510 2510 redundat.

480 2545 502 2574 ο
543 2533 686 2586 Abba
712 2531 729 2583 i
756 2546 869 2583 vero
898 2529 1026 2581 nulli
1054 2529 1226 2590 liceat,
1256 2536 1363 2580 etc.
1414 2526 1525 2580 Hoc
1568 2525 1861 2595 capitulum
1888 2539 1975 2595 re-

404 2605 609 2687 peritur
638 2602 691 2655 in
720 2600 874 2687 tetrtia
900 2597 1415 2687 Ιξιυειιιιιροάἡίτιςιι·ἶ
1440 2612 1601 2665 supra
1623 2594 1800 2687 citati,
1822 2594 1973 2687 cpjus

404 2666 614 2729 initium
630 2680 739 2726 est:
758 2668 887 2722 Cum
910 2671 963 2721 in
982 2666 1186 2721 nomine
1210 2666 1415 2719 Domini
1439 2684 1541 2719 una
1567 2682 1682 2720 cam
1698 2666 1970 2735 fratribus.

476 2743 505 2783 ἀ
548 2742 660 2798 Sibi
688 2739 971 2810 quidquam
1000 2737 1205 2810 preprie
1242 2737 1521 2810 vindicare.
1548 2736 1645 2790 Hic
1680 2734 1972 2789 notandum

407 2823 491 2869 est
534 2806 753 2867 abbatcs
801 2806 856 2861 et
904 2808 1151 2877 prtelatos
1200 2806 1665 2877 monasteriorum,
1698 2816 1974 2877 non_esse

407 2882 651 2939 dominos
676 2873 936 2934 bonorum
972 2892 1090 2945 qtae
1120 2884 1243 2929 sunt
1274 2877 1325 2929 in
1358 2876 1723 2945 monasteriis,
1747 2874 1840 2927 sed
1880 2873 1976 2945 ad-

407 2954 805 3007 ministratores
834 2942 1128 3009 duntaxat,
1160 2954 1220 2998 ut
1257 2946 1487 2999 habetur
1514 2961 1634 3013 cap.
1683 2942 1971 2997 Fraternit.

2062 436 2266 496 reptus,
2294 442 2397 480 nec
2429 427 2508 479 sic
2530 424 2912 488 emendaverit,
2944 424 3259 493 deponatur.

2337 536 2363 608 §
2402 537 2487 592 IV.
2520 566 2589 574 —
2624 535 2756 587 Item
2796 534 3029 603 ejusdem
3062 536 3199 605 (cap.
3236 534 3345 607 li).

2131 651 2156 691 ιι
2196 650 2331 704 illud
2383 664 2598 719 quoque
2640 650 2930 703 statuimus
2969 658 3029 701 ut
3067 649 3289 704 abbates
3315 652 3463 705 omni
3496 661 3632 707 tem-

2061 756 2190 809 pore
2220 756 2343 795 cum
2368 740 2627 794 fratribus
2649 740 2893 793 reficiant
2921 754 2936 792 :
2977 740 3104 807 quia
3128 754 3192 793 eo
3231 748 3475 810 tempore
3520 760 3627 812 quo

2064 832 2263 885 fratres
2292 834 2307 871 ί
2338 840 2430 885 aut
2458 847 2554 901 pro
2586 831 2907 901 negligentia
2945 830 3231 900 argnere,i
3266 841 3361 886 aut
3408 835 3634 902 spiritali

2063 924 2260 977 debent
2286 938 2532 977 sermone
2562 924 2803 976 imbuere
2823 961 2840 988 ,
2868 922 3072 993 absque
3118 932 3269 977 certa
3315 928 3635 981 necessitate

2064 1029 2124 1069 se
2150 1027 2430 1067 removere
2465 1029 2572 1066 non
2594 1012 2807 1065 debent.

2287 1101 2314 1172 §
2344 1102 2407 1155 V.
2452 1102 2529 1159 Ex
2557 1117 2715 1155 uano
2743 1101 2978 1156 Onsxssn
3007 1117 3074 1155 Αι)
3110 1118 3403 1159 ιιοκΑειιοε.

2136 1192 2163 1232 ll
2189 1191 2547 1262 Quapropter,
2584 1209 2617 1246 ο
2664 1194 2825 1247 duces
2864 1202 2919 1247 et
2952 1194 3224 1262 ιιι-ωροδίιί
3272 1196 3638 1250 monasterio-

2066 1298 2184 1336 rum
2234 1299 2297 1337 ac
2340 1285 2638 1344 domorum,
2669 1284 2864 1352 quibus
2893 1285 3083 1339 crediti
3115 1294 3239 1340 sunt
3278 1288 3552 1351 homines,
3585 1297 3637 1340 et

2072 1371 2089 1412 1
2115 1374 2254 1442 apud
2284 1389 2420 1443 quos
2449 1374 2792 1428 inveniuntur
2818 1372 2887 1434 K.
2909 1375 3021 1429 sive
3046 1375 3085 1439 l,
3114 1377 3228 1431 sive
3253 1376 3319 1441 E,
3343 1378 3459 1431 sive
3487 1379 3533 1431 A
3563 1380 3642 1445 (ut

2066 1463 2121 1518 in
2147 1478 2429 1517 commune
2479 1462 2711 1533 dicam),
2758 1464 2953 1533 quibus
2997 1467 3187 1520 creliti
3229 1477 3356 1521 sunt
3392 1469 3640 1525 homins

2066 1554 2259 1623 singuli
2291 1569 2413 1608 cum
2446 1554 2638 1607 turmis
2663 1553 2773 1607 suis
2812 1565 3185 1623 exspectantes
3212 1556 3513 1614 Salvatoris
3543 1562 3638 1614 al—

2066 1650 2313 1708 ventum;
2346 1651 2404 1697 ut
2439 1644 2491 1697 in
2521 1650 2808 1712 conspectu
2838 1644 2979 1699 illius
3011 1655 3260 1700 ornatum
3291 1649 3460 1702 armis
3482 1665 3641 1703 exer-

2068 1737 2234 1790 citum
2264 1734 2607 1804 prmparetis;
2639 1746 2678 1772 ω
2710 1749 2779 1788 ne
2819 1734 3149 1805 refrigeretis
3186 1750 3281 1790 eos
3321 1738 3375 1791 in
3403 1738 3641 1792 carnali—

2068 1827 2189 1889 bus,
2220 1834 2274 1878 et
2307 1824 2569 1893 spiritalia
2610 1838 2719 1877 non
2754 1824 3001 1879 tribuatis
3046 1824 3339 1880 alimenta:
3374 1837 3469 1881 aut
3517 1845 3641 1881 rur-

2067 1931 2187 1970 sum
2230 1914 2472 1969 doceatis
2517 1914 2799 1983 spiritalia,
2837 1922 2892 1968 et
2935 1914 2988 1968 in
3019 1916 3325 1971 carnalibus
3363 1918 3639 1990 adligatis,

2069 2112 2227 2166 classi
2276 2126 2469 2165 nomen
2503 2111 2869 2179 imponeretur
2897 2132 2939 2175 ι,
2971 2112 3328 2167 morosiorum
3363 2112 3524 2168 classi
3584 2119 3643 2180 ξ,

2069 2183 2153 2236 vel
2185 2187 2233 2245 ζ,
2262 2189 2365 2233 etc.
2402 2181 2522 2233 Fuit
2547 2180 2811 2252 litecolim
2846 2182 3197 2248 consuetudo,
3231 2191 3290 2236 ut
3317 2184 3644 2252 quibusdam

2070 2252 2377 2323 hominibus
2408 2265 2601 2303 nomen
2629 2250 2854 2323 alicujus
2889 2266 2955 2304 ex
2987 2263 3218 2319 quatuor
3252 2261 3307 2306 et
3337 2250 3527 2323 viginti
3567 2255 3644 2307 lit-

2072 2322 2211 2386 teris,
2231 2321 2600 2387 imponeretur
2617 2320 2686 2372 ob
2712 2320 2920 2374 diversa
2946 2336 3131 2375 eorum
3159 2323 3333 2376 studia
3364 2320 3415 2377 εἰ
3441 2339 3645 2387 mores,

2072 2403 2234 2460 atque
2278 2390 2443 2445 etiam
2489 2390 2733 2460 corporis
2772 2389 3163 2444 deformitates.
3210 2391 3342 2445 Nam
3396 2394 3649 2447 Valerius

2073 2459 2301 2516 Crassus
2330 2460 2573 2514 tribunus
2604 2459 2834 2531 militum
2860 2460 2958 2513 sub
2996 2461 3209 2531 Tiberio
3257 2471 3388 2519 Βῆτα
3420 2474 3506 2515 est
3558 2459 3648 2531 ap-

2072 2531 2323 2601 pellatus,
2367 2545 2431 2582 eo
2476 2530 2615 2598 quod
2652 2529 2837 2593 herba,
2886 2546 3047 2601 quam
3096 2530 3270 2583 Latini
3316 2532 3495 2584 betam
3558 2529 3650 2585 vo-

2073 2599 2221 2661 cant,
2251 2599 2483 2652 libenter
2518 2608 2841 2670 vesceretur.
2870 2600 3103 2669 Orpyllis
3130 2602 3454 2670 Cyzicenum
3495 2618 3650 2655 scor-

2075 2679 2187 2724 tum
2219 2671 2399 2737 Γάμμα
2441 2667 2822 2737 appellabatur.
2866 2667 3125 2732 Antenor,
3163 2667 3252 2737 qui
3300 2669 3648 2724 Cretensium

2074 2739 2353 2810 historiam
2402 2739 2640 2805 scripsit,
2682 2740 2835 2810 ᾼέλτα
2883 2746 3291 2810 Cognonnnatns
3337 2751 3456 2804 est,
3502 2742 3649 2808 quod

2074 2809 2247 2863 bonus
2280 2817 2451 2869 esset,
2499 2824 2622 2861 nam
2663 2808 2947 2862 Cretenses
2993 2810 3186 2862 bonum
3228 2809 3393 2865 δέλτον
3436 2810 3647 2864 dicunt.

2074 2877 2407 2947 Apollonius,
2457 2878 2785 2945 temporibus
2828 2881 2967 2947 regis
3008 2877 3368 2947 Pliilnpa‘oris
3397 2891 3654 2935 astrono-

2081 2951 2188 3002 mia
2223 2949 2419 3009 clarus,
2452 2948 2644 3017 Ἐψιλον
2675 2948 2971 3016 appellatus
3005 2960 3087 3001 est
3130 2964 3160 3002 a
3194 2952 3359 3018 ligura
3391 2950 3451 3011 Ε,
3481 2966 3647 3018 quam

408 3023 483 3077 De
510 3024 717 3081 donat.,
741 3026 871 3081 etc.,
890 3033 953 3072 ac
977 3016 1195 3086 proinde
1232 3016 1428 3086 debere
1454 3014 1540 3067 illa
1564 3021 1772 3086 tantum
1796 3014 1851 3086 in
1883 3028 1977 3067 eos
2004 3016 2047 3078 C
2078 3018 2203 3072 luna
2232 3020 2284 3072 in
2318 3033 2415 3071 suo
2445 3014 2603 3070 cursu
2634 3014 2906 3080 describit,
2938 3020 2989 3071 in
3019 3032 3124 3086 quo
3162 3014 3255 3072 ille
3279 3014 3513 3072 multum
3537 3029 3653 3073 stu-

408 3106 540 3145 usus
568 3090 909 3149 distribuere,
936 3084 1000 3138 ad
1028 3100 1161 3154 quos
1187 3085 1431 3154 ordinata
1457 3094 1581 3137 sunt
1605 3093 1659 3136 et
1682 3084 1972 3149 destinata,

406 3170 469 3215 ut
505 3168 650 3213 recte
678 3157 837 3211 docet
865 3153 1135 3209 Navarrus
1164 3155 1215 3207 in
1255 3170 1374 3222 cap.
1410 3153 1650 3217 Natam,
1683 3154 1766 3215 18,
1794 3168 1886 3221 qu.
1917 3153 1972 3217 5,

407 3247 465 3285 ιι.
518 3230 571 3281 6.
607 3226 758 3293 Quod
803 3226 848 3278 si
902 3242 966 3279 ea
1011 3225 1065 3277 in
1104 3239 1229 3276 usus
1257 3222 1508 3291 profanos
1541 3240 1603 3277 ac
1643 3223 1881 3293 inutiles,
1911 3237 1976 3275 ac

411 3307 599 3352 contra
634 3291 896 3366 Regulam
935 3303 1095 3361 atque
1121 3293 1377 3366 instituta
1404 3309 1513 3346 sua)
1546 3291 1978 3366 religi_0nis_pro-

411 3367 657 3430 fundant,
682 3362 908 3436 peccant
946 3363 1260 3436 mortaliter,
1277 3374 1346 3436 ει
1378 3371 1502 3436 sunt
1525 3362 1979 3436 proprietarii,‘ut

411 3437 568 3492 docet
594 3431 883 3490 Roderieus
906 3444 1035 3487 tom.
1064 3432 1147 3494 lll,
1180 3434 1246 3486 de
1277 3432 1594 3502 Begul.,qu.
1629 3433 1720 3496 ‘29,
1749 3439 1852 3484 art.
1891 3431 1975 3485 lO.

485 3518 509 3546 ε
550 3506 611 3561 Si
638 3507 772 3575 quis.
802 3505 981 3559 Abbas
1014 3503 1276 3575 videlicet.

484 3577 505 3616 ί
547 3570 875 3630 .1ιιηῖυι·ἱὺιιδ.
904 3575 959 3628 ld
987 3581 1091 3637 est,
1122 3570 1482 3635 inferioribus,
1510 3572 1756 3626 subditis.

486 3648 511 3687 ε
550 3646 634 3699 Ea:
660 3646 981 3699 successione
1024 3652 1315 3712 paventum.
1361 3644 1512 3712 Quod
1558 3642 1685 3712 olim
1729 3650 1978 3711 poterant

413 3715 661 3772 monachi
685 3724 966 3774 parentum
988 3710 1351 3766 hicreditatcm
1384 3711 1553 3774 adire,
1580 3710 1719 3765 infra
1732 3710 1976 3766 dicetur.

481 3787 511 3826 ιι
550 3781 701 3839 Illud
728 3800 955 3854 quoque.
996 3781 1119 3837 Haec
1157 3781 1400 3837 invenire
1430 3790 1513 3836 est
1551 3783 1605 3835 in
1653 3782 1841 3837 eadem
1871 3781 1979 3836 lte-

412 3855 536 3927 gula
566 3870 667 3927 ms.
696 3853 815 3910 cad.
844 3853 988 3927 Flor.

493 3927 510 3967 ί
546 3925 648 3996 Aut
676 3940 768 3996 pro
800 3922 1108 3993 negligentia
1148 3921 1402 3996 arguendi
1446 3931 1604 3996 sunt:
1631 3920 1688 3996 _Si
1727 3920 1982 3996 nimirum

417 3995 626 4049 tardius
676 3991 752 4048 'ad
803 3991 1043 4047 mensam
1093 3994 1389 4055 accedant,
1432 4001 1526 4044 aut
1574 3991 1646 4045 ibi
1705 3992 1980 4061 quidpiam

417 4064 767 4135 quodminus
788 4063 1004 4135 decear
1022 4062 1343 4115 monachum
1374 4062 1593 4135 faciant.

490 4134 504 4184 i
543 4133 647 4185 Aut
672 4132 892 4201 spiritali
921 4128 1103 4183 debent
1122 4130 1633 4201 sermoneimbuere.
1659 4129 1791 4183 Cum
1824 4129 1984 4201 nimi-

413 4217 537 4258 rum
590 4198 736 4271 prior
761 4202 825 4254 de
859 4200 1059 4271 lectura
1089 4198 1305 4271 aliquid;
1326 4198 1453 4271 dicit
1490 4199 1630 4271 quod
1663 4201 1731 4251 sit
1760 4200 1831 4271 ad
1852 4200 1982 4252 tedi—

418 4267 746 4337 ﬁcationem,
778 4278 836 4323 ut
871 4269 1010 4323 infra
1035 4269 1263 4322 habetur
1293 4267 1347 4321 in
1378 4267 1583 4336 Regula
1613 4269 1785 4322 sancti
1816 4268 1984 4322 Bene-

418 4342 570 4397 dicti.

491 4413 516 4451 Ιι
557 4409 906 4481 Quapmpter,
931 4425 961 4463 ο
987 4408 1162 4462 duces.
1188 4403 1312 4459 Haec
1332 4405 1597 4462 habentur
1622 4406 1675 4460 in
1703 4405 1861 4461 editis
1888 4406 1987 4462 Or—

416 4482 585 4538 siesii.

495 4572 514 4610 ι
559 4570 711 4641 Apud
738 4587 865 4640 quos
899 4569 1253 4631 inveniuntur,
1286 4566 1333 4620 K
1370 4568 1483 4641 sive
1521 4568 1575 4633 1,
1612 4577 1715 4641 etc.
1746 4568 1987 4641 lnilibro

418 4638 649 4699 Orsies’ii
696 4638 840 4695 edito
870 4641 985 4694 haec
1011 4648 1262 4706 corrupta
1294 4647 1436 4691 sunt.
1470 4638 1523 4691 ln
1567 4639 1751 4691 codice
1792 4640 1988 4693 Vindo-

418 4713 620 4767 cinensi
651 4713 722 4764 ita
754 4709 1036 4780 leguntur:
1070 4708 1137 4761 Et
1168 4708 1306 4780 apud
1333 4724 1459 4777 quos
1502 4709 1839 4780 inveniuntur
1863 4708 1988 4780 cha-

420 4784 550 4835 ritas
577 4782 681 4834 sive
711 4778 943 4850 jusiitia,
972 4780 1075 4850 sive
1116 4778 1351 4847 wquitas,
1389 4780 1493 4831 sive
1532 4778 1843 4850 antor._Sed
1873 4779 1989 4832 haec

419 4851 578 4906 lectio
608 4847 790 4904 manat
814 4865 844 4902 a
873 4849 1106 4917 quodam
1136 4858 1462 4909 correctore,
1496 4848 1587 4915 qui
1625 4847 1870 4902 divinare
1900 4864 1988 4902 vo-

419 4920 518 4976 luit
542 4922 670 4990 quid
701 4920 799 4974 sibi
840 4920 1035 4974 vellent
1062 4919 1359 4990 hujnsmodi
1388 4918 1580 4990 littera:
1607 4931 1834 4990 quarum
1866 4934 1987 4971 sen-

420 5007 513 5046 sus
543 4987 843 5062 pendetAex
876 4990 994 5062 Vita
1014 4989 1203 5062 sancti
1237 4987 1541 5062 Pachumii,
1575 4988 1726 5062 cujus
1770 4997 1988 5062 sanctus

421 5055 694 5115 Orsi-esius
742 5058 846 5112 fuit
890 5058 1203 5129 discipulus,
1246 5058 1384 5127 apud
1435 5055 1728 5129 Palladium
1770 5072 1889 5129 cap.
1921 5056 1988 5112 de

422 5129 866 5191 Tabennesiotis;
906 5126 1387 5183 Sozomennm'lib.
1414 5142 1473 5181 ιιι
1500 5127 1639 5180 Hist.
1664 5126 1833 5196 Eccl.,
1864 5142 1982 5196 cap.

424 5201 510 5263 i5,
536 5212 589 5255 et
612 5198 968 5266 Nicephorum
994 5198 1293 5262 Callistum,
1320 5198 1410 5249 lib.
1436 5212 1491 5266 ιιι
1509 5196 1645 5249 Hist.
1672 5195 1838 5266 Ecd.,
1863 5195 1982 5265 cap.

426 5269 513 5334 Μ,
550 5270 642 5340 qui
680 5265 865 5340 dicunt
901 5269 1193 5340 monachos
1234 5266 1408 5340 sancti
1451 5265 1724 5340 Pachumii
1770 5265 1897 5340 olim
1933 5271 1987 5320 in

424 5335 665 5410 quatuor
681 5349 736 5393 et
760 5338 946 5410 viginti
972 5338 1170 5393 classes
1197 5352 1292 5410 seu
1339 5337 1525 5390 domos
1564 5335 1729 5389 fuisse
1764 5336 1985 5410 divisos,

424 5406 480 5479 et
500 5409 723 5479 singulis
754 5406 937 5479 earum
965 5422 1160 5479 nomen
1184 5407 1341 5479 unius
1365 5420 1431 5460 ex
1460 5413 1690 5479 quatuor
1715 5414 1772 5479 et
1799 5406 1988 5476 viginti

427 5474 626 5533 litteris
653 5478 857 5533 Grazcis
887 5478 1050 5532 fuiSse
1076 5478 1385 5547 impositum
1413 5491 1607 5545 nempe
1636 5474 1815 5544 alpha,
1840 5474 1986 5547 beta,

428 5554 560 5609 ctc.,
599 5548 978 5601 convenienter
1005 5551 1243 5601 lllOl‘lbllS
1296 5547 1712 5607 monachorum,
1759 5546 1848 5611 qui
1897 5562 1992 5614 per

433 5615 696 5687 ejusmodi
736 5616 932 5671 classes
978 5628 1159 5671 essent
1184 5616 1373 5680 divisi;
1406 5616 1479 5668 ita
1508 5624 1566 5669 ut
1604 5615 1991 5683 simpliciorum

2009 4366 2063 4427 D

2078 3087 2152 3142 dii
2194 3088 2514 3143 contulerat.
2548 3086 2798 3156 Satyrus,
2832 3088 3130 3143 Aristarchi
3176 3089 3479 3151 familiaris,
3515 3100 3651 3148 Ζῆτα

2078 3166 2162 3212 est
2193 3165 2530 3226 nuncupatus
2564 3158 2631 3209 ab
2680 3158 3031 3226 investigandi
3080 3174 3261 3210 rerum
3309 3174 3503 3211 causas
3537 3167 3654 3213 ιιι-ι-

2079 3228 2167 3282 (110
2202 3246 2214 3280 :
2257 3244 2380 3280 nam
2413 3232 2549 3291 ζητῶ
2585 3234 2668 3280 est
2696 3227 2991 3297 investigo.
3040 3226 3283 3297 1Esopnsr
3312 3228 3381 3281 ab
3431 3227 3653 3283 ldtnOne

2080 3298 2212 3351 hem
2241 3306 2383 3355 Θῆτα
2422 3308 2505 3351 est
2539 3296 2834 3365 appellatus
2867 3312 2879 3348 :
2914 3296 3034 3350 nam
3074 3301 3218 3358 θητες
3259 3296 3464 3351 Graecis
3503 3299 3649 3352 servi

2079 3367 2352 3420 dicuntur.
2394 3367 2747 3436 Pythagoras,
2791 3367 2883 3434 qui
2931 3382 3182 3420 numeros
3227 3382 3416 3421 omnes
3446 3368 3653 3422 descri-

2078 3437 2239 3509 psitga
2273 3438 2430 3509 tertia
2466 3437 2646 3489 littera
2690 3448 2869 3509 Γαμμα
2916 3445 2997 3489 est
3038 3437 3358 3509 appellatus.
3400 3437 3650 3506 Cypseli,

2080 3503 2484 3578 Corinthiorum
2538 3503 2767 3578 tyranni
2798 3503 2989 3578 imiter,
3020 3503 3182 3578 quod
3222 3503 3458 3578 pedibus
3484 3503 3652 3578 vitlga

2080 3522 2484 3560 Cormunorum
2538 3522 2749 3576 tyranni
2798 3522 2989 3568 mater,
3042 3522 3182 3573 quoa
3219 3522 3447 3629 peumus
3495 3522 3649 3578 vuga

2080 3584 2303 3646 essetet
2329 3576 2544 3646 clauda,
2572 3577 2789 3646 ᾼαμϐδά
2815 3592 2844 3629 a
2877 3574 3066 3646 Pyghio
3100 3577 3215 3645 Apo
3241 3578 3347 3646 line
3376 3576 3649 3645 appellata

2080 3655 2185 3699 est.
2225 3645 2350 3699 Hice
2380 3645 2541 3699 habet
2579 3644 2895 3698 l’tdiemzcus
2929 3644 3268 3714 Hephaestion
3312 3645 3403 3699 lib.
3438 3644 3468 3697 v
3500 3664 3655 3700 nova:

2082 3714 2242 3775 llist..
2277 3715 2330 3768 in
2361 3714 2688 3768 Bibliotheca
2733 3715 2924 3778 Photii,
2967 3731 3020 3767 ιι.
3058 3717 3175 3770 190,
3204 3715 3344 3769 Idem
3377 3716 3442 3768 de
3476 3726 3652 3770 matre

2081 3783 2291 3854 Cypseli
2340 3786 2579 3838 referunt
2624 3788 2635 3837 l
2668 3784 2892 3838 elladius
2924 3784 2976 3837 in
3020 3784 3472 3847 Chrestomathia,
3508 3786 3653 3853 apud

2081 3853 2352 3914 Photium,
2380 3871 2434 3906 ιι.
2460 3855 2582 3915 279,
2613 3863 2666 3907 ει
2711 3853 3012 3908 Herodotus
3043 3854 3132 3907 lib.
3158 3870 3210 3913 v,
3239 3856 3378 3921 apud
3406 3870 3545 3922 quos
3582 3866 3657 3909 ta-

2082 3938 2203 3997 men
2234 3922 2371 3997 male
2394 3922 2586 3997 legitur
2610 3924 2789 3997 λᾳϐὃα,
2823 3938 2919 3997 pro
2941 3923 3157 3997 lapiﬁda.
3195 3924 3514 3997 Ptolemtuus
3550 3923 3654 3979 He-

2082 3993 2341 4063 phmstion
2380 4003 2436 4064 et
2464 3993 2733 4064 llclladius
2764 3995 2942 4064 nescio
2968 3993 3189 4064 quidde
3230 3994 3409 4064 Moyse
3447 4010 3655 4064 nugari-

2084 4060 2189 4125 tur,
2223 4078 2343 4116 cum
2373 4063 2523 4116 aiunt
2558 4062 2705 4116 illum
2745 4060 3063 4130 appellatum
3096 4062 3257 4116 fuisse
3283 4060 3460 4130 'Aloa,
3494 4060 3658 4117 a'no-

2083 4133 2229 4204 mine
2260 4130 2438 4204 ἄλγος,
2465 4133 2515 4204 id
2550 4142 2651 4194 est,
2700 4134 2925 4204 vitiligo,
2969 4133 3117 4204 quod
3148 4148 3348 4204 corpus
3385 4130 3655 4202 'vitiligine

2084 4201 2396 4255 distinctum
2430 4202 2667 4255 haberet.
2697 4202 2895 4254 Fabula
2927 4211 3050 4255 nata
3074 4201 3284 4254 videtur
3311 4217 3377 4256 ex
3413 4218 3481 4255 eo
3508 4201 3656 4270 quod

2085 4271 2295 4341 Moyses
2326 4287 2543 4323 manum
2573 4286 2603 4322 a
2632 4273 2739 4324 Deo
2766 4272 2818 4323 in
2848 4274 3022 4324 sinum
3066 4273 3276 4341 mittere
3307 4270 3492 4339 jussus
3530 4288 3654 4326 eam

2089 4340 2212 4393 ἱιιίιε
2242 4341 2387 4409 lepra
2429 4341 2747 4394 maculatam
2792 4341 3050 4394 retulerit.
3086 4340 3469 4395 Eratosthenes
3522 4352 3658 4401 Βῆτα

2087 4410 2264 4465 dit-tus
2297 4418 2400 4471 est,
2427 4410 2567 4476 quod
2597 4411 2820 4464 SUtItnllS
2845 4411 3119 4479 prosimus
3155 4412 3209 4465 in
3235 4411 3389 4480 omni
3413 4411 3656 4480 discipli-

2088 4495 2278 4550 narum
2304 4496 2500 4550 genere
2523 4481 2787 4550 secundas,
2806 4488 3030 4542 teneret,
3057 4488 3117 4550 ιιι
3134 4480 3327 4550 scribit
3350 4479 3655 4550 Hesychius

2087 4549 2314 4603 lllustris
2354 4549 2533 4602 libello
2574 4552 2637 4602 de
2677 4548 3012 4616 Pliilowphis
3047 4567 3060 4601 :
3100 4548 3210 4603 Nec
3248 4548 3499 4609 Christus
3544 4551 3655 4603 Do-

2088 4622 2268 4674 minus
2297 4618 2601 4685 huiusmodi
2624 4635 2653 4671 a
2685 4618 2876 4673 litteris
2896 4618 3303 4687 appellationem
3331 4622 3652 4687 repudiavit.

2090 4688 2225 4763 15am
2247 4687 2564 4763 Apocalyps.
2593 4704 2609 4742 ι
2634 4704 2699 4763 se
2742 4688 2854 4755 ipse
2880 4688 3122 4741 nominat
3159 4687 3317 4759 ’Δλφα
3344 4697 3400 4743 ει
3432 4690 3651 4763 ἰιμὲγα.

2090 4758 2186 4812 Est
2224 4758 2369 4811 enim
2420 4760 2531 4825 ipse
2565 4758 2738 4827 prima
2786 4773 2962 4810 rerum
3012 4758 3316 4827 cirratarum
3348 4758 3658 4827 ,causafet

2090 4829 2213 4881 finis
2252 4828 2468 4881 ultinms
2510 4832 2576 4880 ad
2604 4842 2759 4895 quem
2796 4827 2922 4896 ipsa:
2964 4826 3295 4896 referuntur.
3334 4826 3440 4881 Sed
3469 4829 3537 4882 de
3571 4828 3656 4883 bis

2091 4898 2242 4952 satis.
2287 4898 2421 4951 Cum
2476 4894 2907 4967 igiturusanc'tus
2949 4894 3218 4951 Orsiesius
3257 4897 3465 4953 scribit.
3501 4897 3654 4967 Apud

2089 4984 2220 5041 quos
2238 4965 2595 5041 _inreniuntur
2626 4965 2907 5041 K,_sive1,
2936 4972 3063 5028 etc.,
3098 4966 3150 5020 id
3184 4974 3297 5041 est,
3321 4981 3417 5041 vos
3442 4965 3654 5041 priapo—

2090 5035 2181 5091 Siti
2220 5038 2499 5091 domorum
2548 5050 2641 5089 seu
2683 5035 2932 5089 classium
2975 5036 3289 5090 monasterii
3313 5076 3328 5099 ,
3370 5035 3655 5105 inquibus

2090 5114 2217 5161 sunt
2242 5105 2485 5175 discipuli
2520 5121 2615 5158 seu
2646 5107 2915 5169 monachi,
2941 5120 3168 5175 quorum
3196 5106 3430 5175 ingenia,
3460 5116 3518 5160 et
3542 5123 3657 5160 mo-

2091 5192 2181 5230 res
2220 5176 2320 5230 sub
2356 5173 2660 5242 liujusmodi
2700 5175 3087 5230 elementorum
3134 5173 3327 5246 figuris
3361 5175 3652 5246 designan-

2090 5255 2200 5311 tur,
2229 5254 2332 5300 etc.

2166 5346 2207 5374 ω
2243 5335 2327 5389 Ne
2363 5334 2675 5403 refrigeretis
2699 5349 2809 5398 eos,
2834 5342 2940 5388 etc.
2968 5332 3172 5388 Sensus
3201 5333 3425 5388 istorum
3451 5341 3554 5389 est.
3583 5333 3658 5387 Ne

2095 5405 2168 5458 ita
2205 5405 2560 5475 suppeditetis
2586 5405 2900 5472 temporalia
2926 5404 3200 5475 discipulis
3223 5403 3441 5475 vestris,
3469 5413 3530 5457 ut
3558 5403 3658 5472 spi-

2095 5473 2688 5537 ritualiasuttrahatis;
2714 5489 2813 5528 nec
2834 5475 2906 5527 ita
2930 5474 3187 5543 spiritalia
3214 5473 3654 5543 subministretis,

2096 5553 2158 5597 ut
2186 5545 2495 5612 temporalia
2526 5544 2840 5600 subducatis
2869 5563 2881 5597 :
2916 5542 3011 5598 sed
3053 5553 3279 5613 utraque
3308 5557 3406 5611 pro
3430 5542 3659 5597 necessi-

2095 5621 2209 5669 tate
2235 5614 2491 5669 conferte.
