3958 6198
257 323 359 410 ’Ἦ

1252 318 1638 377 CONCORDlA
1673 319 2129 377 REGULARUM.
2169 350 2241 362 —
2277 320 2431 377 CAP.
2467 319 2534 377 V.

3395 330 3497 383 778

255 440 311 494 in
338 436 484 492 escis
508 433 757 490 videlicet
779 440 833 487 et
854 432 1051 488 vestitu
1075 452 1089 486 :
1120 431 1219 488 sed
1251 440 1308 489 et
1333 433 1606 503 spiritales
1628 442 1684 488 et
1706 448 1827 489 car-
1853 435 1906 495 Α
1928 431 2258 495 consentias,
2286 440 2342 486 et
2369 431 2601 486 alterum
2630 446 2867 501 premas,
2896 441 2952 486 et
2974 433 3203 489 alterum
3230 437 3501 499 subleves.

253 527 407 583 nales
442 524 592 581 cibos
614 524 819 594 pariter
848 505 1094 589 tribuite;
1129 531 1184 578 et
1222 522 1426 577 nullam
1451 522 1591 578 detis
1619 523 1701 578 eis
1740 538 1833 579 oc»

253 618 533 674 casionem
576 613 931 686 negligentiae.
957 613 1066 667 Aut
1093 628 1213 682 qua:
1240 621 1324 668 est
1358 612 1462 668 ista
1500 609 1732 679 iustitia,
1774 622 1833 667 ut

254 709 454 763 fratres
481 705 779 775 al'lligamus
812 704 1017 765 labore,
1042 713 1098 759 et
1142 704 1245 774 ipsi
1287 719 1540 758 vacemus
1569 704 1715 758 otio?
1741 711 1835 758 aut

254 799 598 867 imponamus
625 794 707 848 eis
748 791 939 864 jugum
985 794 1127 863 quod
1158 793 1259 864 ipsi
1303 792 1446 849 ferre
1495 809 1604 848 non
1639 808 1831 863 possu-

254 886 418 941 mus?
446 884 698 954 Legimus
723 884 870 938 enim
900 885 956 938 in
986 884 1311 956 Evangelio:
1343 883 1412 938 In
1452 901 1557 956 qua
1587 901 1834 939 mensura

250 980 419 1034 mensi
449 978 677 1046 fueritis,
706 975 1004 1029 remetietur
1030 975 1170 1029 vobis
1202 975 1417 1046 (Matth.
1443 974 1564 1045 vn).
1598 975 1751 1031 Unde
1778 982 1834 1030 et

251 1069 494 1125 laborem
524 1076 580 1122 et
606 1065 948 1136 refrigerium
973 1081 1095 1119 cum
1122 1065 1251 1134 ipsis
1280 1066 1575 1121 habeamus
1598 1080 1836 1120 commu-

253 1160 342 1213 nia
369 1177 381 1210 :
423 1173 526 1213 nec
550 1156 840 1227 discipulos
876 1170 1065 1211 servos
1092 1165 1362 1226 putemus,
1395 1163 1451 1211 et
1480 1156 1694 1210 illorum
1736 1156 1835 1209 tri-

252 1252 463 1306 bulatio
492 1252 566 1305 sit
602 1262 787 1306 nostra
822 1250 1010 1304 laetitia
1044 1267 1058 1303 :
1093 1265 1162 1304 ne
1201 1251 1543 1322 evangelicus
1582 1262 1682 1303 nos
1709 1265 1831 1304 cum

252 1342 551 1397 Pharismis
594 1357 774 1396 sermo
806 1341 1105 1409 corripiat:
1160 1337 1251 1393 Va:
1290 1340 1429 1394 vobis
1469 1340 1597 1410 legis
1626 1340 1830 1410 peritis,

251 1431 342 1502 qui
368 1430 548 1498 ligatis
594 1447 751 1484 onera
791 1428 1177 1500 importabilia,
1208 1437 1255 1483 et
1285 1429 1547 1500 imponitis
1576 1445 1639 1482 ea
1678 1445 1836 1500 super

254 1525 503 1576 humeros
542 1521 834 1585 hominum,
864 1530 912 1573 et
933 1520 1040 1594 ~ipsi
1075 1537 1138 1574 ne
1166 1520 1329 1589 digito
1374 1520 1579 1590 quidem
1628 1519 1834 1573 audetis

256 1614 514 1682 attingere
534 1609 695 1681 (Luc.
723 1609 826 1678 ιι).
861 1608 1014 1664 Sicut
1043 1609 1207 1679 aliqui
1257 1610 1595 1664 attendentes
1638 1616 1836 1664 semet-

257 1701 426 1770 ipsos,
460 1708 521 1755 ut
546 1700 786 1754 viventes
810 1699 965 1768 juxta
992 1700 1310 1753 mandatum
1352 1699 1446 1753 Dei
1473 1698 1573 1753 sibi
1610 1699 1837 1768 loquan-

257 1798 344 1847 tur
373 1800 431 1846 et
456 1791 639 1845 dicant
664 1807 677 1844 :
707 1789 846 1856 Quid
875 1789 1008 1843 mihi
1035 1797 1121 1844 est
1149 1806 1271 1845 cum
1303 1789 1458 1844 aliis?
1482 1805 1582 1861 ego
1608 1806 1739 1845 vero
1773 1799 1835 1844 ut

257 1883 492 1939 serviam
520 1883 630 1937 Deo
657 1890 712 1936 et
755 1881 870 1951 ejus
902 1882 1155 1947 mandata
1195 1882 1417 1952 implere
1461 1884 1687 1953 possim,
1726 1900 1831 1938 non

256 1976 322 2029 ad
350 1990 439 2029 me
472 1974 705 2043 pertinet
735 1974 863 2043 quid
890 1973 982 2027 alii
1008 1972 1246 2028 faciant?
1295 1974 1406 2029 llos
1436 1974 1685 2029 Ezechiel
1715 1990 1836 2029 cor—

258 2067 386 2136 ripit
411 2066 601 2121 dicens
632 2062 716 2136 (C.
742 2063 929 2137 xxxrv)
956 2082 969 2118 :
1000 2077 1026 2105 ι
1053 2063 1098 2118 0
1127 2074 1360 2135 pastores
1383 2063 1573 2129 Israel,
1601 2064 1835 2135 nunquid

253 2167 477 2228 pascunt
498 2158 799 2226 semetipsos
821 2166 1056 2227 pastores
1072 2157 1097 2209 ?
1110 2172 1281 2210 nonne
1303 2173 1419 2211 oves
1439 2155 1701 2227 pascunt?
1720 2172 1836 2209 ecce

256 2252 339 2305 lac
379 2248 748 2313 comedebatis,
772 2256 819 2301 et
865 2246 1002 2301 lanis
1038 2244 1429 2314 operiebamini.
1463 2244 1617 2310 Quod
1646 2246 1838 2316 pingue

254 2353 329 2396 est
366 2339 678 2394 immolastis
707 2349 756 2393 et
789 2338 934 2410 quod
957 2337 1224 2406 inﬁrmum
1249 2354 1354 2391 non
1380 2336 1716 2405 confortastis
1734 2351 1754 2399 ;
1787 2344 1836 2388 et

252 2434 392 2503 quod
420 2432 746 2501 confractum
770 2440 864 2494 est,
889 2446 991 2483 non
1013 2428 1236 2500 ligastis,
1262 2428 1291 2468 δ
1311 2426 1451 2498 quod
1474 2427 1704 2490 errabat,
1732 2442 1836 2479 non

258 2528 576 2590 reduxistis;
600 2526 740 2595 quod
765 2526 1013 2596 perierat,
1037 2541 1140 2579 non
1167 2524 1474 2594 requisistis,
1501 2534 1523 2562 ο
1542 2522 1681 2593 quod
1705 2522 1838 2591 forte

252 2627 389 2682 erat,
417 2618 614 2687 fecistis
637 2616 815 2669 labore
838 2614 1078 2683 deﬁcere,
1104 2622 1154 2667 et
1181 2612 1501 2683 dispersistis
1527 2627 1644 2664 oves
1671 2626 1833 2663 meas.

254 2705 546 2776 Propterea
578 2706 686 2775 ipse
716 2704 973 2758 Dominus
1003 2702 1071 2756 ad
1117 2702 1377 2770 iudicium
1406 2700 1567 2755 veniet
1597 2716 1716 2753 cum
1757 2715 1837 2753 se—

255 2793 493 2848 nioribus
517 2802 567 2847 et
594 2792 915 2864 principibus
942 2790 1082 2856 suis,
1115 2790 1456 2860 complebitur
1490 2787 1624 2842 illud
1662 2789 1715 2842 in
1745 2803 1841 2843 no-

256 2887 357 2941 bis.
402 2884 695 2940 Exactores
740 2884 895 2939 vestri
933 2882 1308 2953 depradantur
1334 2898 1444 2946 vos,
1483 2889 1531 2934 et
1568 2880 1658 2952 qui
1699 2896 1842 2950 repe-

254 2985 396 3042 tunt,
419 2993 601 3031 errare
627 2992 715 3029 vos
743 2976 965 3044 faciunt.
994 2972 1096 3040 Qui
1127 2972 1294 3043 magis
1322 2972 1511 3027 audire
1536 2970 1799 3027 debemus
1822 2987 1838 3025 :

256 3067 425 3121 Beata
467 3077 631 3132 terra,
671 3067 828 3136 cujus
865 3081 957 3119 rex
984 3064 1012 3104 ἀ
1041 3062 1185 3133 ﬁlius
1218 3063 1463 3133 ingenui,
1504 3070 1552 3116 et
1580 3062 1840 3133 principes

1936 531 1993 578 et
2014 531 2204 593 pereat
2231 522 2383 577 labor
2409 530 2532 576 tuus
2560 540 2574 576 :
2608 534 2631 561 ο
2664 538 2770 576 non
2795 524 2986 578 sedeas
3016 524 3069 577 in
3099 523 3231 579 locis
3258 527 3509 583 humilio-

1936 615 2103 676 ribus,
2132 615 2184 668 in
2213 614 2410 684 quibus
2440 612 2459 652 τ
2493 613 2653 667 Pater
2683 620 2868 667 noster
2898 614 3138 683 prmcipit
3166 616 3377 683 penitus
3402 633 3507 672 non

1934 703 2250 758 sedendum.
2280 702 2520 757 Caveant
2548 702 2818 771 prmpositi
2855 703 3161 766 domorum,
3188 718 3256 757 ne
3284 703 3506 759 forsitan

1932 794 2158 862 quilibet
2204 809 2342 848 unus
2368 810 2399 847 e
2426 793 2685 848 fratribus
2720 793 2971 862 injuriam
3000 796 3287 864 praeposito
3320 796 3509 851 fecerit

1933 894 1989 941 et
2015 886 2186 941 iratus
2229 884 2319 941 ille
2347 886 2624 939 discernat
2646 894 2702 939 et
2731 885 2878 939 dicat
2905 903 2919 938 :
2952 884 3091 951 Quid
3126 901 3304 941 causa:
3332 888 3506 942 habeo

1933 977 2001 1030 ad
2052 977 2326 1031 hominem
2368 976 2842 1043 contemptorem?
2894 976 3056 1031 faciat
3092 979 3235 1046 quod
3264 981 3405 1044 vult,
3444 982 3508 1033 ad

1935 1081 2021 1120 me
2045 1081 2151 1120 non
2181 1066 2434 1135 pertinet.
2463 1064 2507 1120 Ο
2535 1066 2714 1129 homo,
2746 1065 2870 1133 quid
2919 1066 3034 1121 inec
3060 1066 3328 1136 loqueris?
3358 1071 3511 1124 intel-

1933 1158 2036 1229 lige
2073 1174 2179 1228 quo
2219 1158 2404 1212 furore
2450 1157 2740 1227 superaris,
2777 1166 2832 1211 et
2878 1159 3023 1227 quod
3057 1159 3242 1213 odium
3281 1175 3512 1230 occupa-

1931 1249 2074 1303 verit
2094 1263 2189 1301 cor
2214 1256 2385 1311 tuum,
2417 1255 2477 1300 ιιι
2507 1246 2679 1317 magis
2711 1253 2801 1300 tuo
2832 1247 2961 1301 vitio
2983 1262 3145 1315 quam
3174 1258 3268 1301 tuo
3293 1257 3515 1316 peccato

1933 1340 2102 1395 frater
2128 1348 2335 1409 pereat,
2369 1340 2457 1393 cui
2482 1338 2647 1394 debes
2678 1340 2981 1410 ignoscere,
3003 1348 3058 1394 et
3086 1355 3208 1393 cum
3241 1340 3516 1409 suseipzre
3609 1364 3621 1375 -

1933 1431 2316 1499 poenitentem,
2358 1438 2418 1483 ut
2454 1430 2630 1499 possis
2677 1429 2806 1484 illud
2849 1429 3121 1500 Evangelii
3171 1430 3389 1484 dicere:
3424 1429 3515 1482 Di-

1935 1519 2076 1573 mitte
2104 1519 2249 1572 nobis
2286 1518 2459 1572 debita
2489 1527 2686 1581 nostra,
2714 1518 2848 1571 sicut
2876 1528 2922 1570 et
2953 1534 3046 1571 nos
3084 1518 3394 1571 dimittimus
3423 1518 3513 1570 de-

1933 1610 2183 1664 bitoribus
2222 1611 2434 1664 nostris.
2479 1609 2537 1664 Si
2577 1625 2704 1679 ergo
2738 1610 2822 1663 vis
2867 1618 2922 1663 ιιι
2966 1610 3109 1663 Deus
3151 1617 3238 1662 tua
3287 1621 3508 1678 peceaIa

1935 1700 2190 1763 dimittat,
2220 1710 2275 1754 et
2305 1709 2360 1754 tu
2391 1700 2601 1755 dimitte
2647 1699 2800 1754 fratri
2847 1707 2940 1753 tuo
2968 1699 3228 1769 quidquid
3271 1699 3399 1753 illud
3431 1710 3513 1753 est

1863 1822 1908 1879 Β
1936 1792 2080 1859 quod
2108 1792 2160 1845 in
2189 1800 2240 1845 te
2264 1790 2526 1861 peccavit.

2433 1903 2460 1976 §
2487 1901 2805 1959 VL—Item
2835 1904 3012 1975 ipsius.

2009 2016 2081 2069 Ex
2126 2016 2321 2086 quibus
2361 2016 2612 2070 omnibus
2653 2015 2909 2070 discimus
2953 2017 3095 2085 quod
3142 2025 3387 2086 oporteat
3419 2034 3515 2071 nos

1938 2114 2083 2160 stare
2110 2114 2234 2161 ante
2261 2104 2497 2161 tribunal
2522 2104 2742 2170 Christi,
2773 2113 2827 2159 et
2855 2104 2920 2159 de
2952 2105 3175 2175 singulis
3202 2120 3309 2160 non
3344 2106 3514 2161 solum

1937 2198 2208 2266 cperihus,
2244 2197 2336 2251 sed
2368 2206 2423 2252 et
2450 2195 2866 2269 cogitationibus
2897 2194 3127 2263 iudicari
3155 2214 3167 2249 :
3197 2205 3251 2251 et
3280 2206 3397 2267 post
3427 2214 3516 2252 ra-

1941 2287 2136 2341 tionem
2164 2288 2290 2340 vita:
2319 2296 2518 2342 nostra:
2548 2287 2710 2340 etiam
2749 2302 2847 2355 pro
2879 2286 3000 2341 aliis
3025 2286 3115 2356 qui
3142 2285 3296 2341 nobis
3327 2288 3515 2343 crediti

1939 2387 2064 2431 sunt
2103 2378 2409 2433 reddituros
2435 2376 2557 2432 esse
2585 2379 2834 2433 similiter
2862 2378 3145 2432 rationem.
3181 2379 3247 2431 Et
3278 2378 3379 2433 hoc
3407 2395 3512 2433 non

1941 2469 2112 2523 solum
2143 2471 2169 2509 8
2197 2471 2263 2525 de
2292 2471 2596 2539 prchositis
2627 2471 2905 2524 domorum
2938 2470 3263 2523 audiendum
3290 2480 3393 2532 εει,
3419 2471 3514 2524 sed

1939 2568 1993 2613 et
2020 2560 2047 2599 ιι
2075 2560 2140 2613 de
2188 2560 2522 2630 principibus
2569 2561 3053 2625 monasteriorum,
3084 2568 3139 2616 et
3180 2561 3245 2613 de
3291 2561 3518 2632 singulis

1942 2648 2199 2703 fratribus
2237 2648 2328 2717 qui
2379 2657 2695 2718 reputantur
2742 2649 2794 2702 in
2840 2649 3085 2717 plebem,
3131 2650 3274 2718 quod
3323 2665 3516 2703 onines

1941 2738 2170 2793 invicem
2202 2738 2395 2793 debent
2419 2755 2583 2795 onera
2612 2755 2708 2795 sua
2739 2748 2974 2810 portare,
3002 2748 3058 2793 ut
3088 2739 3414 2808 atlimplcant
3444 2740 3515 2793 lc-

1942 2844 2062 2900 gem
2091 2827 2290 2884 Christi
2316 2827 2457 2902 (Gal.
2482 2835 2557 2900 Vl)

2357 2961 2384 3033 ᾗ
2418 2959 2520 3015 Vll.
2556 2992 2631 3004 -—
2668 2961 2804 3015 Item
2833 2962 3088 3031 ejusdem.

2015 3072 2125 3129 Vos
2145 3089 2273 3145 ergo
2300 3074 2748 3130 monasteriorum
2774 3074 3063 3145 principes,
3103 3085 3274 3133 estote
3300 3079 3514 3135 solliciti

256 3161 336 3213 tui
372 3159 427 3213 in
454 3170 682 3229 tempore
704 3156 981 3211 comedunt
1024 3156 1081 3209 in
1125 3154 1455 3224 fortitudine,
1485 3162 1533 3209 et
1564 3170 1669 3210 non
1713 3168 1838 3208 con-

1947 3170 1996 3218 et
2027 3164 2279 3218 adhibete
2299 3179 2512 3218 omnem
2552 3179 2738 3219 curam
2770 3179 2868 3233 pro
2886 3163 3141 3222 fratribus
3166 3183 3287 3223 cum
3306 3169 3514 3238 justitia

257 3252 551 3323 fundentur
597 3250 765 3322 (Eccl.
794 3248 872 3322 ιι).
916 3249 1061 3314 Ideo,
1086 3262 1119 3302 ο
1147 3248 1326 3312 homo,
1354 3262 1523 3317 usque
1569 3247 1637 3301 ad
1674 3261 1839 3300 unam

259 3343 519 3403 animam,
552 3357 672 3410 qua:
703 3340 799 3395 tibi
829 3341 1033 3396 credita
1078 3347 1181 3403 est,
1219 3354 1443 3393 monere
1483 3353 1590 3392 non
1636 3352 1836 3401 cesses,

258 3445 315 3489 et
337 3436 535 3489 docere
563 3449 682 3502 qua:
704 3438 892 3487 sancta
914 3439 1061 3495 sunt,
1088 3438 1144 3485 et
1169 3434 1401 3500 teipsum
1428 3428 1692 3483 bonorum
1719 3442 1842 3496 ope-

262 3541 384 3580 rum
421 3525 666 3594 praebere
707 3524 1052 3593 exemplum:
1086 3530 1139 3577 et
1174 3537 1368 3577 cavere
1405 3536 1564 3591 quam
1609 3519 1842 3573 maxime

264 3632 332 3671 ne
373 3615 605 3670 alterum
638 3614 851 3677 oderis;
903 3612 997 3668 sed
1028 3612 1236 3666 cunctis
1277 3612 1533 3666 exhibeas
1567 3608 1843 3680 aequalita-

261 3717 370 3763 tem
397 3725 410 3761 :
440 3723 506 3762 ne
533 3706 689 3769 forte,
714 3721 874 3774 quem
898 3713 954 3759 tu
980 3705 1176 3775 diligis,
1206 3705 1347 3758 Deus
1369 3702 1574 3766 oderit;
1604 3710 1657 3755 et
1679 3715 1840 3769 quem

263 3809 321 3854 tu
361 3800 559 3866 odisti,
591 3800 733 3853 Deus
778 3798 986 3868 diligat.
1041 3795 1180 3851 Nulli
1224 3795 1426 3850 erranti
1474 3808 1572 3863 pro
1600 3792 1838 3846 amicitia

280 4036 287 4041 ,
338 3988 366 4016 ι
407 3972 453 4030 0
484 3972 733 4029 Pastores
778 3971 966 4029 Israel.
1015 3970 1072 4026 In
1108 3970 1355 4026 versione
1393 3967 1710 4041 communi":
1751 3964 1842 4020 Vw

264 4036 566 4117 pastoribus
596 4042 797 4117 Israel,
839 4043 927 4113 qui
970 4041 1247 4117 pascebant
1266 4040 1606 4117 “semetipsos.
1655 4035 1844 4117 Nonne

262 4108 443 4186 greges
483 4134 517 4169 a
554 4108 861 4186 pastoribus
901 4108 1225 4167 nascuntur?
1265 4108 1371 4165 Sed
1413 4109 1552 4164 idem
1590 4115 1675 4162 est
1713 4122 1841 4161 sen-

266 4202 379 4240 SUS.

338 4257 367 4295 ι)
405 4254 564 4321 Quod
601 4252 828 4307 errabat.
866 4253 943 4308 ita
984 4252 1035 4305 in
1067 4257 1215 4304 textu
1243 4249 1432 4305 Graeco
1457 4267 1468 4302 :
1498 4250 1555 4305 τὸ
1583 4249 1844 4319 πλανώμε-

264 4348 366 4380 νον.
402 4320 460 4380 ιιι
490 4325 739 4380 versione
767 4324 1013 4395 Vulgata,
1033 4320 1592 4395 _quod_abjertunt‘est.

342 4407 365 4434 ε
410 4395 568 4460 Quod
616 4395 750 4463 forte
787 4386 898 4447 eral
945 4386 1137 4463 fecistis
1182 4386 1358 4463 labore
1399 4386 1840 4463 deficerealuxta

267 4457 479 4519 lcxtulu
510 4457 759 4519 Cive-cum
795 4479 815 4534 εξ
838 4466 924 4518 καὶ
945 4457 1279 4534 ’τρ-ξσχυρὸν-
1300 4460 1705 4534 ζατειργρισασθε
1723 4528 1731 4534 _
1751 4457 1842 4525 μό-

268 4538 405 4606 χθῳ,
452 4535 505 4589 id
549 4540 669 4606 est,
706 4541 760 4587 et
795 4532 930 4587 forte
959 4528 1220 4606 amisistis
1267 4528 1575 4606 Ιιιιιιιιὰςιιι⁵
1596 4528 1843 4581 versione

274 4598 497 4685 Vulgata
523 4623 536 4658 :
564 4603 670 4659 Sed
701 4620 819 4657 cum
846 4604 1146 4657 austeritate
1170 4598 1501 4670 imperabatis
1527 4599 1623 4662 eis,
1646 4606 1695 4652 et
1725 4614 1841 4650 cum

301 4687 520 4729 olentia.

422 4694 520 4726 ua.

263 4694 586 4797 pognﬁ'ilius
622 4742 855 4812 ingenui.
890 4742 961 4799 Ut
989 4742 1042 4795 in
1082 4748 1227 4812 textu
1261 4737 1489 4794 Grmco:
1520 4738 1628 4797 υἱὸς
1654 4736 1844 4790 ἐλευθέ-

265 4837 384 4890 ρσυ.
411 4814 471 4868 1n
502 4810 752 4868 versione
783 4812 915 4883 Vulg
934 4821 1029 4873 ita,
1057 4810 1262 4864 nobilis.

347 4900 367 4924 ε
410 4883 606 4938 Sedeas
631 4884 687 4936 iu
715 4882 841 4935 locis
866 4880 1248 4936 humilioribus.
1281 4877 1516 4938 Respicit
1550 4874 1615 4929 ad
1644 4875 1843 4932 articu-

268 4955 380 5009 lum
410 4954 513 5008 l28
539 4951 761 5022 Regula:
790 4953 961 5006 sancti
989 4949 1301 5022 Pachomii:
1336 4949 1709 5022 t__l’i-;ep0si_tus_
1738 4962 1841 4999 non

269 5026 577 5078 inebrietur
601 5016 747 5076 {nec
776 5023 961 5076 sedeat
1004 5016 1055 5074 in
1106 5017 1483 5073 humilioribus
1524 5016 1655 5071 locis
1691 5016 1847 5085 juxta

270 5112 398 5149 vasa
437 5092 774 5148 monasterii.
803 5112 820 5143 ι
872 5091 1124 5160 lntelligit
1167 5088 1474 5152 cellarium,
1510 5103 1540 5140 a
1569 5102 1675 5155 quo
1715 5102 1850 5154 pne-

269 5165 675 5233 positosarcet.
822 5231 840 5233 _
1364 5226 1399 5233 _
1472 5226 1485 5233 -
1548 5220 1613 5233 ν.
1742 5160 1753 5169 ’

350 5235 368 5272 ί
414 5231 580 5285 Pater
604 5239 796 5299 noster.
821 5229 1072 5299 lntelligit
1094 5236 1336 5299 sanctum
1364 5220 1733 5289 Pachomium,
1759 5241 1852 5278 cu-

263 5302 360 5373 jus
388 5301 690 5373 discipulus
715 5298 817 5373 fuit
836 5296 1063 5373 sanctus
1085 5296 1370 5373 Opsiesius.

347 5375 375 5414 Β
404 5371 481 5425 De
502 5366 793 5442 p'rtepositis
812 5370 1106 5442 domorum.
1128 5366 1404 5442 Praepositi
1423 5366 1699 5442 domorum
1726 5373 1853 5442 sunt

268 5444 304 5497 ii
344 5443 443 5510 qui
477 5434 721 5510 pansum
749 5440 974 5510 aedibus,
1005 5454 1097 5492 seu
1141 5437 1423 5510 classibus,
1456 5440 1510 5510 in
1546 5451 1681 5505 quas
1714 5434 1849 5488 divi-

265 5505 395 5567 sum
427 5505 548 5565 erat
588 5507 978 5563 monasterium
1012 5508 1185 5562 sancti
1220 5505 1534 5569 Pachomii,
1581 5514 1639 5557 ιιι
1686 5518 1849 5573 supra

267 5584 485 5636 dictum
514 5587 615 5633 est.
828 5622 843 5627 -

347 5654 374 5689 δ
415 5650 496 5703 De
530 5647 845 5719 principibus
870 5645 1624 5719 monas_teriorum._Principes
1653 5658 1854 5719 pona-

270 5712 575 5775 sterioruin
611 5712 738 5771 sunt
764 5718 1017 5780 abbates;
1051 5715 1125 5767 ita
1170 5715 1504 5783 appellantur
1546 5715 1598 5767 in
1652 5712 1852 5782 Regula

690 5834 960 5892 Ρειτιιοι..
1007 5828 1169 5889 Clll.

1940 3261 1996 3309 et
2025 3253 2215 3308 timore
2236 3252 2352 3308 Dei.
2409 3252 2486 3307 Ne
2517 3253 2813 3309 abutamini
2858 3263 3127 3325 potestate
3157 3257 3209 3311 in
3240 3261 3512 3329 superbia,

1938 3344 2066 3400 sedi
2091 3345 2393 3413 exemplum
2412 3345 2645 3415 prtebete
2672 3360 2766 3401 vos
2790 3347 3020 3411 cunctis,
3037 3356 3093 3401 et
3117 3350 3329 3404 subdito
3345 3355 3514 3422 gregi,

1939 3435 2083 3489 sicut
2106 3443 2163 3489 et
2212 3435 2472 3490 Dominus
2516 3445 2703 3490 noster
2733 3436 2784 3489 in
2834 3437 3083 3491 omnibus
3127 3453 3185 3492 se
3212 3441 3515 3510 exemplum

1938 3526 2184 3597 praebuit.
2237 3525 2335 3590 Qui
2362 3525 2541 3594 posuit
2565 3524 2716 3593 quasi
2740 3540 2867 3578 oves
2897 3525 3144 3588 familias,
3171 3536 3228 3580 ut
3254 3526 3514 3582 miserea-

1942 3618 2072 3672 mini
2101 3617 2249 3686 gregi
2291 3616 2443 3670 vobis
2471 3615 2696 3677 credito,
2745 3622 2801 3669 et
2828 3615 3183 3671 memineritis
3206 3619 3514 3687 apostolica:

1939 3709 2234 3771 sententiae,
2284 3707 2337 3759 in
2359 3720 2464 3774 qua
2489 3704 2644 3758 aitzi
2690 3703 2838 3758 Nihil
2860 3703 3117 3769 subtraxi,
3157 3716 3212 3759 ut
3268 3723 3371 3760 non
3410 3726 3511 3762 on-

1942 3798 2233 3852 nuntiarem
2273 3795 2412 3848 vobis
2438 3796 2463 3834 ¹ι
2506 3792 2822 3848 voluntatem
2855 3792 2972 3847 Dei.
3012 3793 3078 3848 Et
3102 3795 3338 3849 iterum:
3390 3796 3511 3851 Non

1942 3968 2113 4025 sancti
2140 3965 2435 4031 Pachomii,
2461 3964 2547 4019 cui
2571 3961 2815 4018 addictus
2835 3970 2955 4016 erat
2982 3969 3200 4017 sanctus
3220 3960 3509 4018 Orsiesius.

1942 4040 2059 4093 Art.
2088 4039 2159 4091 8:
2200 4055 2219 4088 ι
2250 4037 2344 4090 Vel
2380 4034 2689 4089 monasterii
2723 4031 2979 4101 principe
3008 4032 3333 4101 disputante.
3367 4054 3384 4083 ι
3429 4035 3529 4099 υιο,

1941 4117 2140 4165 cuntur
2166 4116 2220 4161 et
2248 4107 2436 4160 Patres
2473 4104 2922 4157 monasteriorum
2968 4102 3022 4156 in
3070 4102 3258 4157 eadem
3292 4102 3512 4172 Regula,

1943 4190 2047 4234 art.
2072 4180 2131 4234 18
2156 4197 2167 4231 :
2199 4196 2216 4228 ι
2242 4175 2521 4230 Nuntiabit
2540 4174 2685 4227 Patri
2716 4172 3080 4227 monasterii.»
3099 4172 3332 4228 Art.53:
3356 4193 3373 4221 ι
3399 4172 3509 4227 Nisi

1944 4251 2105 4306 Pater
2129 4256 2388 4301 monaste
2409 4248 2444 4300 ii
2475 4243 2811 4312 praeceperit.
2836 4262 2855 4292 ι

2021 4323 2036 4361 i
2082 4319 2389 4386 Exemplum
2421 4310 2504 4370 vos
2531 4310 2769 4383 pra'bete.
2823 4310 2965 4386 Nihil
2990 4320 3074 4365 est
3104 4319 3210 4364 tam
3241 4310 3423 4386 efﬁcax
3452 4313 3516 4365 al

1945 4381 2279 4445 subditorum
2316 4381 2543 4440 salutem
2591 4381 3032 4449 promovendam,
3070 4396 3233 4449 quam
3273 4383 3519 4448 praelatm

1917 4454 2354 4533 ruutexemplum
2371 4456 2463 4506 κτὰ
2475 4450 3012 4533 οόπῇιίγμᾳτξμὰλλον
3039 4450 3364 4531 ὶνξργέσςερά
3393 4454 3513 4511 εἰσι,

1871 4504 1919 4562 D

1946 4530 1997 4583 id
2013 4537 2117 4591 est,
2140 4520 2381 4595 exempla
2397 4533 2522 4579 sunt
2538 4520 2740 4595 (dictis)
2761 4520 3082 4595 ellicaciora,
3101 4520 3276 4595 inquit
3298 4520 3517 4595 sanctus

1946 4588 2465 4655 Dorotheusfdoct.
2505 4588 2584 4647 l7.
2635 4588 2789 4657 ρυὸά
2836 4592 2973 4645 bene
3018 4593 3274 4657 monebat
3301 4588 3514 4642 Cinere-

1946 4684 2069 4721 mon
2099 4666 2237 4734 apud
2260 4664 2572 4719 Cassianum
2603 4656 2736 4716 Cdll.
2778 4662 2864 4724 ll,
2895 4675 3014 4728 cap.
3045 4659 3079 4711 4
3113 4676 3126 4712 :
3173 4677 3190 4708 ι
3236 4656 3515 4778 Dionaeam

1946 4739 2048 4778 erit
2084 4736 2267 4778 pllium:
2325 4732 2637 4778 ingtnmnlis
2662 4731 2977 4778 auctoritas.
3012 4728 3115 4778 nisi
3163 4744 3283 4778 eam
3322 4742 3350 4778 Ο
3389 4726 3515 4778 'ectu

1943 4739 2050 4791 crit
2084 4726 2268 4790 ellicax
2325 4732 2637 4787 instruentis
2662 4726 2978 4793 auctoritas,
3012 4728 3115 4782 nisi
3163 4744 3283 4782 eam
3322 4726 3515 4780 ell'ectu

1943 4808 2123 4876 operis
2142 4803 2395 4876 suigcordi
2424 4801 2667 4876 afﬁverit
2687 4800 2989 4876 audientis...
3015 4818 3034 4849 ι
3070 4798 3135 4852 Ει
3164 4796 3513 4876 Cassiodorus
3562 4856 3581 4869 κ

1946 4868 2037 4932 lib.
2071 4892 2086 4928 ι
2131 4874 2430 4936 Variarum,
2457 4872 2614 4940 epist.
2642 4870 2712 4922 4:
2761 4888 2790 4940 Δι
2828 4868 3031 4940 Facilis
3047 4868 3195 4940 recti
3227 4880 3513 4935 persuasor

1943 4958 2047 5001 est.
2073 4946 2333 4999 innocuus
2353 4936 2537 5011 judei,
2561 4940 2661 4993 sub
2690 4937 2840 5011 cujus
2873 4936 3198 5011 prolicpbili
3229 4949 3515 5011 conferee-

1947 5016 2091 5071 tione
2117 5014 2279 5083 pudet
2300 5004 2481 5083 morﬁes’
2521 5004 2828 5083 probabiles
2856 5004 2960 5062 non
2998 5006 3216 5060 habere.
3250 5024 3269 5056 ι
3320 5004 3389 5083 ξι
3420 5004 3512 5083 ιιι).

1946 5102 2018 5149 vi,
2048 5075 2204 5153 epist.
2232 5083 2268 5136 ‘2
2293 5101 2305 5135 :
2344 5100 2362 5131 ι
2382 5075 2575 5153 Prima
2603 5080 2828 5146 aequitas
2860 5085 2980 5153 est,_
3003 5089 3122 5153 a.se
3154 5075 3517 5153 pmsulesjn-

1947 5144 2162 5210 cunare.
2204 5173 2221 5206 ι
2256 5152 2515 5206 Prmlatus
2536 5144 2732 5203 docens
2751 5156 2806 5202 et
2832 5162 2938 5200 non
2957 5144 3162 5199 faciams
3188 5151 3272 5197 est
3290 5145 3514 5213 cymba-

1948 5226 2056 5279 lum
2104 5224 2358 5283 tinniens,
2406 5228 2462 5276 et
2485 5218 2723 5274 crotalus
2770 5217 3058 5285 crepitans.
3116 5214 3213 5285 llis
3253 5213 3513 5285 accedat,

1947 5295 2088 5363 quod
2118 5292 2310 5363 prtesul
2338 5306 2441 5344 non
2465 5288 2625 5363 audet
2646 5288 2700 5341 in
2727 5287 2848 5341 aliis
2866 5284 3147 5363 corrigere
3172 5284 3220 5338 id
3250 5284 3431 5363 inquo
3460 5299 3519 5363 se

1950 5352 2099 5419 tiovit
2120 5352 2429 5419 delinquere
2454 5377 2467 5411 :
2516 5375 2534 5407 ι
2574 5356 2713 5411 Suos
2741 5365 2892 5410 actus
2915 5352 3089 5408 nullus
3114 5353 3333 5407 damnat
3361 5353 3414 5406 in
3442 5352 3520 5405 al-

1951 5444 2087 5497 tero,
2128 5452 2145 5484 »
2177 5433 2251 5484 ait
2277 5426 2631 5485 Cassiodorus
2650 5427 2806 5495 epist.
2838 5426 3020 5497 citata.

2026 5503 2039 5553 i
2076 5492 2231 5554 'Niln'l
2257 5500 2513 5553 subtraxi.
2547 5497 2604 5550 ιιι
2633 5492 2882 5552 versione
2906 5494 3154 5563 Vulgata,
3184 5500 3247 5547 ut
3291 5492 3343 5546 in
3372 5502 3521 5549 textu

1952 5574 2140 5629 Grmco
2166 5589 2178 5624 :
2212 5570 2354 5624 Nihil
2383 5568 2730 5622 subtraxerim
2760 5566 2900 5620 vobis
2921 5562 3146 5617 utilium.

2027 5645 2053 5683 k
2102 5640 2448 5696 Voluntatem.
2521 5638 2577 5691 ln
2632 5646 2782 5691 testu
2829 5634 3019 5689 Grazco
3049 5650 3062 5686 :
3096 5633 3299 5703 βουλὴν,
3341 5637 3391 5689 id
3414 5642 3517 5699 est,
3554 5682 3559 5687 .

1955 5729 2055 5768 con
2088 5713 2258 5777 ilium,
2281 5723 2342 5764 ut
2369 5719 2455 5764 est
2481 5708 2532 5762 in
2559 5708 2804 5762 versione
2836 5705 3081 5775 Vulgata.

3011 5816 3087 5877 25
