3958 6198
458 331 560 394 ’179

1448 323 1515 378 S.
1555 321 1914 378 BENEDlCTI
1948 316 2238 371 ABBATIS
2277 310 2683 369 ANlANENJS

3602 307 3700 363 780

452 461 651 504 cessavi
689 453 716 483 ι
747 438 1070 512 deprecando
1100 446 1512 506 unumquemque
1555 443 1801 496 uestrum,
1855 439 1902 484 et
1931 430 2027 483 do-
2052 431 2103 491 Α
2128 426 2263 491 mis;
2286 434 2340 480 et
2362 425 2650 494 impleatur
2675 424 2726 478 in
2747 421 3194 512 vobisScriptura
3222 422 3437 478 dicens:
3470 421 3609 512 Quia
3623 442 3704 479 vos

458 537 620 592 cendo
652 548 740 588 vos
762 530 962 601 publice
987 526 1124 598 (Act.
1152 524 1229 597 ι).
1259 523 1449 580 Videte
1470 530 1672 591 quanta
1698 521 1906 575 viscera
1918 534 2024 573 m1-

458 623 772 685 sericordite
797 619 997 673 fuerint
1028 618 1081 670 in
1128 615 1347 671 homine
1378 614 1494 679 Dei,
1545 613 1637 683 qui
1692 629 1797 667 non
1856 611 2028 665 solum

457 714 720 770 sollicitus
756 717 840 763 est
863 723 960 778 pro
987 705 1237 761 omnibus
1259 703 1520 769 ecclesiis,
1544 702 1638 757 sed
1665 701 1881 771 languet
1906 715 2028 754 cum

457 800 855 872 languentibus,
879 806 935 852 et
964 796 1203 851 onmium
1233 795 1462 849 sustinet
1503 793 1800 862 passiones.
1824 790 2030 845 Cavea-

444 911 582 948 -mus
602 908 672 947 ne
690 907 786 962 per
810 896 1050 945 nostram
1081 886 1456 955 negligentiam
1485 883 1680 952 aliquis
1704 880 2031 937 scandalize-

459 999 553 1041 tur
576 984 651 1041 et
704 991 943 1048 corruat,
979 989 1035 1034 et
1075 979 1462 1033 obliviscamur
1495 974 1782 1029 verborum
1826 972 2034 1027 Domini
2070 1008 2083 1025 κ

464 1076 764 1134 Salvator-is
817 1073 909 1143 qui
956 1072 1010 1126 in
1058 1069 1344 1140 Evangelio
1375 1068 1652 1136 loquitur:
1700 1063 1882 1131 Pater,
1908 1082 2036 1136 quos

460 1166 654 1223 dedisti
668 1164 813 1227 mihi,
843 1178 944 1215 non
969 1158 1172 1230 perdidi
1204 1174 1268 1212 ea:
1296 1159 1370 1211 eis
1396 1155 1620 1226 aliquem
1669 1153 1848 1225 (Joan.
1879 1147 2034 1222 xvii).

466 1257 677 1311 Nullam
724 1254 958 1309 animam
992 1258 1422 1312 contemnamus,
1455 1248 1482 1286 ι)
1513 1262 1581 1301 ne
1605 1246 1891 1315 quisquam
1940 1259 2039 1314 per

470 1355 711 1402 nostram
737 1342 987 1399 duritiam
1032 1346 1238 1409 pereat.
1314 1335 1372 1391 Si
1418 1336 1561 1391 enim
1601 1335 1796 1404 aliquis
1822 1342 2042 1404 propter

472 1453 570 1492 nos
599 1445 843 1492 mortuus
892 1431 1075 1495 fuerit,
1111 1430 1291 1483 anima
1317 1436 1499 1483 nostra
1541 1441 1639 1496 pro
1690 1426 1834 1480 illius
1861 1425 2040 1478 anima

470 1526 739 1583 tenebitur
768 1524 823 1579 in
855 1530 1028 1577 reatu.
1093 1518 1244 1586 Quod
1272 1517 1490 1587 quidem
1541 1524 1597 1570 et
1620 1526 1641 1554 ο
1671 1515 1834 1570 Pater
1861 1523 2045 1569 noster

470 1618 838 1673 indesinenter
865 1613 1020 1668 nobis
1042 1610 1249 1666 solebat
1273 1609 1570 1673 inculcare,
1594 1616 1651 1663 et
1678 1606 1951 1671 monebat,
1977 1621 2044 1660 ne

470 1708 785 1778 impleretur
810 1705 865 1758 in
895 1703 1050 1758 nobis
1093 1700 1221 1755 illud
1250 1699 1525 1769 eloquium
1557 1717 1569 1751 :
1627 1696 1831 1767 Singuli
1866 1695 2044 1766 oppri-

2128 515 2403 586 sequimini
2432 515 2786 584 unusquisque
2807 511 3091 566 utilitatem
3120 511 3307 566 domus
3328 528 3440 566 suae
3460 510 3614 583 (A99.
3646 522 3706 585 ι).

2595 603 2622 676 §
2648 603 2739 657 ιιι.
2768 633 2838 644 —-
2866 602 3001 657 Item
3025 602 3278 672 ejusdem.

2202 694 2411 765 Saepius
2456 695 2657 759 dicam,
2709 694 2978 748 eteadem
3033 699 3352 762 repetam.‘°
3390 692 3623 756 Cavete;
3653 709 3715 749 ne

2134 784 2272 838 alios
2299 785 2555 855 diligatis,
2584 792 2639 839 et
2658 784 2792 839 alios
2817 784 3076 850 oderitis;
3110 799 3178 839 ne
3204 784 3349 838 hunc
3374 786 3711 848 sustentetis,

2133 884 2190 929 et
2226 875 2376 930 illum
2425 875 2720 946 neglegatis
2749 895 2761 929 :
2789 883 2846 930 et
2892 890 3082 930 cassus
3107 875 3410 930 inveniatur
3440 875 3601 931 labor
3638 892 3713 931 ve-

2137 975 2267 1032 Ster,
2307 975 2363 1021 et
2384 968 2561 1022 omnis
2604 968 2768 1022 sudor
2789 975 3009 1036 pereat;
3038 975 3093 1021 et
3120 966 3335 1037 quando
3366 966 3616 1021 exicritis
3658 968 3721 1022 de

2147 1071 2397 1125 corpore,
2423 1065 2479 1110 et
2508 1056 2574 1111 de
2603 1056 2787 1110 mundi
2816 1055 2977 1123 hujus
3012 1056 3226 1111 turbine
3254 1056 3470 1111 liberati
3505 1066 3719 1127 portum

2143 1163 2240 1202 vos
2266 1147 2588 1218 putaveritis
2612 1146 2811 1217 quietis
2851 1147 3075 1211 intrare,
3110 1155 3238 1202 tunc
3262 1147 3555 1202 inveniatis
3580 1147 3719 1216 inju-

2138 1237 2299 1292 stitize
2319 1236 2599 1307 naufragia
2623 1253 2638 1301 ;
2670 1246 2728 1291 et
2754 1238 2808 1291 in
2854 1253 2959 1307 qua
2987 1253 3241 1293 mensura
3269 1239 3444 1294 mensi
3473 1240 3611 1294 estis
3644 1255 3723 1293 re-

2140 1328 2394 1382 metiatur
2414 1328 2567 1383 vobis
2591 1329 2660 1384 ab
2688 1343 2755 1383 eo
2777 1329 2866 1398 qui
2898 1344 3160 1399 personas
3195 1330 3249 1383 in
3272 1328 3480 1398 judicio
3505 1346 3615 1385 non
3638 1347 3723 1386 ac-

2142 1417 2293 1486 cipit.
2339 1415 2559 1486 Siquid
2588 1417 2819 1473 mortale
2875 1427 2970 1472 aut
3013 1418 3216 1487 aliquid
3264 1416 3619 1489 turpitudinis
3657 1422 3723 1475 ob

2143 1508 2525 1580 negligentiam
2556 1510 2970 1578 prmpositorum
3001 1509 3054 1562 in
3099 1509 3347 1565 domibus
3374 1510 3724 1565 commissum

2144 1601 2328 1666 fuerit,
2374 1601 2393 1639 ί
2426 1609 2548 1671 post
2584 1600 2796 1656 illorum
2849 1600 3067 1671 propria
3096 1600 3378 1670 supplicia,
3405 1601 3729 1670 pmpositus

2145 1705 2359 1760 quoque
2381 1706 2508 1746 reus
2538 1691 2812 1745 tenebitur
2836 1699 2889 1746 et
2915 1691 3179 1746 criminis.
3221 1689 3373 1757 Quod
3397 1703 3615 1761 semper
3634 1706 3731 1746 no-

472 1770 618 1852 munt
643 1795 937 1868 proximum
981 1807 1154 1845 suum.
1219 1789 1285 1843 Et
1310 1790 1506 1843 iterum
1536 1804 1549 1840 :
1576 1785 1637 1864 Si
1664 1786 1880 1841 invicem
1909 1800 2046 1838 mor—
2074 1770 2122 1829 Β
2148 1781 2232 1836 bis
2252 1789 2454 1837 sanctae
2475 1780 2789 1836 memoria)"
2814 1779 2976 1836 Pater
3001 1788 3187 1854 noster
3213 1780 3421 1836 solebat
3460 1780 3729 1851 ingerere.

473 1890 602 1943 detis
645 1896 691 1941 et
742 1882 1022 1947 devoratis,
1076 1879 1241 1935 videte
1280 1894 1343 1932 ne
1389 1878 1614 1931 invicem
1665 1874 2046 1929 consumamini

477 1977 618 2048 (Gal.
647 1976 723 2048 v).
784 1974 861 2028 Ex
891 1988 998 2042 quo
1027 1977 1269 2040 apparet,
1307 1967 1470 2034 quod,
1504 1966 1595 2035 qui
1618 1964 1841 2018 alterius
1868 1970 2052 2018 servat

479 2067 735 2130 animam,
766 2070 951 2118 custos
985 2060 1178 2115 animae
1206 2072 1315 2113 suae
1358 2057 1447 2111 sit.
1511 2055 1618 2111 Sed
1659 2063 1713 2109 et
1758 2069 1875 2120 vos,
1900 2053 1926 2094 ἀ
1957 2053 2050 2123 qui

478 2154 702 2211 secundi
746 2152 880 2207 estis
905 2147 1268 2213 monasteriis,
1300 2147 1506 2216 primos
1528 2160 1623 2200 vos
1672 2143 1923 2199 exhibete
1943 2142 2053 2196 vir-

482 2244 705 2306 tutibus,
735 2255 802 2295 ne
830 2239 950 2310 quis
965 2238 1094 2293 vitio
1119 2245 1299 2292 vestro
1326 2224 1511 2306 pereat
1535 2249 1549 2288 :
1573 2250 1641 2289 ne
1684 2233 1976 2288 incurratis
1997 2232 2052 2285 in

483 2335 614 2390 illud
641 2332 1007 2404 opprobrium,
1041 2330 1093 2384 in
1116 2344 1222 2398 quo
1246 2327 1476 2383 incurrit
1508 2326 1598 2381 ille
1622 2325 1715 2396 qui
1742 2323 1974 2379 comedit
2000 2332 2057 2377 et

482 2425 619 2479 bibit
637 2437 756 2477 cum
782 2420 967 2485 ebriis,
988 2428 1163 2474 etnon
1191 2417 1340 2473 dedit
1365 2418 1418 2472 in
1448 2428 1687 2487 tempore
1718 2430 1818 2471 suo
1838 2429 2056 2470 conser-

486 2517 565 2572 vis
591 2515 792 2573 cibaria
822 2512 1033 2587 (Matth.
1066 2510 1237 2585 utr).

879 2603 906 2676 §
939 2601 1068 2658 Vill.
1107 2633 1177 2643 -—
1214 2600 1349 2657 Item
1378 2601 1633 2673 ejusdem.

551 2697 625 2751 Et
666 2710 781 2761 vos,
812 2693 1020 2759 Patres,
1059 2693 1223 2748 nolite
1271 2708 1568 2764 provocare
1604 2692 1672 2747 ad
1724 2689 2056 2747 iracundiam

477 2787 627 2842 ‘lilios
653 2793 893 2851 vestros;
940 2783 1037 2840 sed
1065 2783 1302 2838 enutrite
1348 2797 1443 2838 eos
1479 2784 1534 2838 in
1569 2782 1854 2852 disciplina
1880 2790 1936 2836 et
1963 2781 2060 2836 ad-

490 2878 781 2932 monitione
811 2893 823 2929 :
855 2885 910 2931 et
923 2876 1134 2941 scitote,
1158 2863 1305 2945 quod
1323 2876 1411 2930 cui
1440 2875 1561 2945 plus
1590 2875 1776 2929 datum
1805 2881 1910 2939 est,
1937 2874 2059 2945 plus

489 2968 747 3037 qnmritur
770 2965 838 3019 ab
865 2980 960 3031 es;
1014 2972 1071 3019 et
1107 2966 1195 3019 cui
1226 2964 1347 3035 plus
1392 2964 1658 3021 creditum
1687 2972 1790 3029 est,
1826 2963 2058 3034 amplius

482 3059 722 3129 exigitur
742 3056 964 3128 (Ep/tes.
987 3072 1070 3122 v1;
1101 3054 1302 3110 Coloss.
1328 3054 1433 3126 ιιι).
1460 3053 1571 3110 Nec
1600 3062 1807 3109 tantum
1836 3070 1900 3110 ea
1926 3068 2055 3108 con-

2588 1873 2618 1945 §
2661 1872 2730 1927 X.
2769 1902 2840 1913 -—
2872 1872 3007 1927 Item
3043 1872 3297 1943 ejusdem.

2224 1965 2328 2019 Vos
2359 1964 2522 2035 igitur
2543 1964 2637 2033 qui
2663 1964 2798 2019 estis
2826 1964 2857 2005 ιλ
2878 1963 3152 2034 principes
3179 1963 3663 2029 monasteriorum,
3690 1966 3734 2019 si

2149 2072 2286 2126 quos
2308 2056 2488 2125 aliqua
2510 2070 2569 2111 re
2601 2054 2844 2110 videritis
2870 2054 3132 2125 indigere,
3156 2064 3213 2110 et
3245 2070 3370 2111 esse
3399 2056 3455 2109 in
3486 2056 3735 2126 angustia

2138 2147 2498 2211 constitutos,
2522 2146 2686 2201 nolite
2713 2160 2808 2201 eos
2835 2145 3127 2217 negligere,
3162 2147 3398 2202 scientes
3440 2149 3587 2217 quod
3614 2148 3735 2202 red-

2159 2239 2324 2294 dituri
2371 2238 2504 2294 estis
2532 2238 2800 2293 rationem
2824 2252 2923 2309 pro
2953 2238 3102 2293 omni
3135 2253 3323 2310 grege,
3368 2254 3537 2309 super
3575 2253 3738 2309 quem

2156 2346 2254 2387 vos
2277 2330 2513 2402 Spiritus
2535 2337 2755 2386 sanctus
2779 2328 3061 2385 constituit
3084 2329 3349 2399 inspicere
3369 2336 3426 2383 et
3458 2332 3474 2370 ί
3508 2344 3739 2399 pascere

2152 2421 2446 2478 Ecclesiam
2487 2420 2604 2486 Dei,
2632 2435 2795 2490 quam
2829 2419 3117 2490 acquisivit
3153 2431 3167 2469 ι
3206 2418 3427 2490 proprio
3476 2419 3741 2490 sanguine

2173 2514 2305 2587 (Act.
2332 2513 2446 2581 xx).
2491 2512 2785 2582 Propterea
2810 2526 2911 2567 nos
2940 2511 3032 2581 qui
3052 2509 3306 2566 fortiores
3333 2525 3544 2577 sumus,
3573 2512 3737 2566 debe-

2155 2622 2275 2661 mus
2304 2605 2648 2660 inﬁrmitates
2702 2602 3064 2658 lnvalidorum
3091 2602 3119 2642 ιι
3144 2610 3267 2672 port
3303 2617 3381 2667 re,
3431 2612 3487 2657 et
3516 2618 3622 2656 non
3649 2618 3743 2656 no-

2155 2696 2486 2766 bismetipsis
2505 2696 2740 2765 placere,
2759 2694 2853 2749 sed
2873 2694 3120 2764 proximo
3134 2695 3187 2748 in
3216 2693 3455 2761 1bonum
3476 2694 3544 2748 ad
3574 2694 3747 2747 aedili-

2155 2787 2422 2843 cationem
2443 2784 2621 2855 (Rom.
2650 2782 2761 2855 xv).
2816 2781 2951 2839 Nam
2970 2783 3218 2839 Christus
3241 2799 3348 2838 non
3371 2783 3475 2838 sibi
3506 2783 3733 2853 placuit,

2158 2878 2254 2933 sed
2279 2877 2419 2932 sicut
2439 2874 2699 2943 scriptum
2724 2883 2807 2928 est
2830 2891 2845 2927 :
2879 2872 3171 2944 Opprobria
3192 2874 3622 2944 exprobrantium
3650 2874 3747 2926 tibi

2163 2968 2462 3022 ceciderunt
2492 2981 2653 3035 super
2673 2980 2754 3018 me
2784 2961 2955 3035 (Psal.
2979 2964 3189 3033 vam).
3300 3036 3303 3039 _

2376 3056 2405 3129 §
2436 3056 2611 3110 XL—
2639 3054 2720 3109 Ex
2756 3053 3021 3108 EPISTOLA
3049 3067 3235 3107 ssnon
3271 3050 3529 3107 CAESAR".

491 3117 739 3207 sideretis
758 3117 880 3219 quae
913 3117 1067 3203 vobis
1103 3146 1340 3217 prosint;
1387 3117 1482 3201 sed
1502 3154 1557 3200 et
1589 3145 1679 3199 illa
1709 3160 1829 3215 qua:
1871 3144 2060 3216 proxi-
2087 3117 2133 3179 Ε
2235 3159 2277 3184 ιι
2315 3117 2449 3207 Cum
2479 3165 2609 3205 vero
2634 3146 3059 3203 annuntiandum
3099 3146 3324 3201 verbum
3352 3145 3447 3200 Dei
3471 3153 3526 3201 te
3567 3143 3750 3200 fratri-

565 3296 591 3324 α
628 3280 986 3353 Περτεςαηάο.
1038 3278 1097 3333 in
1151 3285 1299 3353 te_xtu
1351 3276 1539 3353 Grzeco
1580 3297 1592 3332 :
1649 3281 1780 3349 μετά
1832 3276 2063 3353 δακρύων

488 3348 752 3417 “uenas,
799 3351 850 3404 id
878 3358 979 3421 est,
1028 3364 1153 3404 eum
1199 3348 1456 3421 lacrymis
1485 3363 1729 3414 monens,
1759 3358 1821 3403 ut
1852 3348 1908 3402 in
1929 3348 2061 3403 'ver-

496 3425 651 3479 sione
686 3420 976 3477 communi.

566 3495 599 3573 b_
636 3490 718 3546 Ne
745 3490 972 3573 quis‘per
995 3498 1223 3573 nostram
1252 3487 1502 3573 duritiam
1528 3498 1725 3573 pereat:
1750 3487 1923 3573 Quam
1941 3503 2063 3573 per-

488 3563 698 3618 niciosa
723 3558 794 3615 sit
827 3558 990 3613 nimia
1021 3568 1289 3613 rectorum
1327 3558 1532 3628 ssevitia
1557 3574 1623 3612 ex
1646 3558 1889 3628 subjecto
1913 3558 2064 3628 pate-

494 3634 573 3688 bit
596 3629 861 3700 exemplo.
920 3628 1199 3700 Quondam
1230 3642 1393 3700 prope
1441 3627 1837 3700 salizburgumg
1865 3627 1927 3700 in
1949 3642 2065 3700 mo-

495 3697 980 3757 nasterio'sanctze
1024 3697 1343 3753 Erentrudis
1359 3698 1603 3767 quaedam
1649 3697 1766 3753 erat
1792 3697 2065 3753 abbatissa

496 3772 713 3827 nomine
749 3768 1000 3832 Wiradis,
1050 3782 1235 3823 severa
1276 3769 1436 3823 nimis
1504 3769 1557 3822 in
1602 3767 2061 3823 sanctimoniales.

495 3841 632 3897 Huic
658 3848 777 3896 erat
806 3838 969 3892 frater
994 3837 1368 3893 sanctissimus
1390 3837 1606 3892 nomine
1636 3837 1946 3901 Mazalinus,
1971 3838 2066 3893 ab—

496 3912 595 3965 bas
640 3908 954 3965 monasterii
981 3909 1150 3963 sancti
1186 3908 1349 3972 Petri,
1401 3923 1505 3961 non
1556 3907 1742 3977 procul
1771 3908 1837 3961 ab
1878 3908 2064 3961 eadem

496 3981 650 4036 urbe.
681 3980 902 4060 _{\ccidit
930 3979 1093 4060 igitur
1118 3985 1180 4060 ut
1218 3977 1465 4060 quasdam
1492 3977 1918 4060 sanctimonialis
1945 3992 2063 4060 mo-

497 4050 715 4104 nasterii
745 4046 1283 4103 satietatErentrudis
1298 4058 1557 4116 concepto
1580 4046 1712 4101 fmtu
1749 4047 1926 4101 alvum
1963 4047 2064 4100 du-

498 4129 668 4176 ceret.
721 4117 1036 4171 lmminente
1086 4125 1243 4185 partu
1279 4117 1478 4171 misera
1533 4116 1619 4169 illa
1679 4118 1802 4170 hinc
1842 4117 2068 4183 ignomi-

498 4190 663 4251 niam,
686 4187 814 4240 binc
842 4186 1128 4239 verberum
1169 4187 1507 4239 atrocitatem
1540 4197 1782 4240 metuens
1809 4188 1859 4240 in
1893 4186 2066 4240 sacel-

497 4259 608 4314 lum
640 4255 811 4312 sancti
842 4253 949 4309 Viti
979 4269 1037 4309 se
1066 4254 1311 4319 contulit,
1346 4256 1623 4322 oravitque
1652 4267 1712 4310 ut
1760 4256 1925 4308 tantis
1960 4255 2064 4309 mi-

495 4327 660 4382 seriis
712 4325 999 4380 levaretur.
1053 4324 1180 4379 Post
1228 4326 1524 4379 orationcm
1562 4325 1916 4388 obdormivit,
1973 4326 2067 4381 sed

496 4395 891 4467 expergefacta;
919 4395 1047 4467 nihil
1086 4395 1467 4467 consolationis
1514 4395 1711 4467 retulit.
1773 4395 2065 4467 Desperata

2122 3272 2123 3275 η
2163 3285 2457 3343 notandum
2497 3292 2581 3340 est
2600 3284 2752 3355 plura
2780 3281 3104 3355 monasteria
3145 3279 3748 3355 asancto‘l’acbomio,

2163 3356 2316 3426 cujus
2336 3355 2436 3426 fuit
2460 3350 2730 3411 Orsiésius
2757 3352 3070 3426 discipulus,
3097 3351 3362 3426 telilicata
3386 3350 3581 3416 fuisse,
3627 3367 3748 3426 quia:

2164 3421 2449 3481 in'multas
2475 3426 2676 3480 classes
2704 3438 2801 3479 seu
2857 3423 3044 3476 domos
3079 3421 3328 3475 distincta
3359 3430 3544 3484 erant,
3572 3433 3629 3475 et
3657 3422 3754 3475 do-

2164 3513 2287 3552 mus
2308 3497 2361 3551 in
2397 3495 2577 3551 cellas.
2604 3494 2789 3562 Itaque
2819 3492 2873 3546 in
2897 3490 3121 3561 singulis
3142 3491 3484 3562 monasteriis
3504 3492 3558 3545 hi
3595 3500 3754 3545 erant

2167 3566 2473 3635 superiores
2493 3583 2506 3618 :
2531 3561 2718 3635 primo
2732 3562 2977 3635 princeps
2997 3561 3329 3635 monasterii,
3345 3562 3437 3629 qui
3467 3562 3747 3635 et_abbas;

2166 3632 2289 3706 post
2320 3650 2442 3689 eum
2471 3632 2810 3706 praepositus,
2865 3632 2957 3706 qui
2996 3632 3312 3706 appellatur_
3338 3632 3611 3686 secundus
3639 3645 3753 3684 mo-

2168 3701 2428 3769 nasterii;
2474 3701 2669 3758 deinde
2704 3712 2861 3757 erant
2907 3702 3240 3771 singularum
3282 3701 3593 3763 domorum,
3654 3716 3749 3755 seu

2167 3775 2418 3831 classium
2446 3774 2739 3845 prtepositi,
2792 3781 2846 3826 et
2881 3779 2999 3845 post
3023 3786 3116 3825 eos
3139 3771 3358 3845 secundi
3416 3771 3751 3845 singularum

2169 3839 2473 3909 domorum,
2523 3839 2583 3898 ut
2630 3843 2814 3897 videre
2842 3839 2924 3895 est
2981 3839 3035 3894 in
3086 3841 3277 3895 eodem
3315 3839 3544 3896 Orsiesii
3587 3840 3748 3895 libro.

2171 3915 2451 3969 Secundus
2474 3914 2527 3968 in
2553 3912 2902 3975 monasterio,
2931 3910 2984 3965 id
2998 3918 3081 3964 est
3108 3912 3427 3980 praepositus
3449 3910 3752 3980 appellatur

2170 3985 2491 4057 aZacharia
2518 3998 2653 4057 papa
2689 3982 2744 4035 in
2770 3980 3008 4052 Dialogis
3029 3980 3376 4057 δευτεράριος,
3414 3995 3467 4047 a,
3516 3980 3752 4054 δεύτερος

2167 4056 2222 4109 id
2251 4064 2354 4119 est,
2392 4056 2676 4108 secundus.

2247 4136 2269 4163 θ
2308 4124 2492 4177 Cavete
2514 4139 2574 4175 ne
2598 4121 2732 4174 alios
2761 4120 3021 4189 diligatis,
3053 4129 3158 4174 etc.
3204 4119 3348 4173 idem
3378 4129 3609 4177 sanctus
3648 4119 3751 4174 0r-

2170 4194 2365 4274 siesius
2389 4208 2572 4274 supra,
2595 4190 2739 4274 ‘IHNB
2764 4190 3000 4274 alterum.
3016 4205 3183 4274 ames,
3201 4200 3254 4244 et
3278 4191 3510 4245 alterum
3533 4194 3711 4248 oderis
3733 4232 3748 4256 ,

2169 4264 2263 4319 sed
2288 4259 2498 4317 cunctis
2524 4261 2782 4316 exhibeas
2811 4259 3193 4329 aequalitatem.
3235 4280 3253 4310 ι

2249 4332 2267 4371 ί
2312 4331 2440 4385 Post
2466 4331 2698 4385 illorum.
2740 4328 2842 4395 Qui
2873 4328 3230 4398 peccaverunt
3259 4329 3534 4385 videlicet.

2248 4403 2273 4441 ³
2310 4400 2473 4455 Pater
2502 4410 2691 4454 noster.
2738 4399 2966 4453 Sanctus
2982 4399 3322 4453 Pachomius.

498 4460 1296 4540 factum:diabolo_in_teternam
1346 4463 1745 4540 damnationem
1803 4460 2058 4540 transcri-

2240 4471 2268 4510 ιι
2312 4469 2579 4540 Principes
2608 4469 3061 4523 monasteriorum.
3115 4470 3169 4522 Id
3191 4475 3274 4522 cst
3299 4469 3552 4538 abbates,
3582 4480 3636 4524 ut
3658 4487 3749 4525 su-

498 4538 628 4608 psit.
668 4536 805 4608 Tum
828 4535 910 4588 vir
934 4534 1028 4608 Dei
1055 4532 1350 4608 Mazalinus
1379 4533 1432 4586 in
1456 4532 1587 4588 cella
1616 4548 1778 4587 orans
1808 4535 2065 4608 viditﬁdief

500 4603 686 4661 mones
710 4606 861 4658 laetos
890 4603 1175 4657 admodum
1201 4618 1385 4657 coram
1416 4618 1474 4656 se
1515 4611 1875 4657 transeuntes.
1929 4605 2068 4669 Quid

499 4691 680 4731 rerum
710 4681 871 4735 esset,
906 4689 1000 4727 eos
1025 4673 1397 4743 interrogavit.
1457 4671 1531 4725 llli
1560 4673 1761 4741 grande
1798 4675 2070 4743 negotium

497 4760 619 4800 esse
646 4744 1057 4813 responderunt.
1110 4741 1370 4813 Praecepit
1402 4743 1492 4813 vir
1515 4743 1633 4813 Dei,
1644 4752 1714 4813 ut
1751 4757 1816 4795 eo
1852 4741 2071 4812 peracto

496 4817 642 4870 adse
669 4811 1065 4882 quamprimum
1091 4812 1346 4882 redirent.
1398 4811 1597 4866 Euntes
1623 4811 1696 4865 illi
1719 4811 1942 4882 puerum
1972 4829 2069 4867 na-

500 4895 611 4940 tum
642 4881 979 4953 repererunt,
1010 4890 1069 4953 et
1092 4881 1273 4936 subito
1294 4890 1506 4951 raptum
1536 4883 1602 4935 ad
1625 4881 2075 4953 sanctuml‘laza-

502 4956 670 5008 linum
704 4951 976 5016 tulerunt,
1022 4951 1072 5005 ei
1112 4965 1229 5021 rem
1253 4960 1457 5021 gestam
1489 4961 1788 5005 narrantes.
1847 4951 1955 5006 Eos
1978 4967 2074 5021 per

501 5025 667 5099 Deum
699 5033 918 5099 sanctus
964 5021 1130 5075 abbas
1152 5019 1431 5099 adjnravit,
1468 5029 1525 5099 ut
1550 5034 1777 5099 puerum
1808 5021 1908 5099 sibi
1935 5019 2071 5099 _t;r_a-_

501 5095 709 5147 dvrent.
755 5090 856 5157 Qui
887 5104 1079 5161 parere
1104 5089 1297 5161 coacti,
1325 5088 1528 5143 infante
1553 5088 1604 5142 in
1629 5088 1820 5161 cellam
1848 5090 1949 5143 viri
1980 5090 2074 5145 Dei

503 5162 762 5231 projecto,
787 5158 1055 5215 abierunt.
1106 5158 1346 5231 Surgens
1384 5158 1924 5231 sanctusMazalinus
1952 5176 2076 5217 cum

504 5228 668 5301 puero
706 5240 833 5284 ante
856 5243 1109 5301 auroram
1138 5228 1205 5282 ad
1224 5228 1507 5301 sororem
1537 5228 1863 5282 abbatissam
1914 5232 2076 5295 venit,

502 5298 727 5371 puerum
756 5300 931 5361 dedit;
961 5307 1016 5371 et
1048 5312 1106 5352 re
1126 5305 1273 5371 gesta
1306 5311 1372 5371 ex
1395 5298 1585 5352 ordine
1613 5306 1830 5371 narrata
1852 5313 1970 5371 eam
2002 5302 2073 5355 ob

503 5367 763 5450 saevitiam
809 5368 1052 5424 severius
1101 5367 1376 5433 adhibuit,
1430 5382 1764 5438 puerumque
1807 5370 2070 5440 baptizari

528 5441 681 5494 ussit.

499 5455 805 5562 ’tlis‘IO’ater
827 5517 1016 5561 noster.
1065 5504 1298 5560 Sanctus
1324 5506 1662 5562 Pachomius.

573 5578 599 5617 ιι
640 5578 743 5641 Qui
766 5577 976 5629 secundi
1014 5578 1134 5628 estis
1165 5578 1511 5647 monasteriis.
1567 5577 1624 5631 Id
1672 5585 1774 5638 est,
1804 5579 2073 5647 prtepositi

502 5647 972 5708 monasteriorum,
1002 5644 1220 5699 secundi
1247 5656 1369 5711 post
1412 5647 1656 5701 abbates.
1714 5644 1847 5713 Quia
1890 5644 1943 5700 in
1972 5650 2073 5704 hoc

507 5716 645 5770 libro
666 5713 882 5769 Orsiesii
907 5715 1108 5767 mentio
1154 5714 1213 5767 ιιι
1238 5717 1574 5785 superiorum
1601 5717 1796 5771 diversi
1837 5719 2071 5787 generis,

2169 4556 2263 4612 pra
2294 4548 2539 4612 n_otatum
2568 4548 2669 4612 est.

2245 4613 2262 4651 ί
2305 4609 2548 4664 Pascere.
2583 4608 2660 4680 Ita
2691 4609 2742 4663 in
2766 4617 2917 4664 textu
2941 4608 3166 4664 Graeco:
3196 4612 3501 4680 ποιμαίνειν.
3545 4611 3606 4666 In
3632 4626 3749 4669 vet:-

2166 4679 2616 4761 sioonencommuni
2651 4697 2664 4732 :
2700 4696 2893 4761 regere.

2243 4748 2256 4799 i
2315 4749 2536 4819 Propria
2580 4747 2852 4817 sanguine.
2919 4749 2989 4805 Ut
3039 4749 3092 4804 in
3148 4757 3293 4805 textu
3337 4747 3574 4805 Graaco:
3623 4749 3746 4808 ἰδίου

2169 4821 2408 4888 uipera;
2448 4819 2504 4872 ln
2532 4820 2777 4873 versione
2812 4819 3082 4888 communi
3108 4838 3119 4872 :
3159 4819 3426 4888 Sanguine
3456 4837 3575 4875 suo.

2245 4889 2273 4927 ι
2314 4887 2555 4941 Portare.
2599 4888 2666 4960 Ut
2694 4888 2744 4940 in
2773 4895 2922 4960 textu
2946 4887 3135 4943 ϐιωεο
3166 4906 3178 4942 :
3212 4890 3512 4960 βαστὰζιιν.
3559 4892 3614 4945 lu
3641 4906 3747 4946 ver-

2171 4957 2326 5011 sione
2348 4958 2644 5019 communi,
2672 4956 2952 5010 sustinere.

2250 5025 2266 5064 ι
2311 5025 2377 5078 1η
2400 5027 2609 5078 bonum.
2675 5024 2729 5077 In
2754 5041 2955 5080 excuso
3009 5025 3229 5082 Orsiesii
3267 5027 3447 5082 libro:
3484 5027 3553 5083 In
3578 5029 3748 5091 bona;

2174 5096 2333 5150 male.
2378 5095 2443 5176 In.
2472 5102 2623 5149 textu
2692 5094 2922 5150 Grteco:
2975 5100 3045 5159 εἰς
3074 5098 3278 5170 ἀγαθόν,
3324 5106 3381 5151 ιιι
3422 5099 3475 5151 in
3511 5099 3749 5152 versione

2175 5180 2467 5221 commum.

2247 5244 2285 5266 ι·
2314 5233 2445 5306 Cum
2470 5249 2609 5306 vero.
2644 5232 2781 5306 glloc
2802 5232 3162 5306 fragmentum
3195 5247 3279 5306 est
3307 5236 3555 5306 epistolae
3587 5237 3747 5292 sancti

2178 5304 2397 5360 Caesarii
2421 5304 2657 5374 episcopi
2689 5303 3020 5374 Arelatensis
3071 5304 3140 5359 ad
3176 5303 3481 5359 Oratoriam
3520 5308 3748 5362 abbatis-

2175 5389 2311 5447 sam,
2350 5373 2492 5447 quod
2516 5373 2933 5447 etiambabetur
2960 5375 3013 5447 in
3044 5374 3265 5447 Consilii
3300 5376 3751 5447 Aquisgranensis

2175 5444 2273 5516 lib.
2300 5459 2339 5497 ιι
2371 5444 2434 5497 de
2464 5443 2802 5516 institutione
2832 5444 3336 5516 sanctimonialium,
3370 5443 3498 5516 cap:
3542 5448 3597 5512 7,
3620 5447 3753 5516 licet

2176 5513 2367 5585 fusius,
2411 5512 2657 5585 quamvis
2683 5510 2855 5585 multa
2879 5513 2968 5585 hic
3006 5513 3323 5585 habeantur,
3366 5510 3489 5585 quae
3530 5510 3635 5570 man
3668 5532 3754 5570 ex-

2176 5592 2322 5637 stant
2356 5583 2408 5636 in
2447 5583 2611 5636 citato
2645 5581 2861 5635 concilii
2891 5582 3045 5636 libro.
3103 5583 3306 5638 Auctor
3352 5581 3538 5638 autem
3574 5595 3754 5640 noster

2176 5667 2288 5731 pro.
2301 5666 2451 5731 more
2479 5667 2577 5709 suo
2602 5650 2920 5706 femininum
2949 5667 3121 5724 genus
3167 5652 3222 5707 in
3250 5654 3611 5709 masculinum
3643 5671 3754 5710 ma.

2181 5728 2336 5776 tavit.
