3958 6198
311 318 408 372 731

1274 311 1661 370 CONCORDIA
1700 310 1903 367 REGUI

2023 310 2149 366 ΕΜ.
2187 340 2259 351 -
2295 310 2521 367 CAPUT
2562 311 2623 367 ν.
2925 336 2934 345 ο
3465 316 3566 367 7r}:

312 431 418 485 bus
446 427 805 492 alfectaveris,
835 440 930 482 seu
959 440 1058 499 pro
1076 426 1307 481 utilitate
1332 426 1655 488 animarum,
1686 433 1894 479 tenore-
1920 425 1972 485 Α
1996 421 2225 478 sibilitas
2251 431 2447 487 exstat,
2474 439 2629 495 tequo
2654 424 3020 480 moderamine
3041 426 3315 498 disponas,
3340 429 3564 497 parique

310 535 418 590 que
445 518 645 591 regulae
685 517 1065 573 constituendo
1095 516 1391 572 necessitas
1419 515 1725 571 incubuerit
1757 529 1783 556 α
1814 515 1892 568 al-

311 609 577 672 tercandi,
618 608 766 680 prius
810 615 972 663 cauta
1004 605 1437 662 consideratione
1478 620 1741 674 perpensa
1774 643 1789 667 ,
1834 612 1892 656 ut

309 700 455 772 quod
484 716 579 756 ore
606 699 835 771 promis,
865 698 1024 755 factis
1071 699 1316 767 impleas,
1349 706 1410 752 ut
1438 699 1579 766 quod
1606 696 1728 750 aliis
1757 711 1893 766 prm-

310 792 485 856 dicas,
516 789 771 860 operibus
789 789 1034 859 prazbeas
1060 807 1074 842 :
1102 788 1310 845 scilicet
1338 796 1397 841 ut
1438 788 1490 840 in
1518 786 1625 841 tuis
1656 784 1895 840 humeris

312 894 477 956 atque
502 881 804 939 cervicibus
831 881 982 951 prius
1027 881 1251 946 sentias,
1280 888 1461 934 utrum
1495 878 1752 950 gravibus
1800 884 1893 929 aut

312 972 523 1027 levibus
542 971 799 1028 oneribus
830 969 965 1025 colla
995 968 1221 1024 fratrum
1242 976 1465 1024 onustes
1489 985 1504 1033 ;
1535 965 1682 1021 verbi
1699 965 1892 1035 gratia,

312 1062 358 1117 si
402 1058 671 1131 jejunium
723 1072 885 1129 super
931 1057 1302 1127 quotidianum
1335 1096 1349 1120 ,
1397 1055 1482 1109 vel
1515 1054 1895 1108 abstinentiam

315 1155 345 1194 ι’
358 1171 420 1210 ex
429 1163 512 1209 tra
538 1152 1001 1217 consuetudinem,
1018 1166 1119 1206 nec
1135 1166 1262 1212 non,
1288 1158 1347 1203 ut
1368 1136 1588 1211 assolet,
1607 1147 1725 1217 plus
1740 1147 1898 1201 solito

316 1246 372 1299 in
419 1242 609 1313 synaxi
662 1241 896 1312 psalmos
922 1239 1190 1309 placuerit
1238 1238 1545 1293 decantare.
1601 1236 1812 1291 Primus
1844 1236 1898 1290 in

318 1334 550 1391 ecclesia
577 1332 963 1397 inveniaris,et
985 1338 1291 1399 postremus
1321 1343 1515 1392 exeas;
1547 1328 1754 1396 primus
1781 1344 1900 1382 sus-

320 1430 495 1500 cipias
550 1427 813 1489 laborem,
851 1422 1123 1494 posterior
1167 1421 1379 1485 solvas;
1414 1429 1468 1474 et
1506 1419 1559 1473 in
1587 1419 1900 1489 quotidiano

320 1517 566 1589 corporis
618 1515 876 1571 alimento
933 1524 1095 1583 atque
1123 1512 1400 1568 communi
1444 1511 1570 1566 cibo
1597 1526 1695 1580 par
1723 1510 1797 1565 sis
1818 1510 1902 1564 his

320 1626 446 1666 cum
474 1608 670 1678 quibus
692 1607 812 1678 pari
843 1607 897 1661 in
927 1620 1116 1661 mensa
1141 1604 1311 1659 uteris
1334 1614 1356 1641 υ
1389 1618 1688 1667 consensu;
1714 1602 1900 1656 iisdem

323 1700 554 1769 denique
600 1704 656 1752 et
689 1704 746 1751 tu
770 1697 965 1766 quibus
1016 1694 1213 1749 fratres
1247 1692 1573 1748 ferculorum
1622 1691 1902 1761 saporibus

323 1790 593 1846 delectare
616 1806 631 1854 ;
659 1796 715 1843 et
736 1787 962 1858 :equalia
986 1787 1140 1841 vobis
1161 1785 1363 1841 cibaria
1388 1784 1740 1854 potionesque
1762 1798 1903 1837 com-
1929 1772 1975 1830 Β

324 1892 515 1933 manes
542 1877 831 1933 exhibeant
855 1874 1109 1931 discoferi
1135 1875 1218 1930 vel
1241 1874 1531 1944 pincernm.
1577 1873 1902 1927 Primatum-

323 1984 431 2038 que
455 1976 626 2034 tuum,
659 1983 818 2038 quem
842 1967 991 2038 prior
1015 1966 1083 2020 ad
1115 1980 1357 2019 mensam
1384 1974 1555 2029 tenes,
1585 1962 1791 2032 primus
1832 1961 1902 2015 ad

323 2063 579 2117 virtutem
600 2059 947 2130 parcimonizc
960 2057 1223 2121 vindices,
1237 2054 1713 2117 utabstinentiam,
1737 2067 1899 2121 quam

324 2153 507 2223 lingua
548 2150 825 2221 prtedicat,
863 2147 1123 2217 proxima:
1152 2144 1336 2200 fauces
1364 2142 1448 2197 vel
1479 2142 1687 2196 vicinus
1707 2140 1915 2195 sentiat

322 2242 661 2298 stomachus.
715 2237 793 2294 Ne
834 2237 973 2292 forte
1017 2235 1215 2291 subditi
1242 2235 1521 2289 audientes
1550 2231 1730 2286 tacitis
1757 2230 1903 2301 cogi-

328 2333 622 2390 tationibus
648 2330 845 2387 dicant.
872 2329 899 2370 ἀ
959 2329 1003 2386 Ο
1031 2343 1192 2399 quam
1206 2327 1427 2399 pulchre
1443 2326 1598 2379 nobis
1624 2324 1903 2379 abstinen-

324 2426 455 2480 tiam
481 2423 742 2495 przedicat
765 2422 954 2492 plenus
975 2428 1163 2475 venter
1193 2460 1208 2485 ,
1229 2426 1283 2473 et
1307 2429 1330 2457 θ
1355 2422 1637 2472 contentos
1678 2428 1777 2468 nos
1814 2413 1903 2483 ju-

329 2518 420 2573 bet
457 2532 581 2572 esse
625 2513 902 2569 vilissimis
932 2512 1067 2568 cibis
1117 2526 1182 2566 ac
1217 2508 1443 2580 poculis,
1470 2505 1742 2561 accuratis
1766 2503 1904 2558 cibis

326 2608 640 2679 poculisque
692 2604 950 2660 refertum
988 2610 1170 2673 guttur
1197 2611 1252 2656 et
1290 2608 1564 2653 eructans.
1629 2597 1721 2651 illa
1757 2597 1902 2651 enim

327 2699 394 2755 de
419 2697 749 2754 abstinentia
775 2695 1085 2766 prmdicatio
1115 2691 1459 2762 acceptabilis
1482 2699 1583 2753 est,
1623 2703 1785 2759 quam
1825 2687 1904 2741 lu-

327 2792 439 2846 rida
473 2789 695 2859 jejuniis
740 2804 837 2843 ora
866 2789 1172 2843 decantant.
1226 2785 1295 2839 Et
1329 2784 1383 2837 in
1414 2783 1498 2837 his
1528 2781 1778 2837 omnibus
1800 2779 1904 2835 hoc

326 2881 544 2935 noveris
572 2878 884 2941 convenire,
915 2886 974 2932 ut
998 2876 1211 2947 angusti
1238 2874 1389 2929 callis
1417 2873 1635 2936 itinera,
1661 2886 1756 2941 per
1784 2884 1905 2939 qua:

326 2969 506 3027 socios
530 2983 811 3022 ammones
844 2966 862 3004 τ
890 2966 1060 3035 gradi,
1111 2966 1257 3035 prior
1287 2964 1400 3034 ipse
1439 2961 1720 3033 gradiaris.
1771 2959 1902 3014 Om-

327 3062 416 3115 nia
448 3076 572 3131 qum
599 3059 806 3130 agenda
836 3066 965 3112 sunt
1013 3066 1140 3111 ante
1170 3055 1328 3110 factis
1353 3055 1600 3126 impleas,
1648 3062 1709 3107 ut
1760 3059 1904 3123 post—

1996 514 2367 571 moderatione
2390 517 2688 587 dispenses,
2718 532 2781 573 ac
2808 532 2993 587 parem
3024 521 3102 574 eis
3135 521 3453 576 charitatem
3476 524 3569 576 im-

1995 606 2228 673 pertias:
2259 616 2315 661 et
2366 622 2471 661 non
2498 607 2825 678 quibuslibet
2869 623 2967 679 per
3012 610 3276 677 privatum
3308 628 3566 671 amorem.

1998 695 2090 749 sed
2114 696 2325 751 cunctis
2350 698 2644 752 secundum
2688 698 2878 753 merita
2902 699 3256 769 singulorum,
3308 718 3425 771 qum
3446 713 3570 758 sunt

1998 788 2327 853 necessaria,
2352 787 2621 858 largiaris.
2675 787 2790 843 Non
2828 790 2919 859 qui
2970 790 3064 844 tibi
3088 791 3236 845 vultu
3271 791 3571 862 intuituquc

1998 877 2320 946 placuerit,h
2353 893 2458 932 non
2487 892 2646 946 quem
2671 878 2767 931 tibi
2798 881 2863 933 ad
2895 880 3108 935 oculum
3133 882 3472 950 cognoveris,
3493 884 3571 938 vel

1999 982 2028 1019 a
2056 965 2209 1034 cujus
2236 967 2498 1022 blandiori
2519 966 2688 1022 fueris
2709 969 2970 1038 obsequio
2998 971 3268 1034 delinitus,
3292 973 3384 1027 sed
3413 989 3573 1043 quem

2001 1072 2153 1111 amor
2195 1056 2417 1123 Christi,
2473 1068 2529 1113 et
2576 1057 2877 1129 religiosior
2916 1062 3376 1119 commendaverit
3429 1065 3571 1129 vita,

2010 1150 2022 1189 ί
2061 1164 2361 1220 prmponas.
2502 1207 2505 1211 I

2105 1241 2132 1313 §
2161 1240 2273 1295 ΧΠ.
2295 1270 2370 1284 -
2401 1240 2479 1295 Ex
2509 1241 2727 1296 Recens
2753 1257 2944 1299 ssnon
2973 1242 3168 1297 lsroom
3208 1244 3348 1314 (cap.
3374 1244 3452 1315 2).

2074 1332 2309 1387 iAbbas
2355 1334 2489 1387 citra
2547 1332 2823 1403 languoris
2878 1336 3258 1390 necessitatem
3314 1336 3464 1392 ciios
3522 1340 3573 1391 in

2001 1432 2293 1493 conspectu
2315 1424 2520 1492 pariter
2565 1440 2688 1478 cum
2714 1422 2976 1479 fratribus
3002 1432 3182 1479 sumat
3209 1443 3222 1478 :
3252 1441 3428 1495 neque
3471 1429 3579 1481 cnl-

2004 1514 2111 1569 tius
2130 1531 2290 1585 quam
2311 1531 2376 1570 ea
2399 1531 2518 1585 qua:
2546 1516 2599 1569 in
2627 1531 2912 1570 commune
2938 1517 3262 1581 consistunt,
3287 1522 3575 1589 praeparati

2004 1606 2108 1662 sibi
2133 1607 2410 1677 quidpiam
2434 1615 2668 1676 expetat.
2707 1607 2908 1677 Sicque
2933 1607 3026 1662 ﬁat
3053 1616 3132 1673 ut,
3164 1608 3292 1663 dum
3340 1626 3579 1679 pnesens

2003 1704 2108 1760 est,
2137 1695 2320 1751 omnia
2342 1696 2630 1767 diligenter
2655 1698 3135 1764 administrentur;
3165 1707 3221 1755 et
3263 1700 3390 1755 dum
3432 1717 3581 1756 COlll—

2004 1787 2187 1841 munia
2222 1794 2370 1852 sunt,
2411 1787 2702 1843 salubriter
2744 1796 2799 1843 et
2827 1804 2948 1844 cum
2981 1789 3248 1844 cliaritate
3277 1801 3576 1846 sumantur.

2002 1876 2254 1948 Equalia
2285 1878 2482 1947 quippe
2531 1886 2691 1933 erunt
2721 1894 3029 1933 mensarum
3083 1880 3324 1935 omnium
3376 1881 3578 1936 fercula

2004 1970 2029 2010 ιι
2051 1969 2446 2039 simillimisque
2490 1968 2758 2025 alimentis
2779 1970 2960 2025 cuncti
2989 1969 3260 2026 reficiendi
3291 1981 3416 2027 sunt
3467 1971 3579 2027 fra-

2004 2068 2136 2114 tres.

2003 2150 2030 2222 §
2055 2148 2286 2205 Xlll.Ex
2302 2150 2519 2207 Renum
2547 2166 2734 2206 ssnon
2760 2151 3035 2206 Fauruos:
3057 2165 3292 2207 EPISCOPI
3309 2150 3577 2222 (cap.20).

2073 2243 2255 2299 Abbas
2296 2242 2380 2299 vel
2432 2244 2752 2314 prmpositus
2783 2244 2981 2299 divinis
3024 2257 3238 2312 semper
3285 2242 3480 2298 officiis
3528 2254 3581 2299 et

2005 2334 2200 2406 vigiliis
2229 2335 2511 2401 intersint;
2546 2345 2604 2391 et
2626 2335 2779 2405 prius
2805 2334 2907 2405 ipsi
2940 2341 3122 2403 agant,
3153 2335 3294 2404 quod
3322 2334 3459 2390 alios
3488 2336 3583 2390 do-

2005 2437 2150 2482 cent.
2176 2464 2179 2465 ν

2148 2517 2175 2588 ς
2204 2516 2345 2572 XIV.
2373 2547 2442 2556 —
2473 2518 2549 2571 Ex
2580 2517 2798 2577 Recens
2829 2516 3099 2572 Fennnou
3131 2514 3268 2589 (cap.
3305 2516 3416 2589 '57).

2081 2604 2099 2645 ι
2117 2607 2187 2662 Ut
2211 2606 2459 2662 abbatem
2486 2608 2697 2663 cunctis
2716 2608 2913 2678 quibus
2940 2618 3136 2677 pmest
3150 2608 3430 2663 monachis
3451 2617 3585 2663 stre-

2005 2697 2184 2752 nuitas
2213 2698 2450 2767 quidem,
2491 2698 2586 2752 sed
2611 2697 2967 2754 mansuetudo
2997 2706 3055 2755 et
3078 2698 3259 2767 potius
3285 2698 3396 2752 vita
3438 2715 3585 2753 com-

2006 2786 2258 2841 mendet:
2291 2787 2365 2840 ita
2396 2796 2456 2840 ut
2482 2787 2629 2840 illum
2658 2794 2904 2860 sanetum
2930 2787 3099 2855 magis
3147 2786 3373 2841 timeant
3420 2804 3582 2856 quam
3680 2794 3685 2799 ‘

2005 2890 2254 2931 severum
2299 2884 2354 2931 et
2400 2875 2520 2946 plus
2549 2873 2650 2947 [in]
2682 2882 2925 2930 metuant
2954 2875 3098 2943 quod
3127 2874 3339 2929 meritis
3365 2884 3449 2929 est
3477 2877 3584 2946 pri-

2005 2981 2126 3020 mus
2158 2981 2318 3035 quam
2366 2966 2509 3035 quod
2537 2965 2739 3020 honore
2784 2964 3094 3033 primarius.
3132 2975 3173 3003 ω
3203 2963 3411 3019 Habeat
3438 2965 3583 3019 enim

2006 3058 2061 3112 in
2080 3058 2421 3127 correptione
2444 3056 2658 3111 modum
2687 3063 2742 3110 et
2790 3055 2845 3109 in
2894 3053 3257 3109 familiaritate
3307 3063 3579 3125 tempera—

329 3152 551 3206 modum
566 3149 782 3205 ductilis
804 3148 929 3202 tuba
955 3163 1019 3203 ex
1046 3147 1393 3218 percussione
1415 3145 1674 3216 perducta
1703 3144 1903 3199 rectius
1928 3137 1973 3198 C
2004 3156 2275 3213 mentum;
2308 3148 2519 3217 eritque
2541 3147 2594 3200 in
2628 3144 2838 3200 cunctis
2860 3143 2931 3198 ita
2956 3144 3198 3199 moribus
3222 3143 3584 3215 dispensatus,

325 3257 584 3311 erumpas
605 3241 659 3296 in
693 3256 825 3295 voce
853 3246 1072 3311 propter
1099 3238 1229 3293 illud
1254 3236 1596 3293 Dominicum
1624 3253 1636 3289 :
1673 3234 1907 3301 Quicun-

322 3356 448 3411 que,
486 3336 697 3406 inquit,
751 3332 1187 3389 scandalizaverit
1218 3347 1377 3385 unum
1425 3331 1489 3385 de
1511 3327 1716 3401 pusillis
1768 3327 1905 3391 istis,

322 3429 416 3500 qui
444 3428 501 3481 in
529 3443 609 3480 me
630 3425 867 3490 credunt,
890 3432 946 3479 et
967 3423 1171 3495 reliqua
1195 3422 1409 3495 (Matth.
1440 3420 1617 3493 xviii).
1646 3420 1792 3475 Inter
1805 3435 1909 3474 ca:-

328 3526 446 3572 tera
496 3531 621 3571 cum
656 3529 850 3585 magna
904 3514 1001 3568 tibi
1031 3513 1241 3568 cautela
1283 3512 1692 3568 custodiendum
1720 3520 1825 3575 est,
1850 3518 1910 3564 ut

324 3623 520 3662 omnes
546 3608 601 3661 in
615 3604 964 3669 monasterio,
984 3618 1209 3674 quorum
1226 3601 1585 3673 gubernacula
1613 3601 1717 3656 tuis
1728 3615 1909 3669 taqua-

326 3699 456 3753 liter
508 3696 812 3767 imposuisti
853 3695 1174 3756 cervicibus,
1205 3693 1433 3763 dllngS:
1476 3706 1542 3745 ne
1583 3705 1747 3745 unum
1788 3688 1909 3758 plus

326 3790 581 3845 minusve
611 3802 761 3842 ames
788 3804 803 3851 ;
839 3787 865 3827 ε
897 3785 991 3841 sed
1020 3791 1211 3839 cuncta
1240 3777 1359 3852 quae
1387 3789 1533 3844 sunt,
1577 3779 1630 3833 in
1651 3793 1758 3847 quo
1786 3793 1910 3847 pos-

403 3933 430 3961 ει
454 3918 778 3974 Altercandi.
810 3916 1075 3972 Altercari
1099 3915 1201 3969 hoc
1228 3914 1345 3967 loco
1374 3929 1478 3966 non
1502 3919 1585 3966 est
1602 3912 1905 3982 φιλονεαεῐν,

327 3988 514 4052 idest,
542 3989 890 4051 contendere,
930 3987 1025 4041 sed
1067 3985 1350 4046 disserere,
1382 3980 1713 4052 ratiocinari.
1760 3980 1911 4037 Glos-

326 4076 406 4116 83:
432 4050 647 4114 veteres
680 4076 694 4089 ⁸
727 4058 1042 4122 Altercatur,
1095 4054 1398 4124 διαλέγεται,
1438 4053 1490 4106 id
1519 4059 1624 4115 est,
1667 4050 1906 4116 disserit,

330 4130 709 4184 ratiocinator.

404 4201 434 4239 1»
478 4197 645 4256 Extra
660 4194 1105 4251 consuetudinem.
1161 4193 1239 4248 Ita
1270 4194 1323 4247 in
1345 4193 1462 4248 cod.
1494 4190 1676 4256 Vind.,
1716 4193 1810 4246 sed
1831 4190 1909 4246 vi-

330 4269 491 4322 detur
531 4262 717 4322 deesse
746 4267 987 4330 verbum,
1012 4266 1315 4333 pra'cipere,
1351 4272 1445 4317 aut
1472 4263 1600 4332 quid
1642 4262 1910 4333 similent

326 4352 526 4393 sensus
562 4338 634 4391 ita
658 4335 946 4406 procedat:
1001 4331 1395 4406 Prius'sentias
1442 4331 1618 4385 utrum
1668 4331 1908 4406 gravibus

327 4418 421 4460 aut
452 4402 912 4460 levibus—oneribus
935 4403 1069 4457 colla
1093 4404 1314 4472 fratrum
1344 4413 1549 4456 onustes
1571 4418 1595 4472 :7
1623 4402 1760 4455 verbi
1786 4418 1907 4470 gra-

2007 3249 2069 3295 ut
2097 3249 2153 3294 et
2180 3239 2549 3293 blandimento
2578 3244 2732 3292 vocet
2773 3243 2827 3291 et
2852 3243 3062 3291 terrore
3105 3235 3354 3306 castiget,
3384 3234 3587 3291 faciens

2007 3348 2067 3388 se
2106 3331 2175 3385 ab
2226 3330 2499 3395 omnibus,
2548 3344 2613 3384 eo
2652 3328 2793 3398 quod
2846 3327 2978 3381 vitia
3018 3327 3215 3391 oderit,
3240 3326 3361 3396 plus
3391 3328 3582 3381 amari.

2009 3424 2145 3478 'l'ota
2170 3423 2314 3477 enim
2338 3421 2454 3490 ejus
2501 3419 2841 3474 conversatio
2870 3419 2975 3473 erit
2999 3418 3150 3486 quasi
3180 3418 3415 3485 positum
3467 3417 3588 3472 fun-

2009 3515 2322 3567 damentum
2352 3519 2411 3564 ut
2437 3511 2490 3564 in
2540 3500 2605 3564 eo
2630 3507 3088 3576 supersediiicctur
3123 3507 3366 3577 quisquis
3410 3508 3589 3562 imita—

2010 3602 2157 3657 tione
2207 3602 2350 3655 illius
2415 3607 2565 3670 Optat
2608 3599 2765 3653 bonis
2817 3597 2929 3652 Deo
2991 3597 3203 3651 meritis
3258 3598 3585 3667 proximare.

2011 3702 2039 3730 ιι
2062 3691 2249 3744 Nullus
2272 3691 2339 3743 ab
2362 3689 2476 3758 ipso
2500 3688 2606 3742 erit
2647 3694 2933 3756 potestate,
2982 3687 3075 3741 sed
3101 3687 3310 3742 ratione
3336 3688 3593 3745 damnau-

2010 3783 2144 3847 dus;
2175 3794 2275 3835 nec
2302 3786 2485 3832 tamen
2524 3778 2598 3831 ita
2639 3777 2714 3831 illi
2752 3776 3037 3846 quisquam
3068 3776 3372 3843 familiaris,
3399 3787 3461 3833 ut
3485 3796 3588 3835 cie-

2131 3908 2229 3956 Sed
2256 3907 2345 3956 tibi
2371 3905 2568 3953 dimidio
2591 3906 2883 3954 constrictus
2906 3917 3177 3954 cammarus
3197 3918 3292 3956 ovo

2136 3970 2337 4016 l’nnitur
2357 3970 2540 4028 exigua
2568 3967 2729 4014 feralis
2747 3979 2884 4015 cinna
2909 3966 3104 4027 patella.

2134 4029 2243 4079 inse
2275 4027 2548 4078 Venafrano
2570 4030 2747 4090 piscem
2771 4027 3022 4090 perfundit
3043 4041 3055 4074 :
3078 4034 3127 4076 at
3146 4029 3206 4090 is,
3224 4028 3309 4085 qui

2140 4090 2355 4139 Pallidus
2381 4086 2581 4139 affertur
2607 4091 2787 4138 misero
2807 4089 2893 4136 tibi
2919 4086 3089 4148 caulis,
3112 4088 3268 4138 olebit

2134 4150 2554 4214 Laternamlllud
2577 4152 2708 4199 enim
2734 4151 2911 4214 vestris
2935 4151 3075 4214 datur
3098 4151 3320 4214 alveolis,
3341 4153 3468 4214 quod

2132 4214 2294 4264 Catina
2322 4212 2627 4274 Micipsarum
2652 4223 2790 4272 prora
2808 4212 3038 4261 subvexit
3060 4220 3220 4261 acuta.

2086 4318 2107 4356 τ
2137 4316 2323 4373 Gradi.
2352 4315 2409 4369 In
2430 4315 2597 4371 citato
2619 4312 2847 4384 concilio
2875 4312 3071 4384 legitur
3096 4334 3108 4367 :
3134 4313 3515 4370 Gradiendum.

2085 4390 2111 4429 δ
2128 4388 2232 4443 Sed
2254 4395 2460 4448 cuncta,
2480 4402 2599 4455 qua:
2619 4392 2759 4455 sunt.
2781 4382 3243 4455 Deessevidentur
3261 4386 3372 4439 b:rc
3387 4388 3550 4441 verba
3571 4404 3584 4439 ι

326 4478 427 4539 tia,
456 4478 501 4530 si
531 4476 986 4550 jejuniuntsuper
1024 4453 1405 4550 quotidianum,
1439 4472 1516 4527 rel
1543 4453 1903 4550 a'bstinenl’iam

2023 4462 2068 4550 λη
2090 4456 2428 4512 monasterio.
2452 4453 2544 4510 Vel
2570 4462 2717 4509 certe
2744 4454 2858 4508 lucc
2877 4453 3062 4517 verba,
3090 4470 3207 4524 qua’
3231 4465 3371 4519 sunt,
3392 4458 3589 4509 redun-
3660 4490 3669 4509 .

326 4559 482 4599 extra
512 4540 936 4599 consuetudinem
968 4540 1279 4612 precipere:
1307 4558 1549 4612 necnon,
1599 4550 1655 4594 ut
1693 4540 1905 4612 assolet,

327 4616 447 4684 plus
467 4614 621 4668 solito
642 4615 698 4684 in
722 4612 908 4684 synaxi
929 4609 1158 4684 psalmos
1181 4610 1433 4682 placuerit
1461 4613 1759 4665 decantare.
1799 4609 1913 4663 Pri-

329 4681 448 4739 rnus
473 4686 529 4738 in
555 4681 770 4736 ecclesia
801 4681 1103 4735 inveniatis.

404 4766 427 4792 ε
471 4753 758 4807 Consensu.
803 4750 967 4820 Lege,
994 4765 1259 4814 consessu,
1297 4759 1357 4804 ut
1398 4750 1453 4805 in
1495 4750 1669 4818 capite
1695 4748 1911 4805 concilii

330 4825 522 4877 citato.

400 4894 428 4932 ιι
478 4892 523 4946 Ο
558 4908 716 4963 quam
764 4889 976 4963 pulchre
1034 4889 1179 4963 nobis
1229 4890 1595 4963 abstinentiam
1628 4887 1905 4960 prwdicat.

331 4962 502 5017 Recte
526 4981 539 5016 :
564 4959 719 5026 nam,
744 4959 803 5015 nt
826 4960 904 5014 ait
927 4959 1198 5014 Juvenalis
1223 4968 1325 5014 sat.
1365 4960 1389 5011 l
1422 4979 1436 5013 :

764 5074 985 5125 Probitas
1006 5072 1247 5135 laudatur,
1285 5080 1337 5122 et
1356 5054 1509 5135 alget.
1550 5093 1556 5097 -

332 5176 516 5233 Facile
539 5186 624 5232 est
650 5186 834 5232 saturo
851 5184 1036 5231 ventre
1054 5175 1401 5230 sobrietatem
1431 5172 1684 5229 laudare:
1730 5192 1749 5222 ι
1788 5172 1907 5227 Ple-

330 5263 435 5302 nus
448 5256 637 5303 venter
660 5246 816 5301 facile
834 5246 899 5300 de
919 5245 1139 5314 jejuniis
1159 5244 1423 5313 disputat,
1439 5265 1457 5296 ι
1490 5242 1663 5314 inquit
1688 5252 1910 5299 sanctus

332 5316 713 5387 Hieronymus,
736 5318 893 5385 epist.
920 5309 991 5369 ad
1020 5309 1322 5387 Paulinum.

408 5401 432 5426 ι’
468 5381 827 5440 Είεοηιεηιὸε
860 5401 964 5439 nan
1005 5385 1155 5454 jubet
1186 5400 1315 5439 esse.
1369 5383 1466 5438 His
1505 5384 1639 5439 satis
1681 5381 1911 5451 quadrat

329 5454 485 5511 locus
507 5454 804 5518 Juvenalis,
834 5465 941 5528 sat._
967 5454 1002 5509 5
1026 5472 1039 5508 :

456 5546 639 5607 Aspice
662 5555 807 5607 quam
831 5545 978 5606 longo
999 5543 1245 5595 distendat
1265 5549 1470 5607 pectore
1487 5540 1675 5607 lancem

459 5604 578 5665 Qua
601 5604 758 5656 fertur
777 5604 974 5656 domino
993 5608 1191 5668 squilla,
1218 5604 1280 5653 et'
1293 5606 1472 5668 quibus
1488 5604 1704 5668 undique
1734 5608 1876 5657 septa

460 5672 723 5729 λειω-θεῖε
745 5682 758 5716 :
781 5681 875 5730 qua
893 5665 1135 5730 despiciat
1149 5665 1367 5730 cenvivia
1387 5665 1538 5730 cauda
1560 5702 1580 5730 Α,

467 5725 590 5777 Dum
616 5725 750 5779 venit
768 5725 1217 5779 escelsis'manibus
1238 5725 1427 5777 sublata
1454 5726 1678 5775 ministri.

2012 4531 2163 4583 dant.

2081 4599 2109 4637 ιι
2139 4596 2261 4651 Non
2289 4611 2441 4666 quem
2467 4594 2557 4648 tibi
2582 4592 2919 4666 uinculum.
2949 4592 3025 4646 lta
3056 4592 3109 4646 in
3132 4593 3362 4648 concilio
3395 4594 3585 4666 citato.

2014 4668 2122 4723 Sed
2149 4667 2204 4720 in
2239 4662 2340 4719 ms.
2376 4674 2562 4718 nostro
2583 4663 2703 4718 cod.
2726 4662 3073 4718 obliteratum
3097 4673 3321 4733 apparet
3338 4664 3583 4729 verbum,

2015 4737 2225 4805 Servire
2248 4750 2266 4786 :
2297 4734 2441 4805 quod
2462 4748 2593 4805 sane
2614 4734 3037 4805 (restituendum.

2092 4809 2107 4847 i
2163 4800 2469 4864 Prwpbnas.
2508 4802 2703 4857 Addidi
2742 4803 2846 4858 hoc
2871 4802 3093 4858 verbum
3120 4817 3192 4856 ex
3212 4800 3436 4871 praefato
3462 4818 3590 4858 eon-

2014 4877 2158 4933 cilio.

2088 4944 2102 4996 i
2141 4943 2332 4997 Abbas.
2364 4942 2492 4997 Hau:
2534 4943 2801 4998 habentur
2843 4942 2897 4995 in
2929 4941 3113 5011 regula
3164 4944 3338 4999 sancti
3395 4943 3587 4999 lsidori

2013 5031 2210 5071 excusa
2261 5028 2378 5082 cap.
2408 5013 2461 5068 9.
2502 5012 2654 5079 Quod
2691 5011 3281 5082 autemddebeatabbas
3309 5029 3430 5069 cum
3478 5014 3588 5067 fra—

2012 5087 2186 5141 tribus
2210 5079 2458 5147 reiicere,
2490 5082 2659 5137 fusius
2686 5079 2822 5134 infra
2852 5080 3231 5148 disputabitur.

2087 5158 2109 5196 ι
2145 5152 2539 5222 Simitlimisque
2560 5151 2839 5222 alimentis,
2870 5160 2975 5222 etc.
3012 5149 3237 5216 Quidam
3269 5161 3448 5207 tamen
3489 5152 3590 5205 Pa-

2012 5236 2123 5282 tres
2147 5226 2304 5279 aliter
2324 5220 2652 5278 censuerunt
2674 5220 2899 5276 delicate
2926 5221 2978 5273 in
3005 5222 3202 5276 mundo
3223 5222 3476 5278 enutritis
3499 5223 3591 5275 ali-

2011 5297 2138 5363 quid
2164 5292 2609 5364 indulgentes,__de_
2634 5305 2742 5359 quo
2777 5289 2941 5364 infra.

2092 5364 2208 5484 ldUt
2231 5360 2486 5484 ablbatem.
2515 5361 2736 5415 Videtur
2757 5361 2945 5415 deesse
2984 5360 3230 5427 verbum,
3259 5371 3479 5431 oportet,
3507 5362 3590 5413 vel

2092 5454 2102 5484 ι
2166 5450 2285 5484 Slml
2309 5449 2357 5484 e.
2400 5446 2407 5450 ‘
3334 5470 3339 5477 ι

2050 5436 2143 5490 uid
2166 5434 2357 5488 simile.
2400 5446 2407 5450 ‘
3334 5470 3339 5477 .

2011 5452 2358 5558 “5:033:32
2419 5501 2473 5553 in
2512 5500 2831 5572 correptione
2868 5500 3101 5572 modum.
3149 5499 3285 5556 Nam
3318 5501 3591 5572 correptio

2009 5588 2202 5631 sanare
2235 5572 2414 5641 debet,
2446 5585 2549 5623 non
2580 5571 2880 5641 vulnerare.
2920 5571 3055 5625 Vide
3078 5586 3265 5641 supra.

2082 5655 2108 5682 ιι
2141 5643 2189 5696 Ν
2196 5641 2331 5695 ullus
2354 5639 2417 5693 ab
2441 5639 2675 5710 ipserrit
2702 5648 2973 5710 potestate,
2994 5640 3085 5694 sed
3110 5639 3309 5695 ratione
3335 5643 3593 5696 damnari»

2010 5716 2128 5768 dus.
2172 5712 2247 5765 Ex
2276 5710 2359 5763 his
2402 5707 2746 5765 manifestum
2777 5720 2993 5765 estnon
3036 5722 3288 5782 oportere
3336 5713 3585 5767 abbatem
