3958 6198
396 350 496 404 783

1418 340 1483 395 S.
1522 338 1878 395 BENEIHCTI
1917 337 2206 393 ABBATIS
2244 338 2649 395 ANMNENSIS

3548 336 3638 390 734

392 467 524 518 teris
546 463 665 533 plus
708 470 1028 532 pucsumat;
1075 473 1248 527 neque
1275 458 1348 511 ita
1378 453 1630 517 offensus,
1660 462 1720 508 ut
1752 453 1822 506 ad
1871 467 1962 505 ve-
1991 457 2039 514 Α
2068 469 2147 505 res
2179 452 2349 507 Israel
2381 468 2398 505 :
2436 465 2458 492 ο
2506 452 2762 523 Nunquid
2808 453 3109 520 semetipsos
3156 460 3377 520 pascunt
3418 460 3644 514 pastores

391 553 539 605 uiam
598 550 807 619 expleta
870 548 1194 602 contritione
1258 561 1365 599 non
1427 544 1629 597 redeat.
1696 540 1963 596 Convenit

352 652 361 663 ‘
394 658 628 711 namque
658 640 732 694 illi
770 653 957 694 omnes
992 636 1204 699 timere,
1233 635 1324 706 qui
1357 635 1577 688 timetur
1604 632 1672 686 ab
1697 630 1968 690 omnibus,

392 739 614 799 totoque
636 729 814 785 studio
840 736 999 796 atque
1028 725 1290 780 industria
1314 723 1623 794 providere,
1664 736 1732 775 ne
1776 720 1971 788 aliquis

391 837 454 875 ex
482 822 565 875 his
597 836 731 890 quos
756 819 1019 891 regendos
1050 815 1267 888 propria
1295 830 1426 870 cura
1450 812 1709 882 suscepit,
1741 811 1971 865 adverso

391 911 630 981 quolibet
651 925 779 964 casu
821 909 1061 963 discedat
1083 908 1148 962 de
1178 920 1422 960 numero.
1452 904 1519 957 Et
1566 903 1687 957 ideo
1716 901 1972 971 plurimis

390 999 798 1056 medicamentis
823 1010 1046 1052 necesse
1071 1004 1154 1051 est
1179 994 1328 1048 illum
1347 993 1638 1048 subvenire
1678 991 1972 1045 monacho-

393 1104 511 1143 rum
566 1086 934 1156 languoribus,
980 1091 1035 1137 et
1057 1081 1465 1154 egritudinibus
1507 1080 1769 1133 mentium
1802 1093 1975 1133 reme-

392 1180 539 1233 dium
587 1192 732 1233 cura:
776 1175 1039 1246 spiritalis
1071 1173 1289 1228 inferre.
1330 1172 1444 1226 Hoc
1469 1179 1573 1234 est,
1600 1171 1646 1225 si
1679 1171 1973 1238 superbum

394 1271 611 1336 viderit,
641 1269 757 1340 jugi
787 1266 1164 1323 exhortatione
1195 1264 1513 1320 humilitatis
1539 1263 1780 1332 porrigat
1803 1261 1976 1330 potio-

393 1374 549 1424 nem;
602 1358 647 1412 si
693 1356 1035 1421 iracundum,
1062 1354 1341 1424 patientia:
1380 1352 1455 1406 illi
1491 1350 1682 1406 aﬂ‘erat
1726 1366 1973 1419 unguen-

393 1459 538 1513 tum;
573 1447 618 1502 si
669 1446 1004 1501 mendacium
1063 1451 1382 1508 sectantem,
1413 1441 1658 1495 veritatis
1706 1440 1977 1494 ministret

395 1540 696 1593 antidotum
726 1555 739 1591 :
774 1537 918 1592 beati
948 1537 1002 1590 in
1028 1536 1135 1590 hoc
1166 1536 1283 1605 ipso
1305 1533 1548 1605 Apostoli
1576 1533 1795 1587 monitis
1830 1532 1976 1587 exci-

396 1636 561 1693 tatus,
601 1627 693 1697 qui
722 1626 888 1681 dicit:
926 1625 1148 1679 Attende
1178 1626 1270 1679 tibi
1303 1634 1351 1678 et
1379 1624 1633 1677 doctrina:
1663 1662 1679 1687 ,
1723 1622 1865 1676 insta
1916 1624 1974 1676 in

394 1718 523 1774 illis.
559 1715 675 1771 Hoc
708 1718 848 1771 enim
880 1716 1077 1786 faciens
1125 1725 1172 1769 et
1218 1717 1439 1787 teipsum
1465 1714 1668 1769 salvum
1698 1714 1879 1785 facies,
1924 1724 1973 1767 et

395 1824 483 1865 eos
511 1810 601 1881 qui
620 1818 670 1862 te
692 1808 915 1862 audiunt
956 1806 1010 1878 (ι
1043 1806 1177 1860 Tim.
1211 1806 1312 1878 ιν).
1345 1806 1413 1860 Et
1436 1806 1633 1859 iterum
1676 1805 1746 1860 ad
1794 1806 1976 1860 Timo-
2005 1786 2050 1845 B

397 1904 581 1958 theum
608 1919 620 1954 :
652 1899 904 1954 Formam
941 1899 1074 1953 habe
1101 1915 1350 1953 sanorum
1388 1897 1680 1957 verborum.
1703 1915 1822 1968 qua:
1842 1917 1873 1952 a
1896 1916 1979 1954 me

398 1992 590 2045 audisti
621 1992 677 2043 in
697 1990 802 2059 ﬁde
827 1999 874 2042 et
898 1988 1173 2043 dilectione
1187 1990 1241 2042 in
1265 1989 1472 2059 Chrjsto
1489 1987 1619 2042 Iesu
1646 1987 1727 2060 (ΙΙ
1749 1988 1884 2043 Tim.
1913 1989 2013 2058 1)..

397 2082 465 2138 Et
492 2084 689 2136 iterum
719 2097 733 2134 :
761 2078 839 2133 Tu
867 2095 983 2133 vero
1010 2077 1184 2148 vigila,
1236 2079 1293 2132 in
1333 2079 1572 2133 omnibus
1616 2078 1820 2144 labora,
1850 2095 1979 2150 opus

400 2170 485 2240 fac
505 2167 855 2238 evangelistte,
882 2168 1233 2222 ministerium
1260 2177 1408 2221 tuum
1431 2167 1586 2239 imple
1609 2166 1692 2238 (II
1720 2167 1854 2222 Tim.
1879 2167 1975 2239 tv).
2016 2190 2023 2205 κ

400 2260 670 2315 Similiter
704 2266 759 2313 et
785 2259 975 2313 beatus
997 2258 1189 2313 Petrus
1217 2259 1461 2314 scribens
1490 2275 1504 2312 :
1536 2257 1778 2313 Seniores
1804 2260 1895 2330 qui
1925 2260 1982 2314 in

399 2350 542 2406 vobis
576 2359 697 2405 sunt
722 2350 931 2404 obsecro
956 2349 1249 2414 consenior,
1286 2359 1336 2403 et
1362 2350 1509 2404 testis
1547 2349 1746 2403 Christi
1772 2350 1981 2420 passio-

403 2459 550 2507 num,
580 2452 628 2495 et
647 2442 762 2512 ejus
783 2458 898 2513 qua:
927 2442 1133 2512 incipiet
1160 2441 1380 2497 revelari
1402 2455 1429 2484 ι
1456 2442 1640 2513 gloria:
1668 2444 1864 2508 socius,
1889 2460 1984 2513 pa-

402 2535 529 2587 scite
550 2534 640 2603 qui
674 2535 730 2587 in
775 2532 915 2588 vobis
940 2542 1014 2588 est
1038 2548 1241 2604 gregem
1269 2534 1367 2588 Dei
1395 2533 1446 2605 (I
1492 2531 1638 2588 Petr.
1670 2534 1747 2606 v).
1781 2533 1848 2588 Et
1895 2535 1985 2589 ad-

396 2624 573 2678 didit:
606 2622 785 2693 Neque
805 2624 958 2694 quasi
980 2623 1309 2679 dominantes
1349 2624 1405 2677 in
1432 2627 1595 2690 clero,
1627 2623 1658 2663 b
1682 2624 1772 2678 sed
1812 2624 1983 2693 [arma

403 2724 562 2768 estote
587 2716 762 2786 gregi,
790 2723 848 2768 ut
900 2731 1018 2769 cum
1067 2717 1369 2786 apparuerit
1419 2718 1656 2788 princeps
1693 2726 1982 2789 pastorum,

408 2817 429 2842 ε
445 2806 746 2875 percipiatis
762 2804 788 2844 ἀ
812 2805 961 2859 illam
986 2806 1230 2875 ﬂoridam
1253 2816 1300 2860 et
1322 2806 1793 2861 immarcessibilem
1806 2806 1986 2877 gioriae

407 2913 653 2951 coronam
700 2895 913 2967 (Ibid.).
943 2894 1207 2952 Jeremias
1261 2911 1476 2967 quoque
1523 2897 1901 2952 sanctissimus
1930 2897 1985 2951 in

406 3001 638 3054 persona
686 2984 901 3038 Domini
928 2985 1039 3038 ait:
1072 2984 1220 3039 Dabo
1248 2986 1386 3039 vobis
1428 2995 1661 3055 pastores
1702 2984 1986 3038 secundum

404 3091 503 3127 cor
540 3089 732 3137 meum,
765 3081 815 3126 et
866 3084 1076 3143 pascent
1126 3090 1212 3128 vos
1239 3076 1523 3135 scientimet
1545 3074 1791 3129 doctrina
1843 3072 1981 3145 (Jer.

2070 540 2285 612 (Ezech.
2331 542 2551 613 xxxw)?
2592 543 2661 596 Et
2703 542 2987 611 adjungit;
3029 541 3046 579 τ
3098 539 3176 594 0b
3225 542 3344 599 hoc,
3394 549 3645 610 pastores,

2068 632 2247 685 audite
2277 633 2487 686 verbum
2512 631 2741 685 Domini.
2766 630 2894 685 Ha’c
2916 631 3042 684 dicit
3073 633 3097 671 8
3121 629 3329 683 Adonai
3351 630 3605 683 Dominus
3630 644 3647 680 :

2070 721 2205 775 Ecce
2239 738 2330 791 ego
2359 723 2466 791 ipse
2502 722 2570 774 ad
2598 731 2854 792 pastores,
2901 732 2947 775 et
2976 722 3238 792 requiram
3269 721 3296 759 ιι
3342 736 3459 774 ores
3510 736 3651 773 meas

2077 813 2185 866 ide
2210 814 2449 866 inanibus
2481 829 2660 867 eorum
2704 812 2915 886 (Ibid.).
2968 812 3229 867 Dominus
3253 827 3383 866 vero
3429 812 3571 866 idem
3595 812 3649 866 in

2070 901 2390 971 Evangelioi
2417 902 2633 957 Petrum
2649 903 3012 973 apostolorum
3027 902 3342 973 principem,
3361 901 3405 955 si
3426 916 3486 955 se
3509 916 3655 954 ama-

2068 999 2176 1055 ret,
2214 992 2574 1062 interrogans,
2624 990 2868 1062 adjungit
2896 1009 2909 1045 ε
2962 991 3123 1045 Pasce
3153 1007 3268 1044 oves
3298 1007 3438 1043 meas
3467 988 3649 1061 (Joan.

2071 1084 2207 1150 xxI).
2240 1081 2577 1137 Manifestum
2603 1090 2686 1136 est
2734 1096 2880 1152 ergo,
2911 1080 3100 1147 frater,
3149 1081 3395 1151 quisquis
3419 1094 3655 1150 praeesse

2071 1171 2273 1226 videris
2321 1173 2623 1237 monachis,
2663 1187 2917 1244 magnum
2959 1172 3052 1226 tibi
3082 1188 3178 1242 per
3200 1172 3462 1226 honorem
3516 1186 3656 1226 onus

2073 1261 2403 1331 impositum,
2432 1263 2505 1316 ita
2536 1270 2616 1328 ut,
2640 1279 2760 1318 cum
2790 1264 3048 1334 dignitate
3075 1264 3149 1318 sis
3174 1265 3398 1333 primus,
3424 1264 3659 1319 dcsudes

2072 1350 2311 1405 omnium
2338 1352 2577 1421 pondere
2602 1353 2925 1407 sarcinatus.
2951 1353 3177 1422 Propter
3198 1353 3340 1423 quod
3379 1355 3517 1408 recti
3574 1355 3661 1408 iti-

2073 1441 2223 1496 neris
2250 1457 2408 1497 curre
2431 1444 2680 1497 semitam
2712 1460 2831 1513 qua:
2876 1446 2943 1499 ad
2967 1445 3160 1500 coelum
3188 1445 3455 1515 perducit,
3490 1456 3549 1499 et
3581 1448 3662 1501 ire
3692 1472 3696 1475 Α

2074 1533 2299 1587 ostende
2326 1534 2474 1604 gregi
2503 1534 2824 1589 iuoll‘ensum
2842 1535 3055 1599 callem,
3071 1543 3128 1590 et
3148 1537 3453 1592 sanctitatis
3476 1537 3502 1575 ἰ
3532 1553 3660 1591 eum

2076 1636 2291 1692 quoque
2312 1624 2561 1693 passibus
2590 1624 2867 1679 antecede.
2916 1624 3092 1695 Atque
3118 1627 3191 1680 ita
3219 1626 3396 1691 stude,
3448 1635 3508 1681 ut
3552 1643 3663 1682 non

2078 1719 2225 1767 erret
2250 1713 2555 1784 quicunque
2591 1722 2643 1769 te
2690 1716 2879 1770 ducem
2922 1716 3178 1787 gradibus
3209 1717 3527 1771 imitationis
3578 1718 3665 1773 in-

2079 1804 2325 1872 sequitur
2353 1821 2368 1859 :
2395 1815 2457 1859 ut
2506 1806 2738 1860 videaris
2785 1807 3093 1876 apostolicae
3126 1808 3331 1862 monita
3373 1810 3666 1862 sententias

2078 1892 2398 1963 complesse,
2426 1910 2547 1964 qua:
2591 1896 2791 1950 habet:
2836 1896 3146 1967 Exemplum
3183 1907 3290 1951 esto
3329 1897 3568 1965 ﬁdelium
3606 1899 3666 1952 in

2078 1983 2249 2047 verbo,
2280 1984 2335 2038 in
2361 1987 2767 2051 conversatione,
2794 1987 2850 2039 in
2880 1987 3155 2051 charitate,
3183 1989 3237 2041 in
3266 1987 3386 2057 ﬁde,
3418 1989 3475 2041 in
3505 1992 3664 2042 casti-

2078 2080 2185 2126 tate
2212 2072 2267 2143 (I
2294 2072 2563 2147 Tim..1v).
2610 2074 2678 2128 Et
2708 2075 2901 2130 iterum
2934 2090 2948 2129 :
2995 2075 3227 2132 Sollicita
3268 2094 3396 2130 cura
3443 2079 3670 2148 teipsum

2078 2162 2395 2234 probabilem
2448 2165 2686 2220 exhibere
2733 2165 2842 2219 Deo
2890 2167 3183 2237 operarium
3215 2168 3667 2237 inconfusibilcm,

2081 2269 2217 2314 recte
2240 2268 2549 2315 tractantem
2583 2261 2793 2315 verbum
2836 2261 3068 2316 veritatis
3096 2261 3181 2334 (II
3207 2261 3342 2315 Tim.
3370 2262 3456 2333 ιι).
3507 2264 3673 2318 Hunc

2082 2350 2263 2420 itaque
2292 2351 2408 2417 tibi,
2456 2350 2696 2416 abbas,1
2739 2351 2976 2416 titulum,
3029 2361 3087 2405 ut
3134 2353 3557 2423 praetermissum
3610 2364 3672 2408 te

2083 2459 2331 2499 sermone
2357 2444 2553 2513 regulae
2577 2460 2684 2501 non
2712 2444 2918 2510 doleas,
2942 2445 3125 2515 sicque
3149 2461 3313 2499 unum
3340 2455 3393 2500 te
3421 2461 3490 2501 ex
3538 2462 3674 2501 con—

2083 2535 2393 2606 grcgalione
2415 2549 2727 2607 cognoscas,
2756 2535 2908 2604 quasi
2944 2536 3273 2604 peculiarius
3296 2547 3627 2592 annotamus
3658 2557 3670 2590 :

2083 2633 2383 2691 monentes,
2435 2641 2528 2680 seu
2580 2640 2760 2680 coram
2812 2625 2922 2680 Deo
2966 2627 3333 2693 obsecrantes,
3389 2637 3452 2682 ut
3485 2640 3524 2667 ’π
3550 2629 3674 2682 lucc

2083 2714 2262 2769 omnia
2288 2713 2515 2768 ferventi
2548 2715 2746 2780 studio,
2777 2715 2941 2769 etiam
2966 2725 2994 2752 ιι
3024 2724 3214 2769 ωδιειιι
3238 2727 3461 2788 propter
3485 2734 3672 2772 exem-

2083 2805 2250 2877 plum,
2277 2820 2396 2875 quae
2420 2804 2644 2874 reliquis
2663 2812 2791 2859 sunt
2824 2804 2989 2871 dicta,
3029 2807 3322 2861 custodias.

2140 2914 2169 2987 ᾗ
2199 2913 2313 2970 XV.
2341 2942 2410 2953 —-
2442 2913 2522 2968 Ex
2562 2915 2779 2987 Recens
2817 2931 3004 2971 SANCTI
3041 2916 3339 2973 Acastum
3380 2935 3617 2974 EPISCOPI

2358 3050 2367 3054 δ
2725 2984 2862 3056 (cap.
2906 2987 3019 3057 ss).

2161 3083 2186 3111 ο
2214 3075 2445 3132 Sanctus
2485 3074 2651 3131 abbas
2688 3084 2841 3130 extra
2880 3078 3354 3150 congregationem
3397 3096 3506 3135 non
3548 3096 3673 3135 ma-

402 3164 512 3231 m).
546 3163 613 3215 Et
631 3162 828 3215 iterum
856 3179 871 3214 :
903 3161 1033 3216 Haec
1053 3163 1181 3216 dicit
1200 3163 1406 3218 Adonai
1433 3163 1687 3219 Dominus
1709 3165 1777 3218 ad
1802 3144 1979 3236 pasto—
2012 3144 2055 3205 C
2086 3178 2234 3224 neat.

410 3294 484 3346 uti
515 3293 683 3347 libera
728 3298 785 3346 et
830 3293 1072 3347 absoluta
1118 3302 1401 3362 potestate,
1432 3294 1527 3349 sed
1554 3295 1733 3349 omnia
1781 3295 1985 3350 ratione

411 3363 607 3435 metiri,
636 3369 695 3416 ut
725 3370 907 3417 monet
931 3370 1150 3435 sanctus
1173 3362 1508 3427 Benedictus,
1541 3380 1659 3435 cap.
1695 3364 1794 3418 74:
1828 3383 1846 3414 ι
1878 3365 1982 3431 Qui

408 3432 727 3504 abbashnon
752 3432 1036 3487 muturbet
1072 3448 1294 3504 gregem
1328 3435 1428 3488 sibi
1469 3432 1837 3498 commissum,
1884 3450 1987 3489 nec

408 3504 562 3574 quasi
582 3502 752 3558 libera
770 3511 924 3574 utens
944 3501 1207 3574 potestate
1226 3501 1420 3571 injuste
1439 3504 1688 3574 disponat
1708 3505 1930 3573 aliquid.
1958 3524 1976 3556 ι

409 3573 475 3625 Et
509 3582 728 3628 sanctus
761 3572 1029 3644 Qrsiesius
1052 3614 1065 3627 .
1088 3591 1116 3644 ﬁt
1152 3573 1229 3628 Ne
1266 3572 1559 3629 abutamiui
1605 3572 1870 3644 potestate
1924 3574 1978 3628 in

409 3644 680 3715 superbia.
718 3661 737 3694 ι
764 3642 833 3697 Et
853 3643 1150 3715 Ezechielis
1173 3658 1291 3713 cap.
1306 3659 1481 3715 xxxiv
1504 3642 1659 3715 malis
1682 3644 1986 3715 pastoribus

404 3713 771 3781 exprobratur
799 3731 812 3743 ·
847 3713 953 3768 Sed
964 3729 1092 3783 cum
1119 3713 1423 3783 austeritate
1443 3713 1778 3783 imperabatis
1798 3728 1844 3767 et
1869 3730 1985 3766 cum

407 3783 656 3853 potentia.
708 3783 775 3836 Et
817 3782 1079 3853 praeclare
1129 3798 1258 3837 sane
1310 3782 1675 3839 Theodericus
1704 3799 1800 3839 rex
1845 3784 1985 3853 apud

408 3851 786 3925 Cassiodorum
836 3852 966 3925 libu
997 3852 1121 3925 var.
1154 3868 1239 3923 ep.
1267 3853 1369 3906 l2:
1399 3854 1513 3925 «Et
1537 3869 1845 3925 quanquam
1881 3851 1988 3925 ’ροτ-

411 3921 593 3993 testati
631 3931 853 3993 nostrae,
883 3922 993 3977 Deo
1039 3921 1274 3989 favente,
1319 3921 1596 3993 subiaceat
1642 3921 1804 3978 omne
1843 3921 1987 3990 quod

408 3992 674 4058 volumus,
701 3990 1032 4046 voluntatem
1063 4000 1243 4046 tamen
1262 3990 1501 4047 nostram
1536 3992 1603 4047 de
1636 3994 1843 4047 ratione
1867 4007 1978 4046 me-

410 4062 605 4125 timur;
667 4070 725 4132 ut
764 4060 891 4116 illud
945 4061 1116 4132 magis
1176 4062 1502 4132 assumemus
1545 4063 1795 4132 elegisse,
1845 4061 1987 4131 quod

410 4131 883 4203 cunctgsdignum
913 4131 1341 4203 estapprobaje.
1379 4151 1398 4184 ι
1429 4131 1508 4203 lta
1533 4146 1591 4186 se
1618 4131 1839 4203 gerebat
1862 4146 1988 4203 san-

410 4208 531 4279 ctus
560 4197 895 4279 fulgentius
926 4197 1206 4279 episcopus
1244 4198 1557 4279 Ruspensis,
1604 4197 1644 4279 «ξ
1666 4201 1758 4279 qui
1801 4201 1883 4279 (ut
1932 4200 1985 4279 i_n

410 4269 529 4339 ejus
557 4267 712 4339 _Actis
741 4268 989 4338 habetur)
1035 4267 1372 4339 nullisgcum'
1398 4272 1563 4339 typho
1604 4267 1987 4325 dominationis

410 4337 705 4403 sucularis,
744 4337 992 4409 quamvis
1020 4337 1288 4409 parvulis,
1332 4337 1647 4408 imperabat.
1685 4359 1704 4391 ι
1737 4339 1821 4394 Sit
1858 4354 1986 4409 ergo

410 4409 599 4473 abbas,
630 4417 691 4462 ut
715 4406 783 4462 de
812 4406 988 4478 Nerva
1014 4406 1340 4477 imperatore
1361 4406 1551 4464 scribit
1573 4409 1866 4476 Ausonius,

839 4518 1073 4580 Princeps
1094 4519 1309 4583 nomine,
1334 4525 1501 4570 mente
1525 4532 1717 4583 parens.

408 4618 641 4697 Paterna
688 4621 1099 4677 mansuetudine
1144 4621 1393 4697 imperet,
1428 4636 1539 4678 non
1592 4622 1745 4694 regio
1797 4639 1985 4697 snper-

407 4690 553 4745 cilio.

481 4773 506 4801 ιι
532 4759 728 4814 Gloria:
757 4760 949 4814 socius.
992 4760 1052 4815 ln
1096 4762 1346 4818 versione
1402 4763 1676 4818 communi
1724 4778 1739 4818 :
1788 4761 1982 4820 Gloriae

407 4832 837 4901 communicator.
867 4831 925 4885 ln
960 4838 1107 4886 textu
1136 4830 1325 4887 Graeco
1348 4832 1495 4899 δόξης
1524 4834 1773 4899 κοινωνὸς,
1801 4835 1853 4889 id
1877 4843 1980 4901 est,

406 4900 590 4971 gloria:
625 4901 922 4971 particeps;
952 4901 1026 4955 ita
1055 4909 1133 4967 ut,
1163 4905 1594 4968 communicator,
1629 4913 1876 4958 sumatur
1898 4900 1983 4959 in;

407 4970 709 5045 transitive,
742 4979 800 5045 ut
825 4971 1375 5045 aliquandohverbum
1401 4974 1742 5045 communico.
1774 4973 1983 5045 Itaque,

403 5040 600 5113 socius,
627 5041 729 5113 hoc
771 5040 888 5096 loco
913 5040 1047 5095 nihil
1084 5041 1229 5113 aliud
1252 5051 1336 5113 est
1361 5057 1522 5113 quam
1548 5044 1837 5113 particeps.

477 5110 505 5149 ιι
538 5108 645 5163 Sed
672 5110 844 5185 [arma
873 5121 1038 5185 estgte
1071 5112 1351 5185 gregisaln
1377 5108 1616 5185 editione
1645 5108 1895 5185 Vulgata,
1925 5121 1987 5169 ut

405 5177 459 5231 in
488 5186 636 5251 textu
663 5177 853 5234 Grmco
887 5198 899 5234 :
932 5180 1038 5251 sed
1064 5177 1234 5250 forma
1260 5181 1393 5251 facti
1418 5182 1607 5251 gregis.

478 5259 501 5287 ο
533 5246 945 5325 Ut_percipiat_is.
974 5250 1031 5303 ln
1058 5246 1295 5305 editione
1320 5246 1544 5322 Vulgata
1579 5265 1594 5304 :
1628 5249 1697 5305 Et
1726 5252 1981 5325 percipie-

407 5317 495 5382 tis,
522 5326 582 5372 ut
603 5317 653 5371 in
679 5317 825 5373 textu
853 5320 1062 5375 Graeco.

471 5386 501 5463 αξ
524 5386 949 5463 Illamﬂoridam
978 5399 1045 5442 et.
1075 5388 1201 5463 Haec
1231 5389 1390 5445 verba
1440 5405 1546 5463 non
1594 5390 1798 5463 sunt‘in
1848 5392 1977 5463 Epi-

403 5457 538 5510 stola
562 5456 725 5528 Petri.
757 5457 944 5528 Itaque
974 5468 1103 5528 puto
1130 5461 1227 5516 hos
1255 5469 1434 5515 textus
1477 5460 1673 5516 citatos
1718 5456 1978 5518 fuisse-ex

404 5526 684 5591 memoria,
723 5542 831 5581 non
856 5526 931 5582 ‘ex
968 5526 1172 5584 codice.

477 5606 500 5634 ε
527 5594 781 5669 Nunquid
806 5598 1102 5667 semetipsos
1124 5607 1345 5669 pascunt
1367 5608 1602 5668 pastores
1626 5599 1650 5651 ?
1680 5599 1758 5653 lla
1806 5601 1857 5653 in
1884 5600 1980 5653 Se-

401 5664 677 5741 plfttlg‘ll‘llfl
703 5682 714 5716 :
744 5673 817 5741 Mf.
846 5664 1195 5741 βόσκὸυσινίοὶ
1227 5664 1456 5741 ποιμένες
1486 5670 1737 5741 inproba

480 5733 497 5770 ί
535 5732 611 5785 0b
636 5734 754 5786 hoc.
789 5732 855 5788 ιη’
872 5738 1145 5790 communi
1174 5732 1460 5792 versione:
1497 5737 1799 5806 Propterea.

2161 3303 2185 3341 ε
2215 3299 2440 3353 Adonei.
2474 3299 2543 3356 Ut
2566 3299 2619 3353 in
2647 3307 2799 3354 textu
2826 3299 3108 3355 lIebraico.

2154 3367 2343 3448 {Ignes
2371 3387 2531 3448 meas.
2565 3368 2634 3425 Ut
2660 3370 2711 3424 in
2744 3378 2888 3448 tcx_tu
2911 3369 3102 3448 Graeco
3131 3389 3143 3423 :
3172 3373 3238 3448 τὲ
3259 3371 3505 3448 πρόϐατᾷ
3546 3394 3673 3448 μορε.

2164 3439 2267 3492 iDe
2286 3440 2525 3493 manibus
2570 3455 2769 3493 eorum.
2821 3439 2897 3494 lta
2926 3441 2980 3495 in
3016 3449 3168 3495 textu
3193 3439 3383 3497 Grtéco
3410 3460 3424 3496 :
3467 3445 3525 3498 in
3546 3439 3676 3501 ’τῶν

2090 3517 2281 3591 χιςρῷςθ
2315 3512 2503 3566 αὐτῶν.

2160 3577 2195 3629 i'
2216 3577 2433 3653 Petrum
2478 3581 2523 3633 si
2544 3595 2597 3633 se
2642 3588 2778 3653 amet
2831 3580 3183 3653 interrpgans,
3209 3590 3313 3653 etc.
3348 3580 3467 3636 Non
3514 3584 3676 3653 prius

2084 3648 2430 3721 constituitur
2441 3659 2625 3719 pastor
2651 3649 2969 3704 universalis
2988 3648 3239 3706 Ecclesia:
3260 3651 3479 3718 Petrus,
3500 3648 3670 3721 quam

2085 3734 2145 3773 se
2164 3718 2458 3791 Dominum
2505 3733 2687 3772 amare
2735 3727 2816 3772 ter
2856 3720 3212 3791 profiteatur:
3244 3723 3366 3791 quia
3389 3718 3669 3788 Christus,

2087 3789 2175 3863 cui
2197 3789 2461 3863 ovilissgi
2488 3804 2617 3843 cura
2639 3803 2832 3861 magna
2854 3798 2955 3863 est,
2996 3790 3140 3845 illius
3171 3789 3410 3863 regimen
3430 3793 3479 3847 ei
3518 3808 3675 3848 com-

2086 3860 2253 3923 misit,
2283 3859 2373 3927 qui
2411 3857 2579 3913 Deum
2630 3857 2753 3930 pra;
2777 3860 2989 3915 caeteris
3015 3857 3273 3930 apostolis
3321 3871 3557 3925 amaret,
3609 3873 3675 3917 ut

2089 3929 2420 4000 recte__docet
2453 3938 2674 3983 sanctus
2693 3928 2957 4000 Eulogius
3009 3928 3292 4000 episcopus
3338 3931 3676 3987 Alexandri—

2086 4013 2199 4079 nus
2224 3997 2327 4079 lib.
2360 4014 2422 4079 ut
2463 4007 2655 4079 contra
2692 3997 3021 4079 Novatianos
3042 3997 3070 4054 “;
3109 4003 3167 4079 ξο
3195 3997 3306 4077 gap
3336 4003 3432 4079 ys»
3479 4002 3673 4079 φιλτρῳ

2085 4069 2252 4138 πυλλῷ
2301 4071 2431 4143 πρὸς
2486 4070 2571 4146 τρν
2627 4067 2876 4146 dea-abfuit
2917 4067 3287 4146 ﬁrmandus-spy.
3330 4067 3555 4146 ἕφισςῶιι
3593 4067 3676 4146 ἶτῷ

2086 4139 2465 4215 «omam-mg
2505 4139 2781 4215 ὅση-,ιπερὶ
2820 4142 2885 4215 τᾴ
2917 4141 3094 4215 λογικά
3126 4139 3400 4215 depingeret,
3445 4139 3675 4196 διὰθεσιίο

2089 4208 2403 4284 impia-rnatu
2442 4208 2809 4284 a'zvappthlésg'
2852 4208 2938 4284 διᾴ
2975 4208 3069 4284 ’ἰὴν
3291 4212 3460 4284 ait-imi
3500 4216 3676 4282 τρίτον

2088 4278 2391 4354 ζρῴτᾷητὴν
2434 4278 2606 4354 ιτοῇᾉὼ
2644 4282 2765 4353 περὶ
2803 4282 2869 4335 τὰ
2905 4280 3081 4352 λογικά
3114 4281 3351 4354 πρόϐατα
3379 4278 3674 4354 insuauia»

2088 4346 2467 4420 ivdsttmipsvoq,
2491 4348 2550 4420 id
2566 4355 2669 4420 est,
2695 4346 3014 4420 praeponens
3042 4346 3186 4419 gregi
3207 4363 3354 4412 eum,
3375 4346 3477 4418 qui
3501 4351 3676 4405 n'axi—

2088 4431 2179 4472 mo
2215 4416 2399 4472 amore
2434 4418 2488 4471 in
2517 4416 2822 4472 Dominum
2846 4416 3201 4473 inflammatus
3244 4416 3672 4482 erat,'amorcm

2010 4488 2063 4548 D
2088 4501 2246 4556 quem
2277 4487 2331 4540 in
2361 4501 2490 4558 oves
2504 4487 2751 4558 habebat
2801 4488 3069 4558 exhibuit,
3094 4496 3150 4543 et
3172 4500 3394 4558 propter
3417 4491 3668 4545 eamdem

2088 4571 2305 4610 causam
2326 4557 2487 4627 tertio
2502 4556 2815 4627 interrogat,
2830 4557 3054 4612 multam
3068 4556 3212 4613 circa
3234 4556 3527 4614 rationales
3541 4576 3673 4615 oves

2086 4641 2273 4681 curam
2302 4626 2614 4681 ostendens.

2159 4695 2185 4767 ξι
2209 4695 2348 4767 Eum,
2372 4711 2592 4767 quoqee-
2627 4692 2808 4767 Lees:
2838 4694 3099 4767 Eumque.

2162 4764 2251 4838 1_T
2253 4763 2461 4838 italum.
2487 4763 2721 4838 :Titulus
2735 4765 2837 4820 hoc
2858 4765 2975 4821 loco
2989 4763 3230 4821 sumitur
3252 4781 3351 4836 pro
3371 4768 3551 4838 capite
3576 4775 3669 4820 aut

2084 4835 2322 4905 capitulo
2351 4834 2574 4903 alicujus
2600 4833 2744 4887 libri.

2157 4903 2198 4944 in
2222 4904 2352 4959 Hac
2374 4909 2571 4960 omnia.
2589 4904 2719 4971 Quae
2742 4903 2797 4959 in
2824 4903 2927 4961 hoc
2953 4905 3127 4974 titulo,
3150 4919 3246 4962 seu
3266 4905 3443 4977 capite
3464 4904 3666 4977 scripta

2085 4985 2233 5030 sunt.

2158 5055 2187 5083 ιι
2212 5045 2433 5116 Cretera.
2469 5044 2530 5116 In
2545 5044 2741 5116 regula
2768 5045 3080 5116 constituta.

2158 5123 2183 5150 ο
2210 5115 2439 5170 Sanctus
2468 5112 2646 5168 abbas:
2684 5112 2797 5168 Hac
2825 5114 2975 5168 brevi
3001 5116 3219 5184 quidem
3250 5113 3540 5179 sententia,
3569 5112 3663 5168 sed

2082 5184 2222 5249 utili,
2252 5184 2567 5254 praecipitur
2594 5184 2796 5248 abbati,
2826 5191 2887 5237 ut
2911 5192 3127 5239 maneat
3150 5185 3205 5238 in
3232 5185 3583 5245 monasterio,
3610 5190 3663 5254 et

2083 5268 2226 5324 :egre
2252 5252 2341 5309 illo
2371 5252 2528 5324 exeat
2552 5268 2566 5307 :
2597 5261 2658 5306 ut
2687 5253 2859 5321 possit
2890 5254 3146 5308 nimirum
3174 5255 3425 5309 omnibus
3451 5252 3661 5324 exerci-

2082 5322 2172 5379 tiis
2205 5339 2311 5377 una
2342 5338 2466 5378 cum
2497 5322 2756 5394 fratribus
2792 5324 3086 5394 interesse,
3126 5338 3220 5378 eos
3251 5339 3346 5378 sua
3376 5322 3660 5394 praesentia

2080 5408 2304 5464 urgere.
2337 5401 2391 5447 et
2416 5392 2663 5464 exemplo
2692 5393 2988 5457 stimulare,
3021 5408 3315 5464 eorumque
3344 5392 3535 5464 culpas
3563 5392 3661 5464 ob-

2082 5462 2335 5527 servare,
2387 5473 2442 5517 et
2490 5462 2799 5534 prudenter
2829 5463 3123 5534 corrigere.
3182 5462 3425 5534 Quodsi
3475 5463 3662 5534 stricte

2080 5534 2401 5586 observetur
2424 5573 2440 5597 ,
2487 5529 2675 5587 nescio
2710 5532 2841 5601 quid
2880 5529 3153 5589 salubrius
3181 5533 3248 5587 ad
3284 5532 3515 5588 salutem
3548 5529 3664 5583 ani-

2082 5616 2327 5668 marum,
2367 5610 2422 5656 et
2458 5603 2527 5656 ad
2563 5601 2862 5671 discipline
2898 5603 3163 5725 regularis
3189 5603 3662 5657 conservationem

2082 5673 2427 5725 Inmstantius
2455 5673 2683 5725 inveniri
2719 5678 2915 5725 potest.
3012 5672 3105 5725 ihil
3134 5686 3285 5725 moue
3315 5674 3537 5725 domum
3569 5683 3662 5721 au-

2080 5673 2427 5741 przcstantius
2455 5673 2683 5726 inveniri
2719 5678 2915 5740 potest.
2963 5672 3105 5726 Nihil
3134 5686 3285 5741 aeque
3315 5674 3537 5741 domum
3569 5683 3663 5721 au-

2083 5750 2171 5809 get
2211 5757 2272 5795 ac
2313 5739 2448 5795 ditat
2490 5750 2553 5796 ut
2600 5739 2801 5797 domini
2848 5743 3163 5811 prmscntia,
3202 5739 3660 5809 quemadmodum
