3958 6198
229 441 331 493 785

410 553 439 624 ς
469 550 605 605 XVI.
649 549 784 604 Item
812 567 876 603 ex
906 550 1089 604 eadem
1127 548 1325 621 Regula
1357 551 1493 623 (cap.
1524 552 1635 624 I22).

303 645 507 700 Sancto
533 643 715 698 abbati
763 658 873 698 non
920 643 1082 699 liceat
1128 642 1334 714 aliquid
1371 644 1438 698 de
1477 643 1820 699 facultatibus

231 735 548 792 monasterii
578 736 782 790 donare
819 743 913 789 aut
942 735 1179 789 vendere
1201 775 1217 800 ,
1260 750 1362 789 nec
1392 734 1595 804 aliquid
1626 743 1817 789 contra

228 827 435 895 regulae
474 826 719 880 instituta
769 840 952 896 agere.
1009 824 1165 891 Quod
1207 825 1253 879 si
1300 824 1483 879 facere
1528 823 1822 879 tentaverit

231 933 256 960 ι
282 918 580 974 secundum
603 916 889 971 consilium
912 923 968 970 et
987 916 1107 971 sine
1131 931 1399 971 consensu
1430 915 1657 975 fratrum
1673 957 1689 982 ,
1712 915 1739 955 δ
1765 924 1822 971 et

231 1019 423 1063 nostro
448 1008 740 1078 permisso,
782 1022 891 1061 non
931 1007 980 1063 ei
1024 1006 1422 1077 acquiescatis,
1467 1014 1521 1062 et
1559 1007 1664 1063 hoc
1703 1006 1820 1062 fieri

230 1102 377 1155 nulla
407 1101 617 1155 ratione
642 1088 941 1170 permittite
965 1117 981 1152 :
1010 1099 1140 1171 quia
1166 1113 1388 1154 causam
1414 1114 1474 1153 se
1500 1106 1624 1153 ante
1649 1099 1819 1154 Deum

230 1193 447 1247 noverit
469 1207 590 1246 esse
615 1198 884 1245 acturum.

588 1303 615 1375 §
643 1302 806 1357 XVII.
839 1333 911 1343 —
938 1300 1072 1355 Item
1102 1301 1213 1372 ipse
1239 1302 1377 1373 (cap.
1403 1300 1519 1373 48).

307 1431 330 1458 ε
354 1418 589 1473 Sanctus
615 1417 805 1482 abbas,
828 1415 933 1471 nisi
953 1415 978 1455 δ
1000 1415 1367 1486 inmqualitate
1390 1417 1640 1484 facient‘,
1667 1426 1820 1472 extra

232 1511 708 1583 congregationem
735 1524 842 1563 non
870 1508 1099 1564 reficiat.

375 1624 405 1696 §
434 1623 616 1678 XVIII.
642 1623 805 1677 —Ex
842 1622 1060 1678 Renum
1100 1623 1401 1679 Fnrc'ruosr
1433 1622 1571 1696 (cap.
1598 1624 1677 1698 9).

309 1750 333 1777 ε
357 1736 596 1792 Abbates
631 1752 731 1807 per
760 1736 1089 1791 monasteria
1130 1743 1242 1791 tota
1280 1716 1482 1792 mentis
1521 1736 1824 1795 intentione

234 1846 359 1885 cum
398 1828 523 1884 fletu
560 1836 616 1883 et
649 1827 828 1885 cordis
862 1826 1222 1891 contritione,
1266 1827 1286 1866 ί
1318 1828 1451 1883 tulta
1489 1827 1696 1884 laboris
1729 1839 1834 1885 aut

1186 437 1572 494 CONCORDIA
1618 440 2072 496 REGULARUII.
2221 444 2453 501 CAPUT
2492 444 2551 498 V.

3407 450 3529 501 73.6;

1843 554 1891 615 Α
1920 553 2171 624 septima,
2197 565 2411 621 octava,
2441 558 2609 621 nona,
2642 557 2875 624 decima,
2906 560 3186 615 undecima
3217 576 3377 617 orare
3404 579 3527 615 nm»

1919 644 2165 715 pigeant;
2190 647 2421 716 qualiter
2440 656 2645 718 septem
2669 658 2724 704 et
2743 657 2865 705 octo
2881 647 3187 704 Salomonis
3206 663 3508 720 congruant
3580 664 3598 688 ο

1920 732 2094 788 dicto:
2122 736 2135 774 ί
2156 734 2235 788 Da
2257 746 2461 805 partem
2482 748 2698 807 septem,
2713 755 2802 792 nec
2820 756 2923 792 non
2939 749 2987 793 et
3007 749 3121 794 octo
3135 737 3305 811 (Eccl.
3324 756 3397 802 ιι,
3416 740 3471 809 ‘2)
3493 758 3504 792 :

1921 833 1982 878 ut
2006 840 2101 894 per
2126 824 2458 895 septiformis
2483 827 2672 896 gratia:
2703 826 2964 897 Spiritum
2985 866 3002 893 ,
3034 836 3090 884 et
3120 837 3245 885 octo
3280 829 3511 883 beatitu-

1921 912 2140 980 diues,i
2174 930 2239 969 ac
2274 916 2695 971 resurrectionis
2728 916 2870 971 diem
2905 917 3090 972 liberis
3119 919 3375 989 gradibus
3412 935 3511 990 per

1920 1005 2121 1060 scalam
2148 1004 2314 1060 Iacob
2346 1002 2564 1061 Christo
2592 1005 2696 1060 sibi
2727 1007 2958 1076 desuper
2983 1006 3249 1062 innitente
3282 1009 3509 1078 quinde-

1920 1098 2026 1153 cim
2054 1096 2313 1169 gradibus
2337 1096 2475 1153 coeli
2490 1097 2861 1152 conscendere
2887 1097 3421 1167 valeantregionem.

1994 1187 2265 1254 Secundo,
2306 1198 2368 1245 ut
2404 1204 2505 1260 per
2532 1189 3009 1285 capita\mensium
3046 1190 3270 1246 abbates
3299 1192 3366 1247 de
3397 1209 3517 1248 uno

1922 1282 2156 1339 confinio
2185 1296 2293 1337 uno
2320 1283 2346 1322 ιε
2369 1298 2429 1337 se
2455 1282 2780 1352 copulentur
2802 1282 2945 1349 loco,
2971 1291 3025 1339 et
3054 1283 3360 1339 mensuales
3387 1283 3513 1340 lita-

1922 1375 2045 1429 nias
2080 1382 2301 1429 strenue
2327 1372 2634 1438 celebrent;
2686 1382 2741 1428 et
2785 1389 2884 1444 pro
2930 1374 3217 1429 animabus
3248 1373 3348 1428 sibi
3382 1374 3510 1429 sub-

1921 1464 2051 1520 ditis
2087 1463 2349 1518 auxilium
2384 1463 2600 1518 Domini
2639 1462 2970 1533 implorent:
3013 1463 3138 1532 quia
3179 1465 3247 1517 de
3281 1464 3414 1534 ipsis
3455 1465 3506 1518 in

1923 1554 2206 1610 tremendo
2235 1553 2442 1624 judicio
2468 1568 2591 1609 cum
2620 1553 2810 1626 grandi
2832 1552 3175 1611 discussione
3202 1567 3424 1625 sperent
3451 1570 3509 1611 se

1924 1646 2039 1701 Deo
2068 1646 2336 1701 rationem
2367 1645 2616 1701 reddere.

1995 1738 2181 1792 Tertio
2208 1736 2440 1807 qualiter
2468 1737 2712 1807 quotidie
2735 1736 2920 1793 vivere
2947 1737 3197 1805 debeant,
3228 1738 3301 1794 ibi
3330 1739 3509 1809 dispo-

1924 1838 2085 1897 nant;
2109 1837 2166 1884 et
2185 1839 2441 1899 tanquam
2466 1826 2486 1867 ι
2507 1844 2539 1884 a
2552 1828 2841 1886 saionibus
2860 1830 3236 1902 comprehensi
3257 1832 3326 1889 ad
3345 1831 3533 1889 cellas.

236 1919 450 1974 itineris
479 1917 788 1982 occasione,
815 1931 939 1971 cum
964 1916 1110 1970 omni
1151 1917 1542 1972 monachorum
1584 1933 1815 1989 congre-
1847 1912 1892 1972 Β
1923 1929 2270 1976 revertantur
2293 1931 2333 1959 ω
2357 1917 2727 1990 supplacitati.

235 2010 451 2081 gatione
499 2008 661 2062 horas
704 2007 995 2061 eanouicas
1029 2005 1310 2062 celebrare
1351 1996 1591 2063 debeutf
1626 2008 1695 2063 Et
1730 2008 1817 2063 ubi

234 2099 316 2152 eis
339 2100 364 2137 ε
389 2096 705 2167 properandi
736 2094 897 2149 fuerit
920 2096 1239 2161 necessitas,
1266 2106 1324 2152 et
1346 2097 1601 2152 horarum
1623 2113 1822 2168 cogno-

236 2188 418 2242 verint
456 2196 658 2250 metas,
702 2186 961 2239 continuo
991 2186 1139 2239 humi
1170 2189 1427 2255 prostrati
1461 2188 1822 2259 indulgentias

237 2296 269 2335 a
290 2279 521 2334 Domino
545 2278 816 2348 supplices
843 2286 1050 2347 petant,
1072 2279 1262 2332 etsuis
1286 2279 1437 2335 horis
1461 2280 1821 2349 peculiaribus

235 2371 262 2409 ιι
291 2370 343 2423 id
390 2379 504 2433 est,
553 2369 787 2423 secunda
812 2408 826 2434 ,
872 2368 1064 2433 tertia,
1105 2377 1332 2438 quanta,
1375 2369 1592 2440 quinta,
1634 2379 1816 2439 sexta,

237 2505 396 2558 docet
442 2503 760 2557 Aristoteles
806 2503 860 2556 in
910 2500 1312 2558 OEconomico:
1348 2521 1366 2554 ‹
1393 2503 1613 2560 Persica
1655 2514 1816 2570 sunt,

237 2574 433 2642 inquit,
459 2574 726 2638 instituta,
751 2582 808 2628 ut
836 2572 1230 2643 paterfamilias
1256 2574 1370 2642 ipse
1390 2575 1572 2630 omnia
1594 2574 1819 2643 statuat,

236 2646 416 2718 omnia
450 2644 682 2718 invisat:
712 2644 765 2699 id
797 2645 947 2718 quod
969 2652 1026 2698 et
1046 2643 1186 2718 pion
1217 2645 1283 2698 dc
1310 2655 1535 2715 tyranno
1562 2646 1822 2718 Dionysio

235 2715 490 2769 dicebat:
514 2713 700 2769 Nullus
729 2716 871 2769 enim
905 2715 983 2768 sic
1012 2713 1184 2767 aliena
1216 2713 1371 2768 curat
1401 2723 1460 2768 ut
1484 2731 1602 2771 sua.
1648 2713 1821 2772 Debet

238 2785 406 2854 igitur
438 2785 569 2840 eniti
608 2792 668 2837 ut
702 2785 881 2839 omnia
920 2800 1039 2855 qua:
1073 2791 1280 2855 potest,
1324 2784 1440 2854 ipse
1477 2796 1650 2841 curet.
1704 2787 1823 2841 Huc

235 2853 474 2927 pertinet
502 2856 645 2927 quod
678 2855 870 2927 Perses
898 2853 1120 2927 quidam
1158 2853 1409 2927 e_t_Libys
1437 2864 1627 2927 argute
1660 2856 1819 2911 simul

234 2923 292 2979 et
318 2924 496 2998 facete
521 2923 678 2980 dixit.
728 2923 966 2998 Rogatus
996 2924 1083 2998 ille
1110 2923 1239 2998 quid
1266 2923 1820 2998 opimum'pinguem-

235 3011 341 3066 que
388 2995 597 3051 faceret
637 2994 871 3064 equum:
907 2994 1105 3050 Oculus
1142 2994 1378 3068 domini,
1418 2994 1610 3068 inquit.
1638 2994 1824 3068 'Libys

236 3064 422 3145 autem
454 3081 578 3120 cum
610 3082 678 3146 ex
711 3081 776 3146 en
810 3073 1176 3146 quaereretur,
1195 3064 1336 3146 quod
1368 3064 1623 3146 stercoris
1650 3064 1823 3146 genus

236 3082 422 3145 autem
454 3082 578 3120 cum
614 3082 678 3120 ex
711 3082 776 3120 en
810 3082 1336 3188 gumrereturnquou
1368 3082 1623 3121 Stercorts
1650 3082 1821 3137 genus

236 3146 502 3205 optimum
528 3144 773 3206 putaret:
834 3136 1017 3206 omini
1041 3142 1290 3206 vestigia,
1313 3137 1641 3206 respondita
1667 3136 1821 3203 Quod

237 3211 281 3260 si
314 3206 431 3260 [nec
458 3205 715 3260 dedomo
740 3213 795 3259 et
821 3205 1023 3259 familia
1051 3205 1324 3276 dicuntur,
1357 3205 1527 3262 multo
1556 3208 1729 3276 magis
1757 3208 1824 3262 de

239 3258 585 3330 monasterio
599 3258 827 3330 dicenda
854 3258 1149 3341 sunt,cum
1177 3258 1824 3333 familiteiadminisotrvatio
1849 3258 1894 3321 (ἶ

238 3348 508 3400 humanas
530 3355 739 3400 tantum
754 3345 993 3410 divitias,
1009 3347 1321 3400 monasterii
1345 3346 1580 3410 regimen
1603 3348 1824 3403 caeleste

237 3424 467 3486 spectet.
509 3415 768 3484 Superior
788 3423 870 3470 est
890 3415 973 3471 sui
997 3416 1313 3471 monasterii
1340 3415 1443 3484 sol,
1468 3432 1575 3487 quo
1598 3420 1824 3474 absente

237 3487 420 3541 oninia
454 3486 854 3541 tenebrescunt.

308 3569 334 3596 δ
363 3554 669 3611 Secundum
695 3556 988 3612 consilium.
1024 3555 1190 3626 Lege,
1217 3557 1330 3611 sine
1357 3557 1596 3613 consilio.

311 3627 339 3666 1»
370 3626 438 3679 Et
480 3637 657 3698 nostro
693 3627 966 3698 permisso.
1020 3625 1189 3696 Lege,
1235 3636 1499 3698 etunostro
1542 3629 1819 3698 permissu.

240 3695 478 3752 Sanctus
498 3695 821 3752 Aurelianus
841 3695 1126 3766 episcopus
1147 3695 1399 3766 prohibet
1420 3695 1605 3752 abbati
1622 3698 1824 3766 aliquid

240 3769 477 3822 vendere
500 3767 618 3822 sine
639 3782 736 3821 sua
760 3767 994 3822 licentia.
1026 3767 1161 3821 Nam
1184 3767 1409 3822 abbates
1432 3768 1568 3823 nihil
1588 3767 1825 3824 vendere

241 3850 333 3908 aut
365 3837 605 3908 alienare
654 3846 878 3908 possunt
921 3838 988 3892 de
1030 3836 1199 3908 bonis
1235 3838 1550 3908 monasterii
1617 3836 1826 3906 iniussu

242 3906 520 3976 episcopi,
549 3916 607 3961 ut
635 3906 851 3963 cautum
881 3915 966 3962 est
993 3907 1207 3962 concilii
1233 3906 1559 3976 Agathensis
1583 3922 1707 3963 can.
1730 3908 1822 3964 56.

242 3976 390 4031 Idem
419 3977 653 4032 habetur
678 3978 733 4032 in
760 3977 990 4034 concilio
1016 3976 1411 4043 Aurelianensi,
1438 3993 1520 4044 Ill,
1546 3993 1666 4033 can.
1689 3978 1779 4034 25.

313 4057 339 4086 ε
366 4045 596 4120 Sanctus
623 4047 813 4120 abbas.
850 4047 1133 4120 Haecsunt
1164 4048 1515 4120 emendicata
1541 4063 1609 4103 ex
1639 4050 1827 4120 regula

243 4118 415 4172 sancti
442 4116 663 4188 Cesarii
690 4118 1029 4173 Arelatensis
1051 4117 1289 4188 episcopi
1317 4133 1435 4187 cap.
1459 4118 1529 4173 59
1554 4138 1568 4174 :
1600 4136 1620 4170 α
1647 4116 1828 4176 Abba-

244 4189 377 4241 tissa
410 4187 518 4241 nisi
551 4187 915 4258 inaequalitate
944 4187 1154 4258 aliqua,
1199 4197 1294 4244 aut
1333 4188 1682 4251 infirmitate,
1733 4198 1829 4245 aut

242 4258 631 4382 pecupatione,
659 4257 815 4314 extra
844 4257 1320 4331 congregationem
1347 4260 1562 4330 penitus
1595 4275 1705 4315 non
1740 4276 1828 4316 re-

264 4337 428 4382 teratu
439 4342 483 4381 r.
512 4345 531 4379 ι

264 4337 428 4383 iciatu
439 4342 483 4381 r.
512 4345 531 4379 ι

310 4397 763 4469 ειίιηςιιιμιαιὶιαιεξΣ
794 4398 1138 4469 Intequalitas
1165 4399 1413 4469 morbum
1443 4398 1734 4469 significat,
1766 4407 1828 4455 ut

243 4468 297 4522 in
329 4467 689 4541 Aetis’saticti
726 4467 1006 4541 Eugendi:
1043 4488 1061 4519 ι
1090 4468 1225 4541 Cum
1256 4468 1403 4525 enim
1435 4467 1575 4541 ultra
1603 4484 1828 4541 sexage-

243 4538 699 4609 narianrtetatem
731 4554 825 4593 sex
866 4539 980 4595 fere
1017 4539 1291 4595 mensibus
1326 4539 1621 4609 praedictus
1666 4538 1829 4596 Pater

1992 2013 2199 2081 Quarto
2224 2021 2371 2068 retro
2390 2023 2512 2069 acta
2526 2019 2838 2068 sanctorum
2863 2012 3087 2069 Patrum
3116 2029 3215 2086 per
3231 2025 3258 2053 ιι
3281 2015 3509 2087 scriptu-

1922 2120 2014 2160 ras
2053 2103 2411 2158 sciscitantes.
2439 2101 2752 2169 revolvant,
2789 2108 2853 2158 ut
2886 2102 2957 2158 ab
2990 2102 3123 2175 ipsis
3158 2105 3290 2175 quid
3326 2104 3513 2161 facere

1922 2196 2156 2250 debeant
2183 2199 2500 2265 agnoscant.
2540 2191 2610 2246 Et
2638 2192 2789 2249 intus
2816 2207 2882 2250 ac
2907 2191 3062 2259 foris,
3092 2202 3222 2250 ante
3247 2209 3311 2250 ac
3338 2202 3529 2258 retro...

1920 2285 2136 2357 plenam
2164 2292 2404 2340 mentem
2429 2282 2602 2339 oculis
2631 2282 2904 2340 habeant:
2943 2298 3032 2351 ne,
3065 2283 3211 2356 quod
3242 2283 3413 2351 absit,
3453 2285 3507 2339 iu

1922 2377 2159 2449 aliquam
2196 2374 2445 2431 haeresim
2474 2373 2849 2442 devolvantur,
2886 2390 2951 2431 ac
2979 2384 3224 2446 pereant.
3274 2376 3382 2433 Pro
3408 2376 3510 2433 hoc

1998 2512 2023 2551 ⁸
2049 2510 2419 2582 _Properandi_
2443 2511 2600 2582 fuerit
2657 2510 2956 2566 necessitas.
3006 2510 3063 2567 Id
3115 2521 3218 2581 est,
3278 2527 3507 2582 propere

1921 2580 2089 2636 eundi
2122 2581 2305 2650 aliquo
2331 2580 2599 2635 videlicet
2620 2590 2779 2637 extra
2804 2580 3214 2637 monasterium.

1992 2653 2023 2692 ιι
2054 2650 2121 2704 Id
2146 2651 2525 2722 est,_secunda,
2555 2651 2735 2722 tertia,
2769 2660 2875 2707 etc.
2900 2650 3003 2706 Hic
3039 2659 3249 2706 tantum
3289 2667 3504 2722 ponun-

1922 2731 2012 2777 tur
2041 2722 2229 2776 decem
2259 2720 2405 2775 borae
2430 2721 2734 2791 canonieaa;
2770 2737 2895 2791 eum
2922 2729 3103 2777 tamen
3144 2736 3212 2776 ex
3235 2720 3507 2791 sequenti-

1921 2794 2024 2848 bus
2046 2791 2347 2863 intelligere
2369 2790 2527 2863 detur
2552 2789 2620 2863 ab
2647 2791 2751 2846 hoc
2797 2790 3099 2863 Fructuose
3138 2789 3328 2863 statui
3350 2791 3508 2863 quin-

1923 2863 2100 2917 decim
2136 2878 2150 2912 :
2178 2861 2253 2915 ita
2282 2867 2344 2916 ut
2372 2861 2460 2915 hic
2480 2862 2770 2917 videantur
2794 2861 2970 2917 omitti
2996 2862 3171 2931 prima
3192 2901 3207 2926 ,
3252 2861 3508 2917 duodeci-

1922 2948 2035 2996 ma,
2086 2931 2300 2988 initium
2353 2933 2554 2999 noctis,
2606 2947 2704 2988 seu
2734 2931 3197 3002 «completorium,
3229 2941 3510 2988 nocturnae

1921 3002 2142 3074 vigiliae,
2167 3010 2226 3058 et
2272 3002 2555 3074 matutina:
2581 3002 2807 3074 Iaudes.
2855 3001 2962 3059 Sed
2997 3002 3256 3074 exprimit
3293 3011 3505 3074 tantum

1922 3072 2106 3155 horas,
2132 3087 2252 3142 quae
2284 3072 2339 3127 in
2370 3072 2453 3127 via
2467 3072 2859 3155 recitabantur
2891 3092 2904 3127 :
2930 3072 3343 3144 quia‘monacbi
3383 3081 3510 3129 ante

1921 3144 2157 3214 primam
2186 3157 2293 3198 non
2317 3144 2757 3215 egrediebantur.

2000 3212 2129 3266 iDa
2157 3222 2358 3284 partem
2413 3224 2627 3284 septem.
2656 3210 2899 3283 Partem,
2940 3214 3000 3270 in
3041 3213 3322 3286 singulari,
3364 3223 3424 3268 ut
3454 3214 3508 3268 in

1927 3315 2077 3363 textu
2122 3306 2390 3365 Hebraico
2433 3290 2568 3397 P‘m,
2628 3305 2822 3373 chelec,
2871 3306 2929 3362 id
2956 3313 3065 3370 est.
3095 3313 3327 3377 partem.
3357 3305 3427 3361 Et
3453 3305 3507 3360 in

1922 3417 2117 3492 Graeco
2141 3433 2156 3472 :
2189 3417 2273 3481 δὸς
2302 3416 2624 3492 μερίδα-Τοῖς
2649 3416 2886 3492 ἔπτὰ-ἰὰ
2910 3424 3014 3481 est,
3049 3416 3117 3471 da
3144 3423 3357 3485 partem
3386 3431 3531 3487 sep-»

1926 3497 2053 3543 tem.
2101 3489 2158 3542 In
2207 3486 2459 3543 versione
2486 3487 2716 3557 Vulgata
2743 3486 2874 3557 {Da
2899 3493 3077 3556 partes
3099 3495 3312 3555 septem.

1997 3557 2011 3608 ἱ
2043 3558 2118 3612 Ac
2148 3558 2543 3612 resurrectionis
2563 3555 2723 3612 diem.
2762 3555 2906 3626 Lege
2924 3595 2940 3621 ,
2982 3556 3052 3609 ad
3096 3555 3528 3626 resurrectionis

1924 3629 2082 3682 diem.
2111 3628 2269 3694 Nam,
2323 3628 2588 3695 cumhic
2615 3628 2723 3683 sint
2769 3621 2978 3680 tantum
3016 3621 3327 3695 quindecim
3359 3623 3521 3695 horm-

1924 3699 2218 3763 canonicze,
2247 3692 2368 3766 qua:
2396 3693 2639 3752 referunt
2662 3704 2869 3766 septem
2896 3692 3049 3766 dona
3064 3692 3299 3761 Spiritus
3331 3694 3507 3748 sancti

1924 3776 1980 3823 et
1997 3776 2121 3823 octo
2151 3764 2535 3831 beatitudines,
2564 3783 2672 3822 non
2696 3764 2872 3836 potest
2891 3764 2983 3820 illo
3003 3779 3232 3818 numero
3254 3777 3506 3836 compre-

1925 3838 2090 3894 hendi
2120 3838 2237 3893 dies
2274 3834 2712 3892 resurrectionis}
2746 3835 2853 3891 Sed
2884 3849 3076 3891 sensus
3105 3842 3192 3889 est
3222 3834 3366 3904 quod
3410 3849 3510 3903 per

1925 3907 2048 3979 illos
2076 3908 2243 3979 veluti
2290 3906 2600 3979 quindecim
2635 3906 2835 3979 gradus
2868 3905 2922 3960 in
2958 3905 3046 3960 die
3087 3904 3508 3959 resurrectionis

1928 3978 1996 4033 ad
2018 3978 2215 4033 caelum
2246 3977 2577 4032 ascenditur.

2000 4048 2026 4119 If
2060 4047 2131 4104 Se
2157 4047 2484 4119 copulentur.
2500 4047 2611 4119 gEst
2640 4046 2935 4118 deponens.
2984 4042 3211 4101 Plautus
3253 4045 3309 4099 in
3338 4043 3508 4098 Aulu-

1927 4116 2060 4188 laria
2089 4136 2102 4172 :
2136 4116 2738 4188 copulenturgdexteras'.

2007 4187 2020 4226 ι
2056 4190 2100 4241 Α
2135 4185 2423 4242 saionibus.
2458 4186 2586 4243 Saio
2616 4199 2700 4243 est
2736 4187 2913 4250 lictor,
2935 4185 3216 4251 carnifex,
3259 4193 3503 4241 exactor.

1927 4258 2133 4314 Glossae
2156 4257 2624 4314 Arabico-Latinas
2652 4258 2810 4313 dicta:
2840 4271 2865 4311 :.
2886 4255 3035 4321 Saio,
3081 4266 3352 4327 ptenator,
3393 4268 3506 4310 tor-

1927 4338 2028 4400 tor.
2056 4329 2268 4400 Eaedem
2292 4328 2485 4400 glossa:
2516 4346 2530 4383 :
2565 4328 3061 4400 Ρςλιεηιιιοηδβοπτοιλν
3088 4327 3505 4400 _saio._Sanetus

1925 4398 2163 4471 Isidorus
2188 4394 2347 4455 Iibfx
2396 4399 2566 4471 Orig.:
2600 4398 2762 4471 διισἱο
2786 4394 2981 4471 (Lege,
3003 4394 3179 4465 Snio),
3204 4395 3269 4471 ali
3292 4396 3503 4467 exigen-

1927 4469 2016 4523 do.
2043 4470 2149 4526 Sed
2176 4479 2307 4540 puto
2336 4486 2456 4526 esse
2477 4464 2805 4540 vocabulum:
2822 4464 3329 4540 Gothicum_;_cujus
3362 4464 3532 4540 stirpe

1930 4535 2246 4596 mentio-in
2300 4540 2509 4610 legibus
2554 4538 2982 4610 Wisigotborum
3015 4535 3207 4610 utulib.
3246 4550 3286 4596 ι,
3334 4535 3421 4610 tit.
3448 4537 3525 4601 1,,

245 4607 612 4678 inmqualitate
638 4623 900 4678 corporea
938 4609 1232 4665 laboraret.
1264 4628 1284 4662 ι
1327 4604 1390 4664 In
1425 4609 1656 4665 concilio
1683 4609 1823 4666 Car-
1846 4611 1901 4672 D
1926 4609 1962 4664 l.
2002 4610 2106 4665 I7:
2142 4629 2162 4661 ‹
2204 4604 2391 4666 Nullus
2441 4611 2494 4664 in
2555 4604 2832 4664 territorio
2886 4622 2992 4661 non
3042 4604 3167 4678 sibi
3191 4604 3502 4678 commisso,

244 4677 574 4750 tbaginiensi
602 4693 681 4750 tv,
724 4677 847 4734 can.
880 4680 987 4734 49:
1019 4697 1037 4731 ‹
1068 4678 1309 4735 Clericus
1336 4680 1429 4749 qui
1464 4681 1669 4750 absque
1696 4695 1822 4736 cor—

244 4748 393 4816 poris
420 4748 788 4819 inaequalitate
815 4750 1011 4819 vigiliis
1040 4750 1225 4811 deest,
1271 4748 1555 4819 stipendiis
1584 4748 1829 4819 privatus

244 4818 762 4874 exeommunicetur.
795 4840 815 4873 ι
854 4818 920 4874 Ει
946 4821 1001 4876 ἰη
1029 4820 1148 4874 loco
1174 4818 1539 4875 citato’saneti
1564 4818 1825 4876 Caesarii:

250 4906 270 4938 ι
312 4887 602 4960 Abbatissa
652 4891 757 4945 nisi
808 4891 1177 4959 inaequalitate
1227 4890 1407 4960 aliqua
1456 4899 1550 4944 aut
1595 4890 1828 4945 inﬁrmi-

246 4965 378 5021 tate,
405 4966 514 5034 etc_.
549 4959 641 5015 Sic
670 4960 858 5034 Graece
893 4962 1200 5034 aimpaiia,
1219 4961 1273 5014 id
1302 4969 1419 5034 est,
1453 4960 1826 5034 inaequalitas,

246 5043 346 5098 pro
377 5030 568 5103 morbo
597 5032 849 5103 sumitur.
904 5030 1155 5103 Synodus
1183 5031 1483 5103 Laodicena
1502 5070 1516 5095 ,
1555 5046 1679 5103 can.
1709 5030 1780 5085 40
1806 5049 1820 5085 :

248 5100 498 5175 Παρεκτὸς
535 5103 580 5155 εἰ
620 5105 688 5175 μρ
724 5101 787 5157 δι’
824 5099 1110 5175 ῶωραλὶᾳν
1148 5099 1574 5175 ᾁςιτολιμπάνοιτο,
1596 5100 1668 5175 _id
1701 5109 1817 5168 est,

247 5171 683 5241 praeterquam’si
709 5171 936 5240 propter
955 5171 1330 5241 aegritudinem
1357 5187 1462 5241 non
1488 5171 1688 5225 veniat.

322 5250 347 5278 α
378 5238 622 5295 Abbates.
657 5238 768 5296 Hoc
794 5238 959 5306 caput
984 5238 1062 5295 est
1104 5240 1326 5296 alterius
1363 5239 1682 5306 Fructuosi,
1714 5256 1824 5297 non

249 5309 408 5383 enim
427 5319 606 5365 exstat
633 5312 687 5365 in
716 5309 920 5383 Regula
964 5327 1067 5365 ms.
1107 5312 1229 5365 cod.
1266 5311 1447 5383 Crass.
1492 5311 1549 5383 In
1593 5326 1658 5365 eo
1694 5327 1826 5367 sane

250 5379 508 5447 piteclara
530 5379 845 5436 documenta
872 5383 1240 5446 continentur,
1262 5388 1317 5435 et
1343 5381 1630 5436 abbatibus
1651 5383 1825 5437 maxi-

254 5465 339 5503 IDC
374 5465 596 5504 necessa
606 5465 704 5504 I‘la.

327 5519 355 5591 εν
381 5519 559 5573 Tulta.
588 5521 643 5574 Id
665 5529 749 5576 est
778 5520 1010 5591 sublata,
1034 5535 1064 5575 a
1088 5520 1234 5587 tollo,
1291 5522 1443 5591 cujus
1490 5521 1826 5589 prteteritum

253 5590 558 5661 antiquum,
604 5590 772 5645 tetuli.
818 5590 1039 5645 Plautus
1082 5592 1138 5646 in
1160 5590 1568 5661 Amphitryone,
1602 5600 1711 5661 act.
1742 5591 1823 5661 2:

202 5682 213 5695 -
257 5658 508 5732 Osculum
530 5661 676 5732 tetuli
705 5661 820 5727 tibi;
848 5670 903 5715 ct
923 5661 1051 5732 alibi
1082 5658 1281 5732 passim
1307 5680 1320 5715 :
1351 5658 1475 5731 quia
1512 5660 1718 5732 antiqui
1743 5660 1828 5732 di-

257 5730 471 5793 cebant,
501 5730 635 5795 tulo,
678 5740 737 5785 ut
770 5739 923 5786 notat
968 5730 1277 5787 Priscianus
1312 5730 1406 5785 lib.
1440 5748 1475 5785 ι
1504 5748 1516 5783 :
1568 5749 1587 5781 ι
1620 5730 1665 5783 Α
1712 5730 1824 5784 tuto

256 5814 488 5869 quoque,
534 5802 676 5869 quod
722 5802 995 5857 veteribus
1046 5801 1100 5856 in
1161 5818 1263 5856 usu
1312 5801 1434 5865 fuit,
1467 5799 1640 5863 tetuli;
1673 5799 1821 5855 dice-

258 5870 401 5925 battt.
437 5891 455 5925 υ
486 5870 752 5941 Supinum
779 5882 958 5928 tamen
991 5886 1049 5929 se
1077 5887 1348 5942 nunquam
1377 5872 1571 5943 legisse
1601 5869 1745 5927 dicit.

1937 4681 2019 4735 vel
2068 4680 2178 4746 illo,
2232 4681 2323 4735 ubi
2364 4680 2640 4748 judicandi
2693 4685 3019 4748 potestatem
3059 4675 3263 4730 nullam
3316 4676 3526 4748 habet,

1936 4745 2258 4821 quemquam
2287 4745 2579 4821 priesumat
2602 4749 2682 4821 vel
2694 4745 2795 4821 per
2812 4747 3132 4821 iussionem,
3156 4745 3500 4821 autsaionem

1936 4815 2339 4891 distringere}
2375 4820 2443 4874 Et
2464 4818 2648 4891 multis
2676 4815 2798 4891 aliis
2816 4815 2984 4891 locis.
3002 4818 3064 4891 in
3090 4815 3504 4891 coneilinme—

1933 4884 2161 4956 riteusi:
2174 4906 2297 4946 can.
2327 4892 2361 4945 8
2392 4908 2404 4943 :
2439 4908 2457 4940 ‹
2491 4888 2773 4944 Ditecesim
2797 4889 2902 4943 sibi
2935 4885 3170 4942 debitam
3219 4884 3522 4956 ordinante.

1933 4955 2346 5031 metropolitano
2371 4975 2492 5015 eum
2519 4959 2630 5031 suis
2652 4958 2910 5031 fratribus
2946 4972 3053 5031 per
3077 4955 3519 5031 suum‘saionem.

1934 5024 2179 5101 recipiat.
2224 5052 2242 5083 ι
2274 5029 2665 5101 Crebraetiam
2699 5028 2903 5101 mentig
2944 5026 3179 5101 fitapud
3219 5024 3504 5101 Cassiodo,

1931 5095 2071 5165 rum',
2102 5110 2159 5156 et
2185 5101 2418 5155 maxime
2444 5100 2519 5155 lib
2552 5115 2656 5164 χιι,
2682 5100 2840 5168 epist.
2869 5097 2934 5165 5,
2976 5096 3068 5151 ubi
3102 5096 3219 5166 ejus
3267 5095 3501 5151 cilicium

1929 5172 2270 5226 describitur.

2003 5253 2041 5280 ω
2075 5240 2443 5310 Sttpplacimti.
2472 5237 2528 5291 Id
2558 5247 2664 5303 ρει,
2689 5236 2863 5310 citati,
2895 5238 2948 5291 in
2981 5235 3245 5310 judicium
3274 5235 3451 5290 vocati
3483 5254 3497 5289 :

1933 5326 2057 5364 nam
2088 5307 2340 5377 placitum
2367 5318 2449 5363 est
2476 5315 2792 5371 conventus,
2823 5308 2875 5361 in
2905 5323 3013 5377 quo
3043 5307 3168 5361 lites
3192 5308 3500 5377 disceptant

1934 5388 2041 5443 tur,
2073 5375 2139 5434 de
2169 5394 2276 5449 quo
2301 5377 2460 5432 infra.
2494 5378 2590 5432 Est
2627 5389 2807 5431 autem
2834 5375 2941 5449 bicﬁ
2970 5379 3290 5449 metaphora
3312 5375 3507 5449 :ﬂqupd

1934 5465 2126 5518 nempe
2156 5446 2256 5518 ipsi
2276 5449 2498 5503 abbates
2536 5448 2843 5519 congregati
2883 5448 3118 5519 peractis
3155 5447 3390 5502 comitiis
3425 5446 3498 5519 ita

1930 5516 2248 5573 festinanter
2294 5519 2528 5572 debeant
2581 5516 2665 5573 adv
2694 5516 2879 5582 cellas,
2929 5518 2982 5572 id
3021 5525 3126 5581 est,
3169 5516 3497 5572 monasteria

1928 5605 2023 5644 sua
2052 5590 2251 5654 redire,
2289 5603 2353 5643 ac
2380 5588 2427 5642 si
2453 5604 2484 5642 a
2514 5589 2792 5643 saionibus
2811 5602 2905 5643 seu
2931 5587 3210 5643 lictoribus
3236 5588 3384 5643 citati
3408 5602 3498 5643 es-

1925 5667 2063 5715 sent.
2670 5663 2681 5673 ’

1998 5741 2022 5768 ιι
2048 5728 2367 5799 Scripturas.
2408 5726 2703 5797 Scriptura:
2750 5729 2854 5785 hoc
2897 5729 3016 5787 loco
3062 5744 3168 5785 non
3212 5734 3501 5784 sumuntur

1925 5815 2021 5868 pro
2050 5797 2279 5867 utroque
2308 5797 2675 5853 Testamento.
