3958 6198
420 352 522 405 7S7

1411 347 1468 402 s.
1513 346 1865 402 BENEDICTi
1906 346 2197 400 seems
2232 332 2643 403 ANIANENSIS

3555 309 3647 407 73's

416 479 547 534 ergo
577 477 792 533 semper
835 463 887 517 in
934 461 1203 518 communi
1250 460 1481 516 concilio
1529 460 1757 515 fratrum
1781 472 1805 500 ι
1829 474 1983 529 aequa
2014 468 2058 524 Α
2086 460 2390 531 principatu
2420 461 2649 515 fratrum
2686 462 2938 534 indignus
2974 470 3077 528 est,
3107 477 3298 518 verum
3324 464 3490 519 etiam
3518 477 3542 504 ε
3562 467 3651 521 Ιιυ-

419 552 574 607 lance
603 561 852 620 tanquam
886 551 939 605 in
966 564 1132 619 penso
1157 549 1481 619 persistant,
1513 558 1574 603 ut
1595 549 1867 619 praaterita
1892 564 1983 604 re-

418 641 707 705 cordando,
731 648 786 693 et
803 638 980 693 futura
1005 639 1366 708 prtevidendo,
1384 638 1481 692 bet
1502 639 1782 708 praesentia
1809 653 1986 694 recor—

416 731 591 785 dando
618 730 884 782 baeresum
912 742 1019 781 non
1047 728 1320 796 patiantur
1343 728 1609 783 stimulos.

486 819 704 884 Quinto,
726 824 787 871 ut
809 832 931 871 cum
954 816 1211 871 fratribus
1233 817 1659 881 advenientibus,
1684 817 1984 887 hospitibus

412 920 466 963 et
496 908 791 980 peregrinis
818 908 871 961 in
896 923 1002 962 una
1027 923 1211 961 mensa
1238 910 1598 962 communiter
1617 910 1829 963 vivant:
1858 909 1981 977 quia

412 1000 480 1053 de
511 1000 639 1070 ipsis
668 999 925 1053 Dominus
954 998 1064 1052 ait:
1102 997 1302 1067 Hospes
1331 1014 1496 1061 eram,
1527 1008 1573 1051 et
1599 998 1877 1069 collegistis
1902 1014 1984 1051 me

414 1090 630 1159 (Matth.
661 1088 812 1159 xxv).

484 1183 652 1238 Sexto
680 1183 839 1237 talem
869 1182 970 1237 sibi
1002 1183 1446 1238 consuetudinem
1479 1184 1675 1238 debent
1704 1183 1900 1249 facere,
1924 1194 1983 1240 ut

412 1288 627 1329 omnem
652 1284 674 1313 ο
701 1272 1015 1343 cupiditiam
1050 1280 1105 1328 et
1143 1273 1427 1327 avaritiam
1458 1287 1489 1326 a
1518 1287 1577 1327 se
1606 1273 1865 1328 radicitus
1897 1289 1984 1328 ar—

411 1372 587 1417 ceant.
622 1361 679 1417 Si
707 1361 809 1416 hoc
832 1360 1029 1416 malum
1060 1375 1164 1414 non
1190 1368 1358 1424 esset,
1381 1360 1645 1414 idolorum
1668 1361 1981 1415 servitutem

410 1471 530 1511 eam
557 1455 846 1527 Apostolus
875 1470 983 1509 non
1012 1454 1238 1510 dixisset
1263 1451 1404 1526 (Gal.
1433 1453 1515 1517 ιι).
1552 1455 1618 1508 Ει
1648 1471 1745 1524 per
1775 1457 1875 1510 hoc
1906 1457 1983 1509 vi-

409 1563 505 1603 rus
544 1546 799 1602 monachi
844 1555 1079 1601 mentem
1125 1546 1499 1616 cognoscimus
1537 1547 1789 1601 sauciari.
1842 1547 1909 1601 Et
1951 1563 1981 1601 a

411 1637 560 1692 nullo
587 1639 716 1692 vitio
744 1638 960 1708 penitus
989 1653 1224 1707 unquam
1254 1646 1433 1707 potest
1456 1637 1593 1692 liber
1618 1653 1759 1701 esse,
1788 1639 1877 1707 qui
1908 1646 1984 1691 ta-

406 1728 476 1784 lis
501 1728 909 1785 consuetudinis
936 1728 1150 1782 vinculo
1179 1727 1341 1781 fuerit
1374 1728 1669 1796 obligatus,
1710 1738 1765 1783 et
1801 1729 1855 1782 in
1884 1729 1979 1782 Dei

2081 552 2274 607 micida
2304 552 2609 608 animarqu
2643 552 2967 622 judicabdus
3004 565 3128 611 est:
3169 555 3189 595 ί
3226 564 3283 612 et
3320 557 3461 614 alius
3501 560 3653 616 mini-

2081 643 2247 698 sterio
2274 642 2391 713 ejus
2409 660 2642 715 prmesse
2663 646 3045 701 constituatur.
3077 648 3102 688 Β
3132 646 3227 702 Sin
3258 663 3389 703 vero
3410 665 3519 705 non
3559 666 3653 723 po-

2081 735 2284 789 tuerint
2315 737 2584 799 monachi,
2617 738 2641 776 ιι
2667 738 2736 793 ab
2767 737 2858 793 illo
2896 747 3110 803 exeant,
3156 747 3211 794 et
3252 740 3342 796 ille
3380 743 3395 782 ί
3433 756 3651 799 excom-

2081 826 2405 879 municetur.
2434 824 2530 880 Sin
2559 842 2688 880 vero
2714 827 3000 896 pmniteat,
3029 828 3225 882 subdat
3251 844 3311 884 se
3352 830 3454 885 sub
3486 835 3655 887 mani—

2081 915 2182 969 bus
2209 916 2437 970 senioris
2464 924 2518 971 et
2544 917 2790 970 servituti
2820 917 3089 986 subjiciat,
3139 919 3311 975 donec
3346 922 3657 990 probaveri-

2083 1003 2152 1056 tis
2171 1003 2260 1073 qui
2298 1012 2513 1073 pneest.
2556 1004 2845 1059 Monachos
2886 1006 2941 1059 in
2986 1007 3234 1061 curribus
3291 1017 3347 1062 et
3399 1009 3451 1063 in
3502 1013 3657 1080 equis

2082 1093 2391 1148 discurrere
2428 1106 2615 1164 praeter
2651 1094 2922 1158 infirmos,
2958 1096 3160 1151 debiles
3196 1107 3254 1152 et
3287 1099 3511 1154 claudos
3549 1118 3654 1155 non

2081 1184 2461 1253 permittimus.
2495 1183 2552 1238 Si
2575 1192 2752 1239 autem
2779 1185 2881 1239 hoc
2906 1184 3155 1252 fecerint,
3190 1195 3205 1237 ι
3244 1187 3405 1243 alieni
3441 1191 3551 1245 sint
3589 1192 3656 1245 ab

2082 1275 2289 1329 unitate
2316 1273 2564 1329 fratrum.

2355 1362 2383 1434 §
2412 1362 2531 1418 XX.
2560 1395 2630 1403 —
2653 1363 2732 1419 Ex
2761 1363 2978 1420 Racuu
3008 1364 3402 1422 Oatssrauuu.

2154 1455 2179 1493 ¹ί
2209 1453 2432 1524 Oportet
2471 1456 2722 1511 abbatem
2772 1456 3300 1527 irreprebcnsibilem
3337 1475 3458 1516 esse
3482 1501 3498 1525 ,
3556 1478 3656 1531 pa-

2083 1542 2306 1596 tientem
2335 1541 2379 1615 [1
2403 1541 2716 1615 jejunium,]
2744 1545 2913 1615 pium,
2934 1544 3189 1600 humilem
3217 1565 3230 1598 :
3259 1557 3317 1600 ut
3347 1547 3588 1603 doctoris
3601 1561 3657 1604 et

2079 1633 2251 1703 patris
2270 1632 2447 1688 locum
2480 1632 2719 1702 impleat,
2751 1633 2984 1705 seipsum
3015 1633 3067 1688 in
3092 1645 3132 1672 ω
3153 1632 3382 1689 formam
3403 1638 3657 1705 prmbeus

2080 1725 2346 1779 bonorum
2395 1739 2639 1795 operum,
2702 1724 2771 1779 ad
2827 1724 2978 1794 cujus
3022 1725 3415 1780 ordinationem
3464 1742 3659 1784 omnes

407 1827 463 1875 et
499 1819 733 1889 proximi
772 1818 1059 1873 dilectione
1088 1832 1361 1887 nunquam
1394 1817 1501 1872 erit
1530 1817 1791 1873 firmatus.
1844 1818 1977 1885 Quia
2008 1815 2054 1872 Β
2082 1813 2279 1868 fratres
2309 1813 2618 1882 respiciant,
2645 1812 2781 1867 nihil
2813 1813 2931 1868 sine
2969 1812 3196 1868 consilio
3233 1822 3290 1867 et
3334 1815 3659 1871 auctoritate

407 1910 549 1974 hoc,
596 1909 739 1978 quod
785 1907 840 1962 in
890 1906 1086 1962 saeculo
1129 1906 1602 1975 concupiscimus,
1656 1907 1771 1962 sine
1818 1906 1980 1963 dubio

405 1997 670 2069 proximis
704 1997 1027 2051 invidemus.
1079 1994 1232 2052 Unde
1259 2005 1313 2051 et
1340 1996 1533 2052 Patres
1572 2000 1742 2053 sancti
1773 1998 1978 2069 Spiritu

408 2097 597 2143 sancto
621 2087 840 2157 repleti,
881 2095 942 2141 ut
979 2094 1197 2156 possent
1227 2086 1395 2141 Deum
1431 2097 1481 2142 et
1516 2089 1819 2158 proximum
1856 2106 1979 2160 per-

407 2180 548 2237 fecte
569 2180 814 2250 diligere,
832 2180 1152 2235 studuerunt
1175 2180 1228 2234 in
1249 2180 1352 2235 hoc
1374 2182 1572 2236 mundo
1597 2182 1729 2236 nihil
1756 2183 1975 2238 habere.

407 2271 478 2325 Et
507 2271 631 2340 quia
662 2271 779 2325 sine
809 2269 989 2339 aliquo
1017 2285 1136 2325 esse
1171 2285 1279 2325 non
1318 2285 1637 2342 possumus,
1681 2272 1856 2341 ipsum
1888 2273 1979 2328 de-

406 2361 598 2416 bemus
638 2361 869 2425 hahere,
921 2359 1063 2430 quod
1106 2374 1207 2416 nos
1240 2375 1349 2415 non
1386 2362 1567 2431 pigeat
1603 2377 1725 2417 cum
1758 2377 1979 2418 necesse

404 2450 570 2507 fuerit
601 2450 777 2521 egenti
807 2451 1051 2520 proximo
1078 2450 1325 2517 reddere,
1357 2458 1412 2506 et
1440 2467 1470 2507 a
1498 2453 1767 2508 cbaritate
1792 2452 1889 2508 Dei
1925 2462 1980 2509 et

406 2540 696 2596 dilectione
715 2540 947 2610 proximi
969 2555 1243 2609 nunquam
1265 2541 1504 2595 animum
1527 2542 1792 2598 relaxare.
1816 2542 1980 2611 Cujus

404 2629 653 2686 videlicet
695 2629 953 2686 fortitudo
992 2630 1275 2687 charitatis
1312 2646 1437 2687 vera
1482 2640 1684 2687 sanctae
1724 2633 1979 2690 Ecclesia:

403 2735 538 2775 voce
575 2720 844 2787 laudatur,
885 2735 1008 2776 cum
1036 2736 1135 2791 per
1158 2720 1506 2779 Canticorum
1535 2722 1816 2779 Canticum
1846 2726 1977 2780 dici-

407 2822 531 2867 tur:
572 2811 762 2866 Valida
796 2821 871 2868 est
909 2822 966 2866 ut
997 2828 1137 2867 mors
1165 2812 1374 2867 dilectio
1400 2811 1577 2883 (Cant.
1601 2812 1742 2884 vui).
1781 2814 1978 2869 Virtuti

407 2905 551 2958 enim
591 2905 782 2958 mortis
815 2903 1035 2958 dilectio
1067 2913 1436 2972 comparatur,
1481 2904 1608 2973 quia
1652 2905 1770 2959 sine
1815 2904 1980 2959 dubio

407 3000 671 3055 mentem,
714 3006 875 3061 quam
907 2990 1075 3047 semel
1102 2992 1358 3062 coeperit,
1404 3006 1435 3044 a
1477 2990 1764 3047 dilectione
1792 2992 1977 3047 mundi

407 3080 649 3134 funditus
673 3079 891 3135 occidit.
930 3079 1089 3136 Tales
1115 3096 1245 3154 ergo
1273 3081 1471 3136 debent
1497 3094 1618 3135 esse
1648 3082 1890 3147 abbates,
1918 3092 1977 3137 ut

2081 1904 2249 1975 ipsius
2286 1904 2568 1960 facientes.
2606 1903 2710 1971 Qui
2738 1905 3014 1960 sustinens
3045 1906 3423 1961 necessitatem
3467 1923 3661 1962 mona-

2079 1994 2255 2060 sterii,
2305 1995 2374 2049 de
2408 1994 2659 2049 omnibus
2692 2007 2812 2065 quae
2857 1993 2912 2048 in
2955 1995 3287 2049 monasterio
3317 2004 3446 2050 sunt
3484 1995 3662 2051 libere

2073 2085 2358 2155 iudicabit,
2396 2084 2597 2140 nullius
2621 2084 3223 2155 personam‘accipiens,
3250 2101 3352 2141 nec
3386 2084 3480 2140 ulli
3533 2100 3662 2155 gra—

2081 2175 2209 2229 tiam
2232 2182 2497 2244 prasstans
2528 2192 2542 2229 :
2573 2174 2668 2229 sed
2691 2189 3128 2245 unumquemque
3149 2175 3444 2231 secundum
3460 2178 3659 2231 merita

2080 2266 2412 2336 quotidiana:
2438 2265 2867 2321 conversationis
2914 2265 2970 2319 in
3016 2266 3244 2320 veritate
3273 2263 3527 2333 judicans
3561 2266 3663 2321 ad-

2078 2369 2318 2424 moneat,
2354 2360 2619 2423 hortetur,
2648 2359 2895 2429 castiget,
2917 2357 3238 2412 condemnet
3266 2372 3281 2409 :
3316 2367 3340 2393 ο
3368 2356 3454 2411 vel
3484 2358 3663 2413 susci-

2078 2451 2212 2523 piat,
2240 2452 2287 2507 si
2326 2452 2399 2505 ita
2425 2451 2556 2505 utile
2588 2451 2817 2505 videtur.
2857 2448 3143 2504 Venientes
3167 2448 3234 2502 ad
3266 2447 3661 2503 monasterium

2078 2541 2163 2597 vel
2182 2540 2384 2608 ejiciat,
2407 2542 2454 2594 si
2484 2540 2558 2594 ita
2582 2538 2878 2594 necessitas
2906 2536 3101 2600 fuerit,
3143 2535 3285 2591 male
3324 2536 3658 2592 habitantes.

2152 2632 2181 2706 ς
2210 2632 2352 2687 XXI.
2378 2631 2542 2685 —Ex
2575 2630 2792 2687 ﬁscum
2823 2643 3010 2683 SANCTI
3048 2626 3249 2681 BASILII
3281 2628 3418 2698 (cap.
3452 2627 3561 2698 15).

2148 2723 2257 2777 Int.
2291 2720 2430 2789 Quid
2455 2721 2657 2776 sentire
2679 2720 2745 2773 de
2772 2734 2831 2773 se
2861 2717 3021 2772 debet
3044 2717 3090 2771 is
3118 2716 3209 2785 qui
3230 2716 3516 2786 prmest,in
3539 2718 3664 2784 qui-

2075 2814 2178 2870 bus
2225 2811 2485 2882 przecipit,
2535 2825 2632 2864 vec
2687 2808 3037 2878 imperat?——
3070 2805 3224 2877 Resp.
3274 2807 3429 2877 Apud
3480 2806 3661 2861 Deum

2077 2904 2294 2975 quidem
2324 2903 2466 2958 sicut
2487 2900 2735 2955 minister
2764 2895 2961 2953 Chri'sti
2985 2907 3041 2951 et
3074 2898 3411 2968 dispensator
3448 2907 3662 2968 myste-

2078 2994 2282 3048 riorum
2309 2991 2405 3045 Dei
2435 2990 2489 3062 (Ι
2518 2989 2639 3044 Cor.
2667 2988 2776 3061 tv);
2817 2988 3011 3042 timens
3063 3002 3130 3040 ne
3174 2994 3367 3057 printer
3401 2987 3658 3043 volunta-

2076 3091 2185 3139 tem
2208 3083 2325 3147 Dei,
2355 3081 2438 3135 vel
2464 3090 2660 3151 praeler
2686 3079 2828 3150 quod
2866 3080 2918 3132 in
2965 3079 3168 3133 sanctis
3204 3077 3497 3149 Seripturis
3534 3081 3662 3134 evi-

404 3171 615 3240 possint
639 3171 808 3224 Deum
837 3178 891 3224 et
915 3170 1219 3240 proximum
1249 3170 1507 3240 diligere:
1541 3170 1725 3225 oculos
1747 3170 1920 3226 lassos
1942 3187 1975 3226 a
2002 3155 2047 3218 C
2078 3178 2270 3231 denter
2303 3174 2645 3244 prtecipitur,
2686 3171 2768 3226 vel
2808 3172 2956 3227 dicat
2982 3169 3206 3240 aliquid,
3246 3169 3329 3225 vel
3370 3170 3599 3241 imperet
3637 3191 3655 3225 :

405 3260 844 3330 concupiscentia
865 3260 1023 3329 hujus
1041 3260 1222 3316 saeculi
1244 3259 1384 3315 mala
1409 3260 1691 3326 habentes,
1713 3261 1900 3331 quales
1920 3264 1975 3318 in

405 3350 656 3419 paradiso
681 3348 872 3405 habuit
893 3349 1066 3405 Adam
1092 3358 1217 3404 ante
1243 3358 1663 3421 transgressum.

725 3438 753 3513 ς
780 3439 920 3494 XIX.
940 3441 1100 3496 —Ex
1129 3440 1348 3496 Rasum
1367 3456 1653 3497 cuwsnau.

480 3531 538 3588 Si
569 3534 693 3603 quis
721 3548 787 3588 ex
823 3533 1143 3598 senioribus,
1176 3535 1289 3589 sive
1307 3534 1354 3589 is
1381 3536 1470 3606 qui
1503 3536 1668 3591 abbas
1697 3552 1975 3607 nuncupa-

408 3632 516 3690 tur,
546 3624 898 3694 voluptuosus
927 3624 1153 3690 existat,
1201 3634 1258 3679 et
1295 3625 1543 3682 ebriosus
1576 3634 1631 3681 et
1665 3627 1816 3683 dives
1837 3668 1852 3692 ,
1883 3628 1975 3699 qui

406 3715 535 3772 huic
561 3716 758 3773 saeculo
787 3714 1177 3781 conformatur,
1216 3716 1319 3772 hoc
1351 3727 1455 3783 εει,
1484 3715 1510 3756 ά
1550 3717 1606 3772 in
1641 3717 1892 3773 curribus
1920 3726 1977 3775 et

405 3806 464 3861 in
484 3808 639 3878 equis
668 3806 734 3863 de
757 3805 877 3861 loco
913 3805 980 3860 ad
1007 3804 1184 3861 locum
1212 3806 1501 3872 discurrat,
1532 3807 1619 3863 hic
1656 3823 1763 3863 non
1800 3807 1976 3863 solum

481 3936 717 4019 aﬂ/Egua
759 3936 1200 4019 lanceAtanquam
1240 3938 1295 3993 in
1311 3955 1482 4019 penso
1517 3940 1816 4019 persistant.
1848 3939 1974 3998 Haec

406 4007 541 4062 nihil
569 4006 719 4081 aliud
742 4016 957 4081 sonant,
980 4006 1143 4077 quam
1174 4006 1332 4081 (quod
1352 4006 1576 4064 abbams
1595 4011 1840 4079 accipere
1854 4027 1976 4081 per-

406 4092 567 4133 sonas
593 4077 813 4149 minime
847 4076 1062 4149 debent,
1094 4076 1346 4149 sed‘esse
1392 4088 1647 4149 tanquam
1698 4076 1879 4135 lances
1916 4082 1974 4136 in

404 4161 596 4217 penso,
624 4160 734 4199 seu
757 4144 1062 4217 libratioue,
1091 4162 1210 4217 qua:
1238 4148 1285 4202 si
1300 4148 1461 4217 justas
1491 4144 1634 4212 sunt,
1668 4150 1720 4203 in
1748 4150 1975 4205 alteram

445 4224 616 4291 artem
645 4231 747 4269 nec
769 4214 1045 4291 tantillum
1066 4214 1358 4291 declinant.
1400 4215 1546 4272 ldem
1575 4219 1704 4273 dicit
1746 4218 1814 4274 de
1857 4220 1976 4291 lege

452 4301 516 4340 eo
544 4285 836 4354 imperator
862 4283 1080 4340 Novella
1108 4286 1197 4340 2L

479 4357 507 4395 δ
533 4354 604 4409 Et
631 4354 910 4425 praesentia
953 4356 1294 4411 recordando.
1331 4356 1458 4412 Haec
1495 4357 1744 4413 videntur
1780 4359 1976 4416 redun-

407 4428 555 4483 dare.

478 4508 501 4536 ο
531 4496 871 4566 Cupiditiam.
900 4496 956 4551 Id
984 4503 1086 4562 est,
1117 4496 1483 4565 cupiditatem.

376 4580 389 4599 ι
475 4566 503 4607 d
535 4565 937 4638 In'carribus‘et
961 4567 1017 4620 in
1043 4567 1206 4638 equis.
1236 4568 1337 4638 (De
1356 4568 1458 4638 hoc
1485 4575 1699 4638 sumptu
1734 4571 1970 4638 equestri

408 4639 461 4693 in
487 4637 771 4708 abbatibus
797 4635 1120 4708 refrenando
1157 4636 1280 4708 vide
1302 4636 1497 4708 (bullas
1525 4635 1888 4708 Gregorii—1X,
1918 4649 1974 4695 et

407 4707 611 4776 Nicolai
657 4705 745 4762 IV.
796 4705 910 4761 Hac
947 4707 1001 4760 in
1033 4721 1092 4761 re
1143 4706 1431 4776 singularis
1489 4705 1751 4763 modestia
1806 4710 1976 4765 eluxit

406 4778 548 4833 beati
573 4775 794 4832 Joannis
824 4776 999 4831 Marre
1026 4775 1273 4831 monachi
1295 4785 1497 4834 sancta:
1517 4776 1697 4833 Mariae
1717 4779 1783 4833 de
1799 4779 1975 4835 Simo-

406 4864 489 4913 ra,
510 4848 718 4903 ordinis
747 4848 921 4902 sancti
945 4845 1221 4901 Benedicti
1246 4848 1433 4902 vicarii
1469 4848 1769 4916 generalis,
1811 4850 1975 4904 abba-

405 4920 479 4974 tis
497 4917 888 4983 Cluuiacensis,
919 4926 983 4988 et
1029 4919 1240 4971 tandem
1282 4918 1519 4988 episc0pi
1564 4916 1972 4988 Condomcnsis.

406 4989 457 5043 ls
483 5004 603 5043 cum
653 4996 801 5044 esset
845 4987 1130 5097 episcopus
1176 5002 1268 5042 sex
1312 4986 1518 5043 tantum
1549 4986 1725 5041 alebat
1755 5004 1924 5058 equos
1956 5008 1968 5044 :

410 5058 617 5097 dnnhnc
647 5058 920 5097 nnnilnlml
979 5072 1035 5097 rp
1062 5057 1200 5097 inuia
1227 5066 1457 5097 nllnlnnr
1508 5057 1573 5097 ml
1625 5058 1968 5097 nnnvnlmmla

410 5058 618 5114 duobus
647 5058 948 5126 equitabat,
979 5057 1200 5125 reliquis
1227 5066 1457 5125 quatuor
1507 5057 1575 5111 ad
1625 5057 1972 5113 convehenda

409 5130 549 5199 ligna
569 5138 624 5182 et
650 5127 855 5197 lapides
883 5143 980 5199 pro
1004 5126 1360 5199 instaurandis
1388 5141 1500 5180 sua:
1518 5126 1772 5199 dimcesis
1798 5130 1974 5183 eccle-

409 5195 524 5263 siis,
554 5195 816 5266 novisque
838 5195 1166 5252 aziliiicandis
1194 5197 1468 5250 utebatur.
1516 5195 1615 5252 Hic
1664 5200 1855 5252 beatus
1894 5199 1975 5251 vir

407 5270 541 5391 opiit
570 5284 714 5324 anno
750 5268 906 5333 1521,
957 5266 1230 5321 miraculis
1272 5266 1324 5321 in
1354 5266 1463 5320 vita
1492 5275 1547 5321 et
1586 5276 1708 5337 post
1744 5275 1975 5323 mortem

408 5354 439 5391 ε
459 5356 606 5391 arus.

408 5354 606 5394 Clarus.

484 5421 507 5448 ε
535 5407 817 5477 Homicida
859 5408 1175 5461 animarum.
1213 5405 1347 5477 Quia
1386 5406 1529 5477 malo
1568 5406 1816 5477 exemplo
1856 5408 1973 5462 ani-

408 5495 528 5535 mas
564 5487 723 5533 necat
741 5476 894 5547 juxta
936 5475 1563 5547 sanctumgAugustinum
1587 5517 1602 5541 ,
1631 5475 1743 5531 libi
1764 5476 1832 5531 de
1866 5478 1969 5530 Pa-

411 5549 666 5610 storibus,
696 5545 808 5601 c.‘4
841 5566 856 5599 :
894 5565 914 5596 ι
954 5545 1154 5603 Tamen
1183 5545 1409 5616 (pastor)
1450 5546 1542 5614 qui
1577 5547 1627 5600 in
1674 5556 1972 5616 conspectu

398 5616 752 5691 ‘populimale
777 5617 928 5691 vivit,
958 5624 1217 5684 quantum
1245 5615 1299 5668 in
1329 5614 1418 5668 iUo
1458 5625 1579 5682 est,
1610 5615 1756 5670 illum
1798 5614 1828 5669 a
1864 5632 1973 5685 quo

410 5685 724 5749 attenditur,
756 5685 971 5742 occidit.
1008 5702 1028 5737 ι

490 5759 506 5797 f
546 5755 610 5808 Et
658 5753 792 5807 alius
840 5754 1152 5807 monasterio
1192 5753 1308 5822 ejus
1376 5773 1557 5811 ra’csse
1601 5758 1968 5812 constituatur.

2078 3280 2135 3325 et
2153 3269 2460 3324 inveniatur
2493 3275 2747 3336 tanquam
2780 3258 2961 3320 falsus
2991 3263 3145 3319 testis
3182 3262 3311 3329 Dei,
3346 3271 3402 3318 et
3436 3264 3661 3319 sacrile-

2077 3375 2176 3431 gus
2206 3379 2218 3412 :
2248 3359 2334 3413 vel
2381 3359 2727 3414 introducens
2775 3356 2977 3426 aliquid
3029 3356 3264 3410 alienum
3317 3371 3351 3410 a
3400 3355 3659 3411 doctrina

2039 3451 2330 3514 ,Domini:
2364 3449 2446 3505 vel
2468 3457 2615 3505 certe
2643 3449 3059 3519 subrelinquens
3104 3455 3161 3502 et
3195 3446 3515 3518 praeteriens
3553 3448 3659 3502 ali-

2076 3542 2208 3613 quid
2231 3557 2439 3606 eorum,
2465 3556 2585 3610 quae
2613 3540 2726 3595 Deo
2748 3540 2943 3610 placita
2970 3547 3114 3594 sunt.
3144 3538 3227 3592 Ad
3251 3537 3450 3593 fratres
3466 3545 3658 3595 autem

2074 3647 2196 3688 esse
2221 3632 2383 3688 debet
2408 3640 2666 3702 tauquam
2703 3631 2749 3688 si
2778 3631 2963 3686 nutrix
2998 3630 3177 3686 foveat
3219 3630 3476 3701 parvulos
3499 3646 3656 3686 suos.

2075 3728 2303 3785 Paratus
2331 3734 2513 3782 autem
2540 3726 2836 3782 secundum
2881 3724 3025 3796 quod
3072 3722 3361 3792 unicuique
3408 3722 3656 3791 expedit,

2074 3818 2479 3876 communicare
2513 3833 2637 3873 cum
2658 3816 2740 3873 eis
2775 3832 2883 3873 non
2929 3813 3101 3870 solum
3143 3811 3491 3884 Evangelium
3529 3812 3656 3876 Dei,

2075 3953 2257 4009 Abbas
2302 3954 2356 4008 in
2403 3951 2719 4023 huiusmodi
2754 3947 3262 4023 luxumprofusus,
3310 3961 3374 4001 ac
3422 3945 3657 4015 proinde

2076 4026 2288 4080 caeteris
2310 4023 2457 4077 vitiis
2475 4017 2887 4078 contaminatus
2923 4017 3256 4073 abdicandus
3292 4025 3415 4079 est,
3456 4031 3655 4083 nempe

2076 4095 2145 4149 ab
2186 4095 2469 4164 episcopoA
2482 4100 2541 4164 et
2570 4090 2763 4164 vicinis
2810 4089 3134 4164 abbatibps;
3187 4094 3246 4164 u_t
3295 4085 3657 4164 haltetur.l8,

2115 4180 2170 4217 ιι.
2188 4154 2246 4227 ε’,
2278 4154 2393 4232 εαρῖ
2433 4161 2492 4217 Si
2515 4161 2653 4233 quis,
2681 4160 2992 4233 exAconcilio
3022 4154 3655 4233 Triburiensi._An_tiqua

2125 4224 2280 4305 egula
2306 4224 2549 4305 Patrum,
2579 4246 2697 4305 cap.
2737 4229 2829 4293 21,
2865 4230 3112 4305 abbatem
3141 4224 3523 4305 peculiaritati,
3545 4225 3653 4305 hoc

2075 4295 2187 4368 est:
2209 4295 2858 4374 proprietati‘stuilentem
2902 4297 3095 4367 deponi
3134 4295 3388 4366 praecepit
3415 4295 3484 4348 ab
3527 4295 3651 4363 epi-

2077 4388 2302 4498 scgpgin
2332 4457 2451 4495 vero
2479 4456 2581 4494 non
2609 4438 2869 4509 potuerint
2899 4437 3158 4509 monachi.
3172 4434 3433 4509 Videntur
3459 4430 3655 4489 deesse

1999 4521 2051 4580 D
2076 4513 2192 4568 haec
2215 4510 2379 4568 verba
2409 4528 2421 4564 :
2455 4509 2590 4564 Eum
2609 4503 2885 4633 agonem,
2915 4507 2999 4561 vel
3025 4506 3152 4574 quid
3182 4503 3377 4559 simile.

2148 4583 2177 4623 ιι
2207 4582 2284 4633 Ab
2310 4580 2404 4633 illo
2428 4588 2632 4633 exeant.
2711 4592 2866 4633 emne
2900 4578 2969 4632 ad
2993 4577 3137 4631 aliud
3165 4583 3377 4629 monast

2148 4583 2177 4623 ιι
2207 4582 2284 4637 Ab
2310 4580 2404 4635 illo
2428 4588 2632 4634 exeant.
2663 4572 2866 4637 Nempe
2900 4578 2969 4632 ad
2993 4572 3137 4631 aliud
3165 4572 3572 4629 monasterium.

2156 4654 2172 4694 ί
2209 4649 2725 4706 Εποηιηιιιηὶεειατ.
2751 4647 2833 4702 Ab
2856 4647 3127 4717 episcopo.

2152 4719 2166 4772 i
2206 4722 2377 4776 Alieni
2403 4721 2509 4774 sint
2529 4717 2594 4771 ab
2622 4717 2824 4771 unitate
2844 4713 3088 4786 fratrum.
3121 4713 3177 4769 Id
3198 4721 3310 4769 est.
3335 4725 3650 4767 excommu-

2078 4794 2349 4848 nicentur.
2750 4834 2755 4840 .

2152 4862 2178 4901 ι
2211 4860 2425 4921 Oportet
2447 4858 2702 4912 abbatem.
2725 4854 2972 4910 Imitatur
2990 4854 3171 4909 divum
3196 4852 3446 4918 Paulum,
3470 4850 3644 4921 Epist.

2078 4932 2101 4987 Ι
2130 4932 2196 4985 ad
2223 4930 2584 4991 Timotheum,
2614 4940 2732 4995 cap.
2760 4941 2843 4980 ιιι.

2155 4999 2171 5038 ι
2196 4999 2490 5053 Jeiunium.
2514 4996 2658 5051 Puto
2682 4993 2834 5050 hanc
2854 5008 3039 5049 vocem
3069 4993 3392 5048 redundare.

2148 5082 2189 5110 ιιι
2218 5060 2492 5122 Formam.
2526 5067 2605 5120 Ex
2636 5065 2806 5134 Epist.
2836 5065 2903 5118 ad
2931 5063 3153 5134 Titum,
3173 5077 3291 5130 cap.
3332 5078 3394 5116 ιι.
3422 5061 3483 5134 in
3522 5060 3646 5117 Vul-

2076 5148 2201 5210 gata
2231 5138 2465 5210 editione
2491 5130 2747 5210 habetur,
2795 5133 3105 5210 exemplum.
3136 5133 3377 5210 ln_textu
3410 5130 3602 5210 Graeco
3628 5148 3643 5185 :

2077 5202 2239 5266 ἰλύπον
2273 5248 2288 5272 ,
2318 5207 2372 5260 id
2401 5215 2503 5268 est,
2529 5204 2755 5258 formam
2782 5218 2797 5258 :
2826 5211 2985 5274 prout
3009 5203 3061 5257 in
3081 5204 3182 5257 hac
3201 5202 3646 5273 interpretatione

2078 5278 2275 5347 regula:
2302 5274 2589 5347 Orientalis
2616 5274 2863 5347 habetur.

2151 5339 2179 5385 ῖι
2224 5345 2310 5401 Vel
2330 5344 2600 5414 suscipiat,
2627 5343 2889 5414 etc.__ll:_ec
2937 5350 3063 5414 sunt
3103 5341 3173 5394 ita
3203 5339 3486 5414 jungenda
3524 5353 3641 5414 cum

2080 5418 2183 5473 hac
2219 5408 2651 5484 interpunctione
2687 5431 2700 5465 :
2740 5410 2829 5465 Vel
2858 5413 3138 5484 suscipiat,
3169 5408 3469 5484 si'ita’utile
3511 5408 3645 5462 vide.

2079 5498 2187 5551 tur,
2227 5479 2485 5540 vertientes
2513 5482 2580 5536 ad
2611 5479 3008 5551 monasterium;
3032 5491 3107 5551 ιιρι
3139 5480 3348 5551 ejiciat,
3378 5479 3423 5531 si
3453 5479 3532 5551 ita
3562 5493 3646 5551 itc-

2079 5546 2292 5610 cessitas
2319 5554 2496 5625 fuerit,
2530 5550 2667 5604 male
2690 5550 2999 5625 habitantes.
3030 5549 3085 5602 ld
3120 5546 3234 5612 est,
3268 5549 3353 5625 vel
3391 5546 3642 5625 suscipiat

2080 5626 2145 5680 ad
2185 5618 2565 5679 monacbatum
2592 5636 2685 5674 eos
2723 5623 2813 5688 qui
2845 5619 3030 5673 volunt
3053 5619 3312 5683 converti,
3343 5619 3427 5675 vel
3470 5618 3640 5685 ejiciat

2080 5695 2247 5750 malos
2280 5703 2336 5750 et
2360 5690 2753 5762 ineorrigibiles
2782 5690 3091 5745 monachos.
