3958 6198
329 394 435 451 789

1343 398 1729 456 CONCORDIA
1769 399 2219 455 REGULARUM.
2261 431 2329 440 ——-
2369 402 2519 457 CAP.
2560 402 2623 457 κ’.

3470 405 3589 457 ’ῖῦοσ

322 510 423 564 sed
449 509 615 564 etiam
644 508 878 563 animam
925 525 1095 573 suam,
1150 527 1359 566 memor
1393 515 1647 583 prmcepti
1688 513 1898 568 Domini
1928 523 1975 581 Α
2002 529 2098 567 ore
2135 514 2435 579 laudabilis,
2465 517 2705 570 omnium
2741 514 3019 568 desideriis
3070 514 3345 568 imitabilis
3390 530 3573 567 exem-

323 614 390 654 ac
412 598 507 653 Dei
532 599 702 653 nostri
741 599 998 655 dicentis:
1047 600 1360 656 Mandatum
1398 619 1585 658 novum
1621 604 1690 658 do
1732 604 1896 670 vobis,

323 704 381 746 ut
408 692 643 763 diligatis
683 693 921 758 invicem,
973 695 1108 749 sicut
1154 688 1317 750 dilexi
1364 713 1475 751 vos.
1516 696 1777 767 καίοι-ειη
1800 696 1899 750 hac

323 784 634 837 alacritatem
662 798 809 837 nemo
835 784 1009 848 habet,
1045 802 1203 855 quam
1236 795 1293 840 ut
1331 797 1491 857 ponat
1523 787 1638 859 quis
1669 787 1899 842 animam

320 890 476 928 suam
499 889 594 944 pro
620 874 804 927 amicis
823 875 933 928 suis
958 873 1140 947 (Joan.
1166 890 1257 941 xv,
1285 875 1393 948 15).

581 961 609 1034 ς
638 961 801 1016 XXII.
833 992 905 1003 -
934 963 1065 1017 Item
1095 964 1327 1033 eiusdem
1359 965 1496 1036 (cap.
1525 966 1635 1035 15).

394 1051 506 1105 Int.
563 1051 750 1117 tQuali
775 1051 970 1107 affectu
993 1053 1076 1108 vel
1105 1054 1248 1123 quali
1275 1069 1438 1110 sensu
1475 1061 1687 1125 oportet
1719 1056 1896 1110 incre-

320 1155 456 1212 pare
484 1156 628 1208 eum,
655 1144 745 1211 qui
772 1143 1059 1214 increpat?
1089 1175 1162 1186 —
1186 1145 1343 1216 Resp.
1378 1146 1459 1201 Ad
1493 1148 1663 1201 Deum
1680 1147 1897 1217 quidem

321 1233 419 1289 tali
457 1243 638 1288 mente
665 1249 786 1290 esse
822 1235 1003 1301 debet,
1035 1237 1249 1306 qualem
1279 1237 1480 1291 indicat
1506 1237 1698 1292 beatus
1734 1237 1899 1292 David

320 1324 543 1379 dicens:
580 1324 607 1363 δ
646 1322 762 1377 Vidi
785 1341 888 1378 non
914 1335 1175 1380 servantes
1200 1336 1431 1396 pactum,
1461 1337 1509 1381 et
1535 1328 1853 1382 tabescebam
1876 1345 1895 1383 :

318 1415 571 1486 quoniam
602 1413 805 1485 eloquia
831 1425 924 1470 tua
962 1433 1067 1470 non
1093 1417 1447 1471 custodierunt
1477 1414 1651 1488 (Psal.
1679 1418 1892 1490 cxvm).

321 1509 403 1564 Ad
429 1523 525 1563 eos
546 1518 727 1562 autem
754 1523 890 1578 quos
934 1508 1198 1579 increpat,
1253 1509 1396 1564 hunc
1432 1510 1592 1564 debet
1645 1508 1896 1565 affectum

320 1615 559 1665 scrvare,
588 1613 746 1669 quem
774 1607 930 1669 pater
960 1608 1013 1656 et
1055 1602 1295 1656 medicus
1322 1612 1343 1640 α
1375 1616 1503 1672 erga
1542 1590 1895 1670 regrotantem

320 1689 491 1744 ﬁlium
518 1699 718 1753 servat,
741 1698 797 1745 et
820 1698 948 1744 tunc
972 1691 1229 1756 maxime,
1271 1707 1392 1746 cum
1433 1692 1666 1760 qualitas
1695 1691 1721 1731 ἀ
1751 1707 1897 1748 cura:

320 1778 532 1833 tristior
556 1778 770 1832 videtur
799 1787 855 1833 et
881 1778 1114 1849 gravior.

583 1884 818 1959 §XX'III.
850 1917 919 1927 —
945 1886 1079 1943 Item
1102 1889 1332 1959 ejusdem
1362 1888 1500 1961 (cap.
1526 1890 1639 1962 24).

388 2000 499 2054 Int.
530 2012 554 2038 ε
582 1998 739 2066 Quali
776 1998 972 2054 aﬁ‘cetu
1015 2002 1136 2070 quis
1166 2002 1321 2056 debet
1362 2002 1637 2072 suscipere
1673 2019 1893 2072 correp-

316 2090 555 2145 tionem?
576 2088 805 2160 —Resp.
831 2090 984 2146 Sicut
994 2105 1136 2161 aeger
1163 2090 1304 2147 ﬁlius
1328 2093 1503 2162 patris
1523 2100 1583 2151 et
1602 2094 1798 2150 medici
1825 2094 1893 2149 de

316 2182 428 2236 vita
477 2196 576 2236 sua
629 2182 846 2236 solliciti
876 2200 888 2236 :
921 2182 1014 2251 qui
1056 2182 1273 2237 etiamsi
1327 2182 1345 2222 ί
1379 2182 1641 2239 offeratur
1691 2183 1894 2251 aliquid

315 2287 570 2342 asperum
618 2273 687 2327 ad
735 2274 1031 2328 curandum
1056 2274 1245 2339 ﬁlium,
1286 2272 1391 2330 scit
1420 2279 1446 2315 ε
1470 2275 1699 2347 [itaque]
1730 2275 1890 2341 ﬁlius,

315 2364 460 2435 quod
493 2379 593 2422 nec
617 2376 771 2437 pater
804 2368 858 2422 in
886 2367 1065 2438 aliquo
1096 2369 1364 2442 negligere
1395 2379 1580 2441 potest,
1611 2372 1677 2427 de
1717 2370 1891 2427 salute

316 2457 435 2523 lilii,
464 2471 567 2513 nec
594 2458 836 2514 medicus
863 2457 995 2514 falli.
1364 2473 1369 2478 ’

493 2569 521 2641 §
546 2567 807 2623 XXIV.——
832 2569 911 2623 Ex
934 2569 1152 2626 Renum
1178 2586 1443 2627 cususvau
1472 2570 1609 2644 (cap.
1637 2572 1711 2643 1).

387 2676 590 2743 Abbas,
620 2678 935 2734 monasterii
962 2695 1070 2735 non
1095 2689 1202 2734 tam
1233 2696 1435 2751 genere
1477 2695 1636 2750 quam
1671 2681 1886 2750 sapien-

2000 602 2108 673 plo.
2134 603 2216 658 Sit
2244 604 2526 660 charitatis
2549 604 2919 659 benevolentia
2957 613 3179 657 ornatus
3200 643 3213 666 ,
3249 604 3571 657 etornnitnn

2003 690 2238 746 ﬁdelium
2265 679 2503 748 lmtiﬁcet-
2525 693 2727 747 corda:
2763 708 2888 764 erga
2912 692 3315 762 peregrinorum
3351 702 3406 746 et
3450 695 3571 746 bos-

1999 781 2170 850 pitum
2214 784 2629 840 sollicitudinem
2659 786 2672 823 i
2707 793 2965 853 pracstus,
3017 798 3142 853 erga
3187 782 3572 836 infirmantium

2001 885 2184 926 curam
2213 873 2497 936 sollicitus,
2537 889 2665 943 erga
2697 875 2917 941 inopum
2947 881 3001 927 et
3051 882 3376 944 mgrotorum
3417 873 3575 942 juva-

2001 976 2123 1016 nten
2153 962 2456 1032 opulentus.
2499 962 2591 1018 Sic
2627 963 3051 1031 delinquentium
3092 962 3357 1033 ignaviam
3405 965 3574 1018 corri-

1999 1064 2109 1126 gat,
2155 1065 2215 1110 ut
2262 1057 2328 1112 ad
2372 1056 2577 1112 cultum
2623 1056 2900 1126 religionis
2956 1055 3183 1110 lascivas
3240 1065 3295 1111 et
3335 1055 3348 1106 i
3402 1055 3573 1111 fessas

1999 1155 2207 1202 mentes
2230 1135 2466 1202 reducat.
2512 1146 2603 1202 Sic
2654 1147 3080 1201 misericorditer
3116 1147 3375 1201 bonitatis
3430 1153 3570 1201 dona

1999 1238 2304 1304 distribuat,
2331 1248 2597 1308 quatenus
2639 1253 2706 1293 ex
2753 1238 2918 1291 nimia
2959 1238 3231 1301 bonitate,
3273 1236 3567 1291 facinorum

1997 1328 2233 1384 fomenta
2263 1345 2369 1385 non
2399 1331 2621 1385 nutriat.
2656 1329 2740 1384 Sit
2764 1343 2891 1399 ergo
2920 1331 3090 1383 bonus
3130 1329 3285 1382 bouis
3324 1344 3419 1398 per
3457 1343 3571 1381 tne-

1996 1420 2183 1487 ritum,
2211 1421 2282 1475 sit
2300 1421 2458 1476 malis
2482 1420 2656 1475 malus
2684 1435 2781 1489 per
2802 1418 3088 1490 ﬂagellum.
3121 1418 3272 1486 Quoi
3304 1419 3571 1474 mediante

1998 1512 2025 1552 ιι
2053 1512 2280 1567 scientia
2307 1513 2571 1583 agendum
2598 1519 2701 1577 est,
2734 1513 2886 1583 juxta
2924 1494 3218 1581 psalmistze
3265 1512 3565 1569 orationem

1996 1603 2227 1659 dicentis
2267 1622 2281 1658 :
2325 1600 2344 1642 1
2384 1603 2688 1658 Bonitatcm
2729 1613 2777 1657 et
2824 1602 3163 1668 disciplinam.
3203 1613 3249 1656 et
3296 1603 3567 1656 ac'mntizm

1995 1695 2121 1749 doce
2146 1711 2247 1761 me,
2271 1694 2548 1748 InDomine
2603 1692 2778 1767 (Psal.
2817 1695 3029 1764 cxvm).
3063 1694 3120 1748 ln
3163 1702 3389 1762 utroque
3422 1693 3565 1746 enim

1996 1785 2174 1841 abbati
2204 1785 2500 1839 cavendum
2522 1793 2628 1849 est,
2658 1798 2727 1839 ne
2757 1792 2849 1838 aut
2876 1785 3044 1839 nimia
3072 1783 3314 1845 bonitate
3343 1783 3393 1836 in
3435 1784 3564 1835 sub-

1921 1881 1969 1940 B
1988 1871 2257 1941 jcctorum
2278 1872 2528 1931 cordibus
2548 1872 2678 1926 vitia
2708 1873 2929 1935 nutriat,
2966 1880 3058 1926 aut
3092 1872 3253 1926 nimia
3276 1870 3567 1939 discipliuze

1993 1962 2332 2024 austeritate,
2367 1975 2488 2030 quae
2511 1960 2619 2016 leni
2650 1961 3020 2031 increpatione
3049 1961 3288 2015 sanando
3332 1960 3564 2023 fuerant,

1994 2054 2164 2124 rigida
2191 2052 2531 2123 correptione
2581 2052 2926 2122 diripiantur.
2979 2052 3217 2107 incautis
3246 2052 3444 2106 etenim
3488 2052 3566 2105 sic

1991 2144 2185 2200 blanda
2208 2144 2560 2215 persuasione
2589 2144 2890 2208 subveniat,
2921 2151 2979 2198 ut
3004 2160 3192 2199 eorum
3222 2143 3392 2198 sanici
3429 2143 3566 2196 anti-

1990 2236 2103 2292 doti
2127 2236 2523 2306 quodammodo
2550 2235 2816 2292 medendo
2867 2250 3054 2290 curant
3112 2234 3388 2297 infundat;
3421 2233 3567 2288 sanis

1990 2338 2118 2378 vero
2143 2323 2385 2380 moribus
2408 2338 2472 2379 ea
2508 2324 2776 2379 hortando
2822 2323 3087 2393 praebeat,
3126 2330 3187 2376 ut
3231 2336 3352 2390 qua:
3407 2337 3566 2390 agere

1989 2419 2290 2483 coeperunt,
2344 2412 2678 2467 meliorando
2721 2427 2893 2482 usque
2937 2411 3004 2464 ad
3035 2411 3197 2464 ﬁnem
3242 2408 3562 2479 perducant.

1950 2498 1955 2507 ’
1989 2502 2133 2558 Nihil
2156 2504 2358 2559 etenim
2382 2503 2601 2573 prodest
2628 2502 2877 2574 coepisse,
2904 2502 2949 2556 si
2980 2502 3034 2556 in
3061 2502 3202 2556 bono
3223 2502 3565 2570 opere,quod

1990 2600 2285 2663 coeperant,
2327 2607 2434 2647 non
2460 2591 2714 2647 studeant
2756 2605 3127 2661 perseverare.
3173 2589 3382 2645 Habeat
3433 2607 3564 2661 ergo

1991 2692 2067 2739 tot
2100 2684 2309 2737 animos
2358 2689 2532 2752 pater,
2574 2689 2723 2751 quot
2750 2682 2811 2735 in
2859 2695 2959 2736 suo
3000 2680 3257 2749 regimine
3284 2680 3423 2736 ﬁlios
3456 2700 3468 2734 :
3508 2690 3568 2735 ut

316 2767 389 2819 tia
420 2764 619 2820 nobilis
639 2779 759 2821 esse
787 2767 948 2821 debet
973 2784 986 2820 :
1018 2775 1079 2821 ut
1100 2769 1192 2837 qui
1218 2784 1521 2824 sermonem
1547 2770 1615 2825 ad
1640 2769 1889 2824 erudien-
1980 2774 2138 2844 juxta
2180 2771 2423 2826 omnium
2462 2785 2659 2834 mores,
2711 2770 2953 2829 omnium
2999 2767 3212 2825 noverit
3243 2769 3372 2824 vitia
3407 2784 3562 2825 coer-

314 2855 412 2909 das
452 2855 662 2909 animas
683 2853 829 2923 justa
859 2857 1159 2913 eruditione
1183 2857 1466 2926 lucubrat,
1494 2859 1727 2930 propriis
1755 2859 1890 2914 acti-
1987 2877 2132 2919 cere.
2158 2862 2297 2918 Tuta
2322 2861 2395 2919 sit
2431 2860 2504 2916 in.
2532 2874 2722 2915 omnes
2768 2859 3089 2930 prudentia,
3136 2866 3196 2913 ut
3242 2873 3342 2914 nec
3391 2859 3565 2928 pietas

313 2946 415 3001 bus
451 2961 561 3002 non
605 2948 956 3004 contradicat.
990 2949 1116 3004 Plus
1150 2952 1352 3007 etenim
1379 2953 1407 2992 ιι
1445 2951 1713 3024 subjugati
1749 2968 1887 3021 ιιι-αξ-
1987 2952 2305 3023 disciplinae,
2334 2967 2439 3008 nec
2466 2951 2749 3020 disciplina
2786 2950 2972 3020 pietati
3016 2949 3191 3005 locum
3225 2948 3394 3004 tollat.
3425 2948 3565 3020 Agat

315 3038 549 3093 latorum
583 3046 800 3094 actuum
822 3038 1049 3095 formam
1073 3041 1382 3109 imitantur,
1418 3058 1581 3113 quam
1629 3043 1887 3098 doctrina:
1986 3044 2225 3098 omnium
2251 3055 2470 3105 curam;
2516 3047 2575 3093 ut
2610 3039 2676 3094 de
2721 3037 2962 3093 omnium
3011 3036 3255 3108 profectu
3301 3037 3566 3093 mercedis

315 3128 475 3182 illata:
505 3143 665 3184 aures
698 3132 1124 3189 accommodant.
1172 3131 1340 3187 Debet
1384 3134 1527 3187 enim
1562 3133 1733 3189 sacris
1774 3133 1887 3189 elo—
1986 3135 2213 3206 recipiat
2252 3134 2493 3199 lucrum;
2543 3139 2603 3187 ut
2623 3146 2691 3187 ex
2742 3130 3086 3199 corruptione
3121 3128 3404 3199 praesentis
3442 3128 3565 3183 vita:

316 3220 458 3289 quiis
478 3236 646 3291 opera
669 3229 888 3286 nectere
916 3237 1092 3288 sacra,
1124 3230 1181 3276 ut
1207 3223 1299 3293 qui
1333 3221 1448 3292 ejus
1490 3224 1735 3279 imitatur
1785 3224 1884 3280 do-
1911 3223 1956 3284 C
1988 3226 2339 3297 quandoque
2367 3230 2607 3293 ereptus,
2658 3229 2868 3276 tantum
2911 3219 3113 3275 laboris
3156 3218 3385 3289 recipiat
3428 3232 3566 3288 pne-

315 3312 549 3367 ctrinam
573 3326 639 3369 ex
661 3326 813 3376 voce,
831 3312 1070 3367 imitetur
1096 3311 1300 3369 cultum
1329 3329 1398 3368 ex
1420 3328 1605 3384 opere.
1632 3313 1732 3379 Ne,
1761 3315 1808 3369 si
1830 3314 1885 3369 in

318 3401 503 3471 aliquo
525 3401 642 3456 voci
690 3415 827 3471 opus
870 3402 1281 3468 contradixerit,
1335 3402 1543 3460 fructus
1580 3405 1731 3460 vocis
1778 3419 1885 3461 non

316 3490 561 3544 obtineat
596 3487 863 3544 effectum.
925 3487 1017 3544 Sic
1073 3505 1201 3561 ergo
1232 3492 1302 3546 sit
1335 3500 1391 3547 et
1430 3507 1559 3549 voce
1584 3502 1809 3549 ornatus
1833 3501 1889 3549 et

315 3595 500 3651 opere,
528 3587 664 3634 utet
691 3595 825 3649 opus
851 3580 994 3645 voci,
1034 3589 1090 3636 et
1120 3596 1220 3636 vox
1265 3582 1568 3638 consentiat
1598 3584 1765 3653 Operi.
1803 3583 1887 3639 Sit

315 3670 662 3725 continentiae
697 3678 753 3725 et
771 3669 1035 3725 castitatis
1068 3669 1200 3727 flore
1237 3681 1517 3742 comptus,
1551 3681 1608 3727 et
1646 3674 1886 3727 omnium

386 3833 410 3861 α
444 3820 625 3892 Quali
651 3822 881 3892 aﬁ’gctu.
918 3822 1109 3876 Exstat
1160 3823 1301 3892 apud
1346 3830 1592 3878 sanctum
1630 3823 1886 3879 Basiliam

317 3891 578 4014 ἔξιθι-ωε.
607 3891 676 3947 99
704 3890 935 3961 Regulae
977 3893 1129 3947 brev.
1175 3890 1231 3947 et
1274 3894 1412 3963 apud
1459 3892 1734 3957 Ruﬁnum,
1764 3910 1883 3964 cap.

390 4031 418 4069 δ
461 4027 580 4103 Vidi
605 4048 711 4103 non
740 4040 1001 4103 servantes
1029 4039 1257 4103 pactum.
1289 4032 1365 4087 Ita
1407 4033 1462 4087 in
1492 4032 1749 4103 psalterio
1784 4033 1888 4088 Ro-

319 4114 499 4174 mano.
549 4100 702 4174 Apud
744 4099 1045 4155 Ruﬁnumi
1090 4099 1209 4156 Vidi
1252 4099 1679 4174 prtevariéantes,
1728 4111 1787 4158 ut
1830 4104 1885 4157 in

316 4170 554 4241 editione
584 4170 830 4241 Vulgata.

388 4250 411 4278 ο
446 4238 591 4313 Erga
639 4238 977 4313 (abrotonum
1006 4241 1175 4313 ﬁlium
1213 4251 1400 4299 servat.
1445 4242 1523 4297 Ita
1563 4243 1703 4313 apud
1741 4241 1887 4296 Ruﬁ-

316 4325 464 4384 num.
506 4308 563 4363 lu
605 4308 762 4384 textu
802 4308 1235 4367 Gmco'additur
1262 4318 1394 4384 μετὰ
1444 4308 1762 4383 quantum;
1805 4317 1888 4369 καὶ

313 4381 684 4453 tantm/xvi“,
712 4380 766 4434 id
793 4390 898 4445 est,
928 4395 1049 4435 cum
1078 4380 1449 4453 compa'ssione
1481 4380 1535 4437 et
1569 4383 1885 4437 misericor-

314 4450 426 4502 dia.

385 4536 412 4576 δ
451 4537 623 4593 ουτω.
658 4538 797 4593 Cura
820 4539 923 4593 hoc
956 4538 1074 4594 loco
1113 4549 1197 4595 est
1239 4540 1460 4595 curatio.
1506 4540 1640 4594 Nam
1681 4542 1885 4595 curatio

311 4609 524 4731 proprie
551 4609 872 4662 medicorum
896 4624 914 4661 :
941 4625 1069 4663 cura
1091 4609 1431 4682 reliquorum,
1459 4611 1535 4666 ait
1562 4611 1800 4666 Donatus
1830 4612 1884 4665 in

361 4678 554 4731 erentii
580 4677 840 4731 Andrian.

361 4677 554 4732 erentii
580 4677 840 4731 Andriau.

390 4759 415 4786 ο
445 4745 841 4820 Qualjagectu.
874 4750 1160 4819 Reperitur
1187 4749 1598 4820 apudisanctum
1630 4749 1883 4820 Basilium

316 4816 509 4888 interr.
540 4815 641 4873 158
671 4815 887 4888 Regulae
914 4815 1020 4884 bin,
1059 4825 1114 4873 et
1150 4815 1289 4888 apud
1332 4818 1581 4873 Ruﬁnum
1627 4835 1747 4888 cap.
1788 4819 1879 4884 25;

315 4887 408 5007 sed
435 4885 815 5010 potiustr‘ﬁddit
841 4904 1080 4955 sensum,
1111 4885 1271 4958 quam
1300 4889 1486 4955 verba,
1518 4885 1753 4944 maxime
1783 4888 1884 4944 sub

334 4970 478 5010 metu
507 4972 624 5010 eam
708 4974 745 5010 ι.

334 4970 478 5010 ιιιειιι
507 4970 745 5011 capituli.

339 4972 478 5010 metu
507 4972 745 5026 capituli.

339 5094 351 5104 _
390 5024 409 5063 ί
445 5023 733 5096 Οίγεναειιν..
760 5027 912 5098 Apud
941 5026 1198 5083 Ruﬁnum
1231 5025 1463 5098 legitur,
1502 5027 1721 5097 oﬂ'erat,
1765 5044 1882 5085 rec—

317 5103 440 5148 ltus.

386 5166 412 5203 8
440 5163 649 5234 Itaque.
692 5167 906 5223 Videtur
934 5166 1237 5222 redundare
1270 5166 1385 5220 htec
1421 5166 1700 5234 particula.

383 5234 412 5307 lt
452 5232 758 5307 Subjugati.
794 5237 850 5291 ω
877 5245 983 5299 est,
1014 5235 1260 5307 monachi
1289 5232 1509 5290 subditi.

388 5304 405 5343 ί
450 5300 706 5376 paesti...
738 5305 959 5376 Snpple,
987 5305 1074 5370 sit,
1101 5305 1284 5376 id_est,
1313 5314 1508 5375 praesto
1546 5306 1617 5361 sit
1636 5314 1691 5359 et
1736 5321 1872 5375 pra:-

312 5386 457 5426 sens.
494 5372 833 5430 Glossarium
851 5372 1067 5430 'vetus:
1101 5392 1120 5425 ‹
1156 5372 1388 5428 Praestas
1417 5376 1634 5439 habeat,
1688 5372 1868 5440 idest,

312 5451 624 5516 timentes.
682 5464 702 5497 ›
757 5444 1077 5516 LexSalica
1120 5445 1202 5499 tit.
1245 5444 1337 5508 47,
1366 5444 1394 5516 §
1424 5445 1500 5498 9.:
1537 5463 1555 5495 ι
1590 5446 1656 5499 Et
1706 5454 1871 5500 testes

311 5522 457 5634 sm
509 5514 602 5582 qui
646 5516 713 5569 ad
762 5515 962 5585 placita
992 5512 1221 5571 fuerunt.
1271 5512 1452 5568 secum
1503 5522 1729 5585 praestes
1775 5516 1871 5569 ha-

502 5601 523 5634 ι

414 5588 456 5635 ι.
502 5601 523 5634 ι

386 5649 400 5700 i
451 5650 665 5707 Fessus.
694 5652 751 5707 id
783 5662 886 5716 est,
916 5667 1134 5716 segnes,
1179 5652 1413 5708 desides.

383 5721 409 5759 ι
453 5721 707 5777 Scientia.
745 5723 798 5777 Id
826 5732 932 5786 est,
963 5721 1307 5777 discretione.

389 5787 409 5829 δ
450 5790 768 5861 Bonitatem,
802 5803 902 5847 etc.
936 5791 1178 5850 Notanda
1206 5807 1335 5846 sane
1382 5791 1667 5861 explicatio
1713 5791 1871 5859 hujus

1988 3317 2179 3381 mium,
2226 3315 2445 3384 quantis
2493 3312 2562 3367 ad
2608 3310 2931 3367 vincendum
2980 3309 3255 3366 inimicum
3299 3307 3564 3380 praesidiis

1985 3407 2216 3480 praebuit
2239 3406 2690 3479 supplementum.

2057 3537 2273 3612 §XXV.
2300 3569 2370 3578 —-
2402 3538 2481 3592 Ex
2510 3537 2727 3593 Recens
2750 3552 2936 3592 ssacrt
2964 3535 3160 3591 lsmoru
3191 3533 3328 3608 (cap.
3370 3535 3481 3607 19).

2055 3684 2084 3712 ιι
2123 3672 2318 3729 Abbati
2344 3670 2427 3725 vel
2457 3671 2722 3725 monacho
2738 3668 3065 3749 \monasterii
3099 3683 3315 3723 servum
3352 3684 3459 3723 non
3490 3668 3555 3723 li-

1986 3822 2260 3877 versiculi.
2310 3820 2445 3875 Nam
2478 3834 2576 3890 per
2602 3820 2898 3875 bonitatem
2925 3818 3173 3890 intelligit
3214 3817 3555 3885 clementiam

1986 3901 2041 3947 et
2082 3892 2390 3955 lenitatem;
2440 3889 2538 3961 per
2562 3889 2920 3961 disciplinam,
2964 3889 3341 3961 severitatem;
3373 3896 3427 3942 et
3462 3902 3559 3956 per

1987 3963 2292 4026 scientiam,
2317 3957 2719 4016 discretionem:
2764 3959 2844 4014 lta
2893 3968 2955 4013 ut
2985 3958 3149 4012 David
3179 3971 3208 4010 a
3239 3957 3347 4011 Deo
3388 3965 3555 4027 petat,

1986 4040 2070 4112 ut__
2087 4031 2342 4112 populum
2371 4046 2534 4112 suum
2552 4037 2705 4112 regat
2725 4044 2855 4088 ctua
2878 4028 3121 4112 lettitate,
3148 4035 3202 4081 et
3236 4028 3551 4112 severitate,

1988 4096 2227 4156 adhibita
2254 4108 2436 4156 tamen
2483 4096 2826 4156 discretione.
2878 4096 3011 4153 Nam
3061 4096 3409 4152 discretionis
3440 4097 3552 4152 sale

1989 4180 2101 4225 tum
2149 4172 2433 4236 severitas,
2467 4179 2578 4225 tum
2607 4169 2895 4226 clementia
2946 4166 3255 4223 condienda‘
3278 4174 3422 4230 sunt,
3464 4183 3552 4229 ne,

1988 4242 2114 4314 dum
2142 4249 2319 4296 rector
2343 4242 2583 4314 clemens
2612 4240 2781 4297 videri
2801 4238 3034 4314 appetit,
3064 4237 3298 4314 remittat
3332 4239 3554 4292 omnino

1989 4311 2236 4393 habenas
2250 4309 2895 4393 regulariqbservpnﬁm‘;
2920 4318 2975 4363 et
3000 4309 3124 4362 dum
3151 4309 3279 4393 vitia
3306 4322 3557 4393 coercere

1989 4382 2157 4462 cupit,
2211 4378 2404 4437 fortius
2434 4380 2751 4462 adducenda
2778 4378 2986 4462 frenum
3036 4378 3328 4462 mouachps
3355 4379 3554 4462 .putius

1992 4446 2168 4522 irritet
2216 4468 2378 4522 quam
2401 4449 2861 4522 emendetaQuod
2892 4446 3235 4522 reprehendit
3261 4448 3310 4522 in
3355 4447 3552 4522 Urbice

1991 4520 2187 4575 abbate
2231 4515 2449 4577 sanctus
2474 4519 2766 4590 Gregorius
2790 4532 2927 4588 papa
2956 4515 3059 4590 lib.
3102 4532 3175 4590 ης.
3222 4515 3379 4584 epist.
3439 4516 3508 4568 42
3539 4536 3549 4567 :

1996 4609 2013 4640 ι
2064 4590 2214 4663 Unde
2240 4585 2921 4658 vehementer'ingemisco,
2954 4586 3081 4663 quia
3107 4585 3553 4663 alitercssenmof

1993 4660 2282 4715 nasterium
2321 4670 2557 4715 vestrum
2607 4652 2767 4729 qu'am
2822 4652 3071 4729 putabam
3095 4654 3338 4729 invenio.
3400 4652 3549 4729 Quod

1990 4745 2056 4784 ex
2088 4730 2232 4783 nulla
2282 4729 2384 4783 alia
2414 4744 2470 4783 re
2506 4724 2724 4784 evenire
2770 4724 2980 4791 valuit;
3005 4725 3108 4779 nisi
3143 4724 3265 4794 quia
3297 4732 3384 4776 tua
3422 4724 3553 4776 dile-

1991 4800 2100 4854 ctio
2138 4800 2191 4853 in
2219 4800 2480 4870 regimine
2505 4814 2603 4870 suo
2628 4798 2937 4870 inordinata
2978 4806 3104 4870 est.‘
3138 4809 3239 4848 nec
3269 4808 3392 4870 cum
3425 4808 3549 4870 gra-

1988 4870 2155 4923 vitate
2206 4863 2407 4938 aliﬁuid
2442 4866 2589 4938 valet
2620 4868 2916 4938 disponere
2962 4884 2978 4938 :_
3015 4866 3108 4938 sed
3158 4863 3317 4938 modo
3371 4863 3552 4916 studet

1987 4932 2336 5008 peccantibus
2362 4937 2556 4992 leniter
2582 4932 2840 5008 blandiri,
2861 4935 3036 5008 modo,
3056 4932 3358 5008 inordinate
3395 4940 3547 5008 extra

1988 5001 2207 5064 inodum
2244 5007 2411 5063 nimie
2437 5006 2618 5061 irasci.
2685 5025 2703 5058 ι
2738 5004 2844 5060 Sed
2891 5004 3001 5063 hoc
3023 5009 3105 5058 est
3138 5002 3423 5055 stultorum
3465 5001 3550 5057 in-

1987 5079 2226 5147 genium,
2272 5087 2332 5132 ut
2381 5077 2587 5132 nullum
2638 5076 2864 5147 valeant
2907 5073 3087 5147 animi
3141 5071 3221 5126 sui
3268 5070 3547 5147 affectibus

1989 5139 2502 5212 inoduut'statuere;
2560 5146 2653 5199 scd
2696 5144 2878 5199 statim
2907 5144 2958 5196 in
2994 5141 3186 5212 vitium
3239 5139 3549 5212 oppositum

1988 5217 2202 5277 cadant,
2234 5217 2279 5271 si
2310 5207 2574 5271 velint'ab
2594 5214 2771 5284 aliquo
2790 5212 3082 5276 declinare,
3108 5209 3263 5280 juxta
3278 5207 3409 5262 illud
3438 5207 3548 5262 llo-

1980 5302 2040 5341 ra
2049 5287 2105 5339 tii
2135 5285 2272 5357 (Sat.
2299 5286 2353 5357 2)
2376 5303 2388 5338 :

2127 5374 2249 5421 Dum
2271 5375 2421 5424 vitant
2438 5373 2572 5422 stulti
2594 5373 2725 5433 vitia,
2753 5372 2801 5420 in
2819 5370 3058 5421 contrarla
3081 5373 3296 5421 currunt.

2010 5456 2092 5524 ,ιιι
2133 5445 2370 5499 Domine.
2418 5446 2478 5501 τὸ
2506 5443 2746 5509 Domine,
2798 5443 3119 5498 translatum
3161 5449 3244 5496 est
3277 5456 3341 5495 ex
3388 5455 3547 5511 supe-

1978 5530 2005 5566 r
2230 5531 2239 5543 ·
2312 5553 2326 5566 .

2006 5529 2326 5637 'oieifiiii.
2352 5583 2477 5638 Haec
2507 5582 2774 5638 habentur
2799 5582 2852 5636 in
2910 5579 3110 5652 Regula
3152 5578 3540 5652 sanetilsidori

1982 5668 2181 5724 excusa
2225 5654 2421 5724 eodem
2448 5654 2638 5724 capite.
2666 5653 2769 5724 i9,
2803 5667 2924 5724 quae
2951 5649 3101 5724 nulla
3142 5657 3273 5724 puto
3303 5649 3413 5724 alia
3452 5664 3542 5724 ra-

1985 5723 2143 5806 tione.
2171 5723 2275 5777 huc
2303 5719 2527 5789 referri;
2556 5724 2658 5778 nisi
2685 5719 2881 5793 quiain
2911 5722 2993 5776 his
3023 5720 3201 5790 aliqua
3232 5720 3289 5774 ﬁt
3331 5719 3543 5775 abba:is

1982 5801 2202 5847 mentio.
