3958 6198
305 358 407 413 793

1286 358 1673 416 CONCORDlA
1714 361 2170 419 REGULARUM.
2211 394 2283 405 ——
2317 364 2466 419 CAP.
2511 365 2597 420 Vl.

2334 146 2365 171 Χ

3466 377 3567 431 τοι

300 471 449 525 οιιιιιί
498 467 820 522 humilitatis
864 466 1232 536 subiectione;
1274 476 1330 523 et
1386 485 1497 545 non
1550 478 1883 539 prmsumant
1910 475 1958 533 Α
1982 469 2162 538 iorum
2192 472 2531 528 inserviant:
2564 475 2692 544 quid
2730 490 2797 531 ex
2832 479 3075 535 consiliis
3103 488 3429 550 processerit
3469 491 3568 545 Pa-

298 560 608 630 procacitcr
630 556 919 613 defendere
942 558 1071 627 quid
1092 558 1173 613 eis
1202 561 1377 615 visum
1404 559 1586 615 fuerit.
1610 560 1681 615 Et
1709 562 1883 631 magis

300 652 355 706 in
380 650 595 705 abbatis
632 648 866 717 pendeat
900 647 1146 711 arbitrio,
1200 656 1261 702 ut
1304 649 1449 717 quod
1482 649 1753 705 salubrius
1794 651 1883 720 iu-

299 738 585 801 dicaverit,
639 737 690 791 ei
721 736 901 790 cuncti
927 735 1203 791 obediant.
1246 735 1352 792 Sed
1382 738 1526 793 sicut
1567 751 1594 779 α
1648 739 1879 808 discipu-

298 831 382 886 los
432 828 687 883 convenit
730 827 952 882 obedire
987 828 1271 898 magistro,
1337 829 1413 882 ita
1441 836 1498 884 et
1534 830 1710 900 ipsum
1755 845 1881 900 pro-

299 922 443 983 vide,
491 927 547 973 ct
570 918 715 988 iuste
756 916 1018 972 condecet
1041 925 1235 972 cuncta
1266 917 1574 988 disponere.
1619 919 1677 974 ln
1707 917 1883 973 omni-

298 1015 402 1067 bus
428 1012 592 1079 igitur
617 1024 807 1064 omnes
829 1009 1142 1079 magistram
1164 1004 1466 1079 sequantur
1495 1011 1758 1081 regulam,
1787 1024 1882 1064 ne-

297 1118 405 1172 que
433 1103 503 1156 ab
531 1117 594 1156 ea
648 1111 854 1156 temere
878 1101 908 1140 ιι
933 1101 1237 1156 declinetur
1278 1118 1308 1157 a
1352 1118 1645 1174 quoquam.
1691 1102 1882 1158 Nullus

300 1197 355 1249 in
407 1194 741 1249 monasterio
770 1194 976 1263 proprii
1026 1203 1288 1264 sequatur
1311 1196 1493 1252 cordis
1517 1196 1872 1251 voluntatem.

297 1287 488 1358 Neque
524 1295 818 1356 praesumat
846 1287 1133 1357 quisquam
1182 1303 1305 1341 cum
1349 1288 1547 1343 abbate
1589 1302 1689 1342 suo
1748 1304 1875 1358 pro-

298 1391 453 1436 terve
483 1381 623 1433 intus
668 1388 724 1433 et
751 1379 883 1433 foris
927 1379 1314 1435 monasterium
1342 1381 1692 1435 contendere.
1723 1380 1877 1448 Quod

296 1471 342 1526 si
379 1470 805 1541 praesumpserit,
836 1468 1069 1540 regulari
1096 1469 1391 1539 disciplina:
1419 1470 1713 1539 subiaceat.
1752 1469 1873 1540 Ipse

297 1570 477 1615 tamen
503 1561 671 1614 abbas
697 1577 819 1614 cum
864 1560 1059 1614 timore
1098 1559 1193 1614 Dei
1227 1568 1282 1613 et
1309 1560 1683 1615 observatione
1716 1576 1875 1631 regu-

294 1652 360 1707 la:
399 1653 581 1706 omnia
633 1651 797 1706 faciat
823 1652 1002 1706 sciens
1035 1666 1093 1706 sc
1128 1650 1315 1721 procul
1344 1651 1509 1705 dubio
1539 1653 1603 1704 de
1626 1651 1875 1704 omnibus

286 1741 509 1813 iudiciis
555 1741 668 1795 suis
700 1741 1009 1809 mquissimo
1039 1739 1208 1809 iudici
1245 1741 1356 1795 Deo
1399 1742 1662 1795 rationem
1699 1742 1877 1796 reddi-

290 1840 496 1886 turum.
527 1830 584 1886 Si
615 1847 720 1900 qua
751 1847 879 1885 vero
930 1831 1140 1886 minora
1177 1832 1384 1902 agenda
1431 1840 1555 1886 sunt
1595 1833 1649 1886 in
1686 1847 1875 1887 monac
1904 1822 1949 1880 Β

288 1923 481 1987 sterio,
521 1923 792 1977 seniorum
823 1931 1031 1978 tantum
1056 1932 1240 1978 utatur
1268 1924 1494 1979 consilio
1516 1939 1534 1976 :
1559 1926 1702 1979 sicut
1732 1927 1869 1979 scri-

288 2027 440 2086 ptum
472 2023 555 2069 cst
587 2035 600 2069 :
643 2025 665 2052 ο
696 2014 886 2069 Omnia
912 2015 998 2084 fac
1024 2032 1142 2068 cum
1177 2015 1416 2081 consilio,
1443 2023 1490 2069 et
1531 2025 1644 2086 post
1674 2016 1874 2085 factum

289 2125 393 2162 non
416 2106 677 2177 paruitebis
707 2103 902 2178 (Eccle.
928 2104 1123 2178 xxx“).

397 2217 425 2287 §
455 2218 515 2272 ll.
541 2249 612 2258 —
638 2218 714 2271 Ex
743 2217 962 2272 Rscuu
990 2233 1179 2273 ssnon
1210 2216 1473 2274 Ptcnoun
1522 2217 1660 2290 (cap.
1689 2217 1767 2292 8).

360 2329 386 2368 δ
406 2328 464 2383 Si
486 2330 737 2384 inventus
761 2328 925 2383 fuerit
939 2345 1077 2384 unus
1092 2347 1121 2385 e
1136 2329 1397 2385 fratribus
1420 2331 1620 2400 aliquid
1639 2347 1736 2399 per
1747 2345 1875 2384 con-

294 2422 587 2473 tcntionem
613 2435 797 2491 agens.
840 2418 937 2473 Vel
967 2421 1344 2475 contradicens
1366 2420 1587 2489 maioris
1620 2421 1869 2492 imperio,

293 2507 660 2579 incrcpabitur
682 2507 839 2578 iuxta
872 2524 1182 2564 mensuram
1209 2512 1421 2579 peccati
1444 2512 1547 2565 sui.

786 2616 813 2689 §
836 2617 920 2671 lll.
945 2648 1016 2658 ——
1034 2617 1375 2709 Itqu'ipsius.

363 2721 390 2749 ο
418 2708 588 2778 Igitur
609 2707 699 2778 qui
731 2708 913 2763 animo
954 2724 1064 2763 uno
1090 2707 1211 2763 esse
1255 2710 1663 2780 concupiscunt,
1694 2717 1750 2765 et
1787 2709 1863 2765 vi-

287 2811 417 2853 vere
471 2795 490 2835 ί
517 2806 701 2852 mente
741 2794 1015 2852 communi
1045 2797 1448 2867 disposuerunt,
1487 2799 1726 2855 consiliis
1759 2815 1875 2854 ma-

283 2943 415 2983 men
456 2925 821 2998 postpositist
846 2934 1069 2982 sanctus
1108 2927 1345 2998 Spiritus
1370 2931 1552 2998 pueris
1598 2930 1873 2987 revolabat

284 2998 661 3069 qumﬁageuda
710 3008 781 3069 et;
800 2996 979 3069 futura
1028 2996 1339 3069 essentzut
1366 2996 1577 3069 discant
1624 3010 1873 3069 pastores

285 3067 672 3139 humilitatem,
700 3067 852 3139 cujus
875 3067 1140 3139 beneﬁcio
1162 3069 1230 3123 ad
1253 3069 1394 3124 dona
1415 3067 1650 3139 Spiritus
1673 3074 1869 3139 sancti,

282 3138 383 3207 qui
427 3137 665 3218 maxime
713 3138 953 3207 prtclatis
1014 3138 1288 3205 allabitur,
1352 3137 1694 3210 suscipienda
1764 3137 1872 3198 sint

280 3216 611 3280 paratiores.

358 3288 386 3317 ι
424 3276 741 3348 Discipulos.
770 3276 849 3331 lta
878 3277 1064 3348 legunt
1107 3277 1321 3334 codices
1348 3278 1630 3336 Victorini.
1663 3281 1739 3336 Ita
1770 3282 1871 3336 ha-

280 3349 448 3403 betur
482 3346 624 3417 apud
666 3346 1023 3418 Smaragdum
1066 3355 1122 3402 et
1148 3348 1639 3405 Turrecrematam.
1680 3352 1866 3408 Recte.

279 3418 442 3493 Apud
495 3426 741 3493 sanctum
786 3417 1142 3493 Dunstanum,
1192 3420 1485 3490 discipulis.
1532 3421 1591 3475 1n
1637 3420 1871 3493 vulgatis

280 3488 631 3551 editionibus,
664 3488 909 3556 singulis,
940 3504 1048 3543 non
1090 3488 1163 3542 ita
1195 3488 1364 3545 recte.

358 3558 386 3597 δ
412 3557 736 3612 Declinetur.
769 3558 847 3612 lta
869 3558 922 3612 in
946 3558 1198 3614 omnibus
1245 3562 1364 3615 cod.
1408 3561 1609 3616 nostris
1634 3576 1759 3624 ms.;
1792 3561 1868 3616 ita

280 3629 428 3697 apud
458 3628 729 3710 lieronem
759 3628 1080 3710 discipulum
1111 3630 1283 3710 sancti
1307 3630 1553 3685 0thmari
1577 3630 1787 3710 abbatis
1811 3631 1869 3710 in

278 3699 626 3770 expositione
661 3699 973 3755 Alamanica
1012 3699 1391 3754 vocabulorum
1449 3701 1650 3770 regulm
1692 3702 1868 3756 sancti

281 3768 582 3840 Benedicti,
611 3778 858 3824 sanctum
885 3771 1240 3832 Dunstanum,
1266 3768 1646 3840 Smaragdum,
1674 3771 1870 3825 Tritte—

283 3839 476 3908 mium.
509 3839 586 3893 lta
625 3841 789 3893 etiam
818 3840 1049 3896 habetur
1075 3840 1215 3908 apud
1253 3839 1635 3905 Flodoardum,
1670 3841 1762 3897 lib.
1805 3856 1867 3896 IlI

282 3907 427 3981 Hist.
455 3909 600 3981 Eccl.
632 3909 812 3981 ch.,
841 3925 964 3980 cap.
1002 3907 1217 3974 25,7ubi
1245 3911 1358 3981 agit
1397 3910 1668 3981 decpist.
1708 3912 1869 3966 Hinc-

282 3979 426 4050 mari
454 3981 522 4033 ad
542 3979 928 4050 Fulcramnum
952 3979 1300 4050 praepositum
1322 3979 1554 4036 cmuobii
1574 3980 1869 4038 Corbeien—

286 4048 386 4103 sis.
414 4066 436 4133 ξ
473 4048 804 4133 Quaiiterjn
830 4052 933 4133 hac
952 4048 1222 4133 electione
1248 4050 1451 4133 eisusit
1478 4052 1864 4133 agendum__se-

282 4119 525 4173 cundum
570 4120 872 4174 doctrinam
903 4120 1047 4176 beati
1097 4120 1392 4186 Benedicti,
1423 4130 1483 4174 ut
1519 4119 1580 4175 in
1611 4123 1865 4178 omnibus

282 4189 601 4262 magistram
622 4199 919 4259 sequantur
942 4190 1202 4262 regulam,
1235 4206 1333 4262 nec
1357 4199 1561 4247 temere
1590 4192 1656 4262 ab
1680 4207 1744 4246 ea
1771 4193 1866 4248 de-

280 4258 521 4332 clinctur
574 4274 606 4332 a
636 4258 927 4332 quoquam.
971 4258 1099 4332 [Et
1134 4262 1189 4332 in
1222 4260 1558 4317 Additionel
1589 4261 1865 4332 Capitula-

282 4330 362 4383 ris
390 4329 649 4404 Ludovici
679 4332 809 4399 imp.
836 4330 919 4384 tit.
942 4330 1020 4384 ult
1047 4350 1060 4385 :
1092 4350 1116 4404 ε
1140 4330 1199 4386 lu
1220 4332 1471 4387 omnibus
1493 4329 1865 4404 igitur—omnes

283 4400 601 4471 magistram
645 4408 943 4471 sequantur
971 4401 1231 4470 regulam,
1264 4417 1438 4471 neque
1472 4400 1541 4458 ab
1566 4418 1630 4457 ea
1658 4410 1865 4459 temere

283 4416 601 4522 magisu'am
645 4416 943 4471 sequantur
971 4416 1231 4470 regulam,
1264 4417 1438 4471 neque
1472 4416 1541 4458 ab
1566 4418 1630 4457 ea
1658 4416 1861 4459 temere

283 4470 370 4544 de
408 4471 589 4544 inetur
617 4485 647 4523 a
675 4485 969 4544 quoquam.
1010 4472 1245 4544 rQuare
1274 4472 1403 4527 illud
1429 4473 1685 4538 detvietur,
1717 4475 1861 4544 quod

281 4540 447 4610 vulgo
476 4539 726 4605 habetur,
757 4541 1152 4610 explodendum
1180 4550 1284 4596 est.
1480 4588 1487 4591 ι

357 4620 379 4647 ε
408 4609 603 4663 Omnia
651 4610 737 4680 fac
775 4609 894 4664 cum
918 4610 1158 4665 consilio.
1206 4610 1265 4665 In
1292 4610 1543 4667 versione
1567 4615 1865 4677 communi,

283 4676 411 4751 Sine
443 4676 661 4751 consilio
705 4680 837 4734 nihil
882 4680 1072 4751 facias,
1126 4689 1185 4735 ut
1224 4681 1279 4736 in
1310 4689 1461 4736 textu
1509 4681 1775 4738 Hebraico
1813 4676 1870 4740 et

283 4748 496 4804 Greco.
529 4748 773 4806 Notanda
822 4748 1114 4816 sententia,
1138 4752 1226 4806 cui
1265 4752 1444 4807 simile
1489 4760 1574 4807 est
1599 4751 1732 4809 illud
1757 4753 1870 4811 Me-

283 4821 479 4874 nandri
509 4820 731 4875 etl'atum
759 4821 813 4875 in
844 4821 1151 4877 Gnomicis:

390 4942 573 5002 Βωλήν
603 4941 656 4997 δὲ
682 4944 871 5004 παντὸς
899 4935 1201 5020 «pappare;
1227 4942 1580 5017 προλάμϐανι.

283 5051 341 5108 ld
379 5060 486 5117 est,
515 5061 643 5107 ante
671 5069 829 5109 omne
851 5054 1129 5123 negotium
1153 5051 1438 5107 consilium
1465 5069 1618 5123 cape.
1653 5053 1750 5111 Cui
1776 5071 1862 5110 sa-

286 5136 352 5195 ne
381 5123 607 5195 parebat
653 5125 855 5195 beatus
889 5123 1066 5195 IEgiIa
1096 5123 1265 5195 abbas
1289 5123 1617 5195 _Fuldensis,
1652 5126 1719 5181 de
1754 5142 1862 5195 quo

285 5192 400 5265 haec
452 5192 618 5265 refert
654 5192 927 5265 Candidus
962 5192 1259 5265 monachus
1286 5193 1339 5248 in
1370 5195 1487 5265 ejus
1516 5196 1658 5251 Vita.
1705 5214 1723 5247 ι
1756 5192 1863 5250 Au—

285 5264 464 5318 diebat
529 5263 760 5319 libenter
804 5263 1033 5319 fratrum
1084 5263 1411 5318 consilium.
1442 5265 1665 5320 Sciebat
1713 5267 1856 5321 enim

284 5334 546 5404 scriptum
582 5352 595 5387 :
629 5334 822 5388 Omnia
846 5335 933 5405 fac
967 5351 1085 5388 cum
1117 5335 1355 5388 consilio.
1385 5334 1564 5405 Atque
1598 5337 1720 5391 ideo
1751 5353 1858 5392 non

284 5418 341 5476 se
389 5405 781 5476 sublimiorem,
824 5421 924 5460 nec
951 5405 1351 5476 prudentiorem
1389 5408 1599 5461 caueris
1621 5408 1858 5461 testima-

286 5475 393 5529 bat.
430 5474 613 5544 Neque
641 5478 804 5531 etiam
832 5473 976 5530 inani
1008 5486 1217 5530 tumore
1238 5473 1481 5542 iactabat
1514 5493 1574 5532 se
1606 5477 1856 5532 consola-

284 5546 429 5627 tione
455 5547 676 5629 alte'l'i‘us
708 5563 811 5628 non
857 5547 1118 5629 indigere.
1145 5545 1408 5629 Attamen
1438 5546 1486 5600 si
1535 5549 1857 5629 quandoque

286 5616 461 5670 minus
481 5616 719 5688 prudens
748 5618 803 5688 in
826 5616 1096 5688 aliquibus
1123 5617 1363 5688 errabat,
1396 5618 1497 5672 hoc
1526 5621 1698 5688 magis
1724 5619 1857 5673 alio-

286 5700 405 5758 rum
434 5686 617 5758 minus
637 5686 982 5756 prudentium
1005 5687 1424 5758 introductione,
1447 5704 1608 5758 quam
1622 5686 1854 5758 propria

289 5756 594 5828 inventione
638 5755 912 5828 concepit.
971 5777 990 5809 ι
1028 5755 1080 5828 Oi
1100 5758 1272 5810 virum
1325 5755 1853 5828 ίιιιιιιῖιτιὶιὶιριιιξῳιι

288 5823 403 5893 plus
421 5843 490 5883 ex
518 5826 693 5883 alieno
732 5823 936 5897 iudicio
971 5827 1211 5896 sapiebat
1249 5844 1408 5897 quam
1437 5845 1552 5883 suo.
1590 5831 1646 5885 ιιι
1674 5823 1857 5884 multis

1984 569 2150 627 trum,
2179 563 2230 617 id
2258 561 2482 618 faciant.

2063 673 2090 746 ς
2122 673 2211 728 IV.
2250 705 2322 714 —
2347 675 2425 729 Ex
2465 675 2687 731 Rsouu
2723 693 2912 734 ssnon
2949 680 3151 737 Bssu."
3186 683 3323 757 (cap.
3366 688 3477 759 67).

2052 781 2317 851 lnterrog.
2347 784 2371 823 ε
2392 781 2447 837 Si
2479 784 2601 853 quis
2625 802 2729 839 non
2753 795 3038 844 contentus
3067 792 3307 860 quotidie
3339 797 3440 852 sibi
3469 799 3570 855 ali-

1981 872 2107 941 quid
2149 870 2354 941 iniungi
2383 873 2449 927 de
2484 874 2570 927 bis
2600 889 2722 943 quae
2762 891 2861 944 pro
2893 880 3146 935 mandato
3178 883 3270 937 Dei
3301 885 3565 955 incidunt,
3658 896 3675 918 ‘

1982 962 2075 1017 sed
2122 961 2416 1017 artiﬁcium
2445 963 2560 1017 vult
2588 963 2818 1030 discere,
2847 969 2996 1037 quali
3026 971 3157 1026 vitio
3190 962 3449 1044 mgrotat?
3474 987 3568 1032 aut

1980 1054 2026 1109 si
2066 1063 2280 1125 oportet
2324 1056 2373 1110 ei
2419 1057 2724 1125 acquiesci?
2752 1089 2823 1098 —
2852 1059 3003 1130 Resp.
3036 1062 3141 1117 Iste
3174 1067 3320 1129 talis,
3354 1077 3409 1121 et
3435 1087 3568 1136 pra:-

1979 1157 2224 1215 sumptor
2249 1154 2352 1212 est,
2377 1155 2434 1201 et
2460 1147 2561 1202 sibi
2607 1147 2825 1216 placens
2853 1159 2909 1204 ct
2939 1151 3188 1217 inﬁdelis,
3221 1159 3311 1224 qui
3344 1174 3449 1212 non
3502 1162 3569 1215 ti-

1980 1244 2092 1292 met
2113 1237 2434 1291 sentcntiatn
2464 1238 2676 1293 Domini
2702 1238 2932 1296 dicentis
2956 1260 2971 1294 ι
3002 1241 3180 1298 Estote
3201 1249 3397 1316 parati,
3419 1252 3567 1320 quia,

1977 1341 2082 1395 qua
2127 1326 2259 1380 hora
2308 1344 2410 1381 non
2444 1330 2661 1397 putatis,
2714 1328 2859 1398 ﬁliu-s
2895 1331 3120 1388 hominis
3164 1337 3324 1391 veniet
3351 1338 3566 1409 (Matth.

1978 1417 2150 1488 sxw).
2190 1418 2246 1473 Si
2287 1420 2431 1474 enim
2479 1421 2721 1490 quotidie
2761 1434 3038 1491 exspectat
3091 1428 3213 1495 quis
3259 1431 3566 1495 Dominum,

1979 1508 2246 1562 sollicitus
2274 1517 2357 1563 est
2385 1517 2440 1563 et
2467 1510 2724 1579 trepidus,
2752 1514 3023 1581 quomodo
3063 1528 3384 1584 praesentem
3425 1521 3566 1575 diem

1977 1614 2085 1653 non
2135 1608 2377 1654 transeat
2421 1600 2656 1664 otiosus,
2696 1610 2752 1655 et
2796 1604 2926 1657 nihil
2974 1607 3203 1676 amplius
3245 1611 3460 1679 quaerit.
3509 1610 3567 1666 Si

1977 1698 2154 1743 autem
2197 1690 2494 1758 imperatur
2532 1691 2578 1745 ei
2622 1692 2911 1747 artiﬁcium
2961 1696 3203 1762 discere,
3255 1701 3568 1756 oheilicntia

1977 1795 2072 1834 sua
2103 1780 2293 1835 habeat
2323 1780 2554 1846 lucrum,
2578 1783 2603 1821 ιι
2635 1791 2689 1836 et
2720 1784 2771 1837 in
2805 1785 2907 1839 hoc
2934 1785 3144 1854 placeat
3178 1789 3287 1844 Deo
3323 1794 3336 1831 ί
3375 1800 3431 1845 et
3460 1808 3567 1848 non

1984 1872 2039 1926 in
2066 1887 2132 1928 eo
2154 1874 2298 1943 quod
2320 1873 2423 1927 sibi
2450 1872 2645 1945 placet,
2675 1886 2917 1931 assumat
2938 1877 3219 1945 judicium.

2248 2012 2253 2017 -
2294 1984 2320 2057 §
2353 1984 2416 2039 ν.
2446 2017 2516 2025 -
2547 1985 2683 2039 Item
2705 1987 2941 2057 ejusdem
2967 1991 3105 2060 (cap.
3131 1991 3241 2062 68).

2044 2074 2308 2145 lnterrog.
2346 2073 2358 2124 i
2402 2073 2459 2129 Si
2491 2077 2621 2146 quis
2661 2078 2961 2133 industrius
3002 2080 3073 2134 sit
3106 2090 3160 2135 et
3190 2095 3471 2153 promptus
3499 2088 3569 2141 ad

1976 2165 2243 2234 implenda
2273 2167 2557 2232 mandata;
2590 2180 2714 2238 agat
2739 2177 2939 2233 autem,
2973 2187 3080 2225 non
3111 2173 3254 2241 quod
3295 2177 3345 2229 ei
3390 2176 3569 2243 iniun-

1974 2259 2134 2328 gitur,
2162 2259 2253 2313 scd
2282 2259 2422 2327 quod
2462 2259 2579 2328 ipse
2604 2260 2741 2325 vult,
2780 2277 2941 2330 quam
2982 2266 3288 2319 mercedem
3318 2266 3569 2323 habebit?

1973 2347 2214 2417 —!iesp.
2241 2346 2446 2402 Mcrccs
2472 2349 2615 2402 illius
2640 2350 2727 2403 illa
2764 2351 2876 2421 ipsa
2919 2360 3003 2406 est
3036 2355 3180 2423 quod
3225 2357 3328 2410 sibi
3367 2358 3563 2426 placet.

1972 2436 2105 2491 Cum
2150 2444 2331 2491 autem
2375 2437 2666 2506 Apostolus
2708 2441 2895 2495 dicat:
2934 2440 3299 2515 Unusquisque
3339 2458 3564 2502 testrum

1972 2528 2210 2597 proximo
2248 2544 2344 2581 suo
2372 2527 2574 2597 placeat
2599 2530 2653 2584 in
2680 2530 2813 2584 bono
2843 2532 2910 2585 ad
2939 2534 3341 2602 mdiﬁcationem
3382 2538 3560 2608 (Rom.

1972 2615 2084 2686 xv).
2121 2615 2186 2669 Et
2208 2623 2265 2669 ut
2289 2616 2518 2685 amplius
2554 2617 2841 2673 inclinaret
2860 2630 2913 2675 et
2934 2624 3329 2692 constringeret
3348 2629 3568 2682 audien—

1972 2713 2057 2761 tes
2084 2706 2233 2761 addit
2253 2707 2439 2761 dicens
2464 2724 2476 2760 :
2505 2706 2644 2772 Quia
2672 2709 2780 2779 ipse
2815 2708 3054 2766 Christus
3095 2731 3197 2768 non
3235 2717 3333 2769 sibi
3365 2718 3566 2787 placuit

1973 2796 2148 2867 (Ibid.
2165 2796 2207 2870 ).
2248 2796 2402 2853 Scire
2443 2799 2605 2854 debet
2656 2802 3025 2872 unusquisque
3058 2805 3356 2875 periculum
3406 2822 3564 2863 suum

1971 2929 2205 2986 libenter
2232 2931 2355 2986 aliis
2381 2932 2656 2997 cedimus;
2695 2934 2810 2997 sed,
2844 2943 2904 2987 ut
2929 2935 3006 2988 ait
3026 2946 3208 3004 poeta,

2163 3021 2259 3081 Qui
2287 3022 2403 3072 velit
2428 3023 2634 3085 ingenio
2656 3026 2860 3083 cedere,
2890 3018 3050 3074 nullus
3071 3028 3187 3076 erit.

2043 3091 2070 3131 δ
2087 3090 2154 3170 _Si
2196 3093 2435 3170 inventus
2467 3094 2649 3164 fuerit,
2675 3103 2781 3170 etc.
2808 3095 3050 3170 l-la_l)etur
3076 3098 3130 3152 in
3162 3098 3367 3170 Regula
3390 3102 3564 3156 sancti

1899 3168 1943 3230 (ζ
1973 3162 2253 3216 Pachomii
2278 3162 2505 3227 excusa,
2539 3173 2642 3218 art.
2680 3166 2799 3220 118.
2837 3166 3045 3221 (litatur
3071 3185 3099 3221 a
3128 3162 3313 3223 nostro
3339 3180 3562 3226 auctore

1974 3232 2063 3310 ob.
2093 3232 2183 3287 illa
2241 3233 2415 3289 sancti
2464 3233 2742 3310 Benedicti
2799 3237 3012 3310 verba_:
3048 3236 3232 3310 Neque
3276 3251 3565 3309 prwsumat

1974 3303 2251 3377 quisquam
2280 3319 2398 3357 cum
2434 3306 2620 3377 abbate
2668 3322 2785 3367 suo,
2815 3316 2920 3361 etc.
2955 3303 3231 3377 Fugienda
3259 3303 3344 3364 est
3376 3322 3561 3366 autem

1973 3373 2251 3427 contentio
2282 3388 2390 3457 non
2430 3374 2603 3429 solum
2637 3390 2770 3457 cuni
2794 3373 3248 3457 superipreusuo,
3295 3382 3386 3435 sed
3436 3397 3561 3457 cum

1973 3457 2296 3512 quacunque
2318 3442 2424 3497 alia
2445 3461 2699 3516 persona.
2728 3445 2798 3516 Et
2823 3442 2877 3500 si
2899 3447 3028 3516 quid
3061 3447 3274 3503 diﬁicile
3296 3452 3558 3516 occurrit,

1973 3527 2081 3565 non
2109 3528 2207 3587 per
2244 3514 3001 3587 contentionem,gsed_per'ea
3030 3531 3150 3587 qum
3186 3517 3269 3571 lex
3296 3514 3559 3587 spiritalis

1973 3584 2213 3657 mandat,
2244 3598 2436 3657 nempe
2461 3599 2557 3657 per
2576 3584 3308 3657 patientiam(precationem
3324 3584 3387 3643 ct
3409 3605 3561 3657 spem

1968 3651 2381 3723 dissolvendum
2403 3651 2528 3717 erit,
2560 3651 2618 3723 ut
2647 3652 2909 3723 przeclare
2941 3651 3131 3708 inonet
3170 3666 3392 3712 sanctus
3419 3651 3560 3712 Mar-

1971 3736 2070 3774 cus
2098 3721 2345 3793 Eremita
2381 3722 2618 3793 capitulo
2648 3721 2737 3777 ’10
2777 3723 2937 3793 Legis
2992 3725 3271 3793 spiritalis.
3319 3728 3396 3783 De
3430 3744 3561 3784 con-

1973 3792 2214 3866 tentione
2240 3791 2643 3866 fugiendavide
2665 3791 2942 3866 homilia_m
2970 3791 3039 3849 56
3063 3796 3235 3850 sancti
3267 3795 3556 3866 Antiochi;

1968 3859 2207 3916 lvonem.
2237 3859 2379 3931 part.
2404 3878 2500 3916 xm
2525 3862 2758 3926 Decreti,
2789 3872 2844 3918 et
2872 3862 3243 3920 Burchardum
3270 3867 3361 3922 lib.
3385 3886 3440 3923 χ.

2047 3931 2292 4007 e_lgitur.
2317 3931 2431 3986 Hoc
2458 3943 2619 4003 caput
2653 3948 2758 3987 non
2787 3934 3026 4007 habetur
3064 3937 3119 3990 in
3151 3936 3353 4007 Regula
3385 3938 3561 3994 sancti

1970 4000 2246 4076 Pachumii
2291 4016 2489 4076 excusa
2509 4000 3025 4076 ,lquemadmodum
3052 4015 3121 4076 Aet
3166 4000 3413 4076 quasdam
3453 4008 3561 4063 alia

1969 4087 2090 4141 qua:
2113 4072 2201 4127 hic
2225 4073 2508 4149 excudent
2538 4072 2738 4149 Regula
2763 4074 3018 4149 citantur.
3051 4072 3204 4132 Unde
3232 4074 3449 4149 signum
3474 4087 3561 4134 est

1968 4157 2091 4216 eam
2138 4141 2312 4198 sancti
2356 4141 2643 4216 Pachomii
2672 4143 2958 4215 Regulam,
2985 4162 3149 4216 quam
3174 4141 3431 4205 excusem
3460 4149 3558 4205 ha-

1968 4210 2178 4277 bemus,
2205 4228 2307 4268 non
2329 4229 2452 4269 esse
2476 4210 2762 4277 integram.

2046 4282 2066 4322 f
2098 4282 2272 4338 Mente
2292 4285 2577 4339 communi.
2594 4282 2668 4340 1d
2697 4293 2800 4349 est,
2833 4287 2997 4341 corde
3023 4288 3289 4344 unanimi.

2044 4354 2070 4394 ⁸
2097 4352 2303 4428 Si_qui_s_
2348 4365 2805 4428 non_contentus._
2829 4356 3085 4428 Beperire
3121 4366 3205 4414 est
3239 4358 3380 4428 apud
3427 4374 3556 4414 san-

1969 4432 2116 4499 clum
2144 4423 2423 4489 Basiliam,
2453 4425 2656 4499 interr.
2704 4425 2807 4479 117
2851 4423 3366 4499 Regulsbrevn'et
3411 4428 3557 4499 apud

1969 4493 2245 4578 Ruﬁnum,
2272 4509 2418 4578 cap;
2438 4495 2784 4578 42._.Citatqr
2809 4493 2990 4578 autem
3020 4497 3088 4552 ab
3116 4506 3337 4578 auctoee
3368 4493 3557 4578 nostra

1971 4565 2040 4619 ob
2060 4564 2150 4647 illa
2181 4564 2692 4647 sancti-Benedicti:
2724 4565 2919 4620 Nullus
2946 4564 3000 4621 iit
3023 4568 3339 4622 monasterio
3357 4569 3557 4640 proprii

1968 4643 2219 4701 sequatur
2236 4635 2410 4689 cordis
2434 4636 2773 4691 voluntatem.
3358 4635 3370 4640 ⁷
3454 4635 3464 4640 ’

2040 4705 2069 4743 h
2098 4703 2166 4756 Et
2192 4704 2248 4757 in
2275 4704 2373 4758 hoc
2399 4704 2602 4775 placeat
2632 4706 2763 4760 Deo.
2799 4704 2926 4762 Haec
2950 4723 3060 4763 non
3085 4716 3212 4763 sunt
3234 4708 3378 4778 apud
3405 4707 3555 4763 Ruﬁo

1968 4789 2119 4828 num.

2046 4844 2062 4884 ί
2096 4842 2290 4917 Ει-ηοη
2308 4845 2362 4899 in
2374 4861 2433 4898 eo
2445 4845 2586 4915 quod
2606 4845 2707 4899 sibi
2734 4838 2924 4917 placet,
2940 4857 3175 4902 assumat
3189 4846 3472 4916 judicium.
3493 4847 3553 4903 In

1969 4922 2119 4992 tem:
2146 4913 2334 4992 Greece
2360 4932 2373 4968 :
2403 4913 2496 4969 Kai
2608 4919 2659 4969 ἑν
2777 4918 3043 4992 ὑπερθέσξι
3070 4919 3128 4973 τὸ
3154 4913 3548 4992 apiaaLid‘est,

1970 4984 2037 5055 Et
2078 5000 2184 5039 non
2226 4985 2284 5055 in
2322 4984 2814 5054 procrastinatione
2852 4984 3134 5055 iudicium.
3172 4984 3279 5043 Sed
3322 4986 3553 5042 Ruﬁnus

1965 5054 2159 5131 legisse
2188 5054 2397 5131 videtur
2424 5056 2474 5131 ἕ)
2493 5054 2944 5131 ’τῇ,αὐαινσιρεσκέἰτξι2
2972 5065 3101 5120 etc.,
3133 5058 3185 5112 id
3204 5066 3324 5131 est,
3346 5059 3412 5131 in
3444 5059 3551 5112 sibi

1966 5125 2376 5196 complacentia.
2425 5125 2592 5196 Quod
2626 5125 2757 5179 sane
2793 5125 3014 5196 propius
3055 5128 3261 5182 accedit
3292 5128 3358 5181 ad
3394 5144 3550 5181 men—

1968 5204 2076 5250 tem
2105 5194 2275 5249 sancti
2317 5195 2515 5248 Basilii.
2551 5193 2681 5248 Nam
2728 5193 2831 5250 hoc
2879 5193 2997 5251 loco
3047 5207 3268 5253 sanctus
3316 5198 3549 5251 Basilius

1964 5266 2081 5338 vult
2139 5265 2492 5338 monachum,
2537 5265 2582 5319 si
2627 5266 2675 5319 ei
2727 5265 3036 5336 injungatur
3082 5268 3318 5338 aliquam
3367 5277 3543 5320 artem

1966 5337 2229 5399 ediscere,
2259 5333 2435 5388 facere
2475 5335 2683 5390 lucrum
2715 5333 2786 5391 ex'
2806 5333 3135 5403 obedientia,
3172 5333 3283 5392 non
3320 5354 3451 5392 vero
3478 5353 3544 5393 ex

1967 5407 2068 5461 sibi
2096 5404 2737 5478 co_mplaceuti_a,_nempe
2774 5423 2843 5462 ex
2888 5410 3104 5478 propria
3139 5408 3414 5463 voluntate
3459 5423 3547 5462 ar-

1966 5486 2073 5558 tem
2125 5473 2390 5545 eligendo,
2437 5475 2532 5530 Dei
2582 5473 2849 5543 iudicium
2888 5473 3005 5533 "seu"
3040 5478 3545 5535 condemnationem

1963 5561 2180 5602 tncurre
2190 5560 2262 5599 re.

2035 5616 2049 5665 i
2088 5617 2153 5688 Si
2184 5616 2298 5684 quis
2332 5614 2643 5688 industrius.
2675 5617 2916 5673 Habetur
2954 5620 3095 5688 apud
3122 5628 3369 5675 sanctum
3395 5618 3548 5675 Basi-

1959 5687 2113 5749 linm,
2144 5687 2332 5758 interr.
2375 5685 2477 5742 118
2510 5686 2642 5758 Reg.
2690 5689 2797 5754 br.,
2842 5697 2898 5744 et
2944 5685 3084 5758 apud
3112 5690 3386 5751 Ruﬁnum.
3418 5703 3539 5757 cap.

1959 5758 2145 5830 citato.
2188 5755 2427 5830 Artatur
2470 5755 2653 5830 autem
2699 5759 2766 5813 ab
2813 5755 3035 5815 auctore
3084 5768 3271 5815 nostro
3321 5755 3531 5830 propter

1962 5829 2225 5883 rationem
2253 5826 2437 5881 ultima
2467 5828 2884 5901 interrogatione
2910 5830 3130 5885 dictam.
