3958 6198
432 383 532 440 795

1453 368 1513 424 S.
1551 365 1912 422 BENEDICTI
1948 365 2239 420 ABBATIS
2275 362 2683 421 ANIANENSIS

3571 361 3665 416 796

424 508 545 553 esse
589 494 644 548 in
687 505 752 545 eo
788 485 931 559 quod
978 485 1091 539 vult
1136 483 1238 539 sibi
1284 481 1519 551 placere,
1558 480 1716 536 simul
1757 480 1902 533 enim
1941 486 1997 533 et
2022 480 2073 540 Α
2099 492 2239 542 rum,
2271 477 2711 550 habeant'omnia
2743 476 3048 533 communia
3075 474 3212 547 (Act.
3238 474 3335 549 IV).
3371 479 3398 518 ε
3430 478 3527 533 Ille
3548 493 3668 536 vero

425 584 737 642 inobediens
764 594 790 621 ει
818 577 1107 632 invenitur.

694 690 721 762 §
760 689 845 745 VI.
883 717 956 727 ——
990 685 1124 739 Item
1161 683 1392 753 ejusdem
1432 680 1568 754 (cap.
1608 679 1720 751 8!).

493 801 756 869 Interrog.
788 798 816 837 Β
846 795 905 851 Si
937 794 1157 850 omnino
1185 791 1382 846 volenti
1416 789 1626 843 litteras
1652 787 1881 851 discere,
1911 784 1998 840 vel

424 892 637 949 lectioni
665 903 879 952 vacare,
910 884 1288 954 indulgendum
1330 881 1445 935 est?
1467 910 1538 920 -—
1559 878 1714 946 Resp.
1742 876 1998 947 Apostolo

423 983 634 1040 dicente
660 1000 673 1035 :
705 978 771 1034 Ut
800 995 902 1033 non
944 992 1061 1047 qua:
1100 973 1277 1036 uultis,
1322 988 1383 1024 ea
1412 970 1620 1039 faciatis
1663 966 1807 1039 (Gal.
1832 968 1911 1039 v).
1940 967 1996 1021 In

424 1075 570 1130 omni
615 1072 826 1141 negotio
854 1083 951 1124 sua
989 1066 1266 1120 voluntate
1298 1063 1612 1132 permittere
1643 1072 2001 1128 unumquem-

425 1178 529 1232 que
556 1175 713 1231 agere
741 1157 1101 1228 perniciosum
1126 1163 1209 1208 est
1238 1172 1251 1206 :
1285 1152 1379 1206 sed
1413 1157 1624 1219 oportet
1665 1148 1797 1203 illud
1829 1148 2001 1203 susci-

424 1268 553 1322 pere
587 1251 729 1321 quod
771 1249 839 1303 ab
877 1248 961 1301 his
991 1246 1079 1316 qui
1121 1251 1359 1313 prmsunt
1392 1240 1690 1312 iniungitur
1733 1258 1746 1293 :
1786 1240 1998 1295 etiamsi

424 1351 609 1394 contra
632 1341 956 1395 voluntatem
980 1337 1051 1390 sit
1071 1335 1187 1404 eius
1213 1334 1297 1387 cui
1331 1331 1645 1401 iniungitur,
1663 1342 1684 1369 ε
1706 1329 2000 1385 secundum

428 1430 635 1483 Domini
663 1427 967 1495 exemplum
1008 1424 1238 1479 dicentis
1271 1440 1283 1474 :
1330 1421 1509 1484 Pater,
1545 1437 1649 1475 non
1678 1437 1791 1473 mea
1819 1418 2000 1472 volun-

425 1530 523 1580 tas,
556 1518 644 1572 sed
671 1528 761 1571 tua
786 1517 880 1586 ﬁat
915 1515 1063 1587 (Luc.
1098 1514 1255 1583 xxn).

477 1627 504 1699 §
541 1626 648 1683 V'Il.
676 1657 746 1668 —
768 1626 846 1680 Ex
878 1624 1096 1680 Rsccu
1122 1638 1308 1679 sanun
1337 1623 1632 1677 AURELIANI
1664 1621 1799 1694 (cap.
1823 1619 1936 1690 23).

491 1736 517 1774 ἀ
541 1735 843 1790 Artiﬁcium
880 1750 1009 1788 vero
1037 1731 1369 1795 discendum,
1412 1738 1505 1784 aut
1548 1729 1842 1798 quamlibet
1870 1739 1998 1795 ope-

2100 567 2191 636 qui
2233 569 2552 638 praepositus
2590 576 2694 633 est,
2744 567 2841 622 Dei
2875 566 3138 635 iudicium
3179 576 3236 623 et
3279 569 3671 628 ordinationem

2097 658 2391 713 sacerdotis
2419 658 2474 712 in
2502 659 2753 714 omnibus
2798 658 3007 722 timere,
3055 658 3276 730 diligere
3315 667 3372 714 et
3414 661 3672 717 obaudire

2098 746 2391 803 secundum
2416 747 2703 803 veritatem
2723 748 2900 803 debet.
2927 747 3065 814 Quia
3085 748 3131 802 si
3152 750 3274 818 quis
3295 749 3443 804 illum
3470 751 3499 791 ιι
3523 760 3674 821 putat

2100 835 2204 908 [se]
2257 851 2533 908 spernere,
2576 837 2747 893 Deum
2792 838 3015 907 spernit,
3060 840 3202 893 sicut
3242 841 3504 910 scriptum
3548 850 3669 898 est:

2101 924 2203 991 Qui
2231 944 2317 981 vos
2344 928 2510 992 audit,
2548 945 2630 982 me
2653 928 2839 994 audit;
2859 930 2948 1000 qui
2972 945 3060 983 eos
3094 932 3311 1001 spernit,
3337 948 3419 986 me
3445 936 3669 1002 spernit,

2097 1025 2147 1069 et
2172 1018 2263 1087 qui
2298 1034 2380 1072 me
2398 1020 2618 1089 spernit,
2652 1020 2849 1089 spernit
2873 1035 2991 1073 eum
3015 1020 3107 1089 qui
3130 1036 3210 1073 me
3247 1022 3387 1074 misit
3414 1022 3565 1093 (Luc.
3593 1025 3672 1092 ι).

2097 1106 2177 1162 Ita
2207 1117 2268 1163 ut
2293 1110 2409 1164 sine
2434 1110 2605 1180 ipsius
2633 1111 2910 1165 voluntate
2953 1108 3129 1164 nullus
3171 1110 3338 1165 frater
3380 1114 3673 1183 quidquam

2100 1207 2246 1268 agat,
2282 1213 2458 1268 neque
2498 1199 2733 1269 accipiat
2764 1201 2832 1255 ab
2878 1199 3058 1268 aliquo
3099 1200 3322 1270 aliquid,
3353 1218 3529 1273 neque
3564 1206 3674 1271 det,

2099 1306 2202 1345 nec
2225 1307 2453 1361 usquam
2481 1306 2704 1362 prorsus
2732 1292 2950 1347 recedat
2980 1295 2999 1333 ί
3030 1293 3147 1348 sine
3179 1293 3361 1348 verbo.

2100 1423 2127 1494 §
2160 1423 2230 1476 Χ.
2259 1453 2328 1462 -—
2354 1423 2432 1477 Ex
2460 1423 2678 1478 Rasum
2702 1423 2868 1478 PMle
2896 1439 2964 1478 ετ
2990 1424 3261 1479 S'rerusm
3290 1426 3427 1497 (cap.
3458 1429 3494 1481 2
3523 1439 3573 1482 et
3596 1432 3672 1502 5).

2172 1520 2189 1586 i
2227 1535 2481 1591 Seniores
2514 1536 2823 1606 junioribus
2849 1537 3100 1592 aﬁ'ectum
3138 1548 3421 1607 paternum
3460 1514 3672 1611 impetu-

2098 1628 2247 1682 dant.
2280 1627 2348 1682 Et
2380 1642 2503 1681 cum
2532 1627 2556 1665 ιε
2585 1627 2887 1697 imperandi
2915 1627 3487 1695 necessarium-fuerit,
3523 1629 3543 1668 ι
3570 1647 3675 1686 non

2100 1723 2328 1776 tumenti
2368 1722 2740 1784 animositate,
2773 1728 2830 1775 et
2858 1720 3108 1774 clamosis
3134 1720 3378 1785 vocibus,
3407 1721 3503 1775 sed
3542 1722 3678 1779 ﬁdu-

424 1847 540 1885 ram
578 1830 899 1893 faciendam,
933 1844 1040 1883 non
1072 1842 1169 1897 pro
1198 1842 1295 1880 suo
1340 1825 1490 1879 libito
1534 1824 1753 1893 eligant,
1797 1822 1889 1876 sed
1938 1823 1992 1875 in
2022 1823 2068 1882 B
2097 1811 2306 1867 cialiter
2354 1811 2639 1882 tranquilla
2684 1811 3029 1881 simplicitate
3064 1818 3119 1865 et
3160 1810 3484 1866 auctoritate
3520 1812 3678 1869 bona:

420 1918 648 1973 arbitrio
678 1917 891 1971 abbatis
923 1915 1047 1980 erit,
1093 1914 1235 1983 quod
1269 1911 1397 1966 utile
1439 1910 1776 1982 prospexerit
1827 1910 1993 1980 impe-

425 2012 672 2065 randum.

699 2122 726 2197 §
759 2121 884 2179 Vill.
907 2149 982 2162 —
1009 2120 1087 2175 Ex
1125 2119 1344 2175 Reouu
1383 2116 1705 2173 Omusrsu.

495 2249 518 2278 θ
544 2236 601 2294 Si
634 2238 881 2292 inventus
911 2234 1073 2288 fuerit
1111 2247 1251 2287 unus
1281 2247 1313 2287 e
1354 2228 1611 2284 fr.:tribus
1653 2225 1853 2295 aliquid
1896 2240 1995 2294 per

420 2330 823 2387 contentionem
844 2341 1033 2397 agens,
1062 2324 1147 2378 vel
1174 2322 1547 2378 contradiceus
1578 2316 1795 2385 majoris
1827 2316 1995 2384 impe-

420 2424 520 2489 rio,
546 2419 915 2491 increpabitur
934 2415 1087 2484 juxta
1114 2428 1422 2469 mensuram
1449 2410 1653 2480 peccati
1676 2407 1779 2462 sui.

627 2528 770 2604 §IX.
795 2559 869 2570 —-
893 2528 974 2583 Ex
1010 2527 1230 2582 Recuut
1266 2525 1492 2579 Paruum
1533 2523 1670 2593 (cap.
1714 2524 1788 2597 1).

497 2644 518 2681 ι
544 2643 683 2697 Ante
713 2640 890 2696 omnia
935 2639 1197 2693 habentes
1232 2636 1572 2701 charitatem,
1608 2636 1989 2705 humilitatem,

417 2733 751 2803 patientiam,
788 2728 1275 2792 mansuetudinem,
1311 2725 1393 2780 vel
1434 2736 1627 2781 caetera
1676 2743 1796 2796 quae
1835 2730 1992 2784 docet

417 2821 705 2891 Apostolus
752 2818 891 2891 (Col.
932 2819 1024 2890 n);
1069 2819 1144 2872 ita
1184 2825 1244 2870 ut
1294 2831 1452 2871 nemo
1498 2817 1791 2885 quidquam
1833 2832 1990 2873 suum

418 2915 687 2979 vindicet;
717 2913 812 2968 sed
830 2912 972 2967 sicut
991 2914 1252 2981 scriptum
1277 2909 1435 2964 estin
1462 2908 1686 2964 Actibus
1722 2911 1989 2981 apostolo-

491 3119 515 3147 α
541 3105 832 3160 Invenitur.
868 3104 948 3159 Ita
988 3104 1127 3175 apud
1153 3100 1425 3175 Ruﬁnum.
1472 3101 1531 3156 In
1563 3108 1713 3157 textu
1747 3102 1937 3160 Graeco
1966 3124 1981 3160 :

423 3178 712 3246 ἐλέγχᾳται,
741 3175 794 3246 id
822 3184 905 3229 est
926 3174 1283 3246 convincitur.

490 3198 712 3298 ιγγέται,
742 3198 794 3228 ιιι
822 3198 905 3229 es;
926 3198 1283 3229 CUIIVIIICIHII‘.

490 3246 518 3284 δ
580 3244 614 3297 ‘i
645 3243 856 3297 omnino
902 3242 1109 3298 uolenti.
1145 3241 1392 3295 Invenire
1431 3248 1515 3296 est
1558 3239 1699 3310 apud
1743 3251 1989 3299 sanctum

418 3314 701 3378 Basilium,
732 3315 920 3367 interr.
951 3313 1019 3367 96
1061 3312 1193 3381 Reg.
1235 3311 1409 3381 brev.,
1450 3318 1505 3365 et
1543 3312 1685 3381 apud
1711 3312 1986 3380 Ruﬁnum,

417 3400 536 3454 cap.
568 3382 655 3436 46.
687 3382 964 3454 Profertur
1000 3380 1181 3454 autem
1203 3380 1271 3434 ab
1297 3389 1516 3454 auctore
1539 3380 1742 3454 nostro
1770 3394 1989 3454 propter

417 3448 681 3509 rationem
707 3468 869 3523 supra
892 3452 1114 3523 dictam.
1143 3450 1270 3523 Pro,
1314 3448 1375 3504 Si
1409 3451 1639 3523 omnino,
1667 3448 1806 3521 apud
1833 3448 1986 3507 Ruti-

417 3539 545 3578 num
571 3520 803 3587 legitur}
837 3521 898 3576 Si
923 3522 1019 3574 hoc
1042 3520 1222 3576 alicui.
1251 3520 1311 3574 1n
1335 3527 1483 3574 textu
1510 3520 1717 3584 Graeco;
1744 3526 1788 3577 si
1810 3527 1986 3587 παντί,

417 3594 596 3719 isdest,
630 3589 690 3675 Si
722 3592 881 3647 omni.
907 3591 1085 3664 Atque
1129 3591 1218 3647 hic
1254 3591 1331 3645 Ita
1370 3589 1650 3662 legendum
1675 3599 1827 3660 puto,
1857 3608 1985 3661 non,

466 3680 479 3716 t
506 3679 737 3719 omnino.

466 3680 479 3716 t
506 3679 737 3719 omnino.

489 3745 510 3772 ε
546 3733 844 3788 Secundum
887 3730 1177 3802 exemplum
1228 3730 1440 3802 Domini
1488 3729 1709 3802 dicentis
1744 3750 1758 3786 :
1802 3731 1985 3799 Pater,

416 3812 522 3858 etc.
551 3804 629 3857 Ita
654 3803 795 3871 apud
824 3799 1092 3863 Ruﬁnum,
1129 3815 1248 3871 quae
1283 3800 1335 3871 in
1366 3808 1514 3854 textu
1542 3799 1732 3856 Graeco
1759 3817 1866 3857 non
1904 3818 1988 3858 re-

414 3869 718 3941 periuntur,
762 3870 857 3927 sed
895 3872 995 3925 ista
1030 3886 1044 3925 :
1081 3872 1144 3925 Τὸ
1184 3869 1238 3925 δέ
1276 3869 1490 3941 {pinna
1531 3873 1776 3933 ἀπιστίας
1820 3876 1987 3941 τούτῳ

413 3930 640 4029 apud?“
669 3949 757 4029 rei:
790 3945 966 4029 διωρίαν
996 3942 1239 4029 εἵτξοῖτιιμ
1264 3930 1460 4029 Γίνεσθε
1484 3942 1688 4029 ἕτοιμᾳέ
1714 3941 1792 3998 ὅτι
1819 3930 1987 4029 gap};

411 4001 705 4094 θεῖ’δοίεεέῖι,
734 4013 761 4067 ὁ
789 4001 896 4094 uitis
920 4018 1008 4091 rei}
1048 4012 1311 4094 ἀνθρώπου
1349 4001 1594 4090 {pyra}:
1731 4001 1987 4094 est;‘h't\iic

414 4090 593 4135 autem
639 4081 1026 4136 incredulitatis
1071 4080 1276 4134 crimen
1323 4080 1596 4141 convenit,
1625 4081 1839 4136 dicente
1881 4082 1987 4137 Do-

415 4153 563 4204 mino
594 4168 606 4202 :
640 4148 743 4202 Sed
770 4158 927 4219 estote
953 4150 1145 4217 parati,
1185 4165 1287 4218 qua
1315 4149 1443 4201 hora
1472 4165 1574 4219 non
1597 4152 1812 4219 putatis,
1841 4151 1983 4219 ﬁlius

414 4218 638 4272 hominis
665 4220 816 4272 venit.
849 4217 954 4272 Sed
988 4233 1108 4272 cum
1157 4217 1271 4273 haec
1312 4218 1476 4272 verba
1506 4218 1574 4272 ad
1598 4217 1721 4273 rem
1751 4217 1855 4275 non
1904 4222 1985 4275 fa-

415 4290 583 4353 ciant,
613 4299 742 4358 puto
766 4296 969 4342 textum
998 4289 1168 4342 sancti
1196 4288 1374 4341 Basilii
1404 4286 1647 4341 Graecum
1677 4288 1840 4345 fuisse
1866 4306 1986 4346 cor-

417 4367 648 4426 ruptum,
680 4373 803 4412 cum
830 4358 916 4411 illa
945 4359 1264 4412 conveniant
1292 4358 1694 4425 interrogationi
1726 4360 1848 4414 117.

481 4428 509 4468 d
536 4428 850 4497 Ani/icium.
883 4428 997 4482 Hoc
1035 4427 1326 4498 capitulum
1369 4427 1457 4481 hic
1502 4426 1702 4481 citatur
1727 4430 1795 4483 ob
1831 4445 1980 4485 eam-

2093 1905 2248 1967 vitat,
2295 1905 2363 1958 ad
2404 1903 2762 1973 peragendam
2802 1917 3143 1957 communem
3184 1901 3507 1967 utilitatem,
3554 1918 3677 1973 quae

2094 1992 2296 2048 fuerint
2327 2003 2647 2063 opportuna,
2679 1992 2977 2063 iniungunt.
3007 2003 3047 2030 ω
3077 1989 3323 2045 Juniores
3361 1992 3677 2048 senioribus

2074 2084 2306 2142 .sincera
2331 2082 2665 2151 subiectione
2690 2082 2964 2147 obediant,
2989 2097 3091 2135 nec
3116 2081 3344 2135 tumenti
3374 2083 3589 2137 cervice
3618 2083 3677 2136 in

2092 2189 2416 2244 quocunque
2466 2174 2848 2243 respondeant,
2903 2180 2996 2225 aut
3043 2171 3346 2227 fastidienti
3384 2174 3591 2238 animo,
3620 2184 3680 2229 et

2092 2265 2379 2337 negligenti
2438 2280 2567 2321 aure
2608 2265 2994 2336 imperantibus
3047 2264 3266 2320 obedire
3320 2266 3675 2320 detrectent:

2091 2357 2186 2411 sed
2243 2356 2575 2411 unanimiter
2627 2365 2682 2411 et
2740 2355 3116 2421 concorditer,
3175 2363 3287 2410 tam
3340 2356 3394 2410 in
3442 2357 3676 2426 spiritali

2093 2463 2255 2518 opere
2282 2463 2443 2518 quam
2482 2448 2536 2502 in
2580 2455 2797 2511 terreno
2836 2461 3025 2502 omnes
3063 2446 3207 2502 ﬁdeli
3254 2448 3556 2503 intentione
3580 2465 3679 2504 oc-

2092 2550 2333 2596 currant.
2738 2550 2748 2565 ’

2288 2674 2316 2746 §
2356 2674 2443 2728 XI.
2486 2705 2554 2715 —
2582 2674 2660 2728 Ex
2697 2672 2921 2729 Rasum
2945 2688 3207 2728 cumsuam
3246 2672 3469 2728 Putns.

2160 2822 2190 2851 ιι
2215 2811 2372 2867 Nullo
2402 2811 2508 2866 alio
2550 2810 2682 2866 vitio
2706 2811 2950 2866 diabolus
2995 2825 3323 2865 monacnum
3356 2811 3559 2879 perdit,
3602 2827 3677 2868 ae

2090 2902 2257 2957 trahit
2291 2903 2361 2959 ad
2388 2910 2650 2969 mortem,
2692 2917 2856 2973 quam
2882 2917 3007 2958 cum
3041 2916 3164 2956 eum
3195 2902 3454 2974 neglectis
3478 2901 3671 2960 senio-

2090 3107 2290 3177 eadern
2307 3104 2516 3177 Regula
2535 3105 2787 3177 habetur.

2163 3178 2188 3216 Β
2222 3175 2319 3229 Ille
2347 3170 2463 3229 ve'ro
2490 3176 2580 3246 qui
2600 3174 2926 3246 pra’positus.
2959 3172 3017 3246 Id
3038 3179 3144 3246 est,
3171 3170 3558 3246 quiseeundus
3580 3179 3676 3226 est

2092 3259 2122 3298 a
2152 3246 2460 3310 sacerdote;
2489 3239 2648 3313 quem
2667 3239 2757 3299 isti
2773 3243 2963 3298 Patres
2982 3239 3369 3296 faciunt’veluti
3388 3240 3675 3307 abbatem,

2091 3316 2177 3385 cui
2207 3316 2396 3385 debeat
2424 3313 2704 3382 subiacere
2740 3314 3076 3385 prtepositus.

2160 3383 2188 3422 ιι
2218 3383 2381 3439 Putat
2410 3402 2484 3439 se.
2513 3385 2582 3440 Τὸ
2605 3400 2660 3438 se
2685 3383 2970 3438 redundat.

2167 3457 2185 3497 ί
2220 3455 2348 3510 Sine
2378 3454 2549 3509 verba.
2587 3453 2644 3508 Id
2678 3461 2783 3519 est,
2809 3454 2926 3508 sine
2949 3451 3126 3520 iussu,
3165 3450 3388 3521 licentia
3422 3463 3517 3506 seu
3542 3466 3675 3521 per-

2090 3527 2370 3591 missione,
2399 3535 2458 3578 ut
2486 3525 2539 3595 in
2564 3524 2862 3595 Evangelig
2893 3541 2905 3575 :
2936 3521 3003 3575 In
3028 3522 3180 3595 verba
3202 3530 3295 3595 tuo
3320 3520 3513 3595 (mbo
3535 3520 3669 3595 fere.

2089 3596 2147 3651 ln
2186 3590 2372 3651 eadem
2403 3590 2798 3664 signiﬁcatione
2827 3592 3016 3647 Patres
3041 3590 3214 3664 (ξιξωοί
3245 3604 3463 3653 nomen,
3493 3592 3670 3664 ᾉργος,
3699 3648 3708 3658 ,

2088 3667 2144 3721 id
2170 3673 2254 3720 est
2281 3661 2524 3726 verbum,
2556 3671 2906 3730 usurparunt,
2942 3671 3003 3716 ut
3031 3662 3215 3715 videre
3258 3670 3342 3715 est
3373 3661 3512 3730 apud
3540 3661 3673 3714 Pal-

2088 3736 2318 3801 ladium,
2363 3750 2480 3805 cap.
2521 3736 2586 3806 de
2617 3732 3383 3806 Tabennesiotis_:_B§tieoOaa
3427 3734 3519 3806 μίᾳ
3542 3752 3671 3806 νεω-

2086 3808 2332 3889 τξραβῶν
2366 3800 2624 3890 adpetitur;
2647 3805 3005 3890 léyqt‘s'au'riig'
3046 3802 3101 3890 id
3123 3808 3208 3883 est
3242 3814 3458 3881 egressa
3476 3800 3673 3869 iunior

2086 3869 2356 3946 vi'rginum
2384 3869 2467 3931 su'i
2499 3875 2667 3998 ilpsius
2692 3869 2876 3935 verbo,
2906 3872 2959 3927 id
2985 3879 3086 3935 est,
3112 3872 3230 3925 sine
3263 3869 3553 3940 permissu.

2160 3944 2174 3995 i
2208 3945 2466 3998 Seniores.
2551 3960 2627 3998 :ec
2664 3944 2932 3998 habentur
2956 3946 3010 3996 in
3046 3942 3246 3998 RetruIa
3278 3955 3378 3994 ms.
3422 3939 3571 3993 Pauli

3217 3956 3246 3994 a
3278 3955 3378 3994 ms.
3422 3951 3573 3993 l’aIIII
3606 3951 3670 3995 et

2089 4015 2349 4084 Stephani
2380 4016 2499 4070 cod.
2522 4014 2776 4084 Floriac.,
2804 4010 2956 4081 cuius
2979 4013 3085 4067 duo
3122 4010 3211 4066 hic
3232 4011 3537 4082 iunguntur
3567 4026 3669 4066 ca-

2085 4083 2217 4155 pita,
2244 4086 2477 4155 primum
2503 4091 2557 4138 et
2576 4083 2891 4155 secundum.

2157 4156 2184 4226 ξι
2214 4154 2539 4226 imperandi.
2573 4154 2729 4226 Lege,
2766 4154 3044 4226 imperare.

2160 4224 2175 4264 ι
2216 4220 2340 4280 Νοή
2366 4227 2585 4278 tumenti
2632 4220 2991 4278 animositate.’
3039 4220 3279 4277 Notanda
3328 4220 3577 4273 doctrina
3647 4239 3659 4273 :

2084 4311 2209 4349 nam
2233 4295 2374 4349 aliud
2395 4304 2479 4349 est
2502 4295 2786 4364 imperium
2814 4292 3087 4356 abbatum,
3116 4291 3489 4364 aliudregum.
3523 4288 3661 4343 Nam

2085 4382 2227 4435 reges
2238 4365 2483 4435 gentium
2509 4360 2848 4435 dominantur
2873 4379 3071 4426 eorum,
3097 4371 3202 4417 etc.
3237 4360 3372 4413 Vide
3397 4373 3580 4435 supra.

2155 4427 2196 4474 in
2221 4427 2486 4488 Iuniores.
2534 4434 2633 4488 Hic
2678 4432 2865 4501 incipit
2915 4435 3206 4486 secundum
3234 4436 3399 4498 caput
3439 4427 3662 4498 Regula:

2160 3942 2466 4000 i‘Seniores.
2502 3942 2627 3998 Hzec
2664 3944 2932 4012 habentur
2956 3946 3010 3996 in
3046 3942 3192 4012 Regu

415 4499 534 4552 dem
567 4512 783 4553 causam
809 4513 970 4567 quam
1001 4498 1067 4551 de
1096 4497 1462 4567 superioribus
1487 4498 1655 4551 sancti
1685 4498 1864 4554 Basilii
1892 4517 1982 4556 ca-
2004 4500 2058 4560 D
2082 4505 2234 4559 Pauli
2266 4513 2320 4560 et
2346 4504 2603 4567 Stephani
2641 4504 2694 4556 in
2725 4497 2871 4555 dicto
2896 4503 3014 4555 cod.
3049 4502 3193 4555 Flor.
3227 4501 3277 4552 1.

411 4569 597 4650 pitulis
634 4568 889 4650 diximus.
934 4568 1087 4649 Quod
1122 4576 1313 4650 ,tameﬁn
1360 4568 1573 4650 videtur
1608 4578 1876 4650 sumptum
1913 4587 1981 4650 eat

413 4638 615 4708 Regula
646 4639 817 4709 sancti
840 4637 1078 4709 Caesarii,
1110 4653 1227 4706 cap.
1252 4636 1343 4709 _6_;
1389 4655 1407 4687 ι
1453 4637 1619 4709 Nemo
1644 4636 1745 4709 sibi
1780 4640 1982 4709 aliquid

410 4706 610 4776 operis,
636 4707 719 4761 vel
744 4708 957 4762 artiticii
988 4722 1083 4777 pro
1127 4722 1226 4762 suo
1252 4706 1408 4761 libito
1436 4707 1598 4778 eligat
1635 4706 1935 4764 faciendum
1962 4726 1977 4764 :

320 4784 326 4789 ’
410 4779 503 4859 sed
529 4779 582 4832 in
606 4777 831 4832 arbitrio
868 4778 1097 4833 senioris
1135 4778 1260 4858 erit,
1299 4779 1449 4900 quod
1490 4777 1618 4832 utile
1646 4781 1980 4849 prospexerit

412 4849 801 4900 tmperandum.
839 4868 857 4900 ι
887 4849 1031 4900 Idem
1067 4855 1256 4900 statuit
1345 4847 1604 4900 etradius.
1638 4863 1755 4900 can.
1802 4849 1832 4900 7
1876 4849 1980 4900 Re-

412 4848 801 4918 imperandum.
839 4868 857 4901 )
887 4849 1031 4902 Idem
1067 4848 1256 4901 statuit
1299 4847 1604 4913 Tetradius,
1638 4847 1832 4918 cap.'7
1876 4849 1980 4905 Re-

408 4917 544 4988 gula;
574 4938 585 4972 :
630 4937 648 4969 ι
680 4917 932 4988 Operam,
979 4933 1087 4988 non
1114 4933 1298 4988 quam
1322 4917 1975 4988 unusquisquevoluerit,

409 4986 501 5043 sed
527 5005 645 5058 qua:
671 4986 751 5043 eis
777 4990 1020 5042 ordinata
1063 4986 1245 5051 fuerit,
1276 4986 1493 5058 faciant.
1534 4986 1552 5038 ι
1600 4988 1729 5053 Qum
1759 4988 1976 5057 quidem

407 5057 679 5127 sapienter
715 5060 957 5112 instituta
988 5066 1131 5121 sunt,
1181 5066 1242 5109 ut
1285 5057 1579 5127 monachus
1616 5058 1789 5111 discat
1823 5074 1977 5113 suam

407 5126 655 5209 frangere
686 5128 1032 5209 voluntatem,
1076 5128 1220 5197 quod
1254 5126 1307 5180 in
1332 5126 1441 5180 vita
1486 5126 1798 5182 monachica
1838 5144 1981 5199 prae-

407 5207 620 5266 cipuum
642 5207 744 5252 est.

477 5280 501 5307 ε
530 5266 588 5323 Si
609 5268 841 5323 inventus
864 5267 1041 5337 fuerit.
1075 5266 1200 5322 Haec
1221 5274 1345 5320 sunt
1361 5280 1585 5335 prorsus
1603 5267 1790 5337 eadem
1811 5267 1976 5322 verba

404 5352 565 5406 supra
601 5339 701 5392 hoc
744 5335 921 5406 capite
946 5338 1109 5391 citata
1137 5352 1203 5392 ex
1235 5337 1435 5406 Regula
1462 5336 1631 5406 sancti
1675 5335 1974 5391 Pachomii.

406 5404 644 5487 Et'certe
665 5404 831 5461 multa
852 5407 941 5487 hic
968 5408 1206 5487 citantur
1228 5422 1296 5487 es
1317 5404 1526 5487 Regula
1549 5404 1830 5487 Qrientali,
1855 5422 1975 5476 quae

403 5484 612 5545 sumpta
645 5487 855 5532 suntex
888 5476 1089 5546 Regula
1119 5479 1289 5532 sancti
1317 5476 1611 5530 Pachomii.

410 5613 418 5615 _
480 5544 499 5582 ι
541 5545 673 5598 Ante
706 5548 900 5600 omnia.
930 5547 1057 5600 Haec
1083 5547 1351 5601 habentur
1393 5546 1447 5599 in
1489 5546 1725 5615 secunda
1768 5544 1973 5615 Regula

408 5613 622 5693 Patrum
657 5617 776 5669 cod.
816 5616 962 5693 Flor.
996 5615 1150 5693 cuius
1187 5616 1513 5693 initiumest
1555 5633 1568 5668 :
1605 5613 1738 5669 Cum
1779 5613 1973 5693 reside-

403 5698 576 5762 remus
601 5685 655 5736 in
688 5701 848 5762 unum
874 5687 929 5738 in
966 5685 1433 5762 ηοπιὶχιεηϋρηιξηί.
1464 5686 1694 5762 Exstant
1725 5685 1888 5762 etiam

403 5753 574 5808 veteri
612 5753 731 5808 cod.
770 5769 871 5809 ms.
904 5755 1135 5809 etenobii
1164 5755 1508 5812 Corbeiensis
1550 5756 1605 5810 in
1640 5754 1832 5818 Gallia,
1878 5756 1968 5810 ubi

2155 4586 2183 4612 ιι
2213 4573 2375 4628 Nullo
2406 4570 2512 4628 alio
2538 4575 2681 4628 uitio.
2716 4570 2828 4625 Hoc
2862 4571 3153 4639 capitulum
3190 4576 3368 4623 exstat
3398 4570 3582 4623 collat.
3616 4585 3653 4623 ιι

2082 4644 2347 4710 Cassiani,
2394 4660 2512 4713 cap.
2560 4644 2663 4713 11.
2697 4641 2855 4713 Idem,
2879 4642 3035 4695 docet
3064 4648 3281 4695 sanctus
3323 4640 3653 4713 I_)_oroth_eus,

2081 4716 2225 4771 doct.
2255 4732 2272 4769 ι
2302 4708 2367 4767 εν(
2405 4708 2806 4785 Egoprol'ecto,
2845 4712 3038 4785 inquit,
3082 4725 3265 4785 casum
3292 4708 3459 4761 ullum
3488 4708 3653 4762 alium

2080 4784 2359 4862 monachis
2381 4779 2915 4862 contigissemescio
2938 4820 2952 4844 ,
3000 4787 3198 4862 prteter
3244 4779 3436 4862 hunc,‘
3460 4793 3655 4862 nempe

2080 4857 2205 4926 quia
2229 4854 2433 4922 iudicio
2460 4848 2714 4926 etsensui
2736 4850 2915 4926 cordis
2938 4848 3028 4926 sui
3046 4850 3200 4903 facile
3215 4848 3653 4926 eredunt,_atque

2079 4918 2470 4991 obtemperant.
2500 4919 2920 4991 Aiuntnonnulli
2950 4938 2963 4971 :
2992 4919 3217 4987 Propter
3238 4918 3340 4971 hoc
3369 4918 3515 4991 cadit
3533 4933 3653 4991 ino-

2081 4986 2317 5059 nachits;
2350 4993 2471 5047 alii:
2500 4992 2729 5061 Propter
2754 4989 3028 5061 illudzego
3057 4986 3205 5053 vero,
3226 4994 3297 5061 _ut
3326 4987 3486 5061 modo
3516 4986 3647 5061 dixi,

2079 5080 2264 5119 casum
2304 5056 2476 5117 alium
2517 5056 2765 5116 eve-uisse
2806 5056 3310 5130 cuipiamﬂnescio;
3367 5056 3473 5111 nisi
3524 5056 3646 5130 quia

2078 5133 2295 5203 proprio
2323 5131 2530 5198 iudicio
2553 5140 2608 5186 et
2632 5130 2781 5203 cordi
2811 5125 2915 5184 suo
2938 5129 3378 5203 credit.__ltaqu_e_,
3418 5141 3544 5181 cum
3570 5125 3648 5203 _vi—

2078 5196 2223 5257 deris
2249 5196 2555 5272 quempiam
2575 5201 2865 5263 cecidisse,
2896 5201 3033 5272 scito
3059 5198 3257 5272 nuiiam
3283 5196 3457 5272 aliam.
3477 5196 3647 5272 potio-

2078 5288 2194 5327 rem
2220 5266 2343 5328 esse
2371 5266 2613 5336 causam,
2649 5286 2809 5340 quam
2845 5270 3001 5340 quod
3016 5268 3175 5340 cordi
3192 5266 3569 5340 suo‘cretlidit,
3593 5273 3643 5316 et

2078 5344 2310 5412 seipsum
2350 5342 2618 5396 instruere
2652 5336 2837 5412 voluit.
2862 5336 2909 5412 is
2960 5338 3086 5412 Ilzec
3124 5338 3230 5391 ille.
3271 5336 3373 5412 Qpi
3407 5336 3642 5405 seipsutu

2071 5403 2251 5466 erudit
2286 5412 2603 5474 monachus,
2639 5408 2837 5464 diaboli
2862 5407 3156 5478 discipulus
3182 5416 3284 5461 est.
3313 5403 3642 5478 Casus'nou-

2073 5482 2337 5536 nullorum
2369 5472 2779 5544 monachorum,
2824 5478 2916 5547 qui
2955 5472 3074 5547 pl'us
3108 5493 3261 5546 aequo
3303 5490 3404 5547 suo
3440 5472 3642 5547 judicio

2072 5551 2410 5614 tribuerunt,
2439 5550 2561 5603 vide
2594 5548 2733 5618 apud
2766 5543 3057 5603 Paﬂadium
3089 5548 3142 5602 in
3174 5543 3314 5605 Hist.
3351 5543 3638 5618 Lausiaca2

2069 5622 2338 5689 capitibus
2358 5610 2425 5675 de
2453 5610 2694 5682 Valente,
2727 5618 2956 5689 Herone,
2987 5628 3042 5673 et
3066 5619 3387 5679 Ptolenmo;
3426 5622 3482 5667 et
3505 5610 3643 5684 apud

2069 5688 2404 5755 Cassianum,
2439 5689 2563 5745 coll.
2596 5704 2656 5755 ιι,
2689 5688 2889 5757 cap-5.
