  <div class='ocr_page' id='page_1' title='image "/cluster/home/n/w/nwhite01/storage/ocr_20150623/103/hvd.32044054759691/407.png"; bbox 0 0 3958 6198; ppageno 0'>
   <div class='ocr_carea' id='block_1_1' title="bbox 436 319 543 377">
    <p class='ocr_par' dir='ltr' id='par_1_1' title="bbox 436 319 543 377">
     <span class='ocr_line' id='line_1_1' title="bbox 436 319 543 377; baseline -0.019 -1"><span class='ocrx_word' id='word_1_1' title='bbox 436 319 543 377; x_wconf 74' lang='lat'><strong>803</strong></span> 
     </span>
    </p>
   </div>
   <div class='ocr_carea' id='block_1_2' title="bbox 1410 298 2661 363">
    <p class='ocr_par' dir='ltr' id='par_1_2' title="bbox 1410 298 2661 363">
     <span class='ocr_line' id='line_1_2' title="bbox 1410 298 2661 363; baseline -0.005 -1"><span class='ocrx_word' id='word_1_2' title='bbox 1410 306 1468 363; x_wconf 99' lang='grc'><strong>8.</strong></span> <span class='ocrx_word' id='word_1_3' title='bbox 1510 305 1870 362; x_wconf 77' lang='lat' dir='ltr'><strong>BENEDIC’I‘I</strong></span> <span class='ocrx_word' id='word_1_4' title='bbox 1911 304 2207 361; x_wconf 81' lang='lat' dir='ltr'><strong>ABBATIS</strong></span> <span class='ocrx_word' id='word_1_5' title='bbox 2243 298 2661 356; x_wconf 74' lang='lat' dir='ltr'><strong>ANIANENSIS</strong></span> 
     </span>
    </p>
   </div>
   <div class='ocr_carea' id='block_1_3' title="bbox 3592 299 3696 354">
    <p class='ocr_par' dir='ltr' id='par_1_3' title="bbox 3592 299 3696 354">
     <span class='ocr_line' id='line_1_3' title="bbox 3592 299 3696 354; baseline -0.019 0"><span class='ocrx_word' id='word_1_6' title='bbox 3592 299 3696 354; x_wconf 67' lang='grc'><strong>804</strong></span> 
     </span>
    </p>
   </div>
   <div class='ocr_carea' id='block_1_4' title="bbox 429 416 3705 496">
    <p class='ocr_par' dir='ltr' id='par_1_4' title="bbox 429 416 3705 496">
     <span class='ocr_line' id='line_1_4' title="bbox 429 416 3705 496; baseline -0.002 -12"><span class='ocrx_word' id='word_1_7' title='bbox 429 430 573 484; x_wconf 87' lang='lat' dir='ltr'><strong>malo</strong></span> <span class='ocrx_word' id='word_1_8' title='bbox 608 427 689 482; x_wconf 90' lang='lat' dir='ltr'><strong>vel</strong></span> <span class='ocrx_word' id='word_1_9' title='bbox 728 440 892 496; x_wconf 88' lang='lat' dir='ltr'><strong>pravo</strong></span> <span class='ocrx_word' id='word_1_10' title='bbox 931 423 1149 495; x_wconf 88' lang='lat' dir='ltr'><strong>eloquio</strong></span> <span class='ocrx_word' id='word_1_11' title='bbox 1186 421 1479 478; x_wconf 75' lang='lat' dir='ltr'><strong>cuswdire.</strong></span> <span class='ocrx_word' id='word_1_12' title='bbox 1510 433 1536 461; x_wconf 75' lang='grc' dir='ltr'>ει</span> <span class='ocrx_word' id='word_1_13' title='bbox 1583 420 1807 476; x_wconf 85' lang='lat' dir='ltr'><strong>Multum</strong></span> <span class='ocrx_word' id='word_1_14' title='bbox 1861 421 2007 491; x_wconf 83' lang='lat' dir='ltr'><strong>loqui</strong></span> <span class='ocrx_word' id='word_1_15' title='bbox 2036 430 2085 484; x_wconf 81' lang='grc' dir='ltr'>Α</span> <span class='ocrx_word' id='word_1_16' title='bbox 2111 435 2232 475; x_wconf 87' lang='lat' dir='ltr'><strong>esse</strong></span> <span class='ocrx_word' id='word_1_17' title='bbox 2258 417 2401 488; x_wconf 89' lang='lat' dir='ltr'><strong>quod</strong></span> <span class='ocrx_word' id='word_1_18' title='bbox 2430 418 2612 473; x_wconf 88' lang='lat' dir='ltr'><strong>verius</strong></span> <span class='ocrx_word' id='word_1_19' title='bbox 2660 417 2891 472; x_wconf 77' lang='lat' dir='ltr'><strong>dicatur.</strong></span> <span class='ocrx_word' id='word_1_20' title='bbox 2932 416 3209 487; x_wconf 66' lang='lat' dir='ltr'><strong>Praecepta</strong></span> <span class='ocrx_word' id='word_1_21' title='bbox 3240 417 3336 473; x_wconf 85' lang='lat' dir='ltr'><strong>Dei</strong></span> <span class='ocrx_word' id='word_1_22' title='bbox 3382 417 3543 473; x_wconf 80' lang='lat' dir='ltr'><strong>faelis</strong></span> <span class='ocrx_word' id='word_1_23' title='bbox 3569 433 3705 487; x_wconf 56' lang='lat' dir='ltr'><strong>quo:</strong></span> 
     </span>
    </p>
   </div>
   <div class='ocr_carea' id='block_1_5' title="bbox 428 513 2006 582">
    <p class='ocr_par' dir='ltr' id='par_1_5' title="bbox 428 513 2006 582">
     <span class='ocr_line' id='line_1_5' title="bbox 428 513 2006 582; baseline -0.007 -5"><span class='ocrx_word' id='word_1_24' title='bbox 428 537 536 577; x_wconf 90' lang='lat' dir='ltr'><strong>non</strong></span> <span class='ocrx_word' id='word_1_25' title='bbox 564 518 827 574; x_wconf 76' lang='lat' dir='ltr'><strong>amare..b</strong></span> <span class='ocrx_word' id='word_1_26' title='bbox 857 516 1037 573; x_wconf 80' lang='lat' dir='ltr'><strong>Verba</strong></span> <span class='ocrx_word' id='word_1_27' title='bbox 1060 529 1218 580; x_wconf 86' lang='lat' dir='ltr'><strong>vana,</strong></span> <span class='ocrx_word' id='word_1_28' title='bbox 1258 521 1354 567; x_wconf 91' lang='lat' dir='ltr'><strong>aut</strong></span> <span class='ocrx_word' id='word_1_29' title='bbox 1380 513 1514 567; x_wconf 82' lang='lat' dir='ltr'><strong>risui</strong></span> <span class='ocrx_word' id='word_1_30' title='bbox 1541 522 1664 582; x_wconf 88' lang='lat' dir='ltr'><strong>apta</strong></span> <span class='ocrx_word' id='word_1_31' title='bbox 1694 527 1802 567; x_wconf 90' lang='lat' dir='ltr'><strong>non</strong></span> <span class='ocrx_word' id='word_1_32' title='bbox 1841 513 2006 582; x_wconf 88' lang='lat' dir='ltr'><strong>loqui.</strong></span> 
     </span>
    </p>
   </div>
   <div class='ocr_carea' id='block_1_6' title="bbox 431 601 2013 664">
    <p class='ocr_par' dir='ltr' id='par_1_6' title="bbox 431 601 2013 664">
     <span class='ocr_line' id='line_1_6' title="bbox 431 601 2013 664; baseline -0.004 -1"><span class='ocrx_word' id='word_1_33' title='bbox 431 622 455 650; x_wconf 74' lang='grc' dir='ltr'><strong>ο</strong></span> <span class='ocrx_word' id='word_1_34' title='bbox 486 609 678 664; x_wconf 81' lang='lat' dir='ltr'><strong>Risum</strong></span> <span class='ocrx_word' id='word_1_35' title='bbox 698 607 924 661; x_wconf 88' lang='lat' dir='ltr'><strong>multum</strong></span> <span class='ocrx_word' id='word_1_36' title='bbox 954 612 1049 659; x_wconf 90' lang='lat' dir='ltr'><strong>aut</strong></span> <span class='ocrx_word' id='word_1_37' title='bbox 1069 618 1357 659; x_wconf 77' lang='lat' dir='ltr'><strong>excussum</strong></span> <span class='ocrx_word' id='word_1_38' title='bbox 1381 618 1489 658; x_wconf 89' lang='lat' dir='ltr'><strong>non</strong></span> <span class='ocrx_word' id='word_1_39' title='bbox 1515 618 1718 657; x_wconf 89' lang='lat' dir='ltr'><strong>amare.</strong></span> <span class='ocrx_word' id='word_1_40' title='bbox 1744 601 1770 641; x_wconf 84' lang='lat' dir='ltr'><strong>d</strong></span> <span class='ocrx_word' id='word_1_41' title='bbox 1802 603 2013 657; x_wconf 88' lang='lat' dir='ltr'><strong>Lectio-</strong></span> 
     </span>
    </p>
   </div>
   <div class='ocr_carea' id='block_1_7' title="bbox 427 693 2014 763">
    <p class='ocr_par' dir='ltr' id='par_1_7' title="bbox 427 693 2014 763">
     <span class='ocr_line' id='line_1_7' title="bbox 427 693 2014 763; baseline -0.005 -8"><span class='ocrx_word' id='word_1_42' title='bbox 427 715 526 756; x_wconf 91' lang='lat' dir='ltr'><strong>nes</strong></span> <span class='ocrx_word' id='word_1_43' title='bbox 555 706 770 753; x_wconf 87' lang='lat' dir='ltr'><strong>sanctas</strong></span> <span class='ocrx_word' id='word_1_44' title='bbox 795 697 1026 751; x_wconf 81' lang='lat' dir='ltr'><strong>libenter</strong></span> <span class='ocrx_word' id='word_1_45' title='bbox 1047 695 1254 750; x_wconf 88' lang='lat' dir='ltr'><strong>audire.</strong></span> <span class='ocrx_word' id='word_1_46' title='bbox 1287 705 1310 732; x_wconf 73' lang='grc' dir='ltr'>ε</span> <span class='ocrx_word' id='word_1_47' title='bbox 1328 693 1570 749; x_wconf 76' lang='lat' dir='ltr'><strong>Orationi</strong></span> <span class='ocrx_word' id='word_1_48' title='bbox 1593 693 1903 763; x_wconf 82' lang='lat' dir='ltr'><strong>frequenter</strong></span> <span class='ocrx_word' id='word_1_49' title='bbox 1934 694 2014 747; x_wconf 90' lang='lat' dir='ltr'><strong>in-</strong></span> 
     </span>
    </p>
   </div>
   <div class='ocr_carea' id='block_1_8' title="bbox 430 783 2014 854">
    <p class='ocr_par' dir='ltr' id='par_1_8' title="bbox 430 783 2014 854">
     <span class='ocr_line' id='line_1_8' title="bbox 430 783 2014 854; baseline -0.006 -9"><span class='ocrx_word' id='word_1_50' title='bbox 430 790 704 845; x_wconf 87' lang='lat' dir='ltr'><strong>cumbere.</strong></span> <span class='ocrx_word' id='word_1_51' title='bbox 754 786 774 825; x_wconf 68' lang='grc' dir='ltr'><strong>ί</strong></span> <span class='ocrx_word' id='word_1_52' title='bbox 808 784 946 841; x_wconf 88' lang='lat' dir='ltr'><strong>Mala</strong></span> <span class='ocrx_word' id='word_1_53' title='bbox 991 800 1089 839; x_wconf 89' lang='lat' dir='ltr'><strong>sua</strong></span> <span class='ocrx_word' id='word_1_54' title='bbox 1135 784 1409 853; x_wconf 59' lang='lat' dir='ltr'><strong>praeterita</strong></span> <span class='ocrx_word' id='word_1_55' title='bbox 1454 799 1578 838; x_wconf 91' lang='lat' dir='ltr'><strong>cum</strong></span> <span class='ocrx_word' id='word_1_56' title='bbox 1630 783 1883 854; x_wconf 77' lang='lat' dir='ltr'><strong>lacrymis</strong></span> <span class='ocrx_word' id='word_1_57' title='bbox 1930 784 2014 837; x_wconf 91' lang='lat' dir='ltr'><strong>vel</strong></span> 
     </span>
    </p>
   </div>
   <div class='ocr_carea' id='block_1_9' title="bbox 429 874 2014 952">
    <p class='ocr_par' dir='ltr' id='par_1_9' title="bbox 429 874 2014 952">
     <span class='ocr_line' id='line_1_9' title="bbox 429 874 2014 952; baseline -0.004 -16"><span class='ocrx_word' id='word_1_58' title='bbox 429 882 630 952; x_wconf 78' lang='lat' dir='ltr'><strong>gemitu</strong></span> <span class='ocrx_word' id='word_1_59' title='bbox 657 878 903 950; x_wconf 90' lang='lat' dir='ltr'><strong>quotidie</strong></span> <span class='ocrx_word' id='word_1_60' title='bbox 941 878 997 931; x_wconf 91' lang='lat' dir='ltr'><strong>in</strong></span> <span class='ocrx_word' id='word_1_61' title='bbox 1025 877 1274 931; x_wconf 88' lang='lat' dir='ltr'><strong>oratione</strong></span> <span class='ocrx_word' id='word_1_62' title='bbox 1299 875 1411 930; x_wconf 91' lang='lat' dir='ltr'><strong>Deo</strong></span> <span class='ocrx_word' id='word_1_63' title='bbox 1436 875 1682 929; x_wconf 84' lang='lat' dir='ltr'><strong>conﬁteri</strong></span> <span class='ocrx_word' id='word_1_64' title='bbox 1726 890 1740 927; x_wconf 78' lang='grc' dir='ltr'><em>τ</em></span> <span class='ocrx_word' id='word_1_65' title='bbox 1780 875 1847 929; x_wconf 90' lang='lat' dir='ltr'><strong>de</strong></span> <span class='ocrx_word' id='word_1_66' title='bbox 1884 874 2014 943; x_wconf 88' lang='lat' dir='ltr'><strong>ipsis</strong></span> 
     </span>
    </p>
   </div>
   <div class='ocr_carea' id='block_1_10' title="bbox 431 964 2014 1025">
    <p class='ocr_par' dir='ltr' id='par_1_10' title="bbox 431 964 2014 1025">
     <span class='ocr_line' id='line_1_10' title="bbox 431 964 2014 1025; baseline -0.003 0"><span class='ocrx_word' id='word_1_67' title='bbox 431 971 588 1025; x_wconf 85' lang='lat' dir='ltr'><strong>malis</strong></span> <span class='ocrx_word' id='word_1_68' title='bbox 636 969 705 1025; x_wconf 90' lang='lat' dir='ltr'><strong>de</strong></span> <span class='ocrx_word' id='word_1_69' title='bbox 753 976 952 1023; x_wconf 63' lang='lat' dir='ltr'><strong>czetero</strong></span> <span class='ocrx_word' id='word_1_70' title='bbox 1001 966 1311 1021; x_wconf 88' lang='lat' dir='ltr'><strong>emendare.</strong></span> <span class='ocrx_word' id='word_1_71' title='bbox 1362 964 1640 1019; x_wconf 86' lang='lat' dir='ltr'><strong>Desideria</strong></span> <span class='ocrx_word' id='word_1_72' title='bbox 1689 965 1873 1019; x_wconf 90' lang='lat' dir='ltr'><strong>carnis</strong></span> <span class='ocrx_word' id='word_1_73' title='bbox 1908 979 2014 1020; x_wconf 91' lang='lat' dir='ltr'><strong>non</strong></span> 
     </span>
    </p>
   </div>
   <div class='ocr_carea' id='block_1_11' title="bbox 428 1054 2016 1131">
    <p class='ocr_par' dir='ltr' id='par_1_11' title="bbox 428 1054 2016 1131">
     <span class='ocr_line' id='line_1_11' title="bbox 428 1054 2016 1131; baseline -0.005 -16"><span class='ocrx_word' id='word_1_74' title='bbox 428 1060 712 1131; x_wconf 84' lang='lat' dir='ltr'><strong>perlicere.</strong></span> <span class='ocrx_word' id='word_1_75' title='bbox 748 1060 772 1098; x_wconf 79' lang='grc' dir='ltr'>ε</span> <span class='ocrx_word' id='word_1_76' title='bbox 798 1057 1079 1127; x_wconf 83' lang='lat' dir='ltr'><strong>Propriam</strong></span> <span class='ocrx_word' id='word_1_77' title='bbox 1110 1055 1443 1111; x_wconf 87' lang='lat' dir='ltr'><strong>voluntatem</strong></span> <span class='ocrx_word' id='word_1_78' title='bbox 1474 1055 1644 1109; x_wconf 91' lang='lat' dir='ltr'><strong>odire.</strong></span> <span class='ocrx_word' id='word_1_79' title='bbox 1671 1055 1697 1094; x_wconf 80' lang='lat' dir='ltr'><strong>h</strong></span> <span class='ocrx_word' id='word_1_80' title='bbox 1725 1054 2016 1123; x_wconf 75' lang='lat' dir='ltr'><strong>Pncceptis</strong></span> 
     </span>
    </p>
   </div>
   <div class='ocr_carea' id='block_1_12' title="bbox 432 1141 2017 1212">
    <p class='ocr_par' dir='ltr' id='par_1_12' title="bbox 432 1141 2017 1212">
     <span class='ocr_line' id='line_1_12' title="bbox 432 1141 2017 1212; baseline -0.005 -8"><span class='ocrx_word' id='word_1_81' title='bbox 432 1149 644 1204; x_wconf 81' lang='lat' dir='ltr'><strong>abbatis</strong></span> <span class='ocrx_word' id='word_1_82' title='bbox 672 1147 725 1200; x_wconf 92' lang='lat' dir='ltr'><strong>in</strong></span> <span class='ocrx_word' id='word_1_83' title='bbox 752 1147 1003 1200; x_wconf 90' lang='lat' dir='ltr'><strong>omnibus</strong></span> <span class='ocrx_word' id='word_1_84' title='bbox 1024 1143 1263 1206; x_wconf 87' lang='lat' dir='ltr'><strong>obedire,</strong></span> <span class='ocrx_word' id='word_1_85' title='bbox 1286 1143 1501 1198; x_wconf 90' lang='lat' dir='ltr'><strong>etiamsi</strong></span> <span class='ocrx_word' id='word_1_86' title='bbox 1531 1144 1645 1212; x_wconf 90' lang='lat' dir='ltr'><strong>ipse</strong></span> <span class='ocrx_word' id='word_1_87' title='bbox 1667 1143 1843 1209; x_wconf 86' lang='lat' dir='ltr'><strong>aliter,</strong></span> <span class='ocrx_word' id='word_1_88' title='bbox 1870 1141 2017 1212; x_wconf 90' lang='lat' dir='ltr'><strong>quod</strong></span> 
     </span>
    </p>
   </div>
   <div class='ocr_carea' id='block_1_13' title="bbox 432 1234 2011 1311">
    <p class='ocr_par' dir='ltr' id='par_1_13' title="bbox 432 1234 2011 1311">
     <span class='ocr_line' id='line_1_13' title="bbox 432 1234 2011 1311; baseline -0.005 -16"><span class='ocrx_word' id='word_1_89' title='bbox 432 1242 614 1304; x_wconf 88' lang='lat' dir='ltr'><strong>absit,</strong></span> <span class='ocrx_word' id='word_1_90' title='bbox 667 1247 793 1311; x_wconf 80' lang='lat' dir='ltr'><strong>agat</strong></span> <span class='ocrx_word' id='word_1_91' title='bbox 829 1240 847 1279; x_wconf 74' lang='grc' dir='ltr'><strong>ί</strong></span> <span class='ocrx_word' id='word_1_92' title='bbox 882 1251 1151 1292; x_wconf 86' lang='lat' dir='ltr'><strong>memores</strong></span> <span class='ocrx_word' id='word_1_93' title='bbox 1201 1234 1345 1290; x_wconf 87' lang='lat' dir='ltr'><strong>illius</strong></span> <span class='ocrx_word' id='word_1_94' title='bbox 1390 1235 1656 1289; x_wconf 91' lang='lat' dir='ltr'><strong>Dominici</strong></span> <span class='ocrx_word' id='word_1_95' title='bbox 1711 1234 2011 1305; x_wconf 67' lang='lat' dir='ltr'><strong>praecepti:</strong></span> 
     </span>
    </p>
   </div>
   <div class='ocr_carea' id='block_1_14' title="bbox 436 1325 2017 1397">
    <p class='ocr_par' dir='ltr' id='par_1_14' title="bbox 436 1325 2017 1397">
     <span class='ocr_line' id='line_1_14' title="bbox 436 1325 2017 1397; baseline -0.002 -14"><span class='ocrx_word' id='word_1_96' title='bbox 436 1331 569 1396; x_wconf 73' lang='lat' dir='ltr'><strong>Qua:</strong></span> <span class='ocrx_word' id='word_1_97' title='bbox 590 1330 771 1383; x_wconf 86' lang='lat' dir='ltr'><strong>dicunt</strong></span> <span class='ocrx_word' id='word_1_98' title='bbox 796 1327 954 1397; x_wconf 83' lang='lat' dir='ltr'><strong>facite</strong></span> <span class='ocrx_word' id='word_1_99' title='bbox 989 1340 1006 1377; x_wconf 89' lang='lat'><strong>:</strong></span> <span class='ocrx_word' id='word_1_100' title='bbox 1042 1343 1158 1396; x_wconf 72' lang='lat' dir='ltr'><strong>qua:</strong></span> <span class='ocrx_word' id='word_1_101' title='bbox 1191 1336 1365 1380; x_wconf 89' lang='lat' dir='ltr'><strong>autem</strong></span> <span class='ocrx_word' id='word_1_102' title='bbox 1400 1326 1625 1395; x_wconf 79' lang='lat' dir='ltr'><strong>faciunt,</strong></span> <span class='ocrx_word' id='word_1_103' title='bbox 1660 1325 1832 1395; x_wconf 80' lang='lat' dir='ltr'><strong>facere</strong></span> <span class='ocrx_word' id='word_1_104' title='bbox 1858 1325 2017 1380; x_wconf 83' lang='lat' dir='ltr'><strong>nolite</strong></span> 
     </span>
    </p>
   </div>
   <div class='ocr_carea' id='block_1_15' title="bbox 436 1420 862 1495">
    <p class='ocr_par' dir='ltr' id='par_1_15' title="bbox 436 1420 862 1495">
     <span class='ocr_line' id='line_1_15' title="bbox 436 1420 862 1495; baseline -0.009 -19"><span class='ocrx_word' id='word_1_105' title='bbox 436 1422 652 1495; x_wconf 80' lang='lat' dir='ltr'><strong>(Matth.</strong></span> <span class='ocrx_word' id='word_1_106' title='bbox 680 1420 862 1491; x_wconf 58' lang='grc' dir='ltr'>χχιιι).</span> 
     </span>
    </p>
   </div>
   <div class='ocr_carea' id='block_1_16' title="bbox 508 1510 2018 1580">
    <p class='ocr_par' dir='ltr' id='par_1_16' title="bbox 508 1510 2018 1580">
     <span class='ocr_line' id='line_1_16' title="bbox 508 1510 2018 1580; baseline -0.001 -13"><span class='ocrx_word' id='word_1_107' title='bbox 508 1513 625 1567; x_wconf 87' lang='lat' dir='ltr'><strong>Non</strong></span> <span class='ocrx_word' id='word_1_108' title='bbox 653 1513 789 1567; x_wconf 80' lang='lat' dir='ltr'><strong>velle</strong></span> <span class='ocrx_word' id='word_1_109' title='bbox 820 1511 925 1567; x_wconf 89' lang='lat' dir='ltr'><strong>dici</strong></span> <span class='ocrx_word' id='word_1_110' title='bbox 961 1518 1228 1575; x_wconf 87' lang='lat' dir='ltr'><strong>sanctum,</strong></span> <span class='ocrx_word' id='word_1_111' title='bbox 1255 1518 1542 1580; x_wconf 85' lang='lat' dir='ltr'><strong>antequam</strong></span> <span class='ocrx_word' id='word_1_112' title='bbox 1574 1512 1673 1566; x_wconf 86' lang='lat' dir='ltr'><strong>sit:</strong></span> <span class='ocrx_word' id='word_1_113' title='bbox 1701 1510 1714 1561; x_wconf 87' lang='lat' dir='ltr'><strong>i</strong></span> <span class='ocrx_word' id='word_1_114' title='bbox 1754 1511 1847 1565; x_wconf 90' lang='lat' dir='ltr'><strong>sed</strong></span> <span class='ocrx_word' id='word_1_115' title='bbox 1868 1511 2018 1580; x_wconf 88' lang='lat' dir='ltr'><strong>prius</strong></span> 
     </span>
    </p>
   </div>
   <div class='ocr_carea' id='block_1_17' title="bbox 505 1640 2017 1711">
    <p class='ocr_par' dir='ltr' id='par_1_17' title="bbox 505 1640 2017 1711">
     <span class='ocr_line' id='line_1_17' title="bbox 505 1640 2017 1711; baseline -0.001 -15"><span class='ocrx_word' id='word_1_116' title='bbox 505 1656 529 1683; x_wconf 69' lang='grc' dir='ltr'><strong>ε</strong></span> <span class='ocrx_word' id='word_1_117' title='bbox 565 1641 793 1696; x_wconf 81' lang='lat' dir='ltr'><strong>Multum</strong></span> <span class='ocrx_word' id='word_1_118' title='bbox 823 1640 965 1711; x_wconf 85' lang='lat' dir='ltr'><strong>loqui</strong></span> <span class='ocrx_word' id='word_1_119' title='bbox 988 1657 1089 1694; x_wconf 89' lang='lat' dir='ltr'><strong>non</strong></span> <span class='ocrx_word' id='word_1_120' title='bbox 1111 1657 1307 1711; x_wconf 86' lang='lat' dir='ltr'><strong>amare.</strong></span> <span class='ocrx_word' id='word_1_121' title='bbox 1342 1658 1360 1690; x_wconf 86' lang='grc'><strong>‹</strong></span> <span class='ocrx_word' id='word_1_122' title='bbox 1396 1641 1786 1711; x_wconf 88' lang='lat' dir='ltr'><strong>Multiloquium</strong></span> <span class='ocrx_word' id='word_1_123' title='bbox 1802 1640 2017 1709; x_wconf 84' lang='lat' dir='ltr'><strong>jactura</strong></span> 
     </span>
    </p>
   </div>
   <div class='ocr_carea' id='block_1_18' title="bbox 432 1710 2012 1781">
    <p class='ocr_par' dir='ltr' id='par_1_18' title="bbox 432 1710 2012 1781">
     <span class='ocr_line' id='line_1_18' title="bbox 432 1710 2012 1781; baseline -0.002 -14"><span class='ocrx_word' id='word_1_124' title='bbox 432 1722 517 1767; x_wconf 87' lang='lat' dir='ltr'><strong>est</strong></span> <span class='ocrx_word' id='word_1_125' title='bbox 551 1710 895 1775; x_wconf 69' lang='lat' dir='ltr'><strong>monacho,.i</strong></span> <span class='ocrx_word' id='word_1_126' title='bbox 944 1710 1200 1781; x_wconf 85' lang='lat' dir='ltr'><strong>inquit_S.</strong></span> <span class='ocrx_word' id='word_1_127' title='bbox 1248 1711 1496 1779; x_wconf 70' lang='lat' dir='ltr'><strong>Ephrmu</strong></span> <span class='ocrx_word' id='word_1_128' title='bbox 1546 1710 1920 1781; x_wconf 55' lang='lat' dir='ltr'><strong>paisenesiiﬁ.</strong></span> <span class='ocrx_word' id='word_1_129' title='bbox 1957 1712 2012 1764; x_wconf 91' lang='lat' dir='ltr'><strong>ln</strong></span> 
     </span>
    </p>
   </div>
   <div class='ocr_carea' id='block_1_19' title="bbox 2114 506 3703 578">
    <p class='ocr_par' dir='ltr' id='par_1_19' title="bbox 2114 506 3703 578">
     <span class='ocr_line' id='line_1_19' title="bbox 2114 506 3703 578; baseline -0.002 -12"><span class='ocrx_word' id='word_1_130' title='bbox 2114 511 2244 566; x_wconf 88' lang='lat' dir='ltr'><strong>tidie</strong></span> <span class='ocrx_word' id='word_1_131' title='bbox 2305 508 2622 578; x_wconf 76' lang='lat' dir='ltr'><strong>adimplee.</strong></span> <span class='ocrx_word' id='word_1_132' title='bbox 2679 509 2706 548; x_wconf 76' lang='grc' dir='ltr'>ιί</span> <span class='ocrx_word' id='word_1_133' title='bbox 2759 507 3078 562; x_wconf 86' lang='lat' dir='ltr'><strong>Castitatem</strong></span> <span class='ocrx_word' id='word_1_134' title='bbox 3129 523 3334 563; x_wconf 88' lang='lat' dir='ltr'><strong>amare.</strong></span> <span class='ocrx_word' id='word_1_135' title='bbox 3400 506 3421 547; x_wconf 69' lang='grc' dir='ltr'><strong>λ</strong></span> <span class='ocrx_word' id='word_1_136' title='bbox 3484 507 3703 563; x_wconf 83' lang='lat' dir='ltr'><strong>Nullum</strong></span> 
     </span>
    </p>
   </div>
   <div class='ocr_carea' id='block_1_20' title="bbox 2111 598 3700 654">
    <p class='ocr_par' dir='ltr' id='par_1_20' title="bbox 2111 598 3700 654">
     <span class='ocr_line' id='line_1_20' title="bbox 2111 598 3700 654; baseline 0.001 -1"><span class='ocrx_word' id='word_1_137' title='bbox 2111 599 2284 654; x_wconf 90' lang='lat' dir='ltr'><strong>odire.</strong></span> <span class='ocrx_word' id='word_1_138' title='bbox 2314 599 2566 653; x_wconf 69' lang='lat' dir='ltr'><strong>m‘Zelum</strong></span> <span class='ocrx_word' id='word_1_139' title='bbox 2596 614 2702 652; x_wconf 91' lang='lat' dir='ltr'><strong>non</strong></span> <span class='ocrx_word' id='word_1_140' title='bbox 2741 598 2959 652; x_wconf 89' lang='lat' dir='ltr'><strong>habere.</strong></span> <span class='ocrx_word' id='word_1_141' title='bbox 2992 598 3252 652; x_wconf 85' lang='lat' dir='ltr'><strong>Invidiam</strong></span> <span class='ocrx_word' id='word_1_142' title='bbox 3282 615 3389 653; x_wconf 90' lang='lat' dir='ltr'><strong>non</strong></span> <span class='ocrx_word' id='word_1_143' title='bbox 3417 613 3700 654; x_wconf 73' lang='lat' dir='ltr'><strong>exercere.</strong></span> 
     </span>
    </p>
   </div>
   <div class='ocr_carea' id='block_1_21' title="bbox 2112 687 3707 758">
    <p class='ocr_par' dir='ltr' id='par_1_21' title="bbox 2112 687 3707 758">
     <span class='ocr_line' id='line_1_21' title="bbox 2112 687 3707 758; baseline 0.001 -15"><span class='ocrx_word' id='word_1_144' title='bbox 2112 688 2520 744; x_wconf 83' lang='lat' dir='ltr'><strong>Contentiouem</strong></span> <span class='ocrx_word' id='word_1_145' title='bbox 2550 704 2653 742; x_wconf 89' lang='lat' dir='ltr'><strong>non</strong></span> <span class='ocrx_word' id='word_1_146' title='bbox 2676 703 2878 742; x_wconf 86' lang='lat' dir='ltr'><strong>amare.</strong></span> <span class='ocrx_word' id='word_1_147' title='bbox 2907 687 3208 742; x_wconf 84' lang='lat' dir='ltr'><strong>Elationem</strong></span> <span class='ocrx_word' id='word_1_148' title='bbox 3254 689 3460 758; x_wconf 78' lang='lat' dir='ltr'><strong>fugere.</strong></span> <span class='ocrx_word' id='word_1_149' title='bbox 3513 689 3707 746; x_wconf 86' lang='lat' dir='ltr'><strong>Senio-</strong></span> 
     </span>
    </p>
   </div>
   <div class='ocr_carea' id='block_1_22' title="bbox 2113 777 3709 850">
    <p class='ocr_par' dir='ltr' id='par_1_22' title="bbox 2113 777 3709 850">
     <span class='ocr_line' id='line_1_22' title="bbox 2113 777 3709 850; baseline 0.003 -18"><span class='ocrx_word' id='word_1_150' title='bbox 2113 795 2200 835; x_wconf 92' lang='lat' dir='ltr'><strong>res</strong></span> <span class='ocrx_word' id='word_1_151' title='bbox 2231 780 2495 833; x_wconf 83' lang='lat' dir='ltr'><strong>venerari.</strong></span> <span class='ocrx_word' id='word_1_152' title='bbox 2540 777 2790 833; x_wconf 86' lang='lat' dir='ltr'><strong>Juuiores</strong></span> <span class='ocrx_word' id='word_1_153' title='bbox 2815 779 3057 850; x_wconf 80' lang='lat' dir='ltr'><strong>diligere.</strong></span> <span class='ocrx_word' id='word_1_154' title='bbox 3107 789 3135 816; x_wconf 79' lang='grc' dir='ltr'><strong>ιι</strong></span> <span class='ocrx_word' id='word_1_155' title='bbox 3167 779 3224 833; x_wconf 84' lang='grc' dir='ltr'><strong>1η</strong></span> <span class='ocrx_word' id='word_1_156' title='bbox 3266 778 3469 835; x_wconf 88' lang='lat' dir='ltr'><strong>Christi</strong></span> <span class='ocrx_word' id='word_1_157' title='bbox 3517 796 3709 837; x_wconf 88' lang='lat' dir='ltr'><strong>amore</strong></span> 
     </span>
    </p>
   </div>
   <div class='ocr_carea' id='block_1_23' title="bbox 2111 871 3709 941">
    <p class='ocr_par' dir='ltr' id='par_1_23' title="bbox 2111 871 3709 941">
     <span class='ocr_line' id='line_1_23' title="bbox 2111 871 3709 941; baseline 0.003 -16"><span class='ocrx_word' id='word_1_158' title='bbox 2111 887 2212 941; x_wconf 90' lang='lat' dir='ltr'><strong>pro</strong></span> <span class='ocrx_word' id='word_1_159' title='bbox 2258 872 2492 927; x_wconf 89' lang='lat' dir='ltr'><strong>inimicis</strong></span> <span class='ocrx_word' id='word_1_160' title='bbox 2528 880 2552 906; x_wconf 83' lang='grc' dir='ltr'><strong>ο</strong></span> <span class='ocrx_word' id='word_1_161' title='bbox 2601 886 2779 926; x_wconf 88' lang='lat' dir='ltr'><strong>orare.</strong></span> <span class='ocrx_word' id='word_1_162' title='bbox 2821 882 2848 921; x_wconf 73' lang='grc' dir='ltr'><strong>ιι</strong></span> <span class='ocrx_word' id='word_1_163' title='bbox 2899 871 3034 926; x_wconf 91' lang='lat' dir='ltr'><strong>Cum</strong></span> <span class='ocrx_word' id='word_1_164' title='bbox 3078 873 3524 929; x_wconf 87' lang='lat' dir='ltr'><strong>discordantibus</strong></span> <span class='ocrx_word' id='word_1_165' title='bbox 3579 883 3709 929; x_wconf 89' lang='lat' dir='ltr'><strong>ante</strong></span> 
     </span>
    </p>
   </div>
   <div class='ocr_carea' id='block_1_24' title="bbox 2115 962 3709 1032">
    <p class='ocr_par' dir='ltr' id='par_1_24' title="bbox 2115 962 3709 1032">
     <span class='ocr_line' id='line_1_24' title="bbox 2115 962 3709 1032; baseline 0.002 -16"><span class='ocrx_word' id='word_1_166' title='bbox 2115 962 2246 1017; x_wconf 89' lang='lat' dir='ltr'><strong>solis</strong></span> <span class='ocrx_word' id='word_1_167' title='bbox 2284 978 2539 1016; x_wconf 79' lang='lat' dir='ltr'><strong>occasum</strong></span> <span class='ocrx_word' id='word_1_168' title='bbox 2575 963 2628 1016; x_wconf 90' lang='lat' dir='ltr'><strong>in</strong></span> <span class='ocrx_word' id='word_1_169' title='bbox 2660 977 2847 1032; x_wconf 85' lang='lat' dir='ltr'><strong>pacem</strong></span> <span class='ocrx_word' id='word_1_170' title='bbox 2887 964 3085 1019; x_wconf 84' lang='lat' dir='ltr'><strong>redire.</strong></span> <span class='ocrx_word' id='word_1_171' title='bbox 3126 976 3155 1014; x_wconf 76' lang='grc' dir='ltr'>ει</span> <span class='ocrx_word' id='word_1_172' title='bbox 3184 966 3253 1019; x_wconf 86' lang='grc' dir='ltr'>Ει</span> <span class='ocrx_word' id='word_1_173' title='bbox 3276 966 3341 1019; x_wconf 84' lang='lat' dir='ltr'><strong>de</strong></span> <span class='ocrx_word' id='word_1_174' title='bbox 3366 967 3462 1020; x_wconf 80' lang='lat' dir='ltr'><strong>Dei</strong></span> <span class='ocrx_word' id='word_1_175' title='bbox 3495 967 3709 1021; x_wconf 87' lang='lat' dir='ltr'><strong>miscri-</strong></span> 
     </span>
    </p>
   </div>
   <div class='ocr_carea' id='block_1_25' title="bbox 2113 1052 3709 1121">
    <p class='ocr_par' dir='ltr' id='par_1_25' title="bbox 2113 1052 3709 1121">
     <span class='ocr_line' id='line_1_25' title="bbox 2113 1052 3709 1121; baseline 0.002 -14"><span class='ocrx_word' id='word_1_176' title='bbox 2113 1052 2299 1107; x_wconf 87' lang='lat' dir='ltr'><strong>cordia</strong></span> <span class='ocrx_word' id='word_1_177' title='bbox 2330 1068 2602 1121; x_wconf 89' lang='lat' dir='ltr'><strong>nunquam</strong></span> <span class='ocrx_word' id='word_1_178' title='bbox 2640 1053 2950 1121; x_wconf 86' lang='lat' dir='ltr'><strong>desperare.</strong></span> <span class='ocrx_word' id='word_1_179' title='bbox 3001 1053 3142 1108; x_wconf 81' lang='lat' dir='ltr'><strong>Ecce</strong></span> <span class='ocrx_word' id='word_1_180' title='bbox 3188 1055 3305 1109; x_wconf 75' lang='lat' dir='ltr'><strong>haec</strong></span> <span class='ocrx_word' id='word_1_181' title='bbox 3334 1063 3461 1109; x_wconf 88' lang='lat' dir='ltr'><strong>sunt</strong></span> <span class='ocrx_word' id='word_1_182' title='bbox 3505 1057 3709 1110; x_wconf 77' lang='lat' dir='ltr'><strong>instru-</strong></span> 
     </span>
    </p>
   </div>
   <div class='ocr_carea' id='block_1_26' title="bbox 2116 1143 3709 1213">
    <p class='ocr_par' dir='ltr' id='par_1_26' title="bbox 2116 1143 3709 1213">
     <span class='ocr_line' id='line_1_26' title="bbox 2116 1143 3709 1213; baseline 0.003 -17"><span class='ocrx_word' id='word_1_183' title='bbox 2116 1154 2296 1199; x_wconf 88' lang='lat' dir='ltr'><strong>menta</strong></span> <span class='ocrx_word' id='word_1_184' title='bbox 2325 1144 2460 1197; x_wconf 89' lang='lat' dir='ltr'><strong>artis</strong></span> <span class='ocrx_word' id='word_1_185' title='bbox 2485 1143 2765 1211; x_wconf 87' lang='lat' dir='ltr'><strong>spiritalis,</strong></span> <span class='ocrx_word' id='word_1_186' title='bbox 2794 1160 2912 1213; x_wconf 73' lang='lat' dir='ltr'><strong>qua:</strong></span> <span class='ocrx_word' id='word_1_187' title='bbox 2948 1159 3071 1198; x_wconf 89' lang='lat' dir='ltr'><strong>cum</strong></span> <span class='ocrx_word' id='word_1_188' title='bbox 3117 1143 3320 1199; x_wconf 79' lang='lat' dir='ltr'><strong>fuerint</strong></span> <span class='ocrx_word' id='word_1_189' title='bbox 3359 1160 3389 1199; x_wconf 89' lang='lat' dir='ltr'><strong>a</strong></span> <span class='ocrx_word' id='word_1_190' title='bbox 3435 1148 3597 1200; x_wconf 86' lang='lat' dir='ltr'><strong>nobis</strong></span> <span class='ocrx_word' id='word_1_191' title='bbox 3625 1149 3709 1202; x_wconf 86' lang='lat' dir='ltr'><strong>die</strong></span> 
     </span>
    </p>
   </div>
   <div class='ocr_carea' id='block_1_27' title="bbox 2115 1229 3706 1303">
    <p class='ocr_par' dir='ltr' id='par_1_27' title="bbox 2115 1229 3706 1303">
     <span class='ocr_line' id='line_1_27' title="bbox 2115 1229 3706 1303; baseline 0.003 -16"><span class='ocrx_word' id='word_1_192' title='bbox 2115 1241 2387 1301; x_wconf 89' lang='lat' dir='ltr'><strong>noctuque</strong></span> <span class='ocrx_word' id='word_1_193' title='bbox 2415 1229 2811 1287; x_wconf 85' lang='lat' dir='ltr'><strong>incessabiliter</strong></span> <span class='ocrx_word' id='word_1_194' title='bbox 2837 1233 3145 1302; x_wconf 88' lang='lat' dir='ltr'><strong>adimpleta,</strong></span> <span class='ocrx_word' id='word_1_195' title='bbox 3195 1242 3247 1289; x_wconf 90' lang='lat' dir='ltr'><strong>et</strong></span> <span class='ocrx_word' id='word_1_196' title='bbox 3294 1234 3349 1288; x_wconf 93' lang='lat' dir='ltr'><strong>in</strong></span> <span class='ocrx_word' id='word_1_197' title='bbox 3388 1236 3475 1289; x_wconf 87' lang='lat' dir='ltr'><strong>die</strong></span> <span class='ocrx_word' id='word_1_198' title='bbox 3516 1234 3706 1303; x_wconf 83' lang='lat' dir='ltr'><strong>judicii</strong></span> 
     </span>
    </p>
   </div>
   <div class='ocr_carea' id='block_1_28' title="bbox 2117 1322 3707 1396">
    <p class='ocr_par' dir='ltr' id='par_1_28' title="bbox 2117 1322 3707 1396">
     <span class='ocr_line' id='line_1_28' title="bbox 2117 1322 3707 1396; baseline 0.002 -18"><span class='ocrx_word' id='word_1_199' title='bbox 2117 1323 2513 1394; x_wconf 86' lang='lat' dir='ltr'><strong>reconsignata,</strong></span> <span class='ocrx_word' id='word_1_200' title='bbox 2553 1322 2642 1377; x_wconf 89' lang='lat' dir='ltr'><strong>illa</strong></span> <span class='ocrx_word' id='word_1_201' title='bbox 2668 1338 2876 1378; x_wconf 89' lang='lat' dir='ltr'><strong>merces</strong></span> <span class='ocrx_word' id='word_1_202' title='bbox 2895 1323 3050 1378; x_wconf 89' lang='lat' dir='ltr'><strong>nobis</strong></span> <span class='ocrx_word' id='word_1_203' title='bbox 3075 1341 3103 1376; x_wconf 89' lang='lat' dir='ltr'><strong>a</strong></span> <span class='ocrx_word' id='word_1_204' title='bbox 3133 1323 3362 1379; x_wconf 90' lang='lat' dir='ltr'><strong>Domino</strong></span> <span class='ocrx_word' id='word_1_205' title='bbox 3386 1342 3707 1396; x_wconf 84' lang='lat' dir='ltr'><strong>recompen-</strong></span> 
     </span>
    </p>
   </div>
   <div class='ocr_carea' id='block_1_29' title="bbox 2117 1414 3702 1484">
    <p class='ocr_par' dir='ltr' id='par_1_29' title="bbox 2117 1414 3702 1484">
     <span class='ocr_line' id='line_1_29' title="bbox 2117 1414 3702 1484; baseline 0.001 -15"><span class='ocrx_word' id='word_1_206' title='bbox 2117 1414 2345 1479; x_wconf 87' lang='lat' dir='ltr'><strong>sabitur,</strong></span> <span class='ocrx_word' id='word_1_207' title='bbox 2378 1429 2537 1482; x_wconf 89' lang='lat' dir='ltr'><strong>quam</strong></span> <span class='ocrx_word' id='word_1_208' title='bbox 2569 1414 2683 1482; x_wconf 84' lang='lat' dir='ltr'><strong>ipse</strong></span> <span class='ocrx_word' id='word_1_209' title='bbox 2706 1414 2972 1484; x_wconf 86' lang='lat' dir='ltr'><strong>promisit,</strong></span> <span class='ocrx_word' id='word_1_210' title='bbox 3013 1416 3154 1484; x_wconf 88' lang='lat' dir='ltr'><strong>quod</strong></span> <span class='ocrx_word' id='word_1_211' title='bbox 3184 1416 3373 1469; x_wconf 84' lang='lat' dir='ltr'><strong>oculus</strong></span> <span class='ocrx_word' id='word_1_212' title='bbox 3398 1433 3507 1471; x_wconf 90' lang='lat' dir='ltr'><strong>non</strong></span> <span class='ocrx_word' id='word_1_213' title='bbox 3546 1419 3702 1478; x_wconf 74' lang='lat' dir='ltr'><strong>vidit.</strong></span> 
     </span>
    </p>
   </div>
   <div class='ocr_carea' id='block_1_30' title="bbox 2118 1504 3708 1577">
    <p class='ocr_par' dir='ltr' id='par_1_30' title="bbox 2118 1504 3708 1577">
     <span class='ocr_line' id='line_1_30' title="bbox 2118 1504 3708 1577; baseline 0.003 -19"><span class='ocrx_word' id='word_1_214' title='bbox 2118 1521 2220 1561; x_wconf 88' lang='lat' dir='ltr'><strong>nec</strong></span> <span class='ocrx_word' id='word_1_215' title='bbox 2244 1506 2392 1559; x_wconf 85' lang='lat' dir='ltr'><strong>auris</strong></span> <span class='ocrx_word' id='word_1_216' title='bbox 2417 1504 2643 1569; x_wconf 81' lang='lat' dir='ltr'><strong>audivit,</strong></span> <span class='ocrx_word' id='word_1_217' title='bbox 2671 1520 2792 1574; x_wconf 79' lang='lat' dir='ltr'><strong>qua:</strong></span> <span class='ocrx_word' id='word_1_218' title='bbox 2814 1506 3140 1575; x_wconf 71' lang='lat' dir='ltr'><strong>pncparavit</strong></span> <span class='ocrx_word' id='word_1_219' title='bbox 3180 1505 3323 1560; x_wconf 90' lang='lat' dir='ltr'><strong>Deus</strong></span> <span class='ocrx_word' id='word_1_220' title='bbox 3349 1507 3433 1561; x_wconf 88' lang='lat' dir='ltr'><strong>his</strong></span> <span class='ocrx_word' id='word_1_221' title='bbox 3463 1509 3557 1577; x_wconf 91' lang='lat' dir='ltr'><strong>qui</strong></span> <span class='ocrx_word' id='word_1_222' title='bbox 3587 1508 3708 1562; x_wconf 74' lang='lat' dir='ltr'><strong>dili-</strong></span> 
     </span>
    </p>
   </div>
   <div class='ocr_carea' id='block_1_31' title="bbox 2117 1635 3712 1704">
    <p class='ocr_par' dir='ltr' id='par_1_31' title="bbox 2117 1635 3712 1704">
     <span class='ocr_line' id='line_1_31' title="bbox 2117 1635 3712 1704; baseline 0.002 -13"><span class='ocrx_word' id='word_1_223' title='bbox 2117 1644 2266 1691; x_wconf 89' lang='lat' dir='ltr'><strong>recte</strong></span> <span class='ocrx_word' id='word_1_224' title='bbox 2286 1636 2438 1701; x_wconf 86' lang='lat' dir='ltr'><strong>satis,</strong></span> <span class='ocrx_word' id='word_1_225' title='bbox 2468 1644 2666 1704; x_wconf 88' lang='lat' dir='ltr'><strong>utcap.</strong></span> <span class='ocrx_word' id='word_1_226' title='bbox 2697 1635 2786 1701; x_wconf 79' lang='lat'><strong>5|,</strong></span> <span class='ocrx_word' id='word_1_227' title='bbox 2814 1635 2879 1690; x_wconf 92' lang='lat' dir='ltr'><strong>de</strong></span> <span class='ocrx_word' id='word_1_228' title='bbox 2907 1635 3226 1701; x_wconf 84' lang='lat' dir='ltr'><strong>Cellerario,</strong></span> <span class='ocrx_word' id='word_1_229' title='bbox 3263 1639 3315 1692; x_wconf 92' lang='lat' dir='ltr'><strong>in</strong></span> <span class='ocrx_word' id='word_1_230' title='bbox 3345 1656 3446 1693; x_wconf 67' lang='grc' dir='ltr'>ηις.</span> <span class='ocrx_word' id='word_1_231' title='bbox 3477 1639 3712 1695; x_wconf 87' lang='lat' dir='ltr'><strong>Concor-</strong></span> 
     </span>
    </p>
   </div>
   <div class='ocr_carea' id='block_1_32' title="bbox 2121 1705 3711 1777">
    <p class='ocr_par' dir='ltr' id='par_1_32' title="bbox 2121 1705 3711 1777">
     <span class='ocr_line' id='line_1_32' title="bbox 2121 1705 3711 1777; baseline 0.003 -16"><span class='ocrx_word' id='word_1_232' title='bbox 2121 1708 2261 1761; x_wconf 59' lang='lat' dir='ltr'><strong>dia}:</strong></span> <span class='ocrx_word' id='word_1_233' title='bbox 2317 1705 2523 1759; x_wconf 78' lang='lat' dir='ltr'><strong>Memor</strong></span> <span class='ocrx_word' id='word_1_234' title='bbox 2544 1705 2895 1776; x_wconf 79' lang='lat' dir='ltr'><strong>semperillud</strong></span> <span class='ocrx_word' id='word_1_235' title='bbox 2939 1708 3314 1776; x_wconf 87' lang='lat' dir='ltr'><strong>apostolicum;</strong></span> <span class='ocrx_word' id='word_1_236' title='bbox 3352 1720 3535 1777; x_wconf 75' lang='lat' dir='ltr'><strong>potest</strong></span> <span class='ocrx_word' id='word_1_237' title='bbox 3567 1714 3711 1765; x_wconf 86' lang='lat' dir='ltr'><strong>enim</strong></span> 
     </span>
    </p>
   </div>
   <div class='ocr_carea' id='block_1_33' title="bbox 432 1779 2026 1852">
    <p class='ocr_par' dir='ltr' id='par_1_33' title="bbox 432 1779 2014 1852">
     <span class='ocr_line' id='line_1_33' title="bbox 432 1779 2014 1852; baseline -0.002 -15"><span class='ocrx_word' id='word_1_238' title='bbox 432 1784 592 1852; x_wconf 88' lang='lat' dir='ltr'><strong>epist.</strong></span> <span class='ocrx_word' id='word_1_239' title='bbox 636 1781 695 1836; x_wconf 87' lang='lat' dir='ltr'><strong>S.</strong></span> <span class='ocrx_word' id='word_1_240' title='bbox 722 1780 1017 1852; x_wconf 79' lang='lat' dir='ltr'><strong>Clementis</strong></span> <span class='ocrx_word' id='word_1_241' title='bbox 1037 1779 1278 1852; x_wconf 85' lang='lat' dir='ltr'><strong>additur:</strong></span> <span class='ocrx_word' id='word_1_242' title='bbox 1316 1781 1421 1835; x_wconf 85' lang='lat' dir='ltr'><strong>Sed</strong></span> <span class='ocrx_word' id='word_1_243' title='bbox 1443 1779 1705 1835; x_wconf 81' lang='lat' dir='ltr'><strong>custodire</strong></span> <span class='ocrx_word' id='word_1_244' title='bbox 1730 1781 1870 1835; x_wconf 86' lang='lat' dir='ltr'><strong>labia</strong></span> <span class='ocrx_word' id='word_1_245' title='bbox 1894 1798 2014 1846; x_wconf 86' lang='lat' dir='ltr'><strong>sua,</strong></span> 
     </span>
    </p>
   </div>
   <div class='ocr_carea' id='block_1_34' title="bbox 2136 1779 3711 1852">
    <p class='ocr_par' dir='ltr' id='par_1_34' title="bbox 2136 1780 3711 1852">
     <span class='ocr_line' id='line_1_34' title="bbox 2136 1780 3711 1852; baseline 0.004 -22"><span class='ocrx_word' id='word_1_246' title='bbox 2136 1791 2561 1852; x_wconf 20' lang='lat' dir='ltr'><strong>iomcngmemor</strong></span> <span class='ocrx_word' id='word_1_247' title='bbox 2591 1791 2779 1852; x_wconf 83' lang='lat' dir='ltr'><strong>regere</strong></span> <span class='ocrx_word' id='word_1_248' title='bbox 2810 1780 3193 1852; x_wconf 68' lang='lat' dir='ltr'><strong>accusativum</strong></span> <span class='ocrx_word' id='word_1_249' title='bbox 3239 1795 3392 1848; x_wconf 71' lang='lat' dir='ltr'><strong>mque</strong></span> <span class='ocrx_word' id='word_1_250' title='bbox 3423 1795 3488 1834; x_wconf 87' lang='lat' dir='ltr'><strong>ac</strong></span> <span class='ocrx_word' id='word_1_251' title='bbox 3515 1782 3711 1850; x_wconf 83' lang='lat' dir='ltr'><strong>geniti-</strong></span> 
     </span>
    </p>
   </div>
   <div class='ocr_carea' id='block_1_35' title="bbox 435 1848 1373 1919">
    <p class='ocr_par' dir='ltr' id='par_1_35' title="bbox 435 1848 1373 1919">
     <span class='ocr_line' id='line_1_35' title="bbox 435 1848 1373 1919; baseline -0.003 -13"><span class='ocrx_word' id='word_1_252' title='bbox 435 1848 497 1906; x_wconf 77' lang='lat' dir='ltr'><strong>ne</strong></span> <span class='ocrx_word' id='word_1_253' title='bbox 517 1852 697 1905; x_wconf 85' lang='lat' dir='ltr'><strong>dolum</strong></span> <span class='ocrx_word' id='word_1_254' title='bbox 721 1860 813 1904; x_wconf 86' lang='lat' dir='ltr'><strong>aut</strong></span> <span class='ocrx_word' id='word_1_255' title='bbox 841 1848 1040 1903; x_wconf 87' lang='lat' dir='ltr'><strong>malum</strong></span> <span class='ocrx_word' id='word_1_256' title='bbox 1071 1848 1373 1919; x_wconf 85' lang='lat' dir='ltr'><strong>loquantur.</strong></span> 
     </span>
    </p>
   </div>
   <div class='ocr_carea' id='block_1_36' title="bbox 504 1918 2016 1990">
    <p class='ocr_par' dir='ltr' id='par_1_36' title="bbox 504 1918 2016 1990">
     <span class='ocr_line' id='line_1_36' title="bbox 504 1918 2016 1990; baseline -0.001 -16"><span class='ocrx_word' id='word_1_257' title='bbox 504 1923 533 1961; x_wconf 73' lang='grc'><strong>1)</strong></span> <span class='ocrx_word' id='word_1_258' title='bbox 578 1920 743 1974; x_wconf 76' lang='lat' dir='ltr'><strong>Verba</strong></span> <span class='ocrx_word' id='word_1_259' title='bbox 780 1937 932 1990; x_wconf 77' lang='lat' dir='ltr'><strong>vana,</strong></span> <span class='ocrx_word' id='word_1_260' title='bbox 986 1928 1075 1990; x_wconf 87' lang='lat' dir='ltr'><strong>aut</strong></span> <span class='ocrx_word' id='word_1_261' title='bbox 1104 1919 1231 1972; x_wconf 86' lang='lat' dir='ltr'><strong>risui</strong></span> <span class='ocrx_word' id='word_1_262' title='bbox 1280 1929 1403 1988; x_wconf 87' lang='lat' dir='ltr'><strong>apta</strong></span> <span class='ocrx_word' id='word_1_263' title='bbox 1452 1937 1554 1972; x_wconf 90' lang='lat' dir='ltr'><strong>non</strong></span> <span class='ocrx_word' id='word_1_264' title='bbox 1582 1918 1742 1990; x_wconf 89' lang='lat' dir='ltr'><strong>loqui.</strong></span> <span class='ocrx_word' id='word_1_265' title='bbox 1777 1920 2016 1990; x_wconf 9' lang='lat' dir='ltr'><strong>lnrepist.</strong></span> 
     </span>
    </p>
   </div>
   <div class='ocr_carea' id='block_1_37' title="bbox 436 1989 2020 2059">
    <p class='ocr_par' dir='ltr' id='par_1_37' title="bbox 436 1989 2020 2059">
     <span class='ocr_line' id='line_1_37' title="bbox 436 1989 2020 2059; baseline -0.002 -12"><span class='ocrx_word' id='word_1_266' title='bbox 436 1993 493 2047; x_wconf 88' lang='grc'><strong>8.</strong></span> <span class='ocrx_word' id='word_1_267' title='bbox 520 1991 812 2046; x_wconf 88' lang='lat' dir='ltr'><strong>Clementis</strong></span> <span class='ocrx_word' id='word_1_268' title='bbox 837 2004 851 2042; x_wconf 87' lang='lat'><strong>:</strong></span> <span class='ocrx_word' id='word_1_269' title='bbox 896 1989 1058 2042; x_wconf 82' lang='lat' dir='ltr'><strong>Verba</strong></span> <span class='ocrx_word' id='word_1_270' title='bbox 1081 2006 1235 2053; x_wconf 80' lang='lat' dir='ltr'><strong>vana,</strong></span> <span class='ocrx_word' id='word_1_271' title='bbox 1274 1999 1365 2041; x_wconf 86' lang='lat' dir='ltr'><strong>aut</strong></span> <span class='ocrx_word' id='word_1_272' title='bbox 1392 1989 1667 2043; x_wconf 84' lang='lat' dir='ltr'><strong>mendacia</strong></span> <span class='ocrx_word' id='word_1_273' title='bbox 1705 2007 1809 2044; x_wconf 88' lang='lat' dir='ltr'><strong>non</strong></span> <span class='ocrx_word' id='word_1_274' title='bbox 1836 1989 1977 2059; x_wconf 80' lang='lat' dir='ltr'><strong>loqui</strong></span> <span class='ocrx_word' id='word_1_275' title='bbox 2001 2006 2020 2044; x_wconf 89' lang='lat'><strong>:</strong></span> 
     </span>
    </p>
   </div>
   <div class='ocr_carea' id='block_1_38' title="bbox 434 2059 1637 2132">
    <p class='ocr_par' dir='ltr' id='par_1_38' title="bbox 434 2059 1637 2132">
     <span class='ocr_line' id='line_1_38' title="bbox 434 2059 1637 2132; baseline -0.003 -17"><span class='ocrx_word' id='word_1_276' title='bbox 434 2063 559 2132; x_wconf 86' lang='lat' dir='ltr'><strong>quia</strong></span> <span class='ocrx_word' id='word_1_277' title='bbox 577 2077 672 2132; x_wconf 85' lang='lat' dir='ltr'><strong>_os,</strong></span> <span class='ocrx_word' id='word_1_278' title='bbox 697 2060 833 2130; x_wconf 86' lang='lat' dir='ltr'><strong>quod</strong></span> <span class='ocrx_word' id='word_1_279' title='bbox 865 2059 1142 2132; x_wconf 84' lang='lat' dir='ltr'><strong>mentitur,</strong></span> <span class='ocrx_word' id='word_1_280' title='bbox 1169 2059 1358 2111; x_wconf 89' lang='lat' dir='ltr'><strong>occidit</strong></span> <span class='ocrx_word' id='word_1_281' title='bbox 1385 2066 1637 2112; x_wconf 80' lang='lat' dir='ltr'><strong>animam.</strong></span> 
     </span>
    </p>
   </div>
   <div class='ocr_carea' id='block_1_39' title="bbox 509 2128 2023 2191">
    <p class='ocr_par' dir='ltr' id='par_1_39' title="bbox 509 2128 2023 2191">
     <span class='ocr_line' id='line_1_39' title="bbox 509 2128 2023 2191; baseline 0.001 -8"><span class='ocrx_word' id='word_1_282' title='bbox 509 2141 530 2170; x_wconf 66' lang='grc' dir='ltr'>ε</span> <span class='ocrx_word' id='word_1_283' title='bbox 566 2128 751 2183; x_wconf 80' lang='lat' dir='ltr'><strong>Risum</strong></span> <span class='ocrx_word' id='word_1_284' title='bbox 791 2128 1033 2191; x_wconf 88' lang='lat' dir='ltr'><strong>multum,</strong></span> <span class='ocrx_word' id='word_1_285' title='bbox 1089 2138 1181 2180; x_wconf 85' lang='lat' dir='ltr'><strong>aut</strong></span> <span class='ocrx_word' id='word_1_286' title='bbox 1216 2144 1490 2182; x_wconf 77' lang='lat' dir='ltr'><strong>excussum</strong></span> <span class='ocrx_word' id='word_1_287' title='bbox 1528 2144 1632 2181; x_wconf 89' lang='lat' dir='ltr'><strong>non</strong></span> <span class='ocrx_word' id='word_1_288' title='bbox 1662 2145 1860 2183; x_wconf 78' lang='lat' dir='ltr'><strong>amare.</strong></span> <span class='ocrx_word' id='word_1_289' title='bbox 1910 2128 2023 2184; x_wconf 80' lang='lat' dir='ltr'><strong>Hoc</strong></span> 
     </span>
    </p>
   </div>
   <div class='ocr_carea' id='block_1_40' title="bbox 438 2196 2017 2267">
    <p class='ocr_par' dir='ltr' id='par_1_40' title="bbox 438 2196 2017 2267">
     <span class='ocr_line' id='line_1_40' title="bbox 438 2196 2017 2267; baseline -0.001 -14"><span class='ocrx_word' id='word_1_290' title='bbox 438 2202 848 2254; x_wconf 75' lang='lat' dir='ltr'><strong>iustrumentun&#39;t</strong></span> <span class='ocrx_word' id='word_1_291' title='bbox 897 2213 1002 2251; x_wconf 92' lang='lat' dir='ltr'><strong>non</strong></span> <span class='ocrx_word' id='word_1_292' title='bbox 1050 2204 1229 2251; x_wconf 79' lang='lat' dir='ltr'><strong>exstat</strong></span> <span class='ocrx_word' id='word_1_293' title='bbox 1279 2198 1331 2250; x_wconf 90' lang='lat' dir='ltr'><strong>in</strong></span> <span class='ocrx_word' id='word_1_294' title='bbox 1381 2199 1540 2267; x_wconf 88' lang='lat' dir='ltr'><strong>epist.</strong></span> <span class='ocrx_word' id='word_1_295' title='bbox 1596 2196 1654 2248; x_wconf 86' lang='grc'><strong>8.</strong></span> <span class='ocrx_word' id='word_1_296' title='bbox 1700 2198 2017 2253; x_wconf 89' lang='lat' dir='ltr'><strong>Clementis.</strong></span> 
     </span>
    </p>
   </div>
   <div class='ocr_carea' id='block_1_41' title="bbox 440 2266 2019 2332">
    <p class='ocr_par' dir='ltr' id='par_1_41' title="bbox 440 2266 2019 2332">
     <span class='ocr_line' id='line_1_41' title="bbox 440 2266 2019 2332; baseline 0 -9"><span class='ocrx_word' id='word_1_297' title='bbox 440 2269 637 2325; x_wconf 76' lang='lat' dir='ltr'><strong>Mentio</strong></span> <span class='ocrx_word' id='word_1_298' title='bbox 664 2269 726 2323; x_wconf 87' lang='lat' dir='ltr'><strong>lit</strong></span> <span class='ocrx_word' id='word_1_299' title='bbox 766 2269 818 2322; x_wconf 90' lang='lat' dir='ltr'><strong>in</strong></span> <span class='ocrx_word' id='word_1_300' title='bbox 866 2267 987 2321; x_wconf 73' lang='lat' dir='ltr'><strong>Vita</strong></span> <span class='ocrx_word' id='word_1_301' title='bbox 1028 2266 1085 2321; x_wconf 95' lang='grc'><strong>8.</strong></span> <span class='ocrx_word' id='word_1_302' title='bbox 1130 2267 1334 2322; x_wconf 89' lang='lat' dir='ltr'><strong>Odonis</strong></span> <span class='ocrx_word' id='word_1_303' title='bbox 1375 2266 1586 2321; x_wconf 83' lang='lat' dir='ltr'><strong>abbatis</strong></span> <span class='ocrx_word' id='word_1_304' title='bbox 1629 2266 2019 2332; x_wconf 87' lang='lat' dir='ltr'><strong>Cluuiacensis,</strong></span> 
     </span>
    </p>
   </div>
   <div class='ocr_carea' id='block_1_42' title="bbox 440 2336 2020 2407">
    <p class='ocr_par' dir='ltr' id='par_1_42' title="bbox 440 2336 2020 2407">
     <span class='ocr_line' id='line_1_42' title="bbox 440 2336 2020 2407; baseline -0.002 -12"><span class='ocrx_word' id='word_1_305' title='bbox 440 2342 532 2395; x_wconf 88' lang='lat' dir='ltr'><strong>lib.</strong></span> <span class='ocrx_word' id='word_1_306' title='bbox 569 2341 639 2393; x_wconf 74' lang='lat'><strong>2:</strong></span> <span class='ocrx_word' id='word_1_307' title='bbox 674 2356 694 2390; x_wconf 75' lang='grc' dir='ltr'><strong>ι</strong></span> <span class='ocrx_word' id='word_1_308' title='bbox 727 2338 952 2407; x_wconf 79' lang='lat' dir='ltr'><strong>Locutio</strong></span> <span class='ocrx_word' id='word_1_309' title='bbox 1002 2350 1126 2407; x_wconf 82' lang='lat' dir='ltr'><strong>vere</strong></span> <span class='ocrx_word' id='word_1_310' title='bbox 1161 2352 1257 2391; x_wconf 90' lang='lat' dir='ltr'><strong>sua</strong></span> <span class='ocrx_word' id='word_1_311' title='bbox 1284 2352 1396 2406; x_wconf 69' lang='lat' dir='ltr'><strong>pra:</strong></span> <span class='ocrx_word' id='word_1_312' title='bbox 1428 2336 1592 2390; x_wconf 88' lang='lat' dir='ltr'><strong>nimio</strong></span> <span class='ocrx_word' id='word_1_313' title='bbox 1622 2338 1815 2407; x_wconf 87' lang='lat' dir='ltr'><strong>gaudio</strong></span> <span class='ocrx_word' id='word_1_314' title='bbox 1841 2338 2020 2393; x_wconf 90' lang='lat' dir='ltr'><strong>ridere</strong></span> 
     </span>
    </p>
   </div>
   <div class='ocr_carea' id='block_1_43' title="bbox 438 2406 2020 2481">
    <p class='ocr_par' dir='ltr' id='par_1_43' title="bbox 438 2406 2020 2481">
     <span class='ocr_line' id='line_1_43' title="bbox 438 2406 2020 2481; baseline -0.003 -16"><span class='ocrx_word' id='word_1_315' title='bbox 438 2426 538 2465; x_wconf 90' lang='lat' dir='ltr'><strong>nos</strong></span> <span class='ocrx_word' id='word_1_316' title='bbox 563 2410 807 2481; x_wconf 86' lang='lat' dir='ltr'><strong>cogebat.</strong></span> <span class='ocrx_word' id='word_1_317' title='bbox 864 2406 971 2481; x_wconf 85' lang='lat' dir='ltr'><strong>Sed</strong></span> <span class='ocrx_word' id='word_1_318' title='bbox 1007 2406 1095 2481; x_wconf 75' lang='lat' dir='ltr'><strong>ille</strong></span> <span class='ocrx_word' id='word_1_319' title='bbox 1144 2406 1379 2481; x_wconf 40' lang='lat' dir='ltr'><strong>bibentis</strong></span> <span class='ocrx_word' id='word_1_320' title='bbox 1427 2406 2020 2481; x_wconf 81' lang='lat' dir='ltr'><strong>moderationismanu</strong></span> 
     </span>
    </p>
   </div>
   <div class='ocr_carea' id='block_1_44' title="bbox 439 2476 2020 2547">
    <p class='ocr_par' dir='ltr' id='par_1_44' title="bbox 439 2476 2020 2547">
     <span class='ocr_line' id='line_1_44' title="bbox 439 2476 2020 2547; baseline -0.001 -13"><span class='ocrx_word' id='word_1_321' title='bbox 439 2476 657 2542; x_wconf 58' lang='lat' dir='ltr'><strong>tenens:</strong></span> <span class='ocrx_word' id='word_1_322' title='bbox 702 2493 825 2532; x_wconf 81' lang='lat' dir='ltr'><strong>mox</strong></span> <span class='ocrx_word' id='word_1_323' title='bbox 852 2476 1143 2547; x_wconf 87' lang='lat' dir='ltr'><strong>capitulum</strong></span> <span class='ocrx_word' id='word_1_324' title='bbox 1176 2476 1393 2547; x_wconf 61' lang='lat' dir='ltr'><strong>Regulte</strong></span> <span class='ocrx_word' id='word_1_325' title='bbox 1426 2477 1580 2531; x_wconf 89' lang='lat' dir='ltr'><strong>nobis</strong></span> <span class='ocrx_word' id='word_1_326' title='bbox 1607 2479 1911 2547; x_wconf 85' lang='lat' dir='ltr'><strong>apponebat</strong></span> <span class='ocrx_word' id='word_1_327' title='bbox 1940 2478 2020 2532; x_wconf 88' lang='lat' dir='ltr'><strong>di-</strong></span> 
     </span>
    </p>
   </div>
   <div class='ocr_carea' id='block_1_45' title="bbox 438 2547 2017 2604">
    <p class='ocr_par' dir='ltr' id='par_1_45' title="bbox 438 2547 2017 2604">
     <span class='ocr_line' id='line_1_45' title="bbox 438 2547 2017 2604; baseline -0.003 0"><span class='ocrx_word' id='word_1_328' title='bbox 438 2566 608 2604; x_wconf 80' lang='lat' dir='ltr'><strong>cens:</strong></span> <span class='ocrx_word' id='word_1_329' title='bbox 651 2548 833 2602; x_wconf 81' lang='lat' dir='ltr'><strong>Risum</strong></span> <span class='ocrx_word' id='word_1_330' title='bbox 882 2547 1108 2601; x_wconf 90' lang='lat' dir='ltr'><strong>multum</strong></span> <span class='ocrx_word' id='word_1_331' title='bbox 1140 2556 1233 2600; x_wconf 89' lang='lat' dir='ltr'><strong>aut</strong></span> <span class='ocrx_word' id='word_1_332' title='bbox 1281 2563 1564 2602; x_wconf 83' lang='lat' dir='ltr'><strong>excussum</strong></span> <span class='ocrx_word' id='word_1_333' title='bbox 1604 2563 1709 2602; x_wconf 92' lang='lat' dir='ltr'><strong>non</strong></span> <span class='ocrx_word' id='word_1_334' title='bbox 1757 2563 1958 2602; x_wconf 90' lang='lat' dir='ltr'><strong>amare.</strong></span> <span class='ocrx_word' id='word_1_335' title='bbox 1999 2567 2017 2600; x_wconf 80' lang='grc' dir='ltr'><strong>ι</strong></span> 
     </span>
    </p>
   </div>
   <div class='ocr_carea' id='block_1_46' title="bbox 506 2617 2020 2687">
    <p class='ocr_par' dir='ltr' id='par_1_46' title="bbox 506 2617 2020 2687">
     <span class='ocr_line' id='line_1_46' title="bbox 506 2617 2020 2687; baseline 0 -15"><span class='ocrx_word' id='word_1_336' title='bbox 506 2620 532 2658; x_wconf 74' lang='grc' dir='ltr'>ἀ</span> <span class='ocrx_word' id='word_1_337' title='bbox 575 2618 863 2687; x_wconf 16' lang='lat' dir='ltr'><strong>Lectiones,</strong></span> <span class='ocrx_word' id='word_1_338' title='bbox 891 2627 1098 2671; x_wconf 86' lang='lat' dir='ltr'><strong>sanctas</strong></span> <span class='ocrx_word' id='word_1_339' title='bbox 1146 2618 1363 2687; x_wconf 76' lang='lat' dir='ltr'><strong>libenter</strong></span> <span class='ocrx_word' id='word_1_340' title='bbox 1413 2617 1616 2671; x_wconf 82' lang='lat' dir='ltr'><strong>audire.</strong></span> <span class='ocrx_word' id='word_1_341' title='bbox 1653 2617 1711 2671; x_wconf 90' lang='lat' dir='ltr'><strong>lu</strong></span> <span class='ocrx_word' id='word_1_342' title='bbox 1759 2618 1919 2687; x_wconf 87' lang='lat' dir='ltr'><strong>epist.</strong></span> <span class='ocrx_word' id='word_1_343' title='bbox 1963 2618 2020 2672; x_wconf 90' lang='grc'><strong>8.</strong></span> 
     </span>
    </p>
   </div>
   <div class='ocr_carea' id='block_1_47' title="bbox 437 2686 1672 2744">
    <p class='ocr_par' dir='ltr' id='par_1_47' title="bbox 437 2686 1672 2744">
     <span class='ocr_line' id='line_1_47' title="bbox 437 2686 1672 2744; baseline -0.002 -1"><span class='ocrx_word' id='word_1_344' title='bbox 437 2690 734 2744; x_wconf 88' lang='lat' dir='ltr'><strong>Clementis</strong></span> <span class='ocrx_word' id='word_1_345' title='bbox 759 2702 773 2741; x_wconf 91' lang='lat'><strong>:</strong></span> <span class='ocrx_word' id='word_1_346' title='bbox 829 2686 992 2741; x_wconf 83' lang='lat' dir='ltr'><strong>Verba</strong></span> <span class='ocrx_word' id='word_1_347' title='bbox 1020 2687 1199 2740; x_wconf 85' lang='lat' dir='ltr'><strong>divina</strong></span> <span class='ocrx_word' id='word_1_348' title='bbox 1223 2686 1441 2741; x_wconf 78' lang='lat' dir='ltr'><strong>libenter</strong></span> <span class='ocrx_word' id='word_1_349' title='bbox 1468 2687 1672 2740; x_wconf 89' lang='lat' dir='ltr'><strong>audire.</strong></span> 
     </span>
    </p>
   </div>
   <div class='ocr_carea' id='block_1_48' title="bbox 516 2755 2025 2827">
    <p class='ocr_par' dir='ltr' id='par_1_48' title="bbox 516 2755 2025 2827">
     <span class='ocr_line' id='line_1_48' title="bbox 516 2755 2025 2827; baseline 0 -15"><span class='ocrx_word' id='word_1_350' title='bbox 516 2772 539 2799; x_wconf 76' lang='grc' dir='ltr'><strong><em>ο</em></strong></span> <span class='ocrx_word' id='word_1_351' title='bbox 574 2758 818 2827; x_wconf 65' lang='lat' dir='ltr'><strong>Orationi</strong></span> <span class='ocrx_word' id='word_1_352' title='bbox 848 2758 1144 2827; x_wconf 75' lang='lat' dir='ltr'><strong>frequenter</strong></span> <span class='ocrx_word' id='word_1_353' title='bbox 1165 2757 1478 2810; x_wconf 78' lang='lat' dir='ltr'><strong>incumbere.</strong></span> <span class='ocrx_word' id='word_1_354' title='bbox 1527 2756 1585 2827; x_wconf 82' lang='lat' dir='ltr'><strong>In</strong></span> <span class='ocrx_word' id='word_1_355' title='bbox 1615 2756 1775 2826; x_wconf 83' lang='lat' dir='ltr'><strong>epist.</strong></span> <span class='ocrx_word' id='word_1_356' title='bbox 1802 2755 1880 2827; x_wconf 21' lang='grc'>48.</span> <span class='ocrx_word' id='word_1_357' title='bbox 1903 2756 2025 2812; x_wconf 86' lang='lat' dir='ltr'><strong>Cle-</strong></span> 
     </span>
    </p>
   </div>
   <div class='ocr_carea' id='block_1_49' title="bbox 440 2822 2025 2895">
    <p class='ocr_par' dir='ltr' id='par_1_49' title="bbox 440 2822 2025 2895">
     <span class='ocr_line' id='line_1_49' title="bbox 440 2822 2025 2895; baseline -0.001 -13"><span class='ocrx_word' id='word_1_358' title='bbox 440 2829 668 2883; x_wconf 85' lang='lat' dir='ltr'><strong>mentis:</strong></span> <span class='ocrx_word' id='word_1_359' title='bbox 711 2822 1097 2881; x_wconf 69' lang='lat' dir='ltr'><strong>Pra’dicationi</strong></span> <span class='ocrx_word' id='word_1_360' title='bbox 1117 2834 1163 2878; x_wconf 87' lang='lat' dir='ltr'><strong>et</strong></span> <span class='ocrx_word' id='word_1_361' title='bbox 1191 2827 1415 2880; x_wconf 84' lang='lat' dir='ltr'><strong>orationi</strong></span> <span class='ocrx_word' id='word_1_362' title='bbox 1455 2843 1517 2879; x_wconf 89' lang='lat' dir='ltr'><strong>ac</strong></span> <span class='ocrx_word' id='word_1_363' title='bbox 1555 2822 1763 2879; x_wconf 78' lang='lat' dir='ltr'><strong>lectioni</strong></span> <span class='ocrx_word' id='word_1_364' title='bbox 1787 2825 2025 2895; x_wconf 76' lang='lat' dir='ltr'><strong>frequen-</strong></span> 
     </span>
    </p>
   </div>
   <div class='ocr_carea' id='block_1_50' title="bbox 442 2895 2026 2964">
    <p class='ocr_par' dir='ltr' id='par_1_50' title="bbox 442 2895 2026 2964">
     <span class='ocr_line' id='line_1_50' title="bbox 442 2895 2026 2964; baseline 0 -13"><span class='ocrx_word' id='word_1_365' title='bbox 442 2911 521 2951; x_wconf 86' lang='lat' dir='ltr'><strong>ter</strong></span> <span class='ocrx_word' id='word_1_366' title='bbox 554 2896 890 2951; x_wconf 85' lang='lat' dir='ltr'><strong>incumbere:</strong></span> <span class='ocrx_word' id='word_1_367' title='bbox 944 2906 991 2949; x_wconf 92' lang='lat' dir='ltr'><strong>et</strong></span> <span class='ocrx_word' id='word_1_368' title='bbox 1041 2895 1390 2964; x_wconf 79' lang='lat' dir='ltr'><strong>eleemosynas</strong></span> <span class='ocrx_word' id='word_1_369' title='bbox 1439 2912 1585 2950; x_wconf 78' lang='lat' dir='ltr'><strong>veras</strong></span> <span class='ocrx_word' id='word_1_370' title='bbox 1614 2895 1805 2964; x_wconf 81' lang='lat' dir='ltr'><strong>facere.</strong></span> <span class='ocrx_word' id='word_1_371' title='bbox 1860 2896 2026 2951; x_wconf 77' lang='lat' dir='ltr'><strong>Recte</strong></span> 
     </span>
    </p>
   </div>
   <div class='ocr_carea' id='block_1_51' title="bbox 441 2964 2026 3033">
    <p class='ocr_par' dir='ltr' id='par_1_51' title="bbox 441 2964 2026 3033">
     <span class='ocr_line' id='line_1_51' title="bbox 441 2964 2026 3033; baseline -0.001 -12"><span class='ocrx_word' id='word_1_372' title='bbox 441 2978 619 3021; x_wconf 86' lang='lat' dir='ltr'><strong>autem</strong></span> <span class='ocrx_word' id='word_1_373' title='bbox 684 2966 965 3019; x_wconf 83' lang='lat' dir='ltr'><strong>monachis</strong></span> <span class='ocrx_word' id='word_1_374' title='bbox 1025 2964 1360 3033; x_wconf 83' lang='lat' dir='ltr'><strong>frequentius</strong></span> <span class='ocrx_word' id='word_1_375' title='bbox 1427 2966 1657 3019; x_wconf 85' lang='lat' dir='ltr'><strong>orationi</strong></span> <span class='ocrx_word' id='word_1_376' title='bbox 1714 2965 2026 3021; x_wconf 64' lang='lat' dir='ltr'><strong>incumbere</strong></span> 
     </span>
    </p>
   </div>
   <div class='ocr_carea' id='block_1_52' title="bbox 444 3033 2027 3105">
    <p class='ocr_par' dir='ltr' id='par_1_52' title="bbox 444 3033 2027 3105">
     <span class='ocr_line' id='line_1_52' title="bbox 444 3033 2027 3105; baseline 0 -15"><span class='ocrx_word' id='word_1_377' title='bbox 444 3036 801 3105; x_wconf 71' lang='lat' dir='ltr'><strong>prmcipitur:</strong></span> <span class='ocrx_word' id='word_1_378' title='bbox 848 3050 995 3099; x_wconf 88' lang='lat' dir='ltr'><strong>nam,</strong></span> <span class='ocrx_word' id='word_1_379' title='bbox 1046 3043 1107 3105; x_wconf 88' lang='lat' dir='ltr'><strong>ut</strong></span> <span class='ocrx_word' id='word_1_380' title='bbox 1154 3034 1411 3105; x_wconf 62' lang='lat' dir='ltr'><strong>praeclare</strong></span> <span class='ocrx_word' id='word_1_381' title='bbox 1446 3033 1734 3105; x_wconf 15' lang='lat' dir='ltr'><strong>monetis.</strong></span> <span class='ocrx_word' id='word_1_382' title='bbox 1781 3034 2027 3091; x_wconf 86' lang='lat' dir='ltr'><strong>Asterius</strong></span> 
     </span>
    </p>
   </div>
   <div class='ocr_carea' id='block_1_53' title="bbox 442 3104 1102 3173">
    <p class='ocr_par' dir='ltr' id='par_1_53' title="bbox 442 3104 1102 3173">
     <span class='ocr_line' id='line_1_53' title="bbox 442 3104 1102 3173; baseline -0.003 -14"><span class='ocrx_word' id='word_1_383' title='bbox 442 3109 688 3160; x_wconf 67' lang='lat' dir='ltr'><strong>Amasene</strong></span> <span class='ocrx_word' id='word_1_384' title='bbox 721 3104 1007 3173; x_wconf 87' lang='lat' dir='ltr'><strong>episcopus</strong></span> <span class='ocrx_word' id='word_1_385' title='bbox 1048 3104 1102 3157; x_wconf 92' lang='lat' dir='ltr'><strong>in</strong></span> 
     </span>
    </p>
   </div>
   <div class='ocr_carea' id='block_1_54' title="bbox 444 3172 2023 3244">
    <p class='ocr_par' dir='ltr' id='par_1_54' title="bbox 444 3172 2023 3244">
     <span class='ocr_line' id='line_1_54' title="bbox 444 3172 2023 3244; baseline 0.001 -15"><span class='ocrx_word' id='word_1_386' title='bbox 444 3177 561 3229; x_wconf 87' lang='lat' dir='ltr'><strong>Duo</strong></span> <span class='ocrx_word' id='word_1_387' title='bbox 586 3175 818 3227; x_wconf 81' lang='lat' dir='ltr'><strong>homines</strong></span> <span class='ocrx_word' id='word_1_388' title='bbox 840 3172 1179 3244; x_wconf 83' lang='lat' dir='ltr'><strong>ascenderunt</strong></span> <span class='ocrx_word' id='word_1_389' title='bbox 1207 3174 1263 3226; x_wconf 91' lang='lat' dir='ltr'><strong>in</strong></span> <span class='ocrx_word' id='word_1_390' title='bbox 1285 3172 1531 3242; x_wconf 87' lang='lat' dir='ltr'><strong>templum</strong></span> <span class='ocrx_word' id='word_1_391' title='bbox 1560 3190 1573 3227; x_wconf 90' lang='lat'><strong>:</strong></span> <span class='ocrx_word' id='word_1_392' title='bbox 1604 3173 1752 3244; x_wconf 74' lang='grc' dir='ltr'><strong>Εὓχὴ</strong></span> <span class='ocrx_word' id='word_1_393' title='bbox 1773 3172 2023 3244; x_wconf 56' lang='grc' dir='ltr'><strong>τῆςξζωῆς</strong></span> 
     </span>
    </p>
   </div>
   <div class='ocr_carea' id='block_1_55' title="bbox 445 3243 2025 3317">
    <p class='ocr_par' dir='ltr' id='par_1_55' title="bbox 445 3243 2025 3317">
     <span class='ocr_line' id='line_1_55' title="bbox 445 3243 2025 3317; baseline 0.001 -19"><span class='ocrx_word' id='word_1_394' title='bbox 445 3250 583 3317; x_wconf 77' lang='grc' dir='ltr'><strong>ἡμῶν</strong></span> <span class='ocrx_word' id='word_1_395' title='bbox 613 3245 835 3317; x_wconf 71' lang='grc' dir='ltr'><strong>βοήθεια,</strong></span> <span class='ocrx_word' id='word_1_396' title='bbox 868 3243 1037 3317; x_wconf 52' lang='lat' dir='ltr'><strong>ouilia:</strong></span> <span class='ocrx_word' id='word_1_397' title='bbox 1056 3244 1183 3317; x_wconf 69' lang='grc' dir='ltr'><strong>πρρς</strong></span> <span class='ocrx_word' id='word_1_398' title='bbox 1208 3245 1346 3317; x_wconf 61' lang='grc' dir='ltr'><strong>Θεὸν,</strong></span> <span class='ocrx_word' id='word_1_399' title='bbox 1370 3244 1490 3317; x_wconf 67' lang='grc' dir='ltr'><strong>λήθη</strong></span> <span class='ocrx_word' id='word_1_400' title='bbox 1511 3251 1609 3298; x_wconf 77' lang='grc' dir='ltr'>τῶν</span> <span class='ocrx_word' id='word_1_401' title='bbox 1631 3243 1831 3315; x_wconf 71' lang='grc' dir='ltr'><strong>γὴῖνων,</strong></span> <span class='ocrx_word' id='word_1_402' title='bbox 1848 3243 2025 3317; x_wconf 64' lang='grc' dir='ltr'><strong>ᾅγοδος</strong></span> 
     </span>
    </p>
   </div>
   <div class='ocr_carea' id='block_1_56' title="bbox 444 3311 2024 3388">
    <p class='ocr_par' dir='ltr' id='par_1_56' title="bbox 444 3311 2024 3388">
     <span class='ocr_line' id='line_1_56' title="bbox 444 3311 2024 3388; baseline -0.001 -19"><span class='ocrx_word' id='word_1_403' title='bbox 444 3311 572 3388; x_wconf 52' lang='lat' dir='ltr'><strong>«pa;</strong></span> <span class='ocrx_word' id='word_1_404' title='bbox 601 3311 833 3388; x_wconf 61' lang='grc' dir='ltr'><strong>ὁύραγόψ</strong></span> <span class='ocrx_word' id='word_1_405' title='bbox 886 3311 941 3367; x_wconf 87' lang='lat' dir='ltr'><strong>id</strong></span> <span class='ocrx_word' id='word_1_406' title='bbox 966 3322 1069 3388; x_wconf 87' lang='lat' dir='ltr'><strong>e_st,</strong></span> <span class='ocrx_word' id='word_1_407' title='bbox 1098 3311 1304 3388; x_wconf 57' lang='lat' dir='ltr'><strong>&quot;Oratio</strong></span> <span class='ocrx_word' id='word_1_408' title='bbox 1327 3313 1473 3388; x_wconf 77' lang='lat' dir='ltr'><strong>_vit:e</strong></span> <span class='ocrx_word' id='word_1_409' title='bbox 1521 3311 1718 3369; x_wconf 69' lang='lat' dir='ltr'><strong>nostrae</strong></span> <span class='ocrx_word' id='word_1_410' title='bbox 1742 3315 2024 3388; x_wconf 77' lang='lat' dir='ltr'><strong>auxilium,</strong></span> 
     </span>
    </p>
   </div>
   <div class='ocr_carea' id='block_1_57' title="bbox 446 3381 2028 3450">
    <p class='ocr_par' dir='ltr' id='par_1_57' title="bbox 446 3381 2028 3450">
     <span class='ocr_line' id='line_1_57' title="bbox 446 3381 2028 3450; baseline 0 -10"><span class='ocrx_word' id='word_1_411' title='bbox 446 3381 784 3440; x_wconf 76' lang='lat' dir='ltr'><strong>conversatio</strong></span> <span class='ocrx_word' id='word_1_412' title='bbox 825 3400 948 3450; x_wconf 88' lang='lat' dir='ltr'><strong>cum</strong></span> <span class='ocrx_word' id='word_1_413' title='bbox 986 3384 1127 3447; x_wconf 86' lang='lat' dir='ltr'><strong>Deo,</strong></span> <span class='ocrx_word' id='word_1_414' title='bbox 1177 3381 1376 3437; x_wconf 87' lang='lat' dir='ltr'><strong>oblivio</strong></span> <span class='ocrx_word' id='word_1_415' title='bbox 1412 3392 1753 3437; x_wconf 88' lang='lat' dir='ltr'><strong>terrenorum</strong></span> <span class='ocrx_word' id='word_1_416' title='bbox 1777 3425 1789 3445; x_wconf 88' lang='lat'><strong>,</strong></span> <span class='ocrx_word' id='word_1_417' title='bbox 1834 3386 1921 3438; x_wconf 86' lang='lat' dir='ltr'><strong>via</strong></span> <span class='ocrx_word' id='word_1_418' title='bbox 1960 3386 2028 3440; x_wconf 91' lang='lat' dir='ltr'><strong>ad</strong></span> 
     </span>
    </p>
   </div>
   <div class='ocr_carea' id='block_1_58' title="bbox 448 3450 2026 3510">
    <p class='ocr_par' dir='ltr' id='par_1_58' title="bbox 448 3450 2026 3510">
     <span class='ocr_line' id='line_1_58' title="bbox 448 3450 2026 3510; baseline 0 -1"><span class='ocrx_word' id='word_1_419' title='bbox 448 3455 661 3509; x_wconf 65' lang='lat' dir='ltr'><strong>caelum.</strong></span> <span class='ocrx_word' id='word_1_420' title='bbox 716 3453 866 3510; x_wconf 90' lang='lat' dir='ltr'><strong>Unde</strong></span> <span class='ocrx_word' id='word_1_421' title='bbox 898 3461 1045 3508; x_wconf 88' lang='lat' dir='ltr'><strong>recte</strong></span> <span class='ocrx_word' id='word_1_422' title='bbox 1074 3453 1231 3506; x_wconf 85' lang='lat' dir='ltr'><strong>docet</strong></span> <span class='ocrx_word' id='word_1_423' title='bbox 1276 3450 1333 3505; x_wconf 93' lang='grc'><strong>8.</strong></span> <span class='ocrx_word' id='word_1_424' title='bbox 1371 3452 1690 3507; x_wconf 85' lang='lat' dir='ltr'><strong>Anastasius</strong></span> <span class='ocrx_word' id='word_1_425' title='bbox 1734 3453 1941 3508; x_wconf 87' lang='lat' dir='ltr'><strong>Sinaita</strong></span> <span class='ocrx_word' id='word_1_426' title='bbox 1971 3455 2026 3509; x_wconf 88' lang='lat' dir='ltr'><strong>in</strong></span> 
     </span>
    </p>
   </div>
   <div class='ocr_carea' id='block_1_59' title="bbox 451 3521 2031 3599">
    <p class='ocr_par' dir='ltr' id='par_1_59' title="bbox 451 3521 2031 3599">
     <span class='ocr_line' id='line_1_59' title="bbox 451 3521 2031 3599; baseline -0.001 -20"><span class='ocrx_word' id='word_1_427' title='bbox 451 3539 701 3599; x_wconf 87' lang='lat' dir='ltr'><strong>sermone</strong></span> <span class='ocrx_word' id='word_1_428' title='bbox 753 3524 819 3578; x_wconf 89' lang='lat' dir='ltr'><strong>de</strong></span> <span class='ocrx_word' id='word_1_429' title='bbox 876 3538 1031 3578; x_wconf 88' lang='lat' dir='ltr'><strong>sacra</strong></span> <span class='ocrx_word' id='word_1_430' title='bbox 1080 3521 1414 3599; x_wconf 47' lang='lat' dir='ltr'><strong>Syriasi:~&#39;tt</strong></span> <span class='ocrx_word' id='word_1_431' title='bbox 1450 3525 1556 3599; x_wconf 59' lang='grc' dir='ltr'><strong>ςγᾴρ</strong></span> <span class='ocrx_word' id='word_1_432' title='bbox 1583 3524 1891 3599; x_wconf 71' lang='grc' dir='ltr'><strong>προσεδρεία</strong></span> <span class='ocrx_word' id='word_1_433' title='bbox 1944 3527 2031 3579; x_wconf 74' lang='grc' dir='ltr'><strong>καὶ</strong></span> 
     </span>
    </p>
   </div>
   <div class='ocr_carea' id='block_1_60' title="bbox 451 3590 2028 3673">
    <p class='ocr_par' dir='ltr' id='par_1_60' title="bbox 451 3590 2028 3673">
     <span class='ocr_line' id='line_1_60' title="bbox 451 3590 2028 3673; baseline -0.001 -24"><span class='ocrx_word' id='word_1_434' title='bbox 451 3597 621 3673; x_wconf 61' lang='lat' dir='ltr'><strong>exolvi</strong></span> <span class='ocrx_word' id='word_1_435' title='bbox 672 3602 763 3654; x_wconf 78' lang='grc' dir='ltr'><strong>τῆς</strong></span> <span class='ocrx_word' id='word_1_436' title='bbox 810 3590 1136 3673; x_wconf 56' lang='grc' dir='ltr'><strong>προσωχῆςῇ</strong></span> <span class='ocrx_word' id='word_1_437' title='bbox 1181 3595 1263 3673; x_wconf 50' lang='lat' dir='ltr'><strong>ari</strong></span> <span class='ocrx_word' id='word_1_438' title='bbox 1291 3590 1390 3673; x_wconf 56' lang='lat'><strong>1-533</strong></span> <span class='ocrx_word' id='word_1_439' title='bbox 1424 3590 1581 3673; x_wconf 30' lang='grc' dir='ltr'><strong>’θἐέῲν</strong></span> <span class='ocrx_word' id='word_1_440' title='bbox 1614 3590 1816 3673; x_wconf 42' lang='lat' dir='ltr'><strong>upupam</strong></span> <span class='ocrx_word' id='word_1_441' title='bbox 1864 3599 2028 3673; x_wconf 81' lang='grc' dir='ltr'><strong>μήτηρ</strong></span> 
     </span>
    </p>
   </div>
   <div class='ocr_carea' id='block_1_61' title="bbox 453 3661 2030 3740">
    <p class='ocr_par' dir='ltr' id='par_1_61' title="bbox 453 3661 2030 3740">
     <span class='ocr_line' id='line_1_61' title="bbox 453 3661 2030 3740; baseline -0.002 -20"><span class='ocrx_word' id='word_1_442' title='bbox 453 3661 682 3737; x_wconf 63' lang='grc' dir='ltr'><strong>ὐᾶίάρχιι</strong></span> <span class='ocrx_word' id='word_1_443' title='bbox 725 3661 905 3740; x_wconf 53' lang='lat' dir='ltr'><strong>«statim</strong></span> <span class='ocrx_word' id='word_1_444' title='bbox 949 3661 1055 3740; x_wconf 47' lang='lat' dir='ltr'><strong>16in</strong></span> <span class='ocrx_word' id='word_1_445' title='bbox 1085 3666 1304 3740; x_wconf 55' lang='grc' dir='ltr'><strong>ἐφετῶν</strong></span> <span class='ocrx_word' id='word_1_446' title='bbox 1358 3661 1449 3740; x_wconf 49' lang='grc' dir='ltr'><strong>διὰ.</strong></span> <span class='ocrx_word' id='word_1_447' title='bbox 1481 3667 1571 3732; x_wconf 80' lang='grc' dir='ltr'><strong>μὲν</strong></span> <span class='ocrx_word' id='word_1_448' title='bbox 1613 3661 1835 3740; x_wconf 51' lang='grc' dir='ltr'><strong>ᾇᾶ,ο’τῆς</strong></span> <span class='ocrx_word' id='word_1_449' title='bbox 1864 3661 2030 3740; x_wconf 49' lang='lat' dir='ltr'><strong>inpos-3:</strong></span> 
     </span>
    </p>
   </div>
   <div class='ocr_carea' id='block_1_62' title="bbox 451 3728 2027 3806">
    <p class='ocr_par' dir='ltr' id='par_1_62' title="bbox 451 3728 2027 3806">
     <span class='ocr_line' id='line_1_62' title="bbox 451 3728 2027 3806; baseline -0.001 -17"><span class='ocrx_word' id='word_1_450' title='bbox 451 3728 635 3806; x_wconf 68' lang='grc' dir='ltr'><strong>ιυχῖῆῖ</strong></span> <span class='ocrx_word' id='word_1_451' title='bbox 646 3740 749 3806; x_wconf 62' lang='grc' dir='ltr'><strong>πᾶν</strong></span> <span class='ocrx_word' id='word_1_452' title='bbox 771 3736 961 3806; x_wconf 52' lang='lat' dir='ltr'><strong>etimne:</strong></span> <span class='ocrx_word' id='word_1_453' title='bbox 980 3737 1059 3788; x_wconf 82' lang='grc' dir='ltr'><strong>καί</strong></span> <span class='ocrx_word' id='word_1_454' title='bbox 1081 3728 1291 3806; x_wconf 71' lang='grc' dir='ltr'><strong>δῷρημα</strong></span> <span class='ocrx_word' id='word_1_455' title='bbox 1314 3728 1456 3806; x_wconf 73' lang='grc' dir='ltr'><strong>πᾳρά</strong></span> <span class='ocrx_word' id='word_1_456' title='bbox 1479 3728 1606 3787; x_wconf 68' lang='grc' dir='ltr'><strong>Θεοῦ</strong></span> <span class='ocrx_word' id='word_1_457' title='bbox 1622 3728 1947 3806; x_wconf 14' lang='grc' dir='ltr'><strong>ὶιᾴμιᾼζόμεθὲυ</strong></span> <span class='ocrx_word' id='word_1_458' title='bbox 1963 3734 2027 3806; x_wconf 81' lang='lat' dir='ltr'><strong>_id</strong></span> 
     </span>
    </p>
   </div>
   <div class='ocr_carea' id='block_1_63' title="bbox 449 3802 2034 3872">
    <p class='ocr_par' dir='ltr' id='par_1_63' title="bbox 449 3802 2034 3872">
     <span class='ocr_line' id='line_1_63' title="bbox 449 3802 2034 3872; baseline -0.003 -12"><span class='ocrx_word' id='word_1_459' title='bbox 449 3802 553 3869; x_wconf 67' lang='lat' dir='ltr'><strong>est,</strong></span> <span class='ocrx_word' id='word_1_460' title='bbox 588 3802 896 3858; x_wconf 28' lang='lat' dir='ltr'><strong>Assiduitas‘</strong></span> <span class='ocrx_word' id='word_1_461' title='bbox 918 3804 975 3858; x_wconf 89' lang='lat' dir='ltr'><strong>in</strong></span> <span class='ocrx_word' id='word_1_462' title='bbox 997 3802 1240 3857; x_wconf 78' lang='lat' dir='ltr'><strong>oratidne</strong></span> <span class='ocrx_word' id='word_1_463' title='bbox 1274 3810 1328 3855; x_wconf 89' lang='lat' dir='ltr'><strong>et</strong></span> <span class='ocrx_word' id='word_1_464' title='bbox 1358 3802 1411 3855; x_wconf 84' lang='lat' dir='ltr'><strong>in</strong></span> <span class='ocrx_word' id='word_1_465' title='bbox 1443 3817 1612 3856; x_wconf 80' lang='lat' dir='ltr'><strong>sacrae</strong></span> <span class='ocrx_word' id='word_1_466' title='bbox 1640 3802 1932 3872; x_wconf 60' lang='lat' dir='ltr'><strong>scriptura:</strong></span> <span class='ocrx_word' id='word_1_467' title='bbox 1962 3804 2034 3856; x_wconf 86' lang='lat' dir='ltr'><strong>le-</strong></span> 
     </span>
    </p>
   </div>
   <div class='ocr_carea' id='block_1_64' title="bbox 448 3872 2032 3941">
    <p class='ocr_par' dir='ltr' id='par_1_64' title="bbox 448 3872 2032 3941">
     <span class='ocr_line' id='line_1_64' title="bbox 448 3872 2032 3941; baseline -0.003 -11"><span class='ocrx_word' id='word_1_468' title='bbox 448 3877 629 3930; x_wconf 86' lang='lat' dir='ltr'><strong>ctione</strong></span> <span class='ocrx_word' id='word_1_469' title='bbox 659 3880 832 3927; x_wconf 88' lang='lat' dir='ltr'><strong>mater</strong></span> <span class='ocrx_word' id='word_1_470' title='bbox 867 3881 952 3927; x_wconf 89' lang='lat' dir='ltr'><strong>est</strong></span> <span class='ocrx_word' id='word_1_471' title='bbox 973 3873 1236 3926; x_wconf 87' lang='lat' dir='ltr'><strong>virtutum</strong></span> <span class='ocrx_word' id='word_1_472' title='bbox 1278 3872 1517 3926; x_wconf 88' lang='lat' dir='ltr'><strong>omnium</strong></span> <span class='ocrx_word' id='word_1_473' title='bbox 1545 3891 1557 3924; x_wconf 93' lang='lat'><strong>:</strong></span> <span class='ocrx_word' id='word_1_474' title='bbox 1613 3889 1709 3941; x_wconf 88' lang='lat' dir='ltr'><strong>per</strong></span> <span class='ocrx_word' id='word_1_475' title='bbox 1733 3875 2032 3928; x_wconf 87' lang='lat' dir='ltr'><strong>orationem</strong></span> 
     </span>
    </p>
   </div>
   <div class='ocr_carea' id='block_1_65' title="bbox 450 3942 2030 4013">
    <p class='ocr_par' dir='ltr' id='par_1_65' title="bbox 450 3942 2030 4013">
     <span class='ocr_line' id='line_1_65' title="bbox 450 3942 2030 4013; baseline -0.002 -16"><span class='ocrx_word' id='word_1_476' title='bbox 450 3946 594 3999; x_wconf 89' lang='lat' dir='ltr'><strong>enim</strong></span> <span class='ocrx_word' id='word_1_477' title='bbox 612 3959 823 4000; x_wconf 90' lang='lat' dir='ltr'><strong>omnem</strong></span> <span class='ocrx_word' id='word_1_478' title='bbox 848 3943 1158 4013; x_wconf 88' lang='lat' dir='ltr'><strong>petitionem</strong></span> <span class='ocrx_word' id='word_1_479' title='bbox 1188 3950 1243 3995; x_wconf 90' lang='lat' dir='ltr'><strong>et</strong></span> <span class='ocrx_word' id='word_1_480' title='bbox 1259 3943 1457 4013; x_wconf 82' lang='lat' dir='ltr'><strong>donum</strong></span> <span class='ocrx_word' id='word_1_481' title='bbox 1487 3958 1515 3995; x_wconf 89' lang='lat' dir='ltr'><strong>a</strong></span> <span class='ocrx_word' id='word_1_482' title='bbox 1547 3942 1655 3995; x_wconf 89' lang='lat' dir='ltr'><strong>Deo</strong></span> <span class='ocrx_word' id='word_1_483' title='bbox 1676 3952 2030 4011; x_wconf 85' lang='lat' dir='ltr'><strong>reportamus.</strong></span> 
     </span>
    </p>
   </div>
   <div class='ocr_carea' id='block_1_66' title="bbox 454 4011 2035 4079">
    <p class='ocr_par' dir='ltr' id='par_1_66' title="bbox 454 4011 2035 4079">
     <span class='ocr_line' id='line_1_66' title="bbox 454 4011 2035 4079; baseline -0.001 -12"><span class='ocrx_word' id='word_1_484' title='bbox 454 4014 749 4069; x_wconf 81' lang='lat' dir='ltr'><strong>Monachus</strong></span> <span class='ocrx_word' id='word_1_485' title='bbox 777 4011 977 4067; x_wconf 80' lang='lat' dir='ltr'><strong>mundo</strong></span> <span class='ocrx_word' id='word_1_486' title='bbox 1006 4024 1249 4067; x_wconf 89' lang='lat' dir='ltr'><strong>mortuus</strong></span> <span class='ocrx_word' id='word_1_487' title='bbox 1279 4011 1417 4065; x_wconf 73' lang='lat' dir='ltr'><strong>cmlo</strong></span> <span class='ocrx_word' id='word_1_488' title='bbox 1443 4026 1539 4079; x_wconf 88' lang='lat' dir='ltr'><strong>per</strong></span> <span class='ocrx_word' id='word_1_489' title='bbox 1564 4015 1863 4067; x_wconf 88' lang='lat' dir='ltr'><strong>orationem</strong></span> <span class='ocrx_word' id='word_1_490' title='bbox 1906 4014 2035 4066; x_wconf 87' lang='lat' dir='ltr'><strong>vivit</strong></span> 
     </span>
    </p>
   </div>
   <div class='ocr_carea' id='block_1_67' title="bbox 453 4082 2032 4149">
    <p class='ocr_par' dir='ltr' id='par_1_67' title="bbox 453 4082 2032 4149">
     <span class='ocr_line' id='line_1_67' title="bbox 453 4082 2032 4149; baseline -0.002 -11"><span class='ocrx_word' id='word_1_491' title='bbox 453 4083 906 4138; x_wconf 76' lang='lat' dir='ltr'><strong>excellentissima</strong></span> <span class='ocrx_word' id='word_1_492' title='bbox 955 4096 1086 4135; x_wconf 88' lang='lat' dir='ltr'><strong>sane</strong></span> <span class='ocrx_word' id='word_1_493' title='bbox 1113 4082 1247 4144; x_wconf 85' lang='lat' dir='ltr'><strong>vita,</strong></span> <span class='ocrx_word' id='word_1_494' title='bbox 1296 4096 1402 4149; x_wconf 91' lang='lat' dir='ltr'><strong>qua</strong></span> <span class='ocrx_word' id='word_1_495' title='bbox 1444 4083 1862 4148; x_wconf 85' lang='lat' dir='ltr'><strong>perorationem</strong></span> <span class='ocrx_word' id='word_1_496' title='bbox 1911 4099 2032 4136; x_wconf 89' lang='lat' dir='ltr'><strong>cum</strong></span> 
     </span>
    </p>
   </div>
   <div class='ocr_carea' id='block_1_68' title="bbox 454 4149 2032 4220">
    <p class='ocr_par' dir='ltr' id='par_1_68' title="bbox 454 4149 2032 4220">
     <span class='ocr_line' id='line_1_68' title="bbox 454 4149 2032 4220; baseline -0.001 -14"><span class='ocrx_word' id='word_1_497' title='bbox 454 4154 564 4208; x_wconf 88' lang='lat' dir='ltr'><strong>Deo</strong></span> <span class='ocrx_word' id='word_1_498' title='bbox 590 4149 906 4220; x_wconf 75' lang='lat' dir='ltr'><strong>coniunctus</strong></span> <span class='ocrx_word' id='word_1_499' title='bbox 932 4158 1035 4220; x_wconf 85' lang='lat' dir='ltr'><strong>est,</strong></span> <span class='ocrx_word' id='word_1_500' title='bbox 1064 4151 1155 4220; x_wconf 91' lang='lat' dir='ltr'><strong>qui</strong></span> <span class='ocrx_word' id='word_1_501' title='bbox 1190 4150 1244 4203; x_wconf 91' lang='lat' dir='ltr'><strong>in</strong></span> <span class='ocrx_word' id='word_1_502' title='bbox 1271 4165 1365 4220; x_wconf 91' lang='lat' dir='ltr'><strong>eo__</strong></span> <span class='ocrx_word' id='word_1_503' title='bbox 1388 4150 1542 4214; x_wconf 84' lang='lat' dir='ltr'><strong>vivit,</strong></span> <span class='ocrx_word' id='word_1_504' title='bbox 1579 4166 1683 4205; x_wconf 83' lang='lat' dir='ltr'><strong>non</strong></span> <span class='ocrx_word' id='word_1_505' title='bbox 1731 4152 1842 4220; x_wconf 86' lang='lat' dir='ltr'><strong>jam</strong></span> <span class='ocrx_word' id='word_1_506' title='bbox 1874 4152 1988 4219; x_wconf 88' lang='lat' dir='ltr'><strong>ipse</strong></span> <span class='ocrx_word' id='word_1_507' title='bbox 2019 4170 2032 4205; x_wconf 90' lang='lat'><strong>:</strong></span> 
     </span>
    </p>
   </div>
   <div class='ocr_carea' id='block_1_69' title="bbox 456 4218 2032 4291">
    <p class='ocr_par' dir='ltr' id='par_1_69' title="bbox 456 4218 2032 4291">
     <span class='ocr_line' id='line_1_69' title="bbox 456 4218 2032 4291; baseline 0 -17"><span class='ocrx_word' id='word_1_508' title='bbox 456 4222 529 4275; x_wconf 89' lang='lat' dir='ltr'><strong>ita</strong></span> <span class='ocrx_word' id='word_1_509' title='bbox 556 4230 615 4274; x_wconf 91' lang='lat' dir='ltr'><strong>ut</strong></span> <span class='ocrx_word' id='word_1_510' title='bbox 660 4235 778 4291; x_wconf 85' lang='lat' dir='ltr'><strong>cum</strong></span> <span class='ocrx_word' id='word_1_511' title='bbox 806 4219 1064 4291; x_wconf 69' lang='lat' dir='ltr'><strong>Apostolo</strong></span> <span class='ocrx_word' id='word_1_512' title='bbox 1107 4219 1288 4272; x_wconf 87' lang='lat' dir='ltr'><strong>dicat:</strong></span> <span class='ocrx_word' id='word_1_513' title='bbox 1332 4218 1452 4272; x_wconf 73' lang='lat' dir='ltr'><strong>Vivo</strong></span> <span class='ocrx_word' id='word_1_514' title='bbox 1486 4235 1602 4289; x_wconf 86' lang='lat' dir='ltr'><strong>ego,</strong></span> <span class='ocrx_word' id='word_1_515' title='bbox 1639 4218 1755 4289; x_wconf 81' lang='lat' dir='ltr'><strong>jam</strong></span> <span class='ocrx_word' id='word_1_516' title='bbox 1791 4218 2032 4291; x_wconf 73' lang='lat' dir='ltr'><strong>naiiego.</strong></span> 
     </span>
    </p>
   </div>
   <div class='ocr_carea' id='block_1_70' title="bbox 453 4286 1166 4345">
    <p class='ocr_par' dir='ltr' id='par_1_70' title="bbox 453 4286 1166 4345">
     <span class='ocr_line' id='line_1_70' title="bbox 453 4286 1166 4345; baseline -0.007 0"><span class='ocrx_word' id='word_1_517' title='bbox 453 4291 543 4345; x_wconf 86' lang='lat' dir='ltr'><strong>sed</strong></span> <span class='ocrx_word' id='word_1_518' title='bbox 574 4289 692 4344; x_wconf 84' lang='lat' dir='ltr'><strong>vivit</strong></span> <span class='ocrx_word' id='word_1_519' title='bbox 727 4290 781 4342; x_wconf 89' lang='lat' dir='ltr'><strong>in</strong></span> <span class='ocrx_word' id='word_1_520' title='bbox 803 4286 881 4342; x_wconf 78' lang='lat' dir='ltr'><strong>me</strong></span> <span class='ocrx_word' id='word_1_521' title='bbox 909 4286 1166 4342; x_wconf 82' lang='lat' dir='ltr'><strong>Christus.</strong></span> 
     </span>
    </p>
   </div>
   <div class='ocr_carea' id='block_1_71' title="bbox 533 4356 2034 4427">
    <p class='ocr_par' dir='ltr' id='par_1_71' title="bbox 533 4356 2034 4427">
     <span class='ocr_line' id='line_1_71' title="bbox 533 4356 2034 4427; baseline 0.002 -15"><span class='ocrx_word' id='word_1_522' title='bbox 533 4360 550 4400; x_wconf 71' lang='grc' dir='ltr'>ί</span> <span class='ocrx_word' id='word_1_523' title='bbox 587 4358 735 4413; x_wconf 80' lang='lat' dir='ltr'><strong>Mala</strong></span> <span class='ocrx_word' id='word_1_524' title='bbox 780 4376 877 4412; x_wconf 85' lang='lat' dir='ltr'><strong>sua</strong></span> <span class='ocrx_word' id='word_1_525' title='bbox 897 4357 1183 4427; x_wconf 66' lang='lat' dir='ltr'><strong>praeterita,</strong></span> <span class='ocrx_word' id='word_1_526' title='bbox 1214 4365 1320 4412; x_wconf 88' lang='lat' dir='ltr'><strong>etc.</strong></span> <span class='ocrx_word' id='word_1_527' title='bbox 1349 4356 1463 4412; x_wconf 82' lang='lat' dir='ltr'><strong>Hoc</strong></span> <span class='ocrx_word' id='word_1_528' title='bbox 1488 4358 1905 4413; x_wconf 87' lang='lat' dir='ltr'><strong>instrumentum</strong></span> <span class='ocrx_word' id='word_1_529' title='bbox 1928 4376 2034 4415; x_wconf 88' lang='lat' dir='ltr'><strong>non</strong></span> 
     </span>
    </p>
   </div>
   <div class='ocr_carea' id='block_1_72' title="bbox 454 4427 2034 4499">
    <p class='ocr_par' dir='ltr' id='par_1_72' title="bbox 454 4427 2034 4499">
     <span class='ocr_line' id='line_1_72' title="bbox 454 4427 2034 4499; baseline -0.001 -14"><span class='ocrx_word' id='word_1_530' title='bbox 454 4439 537 4485; x_wconf 88' lang='lat' dir='ltr'><strong>est</strong></span> <span class='ocrx_word' id='word_1_531' title='bbox 576 4431 629 4484; x_wconf 91' lang='lat' dir='ltr'><strong>in</strong></span> <span class='ocrx_word' id='word_1_532' title='bbox 660 4427 967 4499; x_wconf 75' lang='lat' dir='ltr'><strong>epistolas.</strong></span> <span class='ocrx_word' id='word_1_533' title='bbox 1002 4427 1314 4499; x_wconf 81' lang='lat' dir='ltr'><strong>Clementis.</strong></span> <span class='ocrx_word' id='word_1_534' title='bbox 1358 4427 1656 4499; x_wconf 75' lang='lat' dir='ltr'><strong>llludvero.</strong></span> <span class='ocrx_word' id='word_1_535' title='bbox 1677 4429 1877 4483; x_wconf 87' lang='lat' dir='ltr'><strong>eisdem</strong></span> <span class='ocrx_word' id='word_1_536' title='bbox 1909 4447 2034 4485; x_wconf 84' lang='lat' dir='ltr'><strong>ver-</strong></span> 
     </span>
    </p>
   </div>
   <div class='ocr_carea' id='block_1_73' title="bbox 455 4496 2032 4625">
    <p class='ocr_par' dir='ltr' id='par_1_73' title="bbox 455 4496 2032 4625">
     <span class='ocr_line' id='line_1_73' title="bbox 455 4496 2032 4625; baseline -0.001 -70"><span class='ocrx_word' id='word_1_537' title='bbox 455 4502 552 4624; x_wconf 75' lang='lat' dir='ltr'><strong>bisl</strong></span> <span class='ocrx_word' id='word_1_538' title='bbox 589 4496 752 4625; x_wconf 49' lang='lat' dir='ltr'><strong>léab&#39;et</strong></span> <span class='ocrx_word' id='word_1_539' title='bbox 788 4498 844 4553; x_wconf 89' lang='lat' dir='ltr'><strong>S.</strong></span> <span class='ocrx_word' id='word_1_540' title='bbox 879 4496 1083 4569; x_wconf 88' lang='lat' dir='ltr'><strong>Eligius</strong></span> <span class='ocrx_word' id='word_1_541' title='bbox 1137 4497 1420 4568; x_wconf 89' lang='lat' dir='ltr'><strong>episcopus</strong></span> <span class='ocrx_word' id='word_1_542' title='bbox 1469 4497 1879 4565; x_wconf 83' lang='lat' dir='ltr'><strong>Noviomensis,</strong></span> <span class='ocrx_word' id='word_1_543' title='bbox 1934 4501 2032 4554; x_wconf 85' lang='lat' dir='ltr'><strong>ho-</strong></span> 
     </span>
     <span class='ocr_line' id='line_1_74' title="bbox 458 4588 1453 4625; baseline -0.002 0"><span class='ocrx_word' id='word_1_544' title='bbox 458 4588 530 4625; x_wconf 82' lang='grc' dir='ltr'>ιιιι</span> <span class='ocrx_word' id='word_1_545' title='bbox 559 4610 572 4623; x_wconf 92' lang='grc'><strong>.</strong></span> <span class='ocrx_word' id='word_1_546' title='bbox 640 4608 653 4622; x_wconf 93' lang='grc'><strong>.</strong></span> <span class='ocrx_word' id='word_1_547' title='bbox 1449 4618 1453 4623; x_wconf 82' lang='grc'><strong><em>,</em></strong></span> 
     </span>
    </p>
   </div>
   <div class='ocr_carea' id='block_1_74' title="bbox 458 4571 1453 4626">
    <p class='ocr_par' dir='ltr' id='par_1_74' title="bbox 458 4571 1453 4626">
     <span class='ocr_line' id='line_1_75' title="bbox 458 4571 1453 4626; baseline -0.003 0"><span class='ocrx_word' id='word_1_548' title='bbox 458 4571 572 4626; x_wconf 87' lang='lat' dir='ltr'><strong>mil.</strong></span> <span class='ocrx_word' id='word_1_549' title='bbox 600 4571 653 4625; x_wconf 88' lang='lat'><strong>9.</strong></span> <span class='ocrx_word' id='word_1_550' title='bbox 1449 4618 1453 4623; x_wconf 86' lang='lat'><strong>.</strong></span> 
     </span>
    </p>
   </div>
   <div class='ocr_carea' id='block_1_75' title="bbox 530 4635 2031 4707">
    <p class='ocr_par' dir='ltr' id='par_1_75' title="bbox 530 4635 2031 4707">
     <span class='ocr_line' id='line_1_76' title="bbox 530 4635 2031 4707; baseline 0.001 -16"><span class='ocrx_word' id='word_1_551' title='bbox 530 4644 554 4682; x_wconf 74' lang='grc'><strong>8</strong></span> <span class='ocrx_word' id='word_1_552' title='bbox 592 4636 923 4693; x_wconf 83' lang='lat' dir='ltr'><strong>Voluntatem</strong></span> <span class='ocrx_word' id='word_1_553' title='bbox 962 4635 1225 4707; x_wconf 76' lang='lat' dir='ltr'><strong>propriam</strong></span> <span class='ocrx_word' id='word_1_554' title='bbox 1257 4636 1422 4691; x_wconf 88' lang='lat' dir='ltr'><strong>odire.</strong></span> <span class='ocrx_word' id='word_1_555' title='bbox 1466 4636 1645 4701; x_wconf 87' lang='lat' dir='ltr'><strong>0dire,</strong></span> <span class='ocrx_word' id='word_1_556' title='bbox 1678 4654 1776 4707; x_wconf 86' lang='lat' dir='ltr'><strong>pro</strong></span> <span class='ocrx_word' id='word_1_557' title='bbox 1815 4638 1985 4692; x_wconf 79' lang='lat' dir='ltr'><strong>odisse</strong></span> <span class='ocrx_word' id='word_1_558' title='bbox 2019 4658 2031 4693; x_wconf 89' lang='lat'><strong>:</strong></span> 
     </span>
    </p>
   </div>
   <div class='ocr_carea' id='block_1_76' title="bbox 455 4706 2033 4779">
    <p class='ocr_par' dir='ltr' id='par_1_76' title="bbox 455 4706 2033 4779">
     <span class='ocr_line' id='line_1_77' title="bbox 455 4706 2033 4779; baseline -0.001 -15"><span class='ocrx_word' id='word_1_559' title='bbox 455 4712 548 4764; x_wconf 86' lang='lat' dir='ltr'><strong>sed</strong></span> <span class='ocrx_word' id='word_1_560' title='bbox 576 4711 646 4779; x_wconf 81' lang='lat' dir='ltr'><strong>de</strong></span> <span class='ocrx_word' id='word_1_561' title='bbox 663 4710 763 4779; x_wconf 82' lang='lat' dir='ltr'><strong>bac</strong></span> <span class='ocrx_word' id='word_1_562' title='bbox 794 4722 852 4761; x_wconf 89' lang='lat' dir='ltr'><strong>re</strong></span> <span class='ocrx_word' id='word_1_563' title='bbox 878 4706 1121 4779; x_wconf 81' lang='lat' dir='ltr'><strong>inferius.</strong></span> <span class='ocrx_word' id='word_1_564' title='bbox 1154 4706 1211 4759; x_wconf 87' lang='lat' dir='ltr'><strong>In</strong></span> <span class='ocrx_word' id='word_1_565' title='bbox 1239 4707 1463 4779; x_wconf 86' lang='lat' dir='ltr'><strong>epistola</strong></span> <span class='ocrx_word' id='word_1_566' title='bbox 1496 4710 1551 4761; x_wconf 85' lang='lat' dir='ltr'><strong>S.</strong></span> <span class='ocrx_word' id='word_1_567' title='bbox 1581 4706 1873 4762; x_wconf 82' lang='lat' dir='ltr'><strong>Clementis</strong></span> <span class='ocrx_word' id='word_1_568' title='bbox 1900 4709 2033 4779; x_wconf 82' lang='lat' dir='ltr'><strong>legi-</strong></span> 
     </span>
    </p>
   </div>
   <div class='ocr_carea' id='block_1_77' title="bbox 459 4776 2037 4847">
    <p class='ocr_par' dir='ltr' id='par_1_77' title="bbox 459 4776 2037 4847">
     <span class='ocr_line' id='line_1_78' title="bbox 459 4776 2037 4847; baseline 0 -14"><span class='ocrx_word' id='word_1_569' title='bbox 459 4789 584 4833; x_wconf 86' lang='lat' dir='ltr'><strong>tur:</strong></span> <span class='ocrx_word' id='word_1_570' title='bbox 617 4777 720 4833; x_wconf 76' lang='lat' dir='ltr'><strong>Sed</strong></span> <span class='ocrx_word' id='word_1_571' title='bbox 755 4777 1018 4847; x_wconf 76' lang='lat' dir='ltr'><strong>propriam.</strong></span> <span class='ocrx_word' id='word_1_572' title='bbox 1064 4776 1304 4847; x_wconf 69' lang='lat' dir='ltr'><strong>frangere</strong></span> <span class='ocrx_word' id='word_1_573' title='bbox 1352 4777 1684 4847; x_wconf 82' lang='lat' dir='ltr'><strong>voluntatem.</strong></span> <span class='ocrx_word' id='word_1_574' title='bbox 1730 4779 1851 4833; x_wconf 89' lang='lat' dir='ltr'><strong>Illos</strong></span> <span class='ocrx_word' id='word_1_575' title='bbox 1877 4776 2037 4833; x_wconf 72' lang='lat' dir='ltr'><strong>veros</strong></span> 
     </span>
    </p>
   </div>
   <div class='ocr_carea' id='block_1_78' title="bbox 456 4845 2037 4917">
    <p class='ocr_par' dir='ltr' id='par_1_78' title="bbox 456 4845 2037 4917">
     <span class='ocr_line' id='line_1_79' title="bbox 456 4845 2037 4917; baseline -0.002 -13"><span class='ocrx_word' id='word_1_576' title='bbox 456 4864 578 4904; x_wconf 82' lang='lat' dir='ltr'><strong>esse</strong></span> <span class='ocrx_word' id='word_1_577' title='bbox 604 4845 895 4901; x_wconf 75' lang='lat' dir='ltr'><strong>monachus</strong></span> <span class='ocrx_word' id='word_1_578' title='bbox 924 4845 1178 4917; x_wconf 66' lang='lat' dir='ltr'><strong>praeclare</strong></span> <span class='ocrx_word' id='word_1_579' title='bbox 1215 4846 1428 4900; x_wconf 88' lang='lat' dir='ltr'><strong>dicebat</strong></span> <span class='ocrx_word' id='word_1_580' title='bbox 1479 4846 1536 4900; x_wconf 92' lang='grc'><strong>8.</strong></span> <span class='ocrx_word' id='word_1_581' title='bbox 1568 4845 1880 4917; x_wconf 80' lang='lat' dir='ltr'><strong>Fulgentius</strong></span> <span class='ocrx_word' id='word_1_582' title='bbox 1927 4848 2037 4901; x_wconf 81' lang='lat' dir='ltr'><strong>Ru-</strong></span> 
     </span>
    </p>
   </div>
   <div class='ocr_carea' id='block_1_79' title="bbox 457 4916 2037 4990">
    <p class='ocr_par' dir='ltr' id='par_1_79' title="bbox 457 4916 2037 4990">
     <span class='ocr_line' id='line_1_80' title="bbox 457 4916 2037 4990; baseline -0.001 -15"><span class='ocrx_word' id='word_1_583' title='bbox 457 4919 668 4990; x_wconf 83' lang='lat' dir='ltr'><strong>spensis</strong></span> <span class='ocrx_word' id='word_1_584' title='bbox 692 4916 1478 4990; x_wconf 36' lang='lat' dir='ltr'><strong>episcopus_qui-_mortiticatis</strong></span> <span class='ocrx_word' id='word_1_585' title='bbox 1506 4916 1872 4990; x_wconf 78' lang='lat' dir='ltr'><strong>voluntatibus</strong></span> <span class='ocrx_word' id='word_1_586' title='bbox 1925 4920 2037 4973; x_wconf 86' lang='lat' dir='ltr'><strong>suis</strong></span> 
     </span>
    </p>
   </div>
   <div class='ocr_carea' id='block_1_80' title="bbox 459 4984 2040 5058">
    <p class='ocr_par' dir='ltr' id='par_1_80' title="bbox 459 4984 2040 5058">
     <span class='ocr_line' id='line_1_81' title="bbox 459 4984 2040 5058; baseline 0 -16"><span class='ocrx_word' id='word_1_587' title='bbox 459 4984 633 5058; x_wconf 73' lang='lat' dir='ltr'><strong>parati</strong></span> <span class='ocrx_word' id='word_1_588' title='bbox 661 4984 844 5058; x_wconf 77' lang='lat' dir='ltr'><strong>essent</strong></span> <span class='ocrx_word' id='word_1_589' title='bbox 870 4984 1002 5058; x_wconf 78' lang='lat' dir='ltr'><strong>nihil</strong></span> <span class='ocrx_word' id='word_1_590' title='bbox 1033 4984 1187 5058; x_wconf 81' lang='lat' dir='ltr'><strong>velle,</strong></span> <span class='ocrx_word' id='word_1_591' title='bbox 1220 4985 1350 5039; x_wconf 84' lang='lat' dir='ltr'><strong>nihil</strong></span> <span class='ocrx_word' id='word_1_592' title='bbox 1375 4986 1532 5050; x_wconf 92' lang='lat' dir='ltr'><strong>nolle,</strong></span> <span class='ocrx_word' id='word_1_593' title='bbox 1578 4987 1671 5040; x_wconf 89' lang='lat' dir='ltr'><strong>sed</strong></span> <span class='ocrx_word' id='word_1_594' title='bbox 1693 4987 1903 5041; x_wconf 85' lang='lat' dir='ltr'><strong>abbatis</strong></span> <span class='ocrx_word' id='word_1_595' title='bbox 1929 4997 2040 5043; x_wconf 86' lang='lat' dir='ltr'><strong>tan-</strong></span> 
     </span>
    </p>
   </div>
   <div class='ocr_carea' id='block_1_81' title="bbox 460 5054 1673 5123">
    <p class='ocr_par' dir='ltr' id='par_1_81' title="bbox 460 5054 1673 5123">
     <span class='ocr_line' id='line_1_82' title="bbox 460 5054 1673 5123; baseline -0.005 -10"><span class='ocrx_word' id='word_1_596' title='bbox 460 5054 733 5113; x_wconf 74' lang='lat' dir='ltr'><strong>tummodo</strong></span> <span class='ocrx_word' id='word_1_597' title='bbox 762 5055 985 5111; x_wconf 88' lang='lat' dir='ltr'><strong>consilia</strong></span> <span class='ocrx_word' id='word_1_598' title='bbox 1016 5054 1101 5109; x_wconf 87' lang='lat' dir='ltr'><strong>vel</strong></span> <span class='ocrx_word' id='word_1_599' title='bbox 1136 5064 1402 5123; x_wconf 62' lang='lat' dir='ltr'><strong>prmeepta</strong></span> <span class='ocrx_word' id='word_1_600' title='bbox 1432 5071 1673 5110; x_wconf 90' lang='lat' dir='ltr'><strong>servare.</strong></span> 
     </span>
    </p>
   </div>
   <div class='ocr_carea' id='block_1_82' title="bbox 532 5124 2031 5195">
    <p class='ocr_par' dir='ltr' id='par_1_82' title="bbox 532 5124 2031 5195">
     <span class='ocr_line' id='line_1_83' title="bbox 532 5124 2031 5195; baseline -0.001 -15"><span class='ocrx_word' id='word_1_601' title='bbox 532 5130 557 5168; x_wconf 80' lang='lat' dir='ltr'><strong>b</strong></span> <span class='ocrx_word' id='word_1_602' title='bbox 592 5126 875 5195; x_wconf 66' lang='lat' dir='ltr'><strong>Pra&#39;ceptis</strong></span> <span class='ocrx_word' id='word_1_603' title='bbox 906 5126 1106 5195; x_wconf 64' lang='lat' dir='ltr'><strong>abbatis</strong></span> <span class='ocrx_word' id='word_1_604' title='bbox 1138 5127 1193 5177; x_wconf 91' lang='lat' dir='ltr'><strong>in</strong></span> <span class='ocrx_word' id='word_1_605' title='bbox 1215 5125 1452 5195; x_wconf 86' lang='lat' dir='ltr'><strong>omnibus</strong></span> <span class='ocrx_word' id='word_1_606' title='bbox 1481 5124 1705 5178; x_wconf 84' lang='lat' dir='ltr'><strong>obedire.</strong></span> <span class='ocrx_word' id='word_1_607' title='bbox 1739 5124 1795 5178; x_wconf 89' lang='lat' dir='ltr'><strong>In</strong></span> <span class='ocrx_word' id='word_1_608' title='bbox 1818 5124 2031 5194; x_wconf 90' lang='lat' dir='ltr'><strong>Capitu-</strong></span> 
     </span>
    </p>
   </div>
   <div class='ocr_carea' id='block_1_83' title="bbox 460 5192 2037 5265">
    <p class='ocr_par' dir='ltr' id='par_1_83' title="bbox 460 5192 2037 5265">
     <span class='ocr_line' id='line_1_84' title="bbox 460 5192 2037 5265; baseline -0.001 -13"><span class='ocrx_word' id='word_1_609' title='bbox 460 5198 560 5252; x_wconf 90' lang='lat' dir='ltr'><strong>lari</strong></span> <span class='ocrx_word' id='word_1_610' title='bbox 589 5192 921 5265; x_wconf 74' lang='lat' dir='ltr'><strong>&#39;l&#39;heodulphi</strong></span> <span class='ocrx_word' id='word_1_611' title='bbox 947 5192 1269 5265; x_wconf 24' lang='lat' dir='ltr'><strong>:kl’rwceptis</strong></span> <span class='ocrx_word' id='word_1_612' title='bbox 1298 5195 1582 5265; x_wconf 77' lang='lat' dir='ltr'><strong>sacerdotis</strong></span> <span class='ocrx_word' id='word_1_613' title='bbox 1615 5204 1661 5247; x_wconf 90' lang='lat' dir='ltr'><strong>et</strong></span> <span class='ocrx_word' id='word_1_614' title='bbox 1686 5192 2037 5264; x_wconf 63' lang='lat' dir='ltr'><strong>pra’ceptoris,</strong></span> 
     </span>
    </p>
   </div>
   <div class='ocr_carea' id='block_1_84' title="bbox 458 5262 2041 5335">
    <p class='ocr_par' dir='ltr' id='par_1_84' title="bbox 458 5262 2041 5335">
     <span class='ocr_line' id='line_1_85' title="bbox 458 5262 2041 5335; baseline -0.004 -12"><span class='ocrx_word' id='word_1_615' title='bbox 458 5277 567 5323; x_wconf 83' lang='lat' dir='ltr'><strong>etc.</strong></span> <span class='ocrx_word' id='word_1_616' title='bbox 599 5267 655 5321; x_wconf 90' lang='lat' dir='ltr'><strong>ln</strong></span> <span class='ocrx_word' id='word_1_617' title='bbox 684 5262 846 5335; x_wconf 56' lang='lat' dir='ltr'><strong>epist:</strong></span> <span class='ocrx_word' id='word_1_618' title='bbox 871 5262 927 5318; x_wconf 87' lang='lat' dir='ltr'><strong>S.</strong></span> <span class='ocrx_word' id='word_1_619' title='bbox 961 5262 1253 5335; x_wconf 71' lang='lat' dir='ltr'><strong>Clementis</strong></span> <span class='ocrx_word' id='word_1_620' title='bbox 1284 5280 1307 5335; x_wconf 11' lang='grc' dir='ltr'><strong>εξ</strong></span> <span class='ocrx_word' id='word_1_621' title='bbox 1336 5262 1529 5335; x_wconf 84' lang='lat' dir='ltr'><strong>Eorum</strong></span> <span class='ocrx_word' id='word_1_622' title='bbox 1557 5262 1825 5335; x_wconf 66' lang='lat' dir='ltr'><strong>parcentis</strong></span> <span class='ocrx_word' id='word_1_623' title='bbox 1852 5262 1905 5317; x_wconf 88' lang='lat' dir='ltr'><strong>in</strong></span> <span class='ocrx_word' id='word_1_624' title='bbox 1929 5282 2041 5318; x_wconf 50' lang='lat' dir='ltr'><strong>om‘</strong></span> 
     </span>
    </p>
   </div>
   <div class='ocr_carea' id='block_1_85' title="bbox 460 5331 2041 5403">
    <p class='ocr_par' dir='ltr' id='par_1_85' title="bbox 460 5331 2041 5403">
     <span class='ocr_line' id='line_1_86' title="bbox 460 5331 2041 5403; baseline -0.001 -13"><span class='ocrx_word' id='word_1_625' title='bbox 460 5339 612 5391; x_wconf 86' lang='lat' dir='ltr'><strong>nibus</strong></span> <span class='ocrx_word' id='word_1_626' title='bbox 643 5331 866 5397; x_wconf 73' lang='lat' dir='ltr'><strong>obedire,</strong></span> <span class='ocrx_word' id='word_1_627' title='bbox 914 5341 1040 5396; x_wconf 85' lang='lat' dir='ltr'><strong>etc.,</strong></span> <span class='ocrx_word' id='word_1_628' title='bbox 1089 5331 1337 5403; x_wconf 67' lang='lat' dir='ltr'><strong>intelligit</strong></span> <span class='ocrx_word' id='word_1_629' title='bbox 1373 5331 1700 5403; x_wconf 77' lang='lat' dir='ltr'><strong>episcopos,</strong></span> <span class='ocrx_word' id='word_1_630' title='bbox 1726 5331 1817 5387; x_wconf 55' lang='lat' dir='ltr'><strong>&#39;de</strong></span> <span class='ocrx_word' id='word_1_631' title='bbox 1845 5334 2041 5401; x_wconf 89' lang='lat' dir='ltr'><strong>quibus</strong></span> 
     </span>
    </p>
   </div>
   <div class='ocr_carea' id='block_1_86' title="bbox 461 5400 2038 5475">
    <p class='ocr_par' dir='ltr' id='par_1_86' title="bbox 461 5400 2038 5475">
     <span class='ocr_line' id='line_1_87' title="bbox 461 5400 2038 5475; baseline -0.001 -16"><span class='ocrx_word' id='word_1_632' title='bbox 461 5406 620 5475; x_wconf 88' lang='lat' dir='ltr'><strong>paulo</strong></span> <span class='ocrx_word' id='word_1_633' title='bbox 643 5412 769 5459; x_wconf 90' lang='lat' dir='ltr'><strong>ante</strong></span> <span class='ocrx_word' id='word_1_634' title='bbox 794 5403 1051 5475; x_wconf 68' lang='lat' dir='ltr'><strong>loquitur.</strong></span> <span class='ocrx_word' id='word_1_635' title='bbox 1088 5400 1193 5475; x_wconf 79' lang='lat' dir='ltr'><strong>sed</strong></span> <span class='ocrx_word' id='word_1_636' title='bbox 1222 5400 1441 5475; x_wconf 57' lang='lat' dir='ltr'><strong>satietas</strong></span> <span class='ocrx_word' id='word_1_637' title='bbox 1463 5400 1785 5475; x_wconf 73' lang='lat' dir='ltr'><strong>Benedictus</strong></span> <span class='ocrx_word' id='word_1_638' title='bbox 1809 5400 2038 5475; x_wconf 73' lang='lat' dir='ltr'><strong>mutavit</strong></span> 
     </span>
    </p>
   </div>
   <div class='ocr_carea' id='block_1_87' title="bbox 461 5470 2043 5542">
    <p class='ocr_par' dir='ltr' id='par_1_87' title="bbox 461 5470 2043 5542">
     <span class='ocr_line' id='line_1_88' title="bbox 461 5470 2043 5542; baseline -0.001 -15"><span class='ocrx_word' id='word_1_639' title='bbox 461 5470 778 5530; x_wconf 61' lang='lat' dir='ltr'><strong>vocabulum</strong></span> <span class='ocrx_word' id='word_1_640' title='bbox 803 5470 1211 5542; x_wconf 56' lang='lat' dir='ltr'><strong>SfClementis,</strong></span> <span class='ocrx_word' id='word_1_641' title='bbox 1230 5480 1285 5526; x_wconf 90' lang='lat' dir='ltr'><strong>et</strong></span> <span class='ocrx_word' id='word_1_642' title='bbox 1309 5471 1692 5542; x_wconf 78' lang='lat' dir='ltr'><strong>Theodulphus</strong></span> <span class='ocrx_word' id='word_1_643' title='bbox 1716 5472 1773 5526; x_wconf 88' lang='grc'><strong>8.</strong></span> <span class='ocrx_word' id='word_1_644' title='bbox 1808 5470 2043 5527; x_wconf 85' lang='lat' dir='ltr'><strong>Benedi-</strong></span> 
     </span>
    </p>
   </div>
   <div class='ocr_carea' id='block_1_88' title="bbox 462 5541 2038 5605">
    <p class='ocr_par' dir='ltr' id='par_1_88' title="bbox 462 5541 2038 5605">
     <span class='ocr_line' id='line_1_89' title="bbox 462 5541 2038 5605; baseline -0.001 -8"><span class='ocrx_word' id='word_1_645' title='bbox 462 5545 554 5598; x_wconf 86' lang='lat' dir='ltr'><strong>cti.</strong></span> <span class='ocrx_word' id='word_1_646' title='bbox 595 5544 685 5597; x_wconf 89' lang='lat' dir='ltr'><strong>llle</strong></span> <span class='ocrx_word' id='word_1_647' title='bbox 719 5552 778 5597; x_wconf 87' lang='lat' dir='ltr'><strong>ut</strong></span> <span class='ocrx_word' id='word_1_648' title='bbox 814 5544 927 5598; x_wconf 90' lang='lat' dir='ltr'><strong>suis</strong></span> <span class='ocrx_word' id='word_1_649' title='bbox 969 5541 1268 5605; x_wconf 85' lang='lat' dir='ltr'><strong>monachis,</strong></span> <span class='ocrx_word' id='word_1_650' title='bbox 1301 5542 1391 5597; x_wconf 86' lang='lat' dir='ltr'><strong>hic</strong></span> <span class='ocrx_word' id='word_1_651' title='bbox 1420 5550 1480 5597; x_wconf 91' lang='lat' dir='ltr'><strong>ut</strong></span> <span class='ocrx_word' id='word_1_652' title='bbox 1508 5542 1737 5597; x_wconf 86' lang='lat' dir='ltr'><strong>subditis</strong></span> <span class='ocrx_word' id='word_1_653' title='bbox 1771 5542 1886 5596; x_wconf 90' lang='lat' dir='ltr'><strong>suis</strong></span> <span class='ocrx_word' id='word_1_654' title='bbox 1912 5558 2038 5596; x_wconf 89' lang='lat' dir='ltr'><strong>sen-</strong></span> 
     </span>
    </p>
   </div>
   <div class='ocr_carea' id='block_1_89' title="bbox 464 5614 942 5681">
    <p class='ocr_par' dir='ltr' id='par_1_89' title="bbox 464 5614 942 5681">
     <span class='ocr_line' id='line_1_90' title="bbox 464 5614 942 5681; baseline -0.006 -14"><span class='ocrx_word' id='word_1_655' title='bbox 464 5614 615 5667; x_wconf 76' lang='lat' dir='ltr'><strong>tenti:</strong></span> <span class='ocrx_word' id='word_1_656' title='bbox 633 5628 686 5665; x_wconf 79' lang='lat' dir='ltr'><strong>nt</strong></span> <span class='ocrx_word' id='word_1_657' title='bbox 716 5621 942 5681; x_wconf 84' lang='lat' dir='ltr'><strong>aptaret.</strong></span> 
     </span>
    </p>
   </div>
   <div class='ocr_carea' id='block_1_90' title="bbox 540 5679 2041 5750">
    <p class='ocr_par' dir='ltr' id='par_1_90' title="bbox 540 5679 2041 5750">
     <span class='ocr_line' id='line_1_91' title="bbox 540 5679 2041 5750; baseline 0 -16"><span class='ocrx_word' id='word_1_658' title='bbox 540 5684 556 5724; x_wconf 77' lang='grc' dir='ltr'><strong>ἱ</strong></span> <span class='ocrx_word' id='word_1_659' title='bbox 602 5679 848 5735; x_wconf 76' lang='lat' dir='ltr'><strong>Memores</strong></span> <span class='ocrx_word' id='word_1_660' title='bbox 881 5682 1020 5734; x_wconf 85' lang='lat' dir='ltr'><strong>illius</strong></span> <span class='ocrx_word' id='word_1_661' title='bbox 1064 5680 1323 5750; x_wconf 83' lang='lat' dir='ltr'><strong>Dominici</strong></span> <span class='ocrx_word' id='word_1_662' title='bbox 1363 5681 1624 5750; x_wconf 71' lang='lat' dir='ltr'><strong>prmeepti.</strong></span> <span class='ocrx_word' id='word_1_663' title='bbox 1663 5681 1718 5735; x_wconf 85' lang='lat' dir='ltr'><strong>In</strong></span> <span class='ocrx_word' id='word_1_664' title='bbox 1747 5679 2041 5748; x_wconf 86' lang='lat' dir='ltr'><strong>Capitulari</strong></span> 
     </span>
    </p>
   </div>
   <div class='ocr_carea' id='block_1_91' title="bbox 469 5748 2038 5821">
    <p class='ocr_par' dir='ltr' id='par_1_91' title="bbox 469 5748 2038 5821">
     <span class='ocr_line' id='line_1_92' title="bbox 469 5748 2038 5821; baseline -0.003 -15"><span class='ocrx_word' id='word_1_665' title='bbox 469 5750 799 5818; x_wconf 72' lang='lat' dir='ltr'><strong>Theodulphi</strong></span> <span class='ocrx_word' id='word_1_666' title='bbox 826 5765 840 5802; x_wconf 90' lang='lat'><strong>:</strong></span> <span class='ocrx_word' id='word_1_667' title='bbox 872 5750 1124 5802; x_wconf 79' lang='lat' dir='ltr'><strong>Memores</strong></span> <span class='ocrx_word' id='word_1_668' title='bbox 1156 5748 1286 5801; x_wconf 85' lang='lat' dir='ltr'><strong>illud</strong></span> <span class='ocrx_word' id='word_1_669' title='bbox 1313 5748 1643 5803; x_wconf 65' lang='lat' dir='ltr'><strong>Dominit‘um</strong></span> <span class='ocrx_word' id='word_1_670' title='bbox 1683 5761 2038 5821; x_wconf 76' lang='lat' dir='ltr'><strong>pra’ceptum;</strong></span> 
     </span>
    </p>
   </div>
   <div class='ocr_carea' id='block_1_92' title="bbox 1193 3102 2096 3190">
    <p class='ocr_par' dir='ltr' id='par_1_92' title="bbox 1193 3102 2096 3190">
     <span class='ocr_line' id='line_1_93' title="bbox 1193 3102 2096 3190; baseline 0.003 -34"><span class='ocrx_word' id='word_1_671' title='bbox 1193 3104 1375 3190; x_wconf 77' lang='lat' dir='ltr'><strong>omilia</strong></span> <span class='ocrx_word' id='word_1_672' title='bbox 1428 3105 1480 3190; x_wconf 73' lang='lat' dir='ltr'><strong>in</strong></span> <span class='ocrx_word' id='word_1_673' title='bbox 1528 3102 1657 3190; x_wconf 52' lang='lat' dir='ltr'><strong>illud</strong></span> <span class='ocrx_word' id='word_1_674' title='bbox 1706 3105 2021 3190; x_wconf 59' lang='lat' dir='ltr'><strong>Evangelii:</strong></span> <span class='ocrx_word' id='word_1_675' title='bbox 2052 3128 2096 3190; x_wconf 69' lang='grc' dir='ltr'><strong>ρ</strong></span> 
     </span>
    </p>
   </div>
   <div class='ocr_carea' id='block_1_93' title="bbox 2061 4467 2112 4527">
    <p class='ocr_par' dir='ltr' id='par_1_93' title="bbox 2061 4467 2112 4527">
     <span class='ocr_line' id='line_1_94' title="bbox 2061 4467 2112 4527; baseline 0 0"><span class='ocrx_word' id='word_1_676' title='bbox 2061 4467 2112 4527; x_wconf 88' lang='lat' dir='ltr'><strong>D</strong></span> 
     </span>
    </p>
   </div>
   <div class='ocr_carea' id='block_1_94' title="bbox 2120 1844 3665 1915">
    <p class='ocr_par' dir='ltr' id='par_1_94' title="bbox 2120 1844 3665 1915">
     <span class='ocr_line' id='line_1_95' title="bbox 2120 1844 3665 1915; baseline -0.001 -15"><span class='ocrx_word' id='word_1_677' title='bbox 2120 1862 2245 1900; x_wconf 89' lang='lat' dir='ltr'><strong>vum</strong></span> <span class='ocrx_word' id='word_1_678' title='bbox 2269 1844 2423 1912; x_wconf 77' lang='lat' dir='ltr'><strong>juxta</strong></span> <span class='ocrx_word' id='word_1_679' title='bbox 2451 1844 2719 1915; x_wconf 75' lang='lat' dir='ltr'><strong>syntaxim</strong></span> <span class='ocrx_word' id='word_1_680' title='bbox 2743 1846 3022 1915; x_wconf 89' lang='lat' dir='ltr'><strong>sui_verbi.</strong></span> <span class='ocrx_word' id='word_1_681' title='bbox 3305 1844 3321 1848; x_wconf 69' lang='grc'>⁷</span> <span class='ocrx_word' id='word_1_682' title='bbox 3517 1844 3545 1850; x_wconf 70' lang='grc'><strong><em>“</em></strong></span> <span class='ocrx_word' id='word_1_683' title='bbox 3660 1878 3665 1881; x_wconf 77' lang='lat'><strong><em>~</em></strong></span> 
     </span>
    </p>
   </div>
   <div class='ocr_carea' id='block_1_95' title="bbox 2196 1915 3713 1991">
    <p class='ocr_par' dir='ltr' id='par_1_95' title="bbox 2196 1915 3713 1991">
     <span class='ocr_line' id='line_1_96' title="bbox 2196 1915 3713 1991; baseline 0.006 -25"><span class='ocrx_word' id='word_1_684' title='bbox 2196 1915 2208 1966; x_wconf 87' lang='lat' dir='ltr'><strong>i</strong></span> <span class='ocrx_word' id='word_1_685' title='bbox 2245 1916 2531 1991; x_wconf 20' lang='lat' dir='ltr'><strong>Sediprius.</strong></span> <span class='ocrx_word' id='word_1_686' title='bbox 2549 1932 2660 1991; x_wconf 78' lang='lat' dir='ltr'><strong>esse</strong></span> <span class='ocrx_word' id='word_1_687' title='bbox 2687 1915 3270 1991; x_wconf 12' lang='lat' dir='ltr'><strong>quodueriusgdicatur.</strong></span> <span class='ocrx_word' id='word_1_688' title='bbox 3310 1920 3387 1991; x_wconf 83' lang='lat' dir='ltr'><strong>Ita</strong></span> <span class='ocrx_word' id='word_1_689' title='bbox 3425 1921 3478 1974; x_wconf 89' lang='lat' dir='ltr'><strong>in</strong></span> <span class='ocrx_word' id='word_1_690' title='bbox 3508 1920 3713 1991; x_wconf 80' lang='lat' dir='ltr'><strong>Regula</strong></span> 
     </span>
    </p>
   </div>
   <div class='ocr_carea' id='block_1_96' title="bbox 2121 1984 3710 2057">
    <p class='ocr_par' dir='ltr' id='par_1_96' title="bbox 2121 1984 3710 2057">
     <span class='ocr_line' id='line_1_97' title="bbox 2121 1984 3710 2057; baseline 0.005 -17"><span class='ocrx_word' id='word_1_691' title='bbox 2121 1984 2385 2057; x_wconf 78' lang='lat' dir='ltr'><strong>Magistri,</strong></span> <span class='ocrx_word' id='word_1_692' title='bbox 2416 1985 2470 2038; x_wconf 93' lang='lat' dir='ltr'><strong>in</strong></span> <span class='ocrx_word' id='word_1_693' title='bbox 2493 1984 2787 2057; x_wconf 71' lang='lat' dir='ltr'><strong>Capitulari</strong></span> <span class='ocrx_word' id='word_1_694' title='bbox 2805 1986 3158 2057; x_wconf 89' lang='lat' dir='ltr'><strong>Theodulphi,</strong></span> <span class='ocrx_word' id='word_1_695' title='bbox 3183 1990 3322 2057; x_wconf 84' lang='lat' dir='ltr'><strong>apud</strong></span> <span class='ocrx_word' id='word_1_696' title='bbox 3340 1984 3710 2049; x_wconf 66' lang='lat' dir='ltr'><strong>Ruthardinn.</strong></span> 
     </span>
    </p>
   </div>
   <div class='ocr_carea' id='block_1_97' title="bbox 2122 2055 3714 2121">
    <p class='ocr_par' dir='ltr' id='par_1_97' title="bbox 2122 2055 3714 2121">
     <span class='ocr_line' id='line_1_98' title="bbox 2122 2055 3714 2121; baseline 0.003 -11"><span class='ocrx_word' id='word_1_697' title='bbox 2122 2056 2502 2120; x_wconf 86' lang='lat' dir='ltr'><strong>Trithemium,</strong></span> <span class='ocrx_word' id='word_1_698' title='bbox 2553 2055 2611 2109; x_wconf 86' lang='grc'><strong>8.</strong></span> <span class='ocrx_word' id='word_1_699' title='bbox 2661 2055 3017 2121; x_wconf 88' lang='lat' dir='ltr'><strong>Dunstanum,</strong></span> <span class='ocrx_word' id='word_1_700' title='bbox 3049 2055 3105 2111; x_wconf 85' lang='lat' dir='ltr'><strong>in</strong></span> <span class='ocrx_word' id='word_1_701' title='bbox 3131 2055 3249 2113; x_wconf 82' lang='lat' dir='ltr'><strong>cod.</strong></span> <span class='ocrx_word' id='word_1_702' title='bbox 3282 2076 3413 2115; x_wconf 90' lang='lat' dir='ltr'><strong>mss.</strong></span> <span class='ocrx_word' id='word_1_703' title='bbox 3447 2062 3508 2115; x_wconf 92' lang='grc'><strong>8.</strong></span> <span class='ocrx_word' id='word_1_704' title='bbox 3550 2061 3714 2115; x_wconf 85' lang='lat' dir='ltr'><strong>Faro-</strong></span> 
     </span>
    </p>
   </div>
   <div class='ocr_carea' id='block_1_98' title="bbox 2121 2126 3713 2200">
    <p class='ocr_par' dir='ltr' id='par_1_98' title="bbox 2121 2126 3713 2200">
     <span class='ocr_line' id='line_1_99' title="bbox 2121 2126 3713 2200; baseline 0.003 -21"><span class='ocrx_word' id='word_1_705' title='bbox 2121 2127 2479 2200; x_wconf 79' lang='lat' dir='ltr'><strong>nis,_Vict._p.</strong></span> <span class='ocrx_word' id='word_1_706' title='bbox 2510 2135 2565 2180; x_wconf 89' lang='lat' dir='ltr'><strong>et</strong></span> <span class='ocrx_word' id='word_1_707' title='bbox 2591 2126 2645 2180; x_wconf 89' lang='lat' dir='ltr'><strong>in</strong></span> <span class='ocrx_word' id='word_1_708' title='bbox 2670 2134 2900 2195; x_wconf 88' lang='lat' dir='ltr'><strong>utroque</strong></span> <span class='ocrx_word' id='word_1_709' title='bbox 2924 2126 2988 2200; x_wconf 77' lang='lat' dir='ltr'><strong>_S.</strong></span> <span class='ocrx_word' id='word_1_710' title='bbox 3015 2127 3271 2200; x_wconf 85' lang='lat' dir='ltr'><strong>Germani</strong></span> <span class='ocrx_word' id='word_1_711' title='bbox 3297 2146 3311 2196; x_wconf 93' lang='lat'>;</span> <span class='ocrx_word' id='word_1_712' title='bbox 3337 2146 3459 2200; x_wconf 64' lang='lat' dir='ltr'><strong>quae</strong></span> <span class='ocrx_word' id='word_1_713' title='bbox 3493 2132 3713 2200; x_wconf 84' lang='lat' dir='ltr'><strong>quidem</strong></span> 
     </span>
    </p>
   </div>
   <div class='ocr_carea' id='block_1_99' title="bbox 2121 2196 3712 2265">
    <p class='ocr_par' dir='ltr' id='par_1_99' title="bbox 2121 2196 3712 2265">
     <span class='ocr_line' id='line_1_100' title="bbox 2121 2196 3712 2265; baseline 0.003 -15"><span class='ocrx_word' id='word_1_714' title='bbox 2121 2196 2283 2251; x_wconf 90' lang='lat' dir='ltr'><strong>lectio</strong></span> <span class='ocrx_word' id='word_1_715' title='bbox 2311 2196 2514 2263; x_wconf 83' lang='lat' dir='ltr'><strong>Optima</strong></span> <span class='ocrx_word' id='word_1_716' title='bbox 2548 2204 2668 2251; x_wconf 90' lang='lat' dir='ltr'><strong>est:</strong></span> <span class='ocrx_word' id='word_1_717' title='bbox 2707 2204 2761 2249; x_wconf 87' lang='lat' dir='ltr'><strong>ut</strong></span> <span class='ocrx_word' id='word_1_718' title='bbox 2792 2198 3104 2265; x_wconf 68' lang='lat' dir='ltr'><strong>prazdicatio</strong></span> <span class='ocrx_word' id='word_1_719' title='bbox 3150 2198 3239 2253; x_wconf 91' lang='lat' dir='ltr'><strong>illa</strong></span> <span class='ocrx_word' id='word_1_720' title='bbox 3271 2196 3584 2255; x_wconf 76' lang='lat' dir='ltr'><strong>sanctitaiis</strong></span> <span class='ocrx_word' id='word_1_721' title='bbox 3609 2219 3712 2256; x_wconf 83' lang='lat' dir='ltr'><strong>non</strong></span> 
     </span>
    </p>
   </div>
   <div class='ocr_carea' id='block_1_100' title="bbox 2120 2266 3712 2334">
    <p class='ocr_par' dir='ltr' id='par_1_100' title="bbox 2120 2266 3712 2334">
     <span class='ocr_line' id='line_1_101' title="bbox 2120 2266 3712 2334; baseline 0.003 -13"><span class='ocrx_word' id='word_1_722' title='bbox 2120 2267 2192 2321; x_wconf 88' lang='lat' dir='ltr'><strong>sit</strong></span> <span class='ocrx_word' id='word_1_723' title='bbox 2219 2280 2385 2321; x_wconf 89' lang='lat' dir='ltr'><strong>causa</strong></span> <span class='ocrx_word' id='word_1_724' title='bbox 2415 2266 2591 2321; x_wconf 85' lang='lat' dir='ltr'><strong>[inalis</strong></span> <span class='ocrx_word' id='word_1_725' title='bbox 2638 2281 2759 2334; x_wconf 72' lang='lat' dir='ltr'><strong>qua:</strong></span> <span class='ocrx_word' id='word_1_726' title='bbox 2801 2282 2898 2321; x_wconf 91' lang='lat' dir='ltr'><strong>nos</strong></span> <span class='ocrx_word' id='word_1_727' title='bbox 2944 2278 3157 2323; x_wconf 85' lang='lat' dir='ltr'><strong>moveat</strong></span> <span class='ocrx_word' id='word_1_728' title='bbox 3184 2271 3251 2323; x_wconf 88' lang='lat' dir='ltr'><strong>ad</strong></span> <span class='ocrx_word' id='word_1_729' title='bbox 3295 2272 3712 2326; x_wconf 85' lang='lat' dir='ltr'><strong>sanctimoniam</strong></span> 
     </span>
    </p>
   </div>
   <div class='ocr_carea' id='block_1_101' title="bbox 2122 2336 3709 2408">
    <p class='ocr_par' dir='ltr' id='par_1_101' title="bbox 2122 2336 3709 2408">
     <span class='ocr_line' id='line_1_102' title="bbox 2122 2336 3709 2408; baseline 0.003 -19"><span class='ocrx_word' id='word_1_730' title='bbox 2122 2336 2528 2408; x_wconf 76' lang='lat' dir='ltr'><strong>acquirendam,</strong></span> <span class='ocrx_word' id='word_1_731' title='bbox 2578 2337 2673 2390; x_wconf 89' lang='lat' dir='ltr'><strong>sed</strong></span> <span class='ocrx_word' id='word_1_732' title='bbox 2717 2346 2923 2390; x_wconf 87' lang='lat' dir='ltr'><strong>tantum</strong></span> <span class='ocrx_word' id='word_1_733' title='bbox 2971 2341 3355 2408; x_wconf 80' lang='lat' dir='ltr'><strong>consequentia</strong></span> <span class='ocrx_word' id='word_1_734' title='bbox 3407 2343 3474 2395; x_wconf 88' lang='lat' dir='ltr'><strong>ad</strong></span> <span class='ocrx_word' id='word_1_735' title='bbox 3514 2342 3709 2396; x_wconf 89' lang='lat' dir='ltr'><strong>illam:</strong></span> 
     </span>
    </p>
   </div>
   <div class='ocr_carea' id='block_1_102' title="bbox 2125 2406 3713 2466">
    <p class='ocr_par' dir='ltr' id='par_1_102' title="bbox 2125 2406 3713 2466">
     <span class='ocr_line' id='line_1_103' title="bbox 2125 2406 3713 2466; baseline 0.004 -7"><span class='ocrx_word' id='word_1_736' title='bbox 2125 2422 2251 2459; x_wconf 89' lang='lat' dir='ltr'><strong>nam</strong></span> <span class='ocrx_word' id='word_1_737' title='bbox 2281 2406 2423 2459; x_wconf 81' lang='lat' dir='ltr'><strong>fama</strong></span> <span class='ocrx_word' id='word_1_738' title='bbox 2445 2415 2500 2461; x_wconf 88' lang='lat' dir='ltr'><strong>et</strong></span> <span class='ocrx_word' id='word_1_739' title='bbox 2525 2420 2720 2460; x_wconf 86' lang='lat' dir='ltr'><strong>nomen</strong></span> <span class='ocrx_word' id='word_1_740' title='bbox 2751 2421 2816 2459; x_wconf 82' lang='lat' dir='ltr'><strong>ex</strong></span> <span class='ocrx_word' id='word_1_741' title='bbox 2854 2406 3211 2463; x_wconf 82' lang='lat' dir='ltr'><strong>sanctimonia</strong></span> <span class='ocrx_word' id='word_1_742' title='bbox 3243 2411 3516 2465; x_wconf 90' lang='lat' dir='ltr'><strong>oriuntur.</strong></span> <span class='ocrx_word' id='word_1_743' title='bbox 3564 2412 3713 2466; x_wconf 80' lang='lat' dir='ltr'><strong>Unde</strong></span> 
     </span>
    </p>
   </div>
   <div class='ocr_carea' id='block_1_103' title="bbox 2123 2475 3711 2537">
    <p class='ocr_par' dir='ltr' id='par_1_103' title="bbox 2123 2475 3711 2537">
     <span class='ocr_line' id='line_1_104' title="bbox 2123 2475 3711 2537; baseline 0.003 -7"><span class='ocrx_word' id='word_1_744' title='bbox 2123 2475 2436 2530; x_wconf 80' lang='lat' dir='ltr'><strong>Ruthardus</strong></span> <span class='ocrx_word' id='word_1_745' title='bbox 2470 2476 2587 2529; x_wconf 89' lang='lat' dir='ltr'><strong>ait:</strong></span> <span class='ocrx_word' id='word_1_746' title='bbox 2644 2495 2662 2527; x_wconf 83' lang='grc' dir='ltr'><strong>ι</strong></span> <span class='ocrx_word' id='word_1_747' title='bbox 2702 2475 2808 2529; x_wconf 89' lang='lat' dir='ltr'><strong>Sed</strong></span> <span class='ocrx_word' id='word_1_748' title='bbox 2855 2477 2901 2531; x_wconf 90' lang='lat' dir='ltr'><strong>si</strong></span> <span class='ocrx_word' id='word_1_749' title='bbox 2951 2477 3091 2532; x_wconf 80' lang='lat' dir='ltr'><strong>forte</strong></span> <span class='ocrx_word' id='word_1_750' title='bbox 3138 2480 3256 2534; x_wconf 89' lang='lat' dir='ltr'><strong>sine</strong></span> <span class='ocrx_word' id='word_1_751' title='bbox 3303 2481 3589 2537; x_wconf 89' lang='lat' dir='ltr'><strong>voluntate</strong></span> <span class='ocrx_word' id='word_1_752' title='bbox 3618 2498 3711 2535; x_wconf 85' lang='lat' dir='ltr'><strong>sua</strong></span> 
     </span>
    </p>
   </div>
   <div class='ocr_carea' id='block_1_104' title="bbox 2122 2545 3708 2621">
    <p class='ocr_par' dir='ltr' id='par_1_104' title="bbox 2122 2545 3708 2621">
     <span class='ocr_line' id='line_1_105' title="bbox 2122 2545 3708 2621; baseline 0.004 -24"><span class='ocrx_word' id='word_1_753' title='bbox 2122 2546 2288 2621; x_wconf 53' lang='lat' dir='ltr'><strong>[uenit</strong></span> <span class='ocrx_word' id='word_1_754' title='bbox 2322 2545 2550 2621; x_wconf 74' lang='lat' dir='ltr'><strong>dictum,</strong></span> <span class='ocrx_word' id='word_1_755' title='bbox 2579 2545 2761 2621; x_wconf 82' lang='lat' dir='ltr'><strong>verius</strong></span> <span class='ocrx_word' id='word_1_756' title='bbox 2784 2546 3015 2621; x_wconf 78' lang='lat' dir='ltr'><strong>dicatur.</strong></span> <span class='ocrx_word' id='word_1_757' title='bbox 3050 2568 3066 2600; x_wconf 78' lang='grc' dir='ltr'><strong>ι</strong></span> <span class='ocrx_word' id='word_1_758' title='bbox 3089 2547 3302 2621; x_wconf 42' lang='lat' dir='ltr'><strong>fulgo,</strong></span> <span class='ocrx_word' id='word_1_759' title='bbox 3340 2559 3399 2621; x_wconf 82' lang='lat' dir='ltr'><strong>ut</strong></span> <span class='ocrx_word' id='word_1_760' title='bbox 3448 2553 3502 2606; x_wconf 90' lang='lat' dir='ltr'><strong>in</strong></span> <span class='ocrx_word' id='word_1_761' title='bbox 3553 2552 3708 2621; x_wconf 81' lang='lat' dir='ltr'><strong>epist.</strong></span> 
     </span>
    </p>
   </div>
   <div class='ocr_carea' id='block_1_105' title="bbox 2125 2614 3714 2686">
    <p class='ocr_par' dir='ltr' id='par_1_105' title="bbox 2125 2614 3714 2686">
     <span class='ocr_line' id='line_1_106' title="bbox 2125 2614 3714 2686; baseline 0.004 -18"><span class='ocrx_word' id='word_1_762' title='bbox 2125 2614 2183 2669; x_wconf 90' lang='lat' dir='ltr'><strong>S.</strong></span> <span class='ocrx_word' id='word_1_763' title='bbox 2215 2614 2508 2670; x_wconf 90' lang='lat' dir='ltr'><strong>Clementis</strong></span> <span class='ocrx_word' id='word_1_764' title='bbox 2530 2614 2748 2684; x_wconf 85' lang='lat' dir='ltr'><strong>legitur,</strong></span> <span class='ocrx_word' id='word_1_765' title='bbox 2787 2625 2840 2686; x_wconf 82' lang='lat' dir='ltr'><strong>ut</strong></span> <span class='ocrx_word' id='word_1_766' title='bbox 2866 2617 3035 2671; x_wconf 86' lang='lat' dir='ltr'><strong>verius</strong></span> <span class='ocrx_word' id='word_1_767' title='bbox 3065 2614 3290 2672; x_wconf 70' lang='lat' dir='ltr'><strong>dicatur.</strong></span> <span class='ocrx_word' id='word_1_768' title='bbox 3324 2619 3495 2686; x_wconf 88' lang='lat' dir='ltr'><strong>Quam</strong></span> <span class='ocrx_word' id='word_1_769' title='bbox 3532 2614 3714 2676; x_wconf 73' lang='lat' dir='ltr'><strong>lectio-</strong></span> 
     </span>
    </p>
   </div>
   <div class='ocr_carea' id='block_1_106' title="bbox 2124 2685 3709 2760">
    <p class='ocr_par' dir='ltr' id='par_1_106' title="bbox 2124 2685 3709 2760">
     <span class='ocr_line' id='line_1_107' title="bbox 2124 2685 3709 2760; baseline 0.003 -22"><span class='ocrx_word' id='word_1_770' title='bbox 2124 2700 2272 2760; x_wconf 77' lang='lat' dir='ltr'><strong>nem,</strong></span> <span class='ocrx_word' id='word_1_771' title='bbox 2305 2686 2408 2760; x_wconf 76' lang='lat' dir='ltr'><strong>qui</strong></span> <span class='ocrx_word' id='word_1_772' title='bbox 2427 2686 2711 2760; x_wconf 84' lang='lat' dir='ltr'><strong>admittere</strong></span> <span class='ocrx_word' id='word_1_773' title='bbox 2739 2685 3081 2760; x_wconf 77' lang='lat' dir='ltr'><strong>volet,_dica_t,</strong></span> <span class='ocrx_word' id='word_1_774' title='bbox 3104 2705 3325 2744; x_wconf 88' lang='lat' dir='ltr'><strong>necesse</strong></span> <span class='ocrx_word' id='word_1_775' title='bbox 3338 2685 3443 2755; x_wconf 83' lang='lat' dir='ltr'><strong>est,</strong></span> <span class='ocrx_word' id='word_1_776' title='bbox 3469 2693 3709 2760; x_wconf 84' lang='lat' dir='ltr'><strong>particu-</strong></span> 
     </span>
    </p>
   </div>
   <div class='ocr_carea' id='block_1_107' title="bbox 2125 2754 3709 2825">
    <p class='ocr_par' dir='ltr' id='par_1_107' title="bbox 2125 2754 3709 2825">
     <span class='ocr_line' id='line_1_108' title="bbox 2125 2754 3709 2825; baseline 0.004 -18"><span class='ocrx_word' id='word_1_777' title='bbox 2125 2754 2231 2808; x_wconf 87' lang='lat' dir='ltr'><strong>lam</strong></span> <span class='ocrx_word' id='word_1_778' title='bbox 2284 2765 2341 2808; x_wconf 77' lang='grc' dir='ltr'><strong>ιιι</strong></span> <span class='ocrx_word' id='word_1_779' title='bbox 2395 2755 2497 2810; x_wconf 90' lang='lat' dir='ltr'><strong>hoc</strong></span> <span class='ocrx_word' id='word_1_780' title='bbox 2541 2755 2660 2810; x_wconf 91' lang='lat' dir='ltr'><strong>loco</strong></span> <span class='ocrx_word' id='word_1_781' title='bbox 2707 2771 2812 2809; x_wconf 90' lang='lat' dir='ltr'><strong>non</strong></span> <span class='ocrx_word' id='word_1_782' title='bbox 2868 2756 3177 2823; x_wconf 77' lang='lat' dir='ltr'><strong>signiﬁcare</strong></span> <span class='ocrx_word' id='word_1_783' title='bbox 3221 2776 3439 2825; x_wconf 71' lang='lat' dir='ltr'><strong>causam</strong></span> <span class='ocrx_word' id='word_1_784' title='bbox 3469 2754 3709 2815; x_wconf 62' lang='lat' dir='ltr'><strong>&#39;tiualcm</strong></span> 
     </span>
    </p>
   </div>
   <div class='ocr_carea' id='block_1_108' title="bbox 2125 2825 3710 2900">
    <p class='ocr_par' dir='ltr' id='par_1_108' title="bbox 2125 2825 3710 2900">
     <span class='ocr_line' id='line_1_109' title="bbox 2125 2825 3710 2900; baseline 0.004 -22"><span class='ocrx_word' id='word_1_785' title='bbox 2125 2826 2385 2900; x_wconf 88' lang='lat' dir='ltr'><strong>(ineptum</strong></span> <span class='ocrx_word' id='word_1_786' title='bbox 2413 2825 2555 2879; x_wconf 69' lang='lat' dir='ltr'><strong>enim</strong></span> <span class='ocrx_word' id='word_1_787' title='bbox 2577 2832 2740 2889; x_wconf 83' lang='lat' dir='ltr'><strong>esset,</strong></span> <span class='ocrx_word' id='word_1_788' title='bbox 2766 2826 2828 2900; x_wconf 84' lang='lat' dir='ltr'><strong>__si</strong></span> <span class='ocrx_word' id='word_1_789' title='bbox 2858 2827 2979 2900; x_wconf 85' lang='lat' dir='ltr'><strong>quis</strong></span> <span class='ocrx_word' id='word_1_790' title='bbox 3005 2826 3161 2900; x_wconf 65' lang='lat' dir='ltr'><strong>fama:</strong></span> <span class='ocrx_word' id='word_1_791' title='bbox 3194 2830 3295 2883; x_wconf 87' lang='lat' dir='ltr'><strong>sibi</strong></span> <span class='ocrx_word' id='word_1_792' title='bbox 3334 2832 3710 2900; x_wconf 70' lang='lat' dir='ltr'><strong>comparanda:</strong></span> 
     </span>
    </p>
   </div>
   <div class='ocr_carea' id='block_1_109' title="bbox 2124 2894 3709 2970">
    <p class='ocr_par' dir='ltr' id='par_1_109' title="bbox 2124 2894 3709 2970">
     <span class='ocr_line' id='line_1_110' title="bbox 2124 2894 3709 2970; baseline 0.003 -22"><span class='ocrx_word' id='word_1_793' title='bbox 2124 2894 2296 2965; x_wconf 82' lang='lat' dir='ltr'><strong>gratia</strong></span> <span class='ocrx_word' id='word_1_794' title='bbox 2319 2903 2540 2950; x_wconf 90' lang='lat' dir='ltr'><strong>sanctus</strong></span> <span class='ocrx_word' id='word_1_795' title='bbox 2559 2911 2676 2970; x_wconf 78' lang='lat' dir='ltr'><strong>esse</strong></span> <span class='ocrx_word' id='word_1_796' title='bbox 2695 2894 2898 2970; x_wconf 75' lang='lat' dir='ltr'><strong>vellet),</strong></span> <span class='ocrx_word' id='word_1_797' title='bbox 2924 2897 3017 2950; x_wconf 88' lang='lat' dir='ltr'><strong>sed</strong></span> <span class='ocrx_word' id='word_1_798' title='bbox 3039 2907 3247 2970; x_wconf 80' lang='lat' dir='ltr'><strong>tantum</strong></span> <span class='ocrx_word' id='word_1_799' title='bbox 3272 2894 3709 2970; x_wconf 76' lang='lat' dir='ltr'><strong>consequentiam</strong></span> 
     </span>
    </p>
   </div>
   <div class='ocr_carea' id='block_1_110' title="bbox 2125 2966 3707 3040">
    <p class='ocr_par' dir='ltr' id='par_1_110' title="bbox 2125 2966 3707 3040">
     <span class='ocr_line' id='line_1_111' title="bbox 2125 2966 3707 3040; baseline 0.002 -21"><span class='ocrx_word' id='word_1_800' title='bbox 2125 2974 2369 3040; x_wconf 70' lang='lat' dir='ltr'><strong>eventus,</strong></span> <span class='ocrx_word' id='word_1_801' title='bbox 2397 2966 2848 3040; x_wconf 72' lang='lat' dir='ltr'><strong>quemadmodum</strong></span> <span class='ocrx_word' id='word_1_802' title='bbox 2866 2982 3005 3040; x_wconf 69' lang='lat' dir='ltr'><strong>saepe</strong></span> <span class='ocrx_word' id='word_1_803' title='bbox 3036 2968 3088 3040; x_wconf 79' lang='lat' dir='ltr'><strong>in</strong></span> <span class='ocrx_word' id='word_1_804' title='bbox 3116 2969 3407 3040; x_wconf 63' lang='lat' dir='ltr'><strong>Evangelia</strong></span> <span class='ocrx_word' id='word_1_805' title='bbox 3446 2966 3707 3040; x_wconf 79' lang='lat' dir='ltr'><strong>occurrit,</strong></span> 
     </span>
    </p>
   </div>
   <div class='ocr_carea' id='block_1_111' title="bbox 2126 3034 3711 3107">
    <p class='ocr_par' dir='ltr' id='par_1_111' title="bbox 2126 3034 3711 3107">
     <span class='ocr_line' id='line_1_112' title="bbox 2126 3034 3711 3107; baseline 0.003 -18"><span class='ocrx_word' id='word_1_806' title='bbox 2126 3044 2188 3089; x_wconf 88' lang='lat' dir='ltr'><strong>ut</strong></span> <span class='ocrx_word' id='word_1_807' title='bbox 2207 3034 2363 3089; x_wconf 83' lang='lat' dir='ltr'><strong>Joan.</strong></span> <span class='ocrx_word' id='word_1_808' title='bbox 2394 3034 2486 3089; x_wconf 61' lang='lat' dir='ltr'><strong>six</strong></span> <span class='ocrx_word' id='word_1_809' title='bbox 2523 3053 2534 3089; x_wconf 92' lang='lat'><strong>:</strong></span> <span class='ocrx_word' id='word_1_810' title='bbox 2564 3045 2619 3089; x_wconf 85' lang='lat' dir='ltr'><strong>ut</strong></span> <span class='ocrx_word' id='word_1_811' title='bbox 2648 3034 2919 3107; x_wconf 83' lang='lat' dir='ltr'><strong>Scriptura</strong></span> <span class='ocrx_word' id='word_1_812' title='bbox 2941 3034 3250 3107; x_wconf 82' lang='lat' dir='ltr'><strong>impleretur</strong></span> <span class='ocrx_word' id='word_1_813' title='bbox 3269 3034 3482 3093; x_wconf 75' lang='lat' dir='ltr'><strong>dicens:</strong></span> <span class='ocrx_word' id='word_1_814' title='bbox 3517 3039 3711 3093; x_wconf 82' lang='lat' dir='ltr'><strong>Partiti</strong></span> 
     </span>
    </p>
   </div>
   <div class='ocr_carea' id='block_1_112' title="bbox 2127 3105 3712 3176">
    <p class='ocr_par' dir='ltr' id='par_1_112' title="bbox 2127 3105 3712 3176">
     <span class='ocr_line' id='line_1_113' title="bbox 2127 3105 3712 3176; baseline 0.003 -17"><span class='ocrx_word' id='word_1_815' title='bbox 2127 3115 2248 3159; x_wconf 84' lang='lat' dir='ltr'><strong>sunt</strong></span> <span class='ocrx_word' id='word_1_816' title='bbox 2274 3107 2736 3176; x_wconf 80' lang='lat' dir='ltr'><strong>uestimenta__mea</strong></span> <span class='ocrx_word' id='word_1_817' title='bbox 2765 3105 2883 3171; x_wconf 85' lang='lat' dir='ltr'><strong>sibi,</strong></span> <span class='ocrx_word' id='word_1_818' title='bbox 2925 3116 2973 3159; x_wconf 91' lang='lat' dir='ltr'><strong>et</strong></span> <span class='ocrx_word' id='word_1_819' title='bbox 2998 3105 3154 3176; x_wconf 79' lang='lat' dir='ltr'><strong>super</strong></span> <span class='ocrx_word' id='word_1_820' title='bbox 3178 3118 3364 3162; x_wconf 79' lang='lat' dir='ltr'><strong>vestem</strong></span> <span class='ocrx_word' id='word_1_821' title='bbox 3402 3127 3574 3163; x_wconf 86' lang='lat' dir='ltr'><strong>meam</strong></span> <span class='ocrx_word' id='word_1_822' title='bbox 3618 3111 3712 3163; x_wconf 87' lang='lat' dir='ltr'><strong>mi-</strong></span> 
     </span>
    </p>
   </div>
   <div class='ocr_carea' id='block_1_113' title="bbox 2126 3174 3713 3235">
    <p class='ocr_par' dir='ltr' id='par_1_113' title="bbox 2126 3174 3713 3235">
     <span class='ocr_line' id='line_1_114' title="bbox 2126 3174 3713 3235; baseline 0.003 -6"><span class='ocrx_word' id='word_1_823' title='bbox 2126 3184 2305 3229; x_wconf 88' lang='lat' dir='ltr'><strong>serunt</strong></span> <span class='ocrx_word' id='word_1_824' title='bbox 2331 3185 2541 3229; x_wconf 84' lang='lat' dir='ltr'><strong>sortem.</strong></span> <span class='ocrx_word' id='word_1_825' title='bbox 2581 3174 2696 3229; x_wconf 89' lang='lat' dir='ltr'><strong>Non</strong></span> <span class='ocrx_word' id='word_1_826' title='bbox 2718 3177 2860 3229; x_wconf 88' lang='lat' dir='ltr'><strong>enim</strong></span> <span class='ocrx_word' id='word_1_827' title='bbox 2892 3177 3005 3231; x_wconf 75' lang='lat' dir='ltr'><strong>hmc</strong></span> <span class='ocrx_word' id='word_1_828' title='bbox 3041 3174 3488 3235; x_wconf 77' lang='lat' dir='ltr'><strong>vestimentorum</strong></span> <span class='ocrx_word' id='word_1_829' title='bbox 3511 3180 3713 3234; x_wconf 88' lang='lat' dir='ltr'><strong>Christi</strong></span> 
     </span>
    </p>
   </div>
   <div class='ocr_carea' id='block_1_114' title="bbox 2164 3244 3714 3318">
    <p class='ocr_par' dir='ltr' id='par_1_114' title="bbox 2164 3244 3714 3318">
     <span class='ocr_line' id='line_1_115' title="bbox 2164 3244 3714 3318; baseline 0.005 -21"><span class='ocrx_word' id='word_1_830' title='bbox 2164 3245 2369 3318; x_wconf 80' lang='lat' dir='ltr'><strong>artitio,</strong></span> <span class='ocrx_word' id='word_1_831' title='bbox 2401 3254 2455 3299; x_wconf 84' lang='lat' dir='ltr'><strong>et</strong></span> <span class='ocrx_word' id='word_1_832' title='bbox 2474 3260 2599 3318; x_wconf 74' lang='lat' dir='ltr'><strong>sors</strong></span> <span class='ocrx_word' id='word_1_833' title='bbox 2618 3245 2672 3299; x_wconf 90' lang='lat' dir='ltr'><strong>in</strong></span> <span class='ocrx_word' id='word_1_834' title='bbox 2697 3244 2813 3311; x_wconf 88' lang='lat' dir='ltr'><strong>ejus</strong></span> <span class='ocrx_word' id='word_1_835' title='bbox 2842 3254 3048 3318; x_wconf 89' lang='lat' dir='ltr'><strong>vestem</strong></span> <span class='ocrx_word' id='word_1_836' title='bbox 3078 3249 3368 3317; x_wconf 87' lang='lat' dir='ltr'><strong>contigere,</strong></span> <span class='ocrx_word' id='word_1_837' title='bbox 3396 3251 3525 3318; x_wconf 90' lang='lat' dir='ltr'><strong>quia</strong></span> <span class='ocrx_word' id='word_1_838' title='bbox 3557 3251 3659 3304; x_wconf 92' lang='lat' dir='ltr'><strong>hoc</strong></span> <span class='ocrx_word' id='word_1_839' title='bbox 3684 3265 3714 3303; x_wconf 89' lang='lat' dir='ltr'><strong>a</strong></span> 
     </span>
    </p>
   </div>
   <div class='ocr_carea' id='block_1_115' title="bbox 2174 3314 3713 3387">
    <p class='ocr_par' dir='ltr' id='par_1_115' title="bbox 2174 3314 3713 3387">
     <span class='ocr_line' id='line_1_116' title="bbox 2174 3314 3713 3387; baseline 0.003 -19"><span class='ocrx_word' id='word_1_840' title='bbox 2174 3315 2325 3368; x_wconf 87' lang='lat' dir='ltr'><strong>avide</strong></span> <span class='ocrx_word' id='word_1_841' title='bbox 2345 3314 2659 3387; x_wconf 56' lang='lat' dir='ltr'><strong>praedictum</strong></span> <span class='ocrx_word' id='word_1_842' title='bbox 2678 3323 2782 3379; x_wconf 90' lang='lat' dir='ltr'><strong>est,</strong></span> <span class='ocrx_word' id='word_1_843' title='bbox 2804 3323 2937 3369; x_wconf 88' lang='lat' dir='ltr'><strong>etut</strong></span> <span class='ocrx_word' id='word_1_844' title='bbox 2958 3317 3072 3387; x_wconf 90' lang='lat' dir='ltr'><strong>ejus</strong></span> <span class='ocrx_word' id='word_1_845' title='bbox 3093 3314 3370 3387; x_wconf 77' lang='lat' dir='ltr'><strong>prophetia</strong></span> <span class='ocrx_word' id='word_1_846' title='bbox 3395 3314 3525 3373; x_wconf 72' lang='lat' dir='ltr'><strong>vera</strong></span> <span class='ocrx_word' id='word_1_847' title='bbox 3548 3327 3713 3385; x_wconf 87' lang='lat' dir='ltr'><strong>esset,</strong></span> 
     </span>
    </p>
   </div>
   <div class='ocr_carea' id='block_1_116' title="bbox 2128 3384 3711 3457">
    <p class='ocr_par' dir='ltr' id='par_1_116' title="bbox 2128 3384 3711 3457">
     <span class='ocr_line' id='line_1_117' title="bbox 2128 3384 3711 3457; baseline 0.003 -18"><span class='ocrx_word' id='word_1_848' title='bbox 2128 3394 2382 3454; x_wconf 85' lang='lat' dir='ltr'><strong>tanquam</strong></span> <span class='ocrx_word' id='word_1_849' title='bbox 2398 3384 2498 3457; x_wconf 78' lang='lat' dir='ltr'><strong>illa</strong></span> <span class='ocrx_word' id='word_1_850' title='bbox 2524 3393 2668 3457; x_wconf 85' lang='lat' dir='ltr'><strong>esset</strong></span> <span class='ocrx_word' id='word_1_851' title='bbox 2711 3400 2873 3439; x_wconf 86' lang='lat' dir='ltr'><strong>causa</strong></span> <span class='ocrx_word' id='word_1_852' title='bbox 2916 3384 3107 3443; x_wconf 73' lang='lat' dir='ltr'><strong>tinalis</strong></span> <span class='ocrx_word' id='word_1_853' title='bbox 3128 3384 3387 3457; x_wconf 52' lang='lat' dir='ltr'><strong>ob&#39;qnam</strong></span> <span class='ocrx_word' id='word_1_854' title='bbox 3422 3391 3542 3444; x_wconf 58' lang='lat' dir='ltr'><strong>habe</strong></span> <span class='ocrx_word' id='word_1_855' title='bbox 3571 3384 3711 3445; x_wconf 83' lang='lat' dir='ltr'><strong>facta</strong></span> 
     </span>
    </p>
   </div>
   <div class='ocr_carea' id='block_1_117' title="bbox 2128 3455 3715 3579">
    <p class='ocr_par' dir='ltr' id='par_1_117' title="bbox 2128 3455 3715 3579">
     <span class='ocr_line' id='line_1_118' title="bbox 2128 3455 3715 3579; baseline 0.005 -72"><span class='ocrx_word' id='word_1_856' title='bbox 2128 3464 2253 3579; x_wconf 50' lang='lat' dir='ltr'><strong>augt</strong></span> <span class='ocrx_word' id='word_1_857' title='bbox 2269 3471 2289 3577; x_wconf 82' lang='grc'><strong>1;</strong></span> <span class='ocrx_word' id='word_1_858' title='bbox 2320 3455 2562 3578; x_wconf 60' lang='lat' dir='ltr'><strong>qutinimo</strong></span> <span class='ocrx_word' id='word_1_859' title='bbox 2592 3456 2713 3510; x_wconf 90' lang='lat' dir='ltr'><strong>ideo</strong></span> <span class='ocrx_word' id='word_1_860' title='bbox 2742 3457 3000 3524; x_wconf 62' lang='lat' dir='ltr'><strong>praedicta</strong></span> <span class='ocrx_word' id='word_1_861' title='bbox 3027 3466 3191 3523; x_wconf 92' lang='lat' dir='ltr'><strong>sunt,</strong></span> <span class='ocrx_word' id='word_1_862' title='bbox 3229 3455 3355 3526; x_wconf 86' lang='lat' dir='ltr'><strong>quia</strong></span> <span class='ocrx_word' id='word_1_863' title='bbox 3401 3460 3715 3529; x_wconf 84' lang='lat' dir='ltr'><strong>contingere</strong></span> 
     </span>
     <span class='ocr_line' id='line_1_119' title="bbox 2164 3540 2415 3579; baseline 0.004 -2"><span class='ocrx_word' id='word_1_864' title='bbox 2164 3541 2195 3577; x_wconf 90' lang='lat' dir='ltr'><strong>e</strong></span> <span class='ocrx_word' id='word_1_865' title='bbox 2234 3540 2370 3579; x_wconf 64' lang='lat' dir='ltr'><strong>eian</strong></span> <span class='ocrx_word' id='word_1_866' title='bbox 2403 3565 2415 3578; x_wconf 93' lang='lat'><strong>.</strong></span> 
     </span>
    </p>
   </div>
   <div class='ocr_carea' id='block_1_118' title="bbox 2164 3533 2415 3579">
    <p class='ocr_par' dir='ltr' id='par_1_118' title="bbox 2164 3533 2415 3579">
     <span class='ocr_line' id='line_1_120' title="bbox 2164 3533 2415 3579; baseline 0.004 -2"><span class='ocrx_word' id='word_1_867' title='bbox 2164 3533 2415 3579; x_wconf 84' lang='lat' dir='ltr'><strong>ehehant.</strong></span> 
     </span>
    </p>
   </div>
   <div class='ocr_carea' id='block_1_119' title="bbox 2203 3592 3713 3670">
    <p class='ocr_par' dir='ltr' id='par_1_119' title="bbox 2203 3592 3713 3670">
     <span class='ocr_line' id='line_1_121' title="bbox 2203 3592 3713 3670; baseline 0.003 -23"><span class='ocrx_word' id='word_1_868' title='bbox 2203 3594 2229 3633; x_wconf 68' lang='grc' dir='ltr'><strong><em>κ</em></strong></span> <span class='ocrx_word' id='word_1_869' title='bbox 2260 3592 2587 3670; x_wconf 71' lang='lat' dir='ltr'><strong>Castitatem,</strong></span> <span class='ocrx_word' id='word_1_870' title='bbox 2624 3606 2729 3651; x_wconf 90' lang='lat' dir='ltr'><strong>etc.</strong></span> <span class='ocrx_word' id='word_1_871' title='bbox 2762 3596 2841 3670; x_wconf 56' lang='grc' dir='ltr'><strong>Δ1η</strong></span> <span class='ocrx_word' id='word_1_872' title='bbox 2880 3596 3104 3667; x_wconf 88' lang='lat' dir='ltr'><strong>epistola</strong></span> <span class='ocrx_word' id='word_1_873' title='bbox 3154 3596 3211 3652; x_wconf 92' lang='grc'><strong>8.</strong></span> <span class='ocrx_word' id='word_1_874' title='bbox 3260 3597 3557 3654; x_wconf 88' lang='lat' dir='ltr'><strong>Clementis</strong></span> <span class='ocrx_word' id='word_1_875' title='bbox 3586 3598 3713 3670; x_wconf 86' lang='lat' dir='ltr'><strong>legi-</strong></span> 
     </span>
    </p>
   </div>
   <div class='ocr_carea' id='block_1_120' title="bbox 2130 3665 2830 3730">
    <p class='ocr_par' dir='ltr' id='par_1_120' title="bbox 2130 3665 2830 3730">
     <span class='ocr_line' id='line_1_122' title="bbox 2130 3665 2830 3730; baseline 0 -11"><span class='ocrx_word' id='word_1_876' title='bbox 2130 3673 2220 3719; x_wconf 90' lang='lat' dir='ltr'><strong>tur</strong></span> <span class='ocrx_word' id='word_1_877' title='bbox 2246 3683 2258 3717; x_wconf 89' lang='lat'><strong>:</strong></span> <span class='ocrx_word' id='word_1_878' title='bbox 2299 3665 2605 3718; x_wconf 82' lang='lat' dir='ltr'><strong>charitatem</strong></span> <span class='ocrx_word' id='word_1_879' title='bbox 2625 3705 2640 3730; x_wconf 93' lang='lat'><strong>,</strong></span> <span class='ocrx_word' id='word_1_880' title='bbox 2672 3667 2830 3721; x_wconf 88' lang='lat' dir='ltr'><strong>male.</strong></span> 
     </span>
    </p>
   </div>
   <div class='ocr_carea' id='block_1_121' title="bbox 2210 3733 3711 3807">
    <p class='ocr_par' dir='ltr' id='par_1_121' title="bbox 2210 3733 3711 3807">
     <span class='ocr_line' id='line_1_123' title="bbox 2210 3733 3711 3807; baseline 0.005 -20"><span class='ocrx_word' id='word_1_881' title='bbox 2210 3733 2227 3807; x_wconf 62' lang='grc'><strong>1</strong></span> <span class='ocrx_word' id='word_1_882' title='bbox 2264 3734 2485 3788; x_wconf 85' lang='lat' dir='ltr'><strong>Nullum</strong></span> <span class='ocrx_word' id='word_1_883' title='bbox 2515 3736 2679 3807; x_wconf 86' lang='lat' dir='ltr'><strong>odire.</strong></span> <span class='ocrx_word' id='word_1_884' title='bbox 2707 3738 2884 3801; x_wconf 81' lang='lat' dir='ltr'><strong>Udire,</strong></span> <span class='ocrx_word' id='word_1_885' title='bbox 2916 3751 3034 3806; x_wconf 90' lang='lat' dir='ltr'><strong>pro,</strong></span> <span class='ocrx_word' id='word_1_886' title='bbox 3062 3739 3250 3801; x_wconf 84' lang='lat' dir='ltr'><strong>odisse,</strong></span> <span class='ocrx_word' id='word_1_887' title='bbox 3281 3745 3341 3792; x_wconf 89' lang='lat' dir='ltr'><strong>ut</strong></span> <span class='ocrx_word' id='word_1_888' title='bbox 3370 3738 3533 3807; x_wconf 89' lang='lat' dir='ltr'><strong>paulo</strong></span> <span class='ocrx_word' id='word_1_889' title='bbox 3555 3749 3711 3794; x_wconf 86' lang='lat' dir='ltr'><strong>ante:</strong></span> 
     </span>
    </p>
   </div>
   <div class='ocr_carea' id='block_1_122' title="bbox 2130 3805 3717 3875">
    <p class='ocr_par' dir='ltr' id='par_1_122' title="bbox 2130 3805 3717 3875">
     <span class='ocr_line' id='line_1_124' title="bbox 2130 3805 3717 3875; baseline 0.003 -16"><span class='ocrx_word' id='word_1_890' title='bbox 2130 3805 2449 3859; x_wconf 76' lang='lat' dir='ltr'><strong>voluntatem</strong></span> <span class='ocrx_word' id='word_1_891' title='bbox 2485 3806 2750 3875; x_wconf 80' lang='lat' dir='ltr'><strong>prapriam</strong></span> <span class='ocrx_word' id='word_1_892' title='bbox 2797 3805 2961 3861; x_wconf 86' lang='lat' dir='ltr'><strong>odire.</strong></span> <span class='ocrx_word' id='word_1_893' title='bbox 3007 3808 3063 3862; x_wconf 88' lang='lat' dir='ltr'><strong>S.</strong></span> <span class='ocrx_word' id='word_1_894' title='bbox 3103 3805 3439 3874; x_wconf 81' lang='lat' dir='ltr'><strong>Valerianus,</strong></span> <span class='ocrx_word' id='word_1_895' title='bbox 3473 3818 3621 3863; x_wconf 88' lang='lat' dir='ltr'><strong>orat.</strong></span> <span class='ocrx_word' id='word_1_896' title='bbox 3651 3811 3717 3864; x_wconf 87' lang='lat' dir='ltr'><strong>de</strong></span> 
     </span>
    </p>
   </div>
   <div class='ocr_carea' id='block_1_123' title="bbox 2132 3875 3713 3948">
    <p class='ocr_par' dir='ltr' id='par_1_123' title="bbox 2132 3875 3713 3948">
     <span class='ocr_line' id='line_1_125' title="bbox 2132 3875 3713 3948; baseline 0.003 -21"><span class='ocrx_word' id='word_1_897' title='bbox 2132 3875 2633 3948; x_wconf 63' lang='lat' dir='ltr'><strong>bouodiseiplinm:</strong></span> <span class='ocrx_word' id='word_1_898' title='bbox 2668 3876 2788 3948; x_wconf 84' lang='lat' dir='ltr'><strong>odio</strong></span> <span class='ocrx_word' id='word_1_899' title='bbox 2828 3876 3142 3948; x_wconf 79' lang='lat' dir='ltr'><strong>colloquium</strong></span> <span class='ocrx_word' id='word_1_900' title='bbox 3170 3880 3427 3932; x_wconf 78' lang='lat' dir='ltr'><strong>mulieris.</strong></span> <span class='ocrx_word' id='word_1_901' title='bbox 3470 3879 3528 3933; x_wconf 91' lang='lat' dir='ltr'><strong>In</strong></span> <span class='ocrx_word' id='word_1_902' title='bbox 3559 3882 3713 3948; x_wconf 87' lang='lat' dir='ltr'><strong>epist.</strong></span> 
     </span>
    </p>
   </div>
   <div class='ocr_carea' id='block_1_124' title="bbox 2136 3944 3718 4019">
    <p class='ocr_par' dir='ltr' id='par_1_124' title="bbox 2136 3944 3718 4019">
     <span class='ocr_line' id='line_1_126' title="bbox 2136 3944 3718 4019; baseline 0.002 -21"><span class='ocrx_word' id='word_1_903' title='bbox 2136 3944 2528 4019; x_wconf 76' lang='lat' dir='ltr'><strong>S._Cle_mentis</strong></span> <span class='ocrx_word' id='word_1_904' title='bbox 2584 3944 2777 4015; x_wconf 80' lang='lat' dir='ltr'><strong>legitur</strong></span> <span class='ocrx_word' id='word_1_905' title='bbox 2803 3965 2813 3999; x_wconf 95' lang='lat'><strong>:</strong></span> <span class='ocrx_word' id='word_1_906' title='bbox 2836 4016 2845 4019; x_wconf 27' lang='grc' dir='ltr'><strong>Α</strong></span> <span class='ocrx_word' id='word_1_907' title='bbox 2871 3944 3090 4019; x_wconf 82' lang='lat' dir='ltr'><strong>Nullum</strong></span> <span class='ocrx_word' id='word_1_908' title='bbox 3133 3948 3254 4019; x_wconf 78' lang='lat' dir='ltr'><strong>odio</strong></span> <span class='ocrx_word' id='word_1_909' title='bbox 3298 3949 3490 4019; x_wconf 72' lang='lat' dir='ltr'><strong>[tubere</strong></span> <span class='ocrx_word' id='word_1_910' title='bbox 3521 3944 3718 4019; x_wconf 36' lang='lat' dir='ltr'><strong>:ﬂquia</strong></span> 
     </span>
    </p>
   </div>
   <div class='ocr_carea' id='block_1_125' title="bbox 2133 4015 3721 4085">
    <p class='ocr_par' dir='ltr' id='par_1_125' title="bbox 2133 4015 3721 4085">
     <span class='ocr_line' id='line_1_127' title="bbox 2133 4015 3721 4085; baseline 0.006 -20"><span class='ocrx_word' id='word_1_911' title='bbox 2133 4016 2222 4085; x_wconf 89' lang='lat' dir='ltr'><strong>qui</strong></span> <span class='ocrx_word' id='word_1_912' title='bbox 2245 4015 2349 4067; x_wconf 88' lang='lat' dir='ltr'><strong>odit</strong></span> <span class='ocrx_word' id='word_1_913' title='bbox 2380 4016 2596 4083; x_wconf 80' lang='lat' dir='ltr'><strong>fratrem</strong></span> <span class='ocrx_word' id='word_1_914' title='bbox 2627 4032 2798 4080; x_wconf 84' lang='lat' dir='ltr'><strong>suum,</strong></span> <span class='ocrx_word' id='word_1_915' title='bbox 2827 4016 3087 4085; x_wconf 78' lang='lat' dir='ltr'><strong>homicida</strong></span> <span class='ocrx_word' id='word_1_916' title='bbox 3113 4028 3209 4072; x_wconf 80' lang='lat' dir='ltr'><strong>est.</strong></span> <span class='ocrx_word' id='word_1_917' title='bbox 3234 4017 3291 4072; x_wconf 88' lang='lat' dir='ltr'><strong>In</strong></span> <span class='ocrx_word' id='word_1_918' title='bbox 3306 4017 3528 4073; x_wconf 87' lang='lat' dir='ltr'><strong>Canonc</strong></span> <span class='ocrx_word' id='word_1_919' title='bbox 3552 4015 3721 4074; x_wconf 79' lang='lat' dir='ltr'><strong>Theo-</strong></span> 
     </span>
    </p>
   </div>
   <div class='ocr_carea' id='block_1_126' title="bbox 2136 4079 3003 4154">
    <p class='ocr_par' dir='ltr' id='par_1_126' title="bbox 2136 4079 3003 4154">
     <span class='ocr_line' id='line_1_128' title="bbox 2136 4079 3003 4154; baseline 0.001 -17"><span class='ocrx_word' id='word_1_920' title='bbox 2136 4079 2251 4137; x_wconf 75' lang='lat' dir='ltr'><strong>dori</strong></span> <span class='ocrx_word' id='word_1_921' title='bbox 2277 4079 2469 4154; x_wconf 74' lang='lat' dir='ltr'><strong>legitur</strong></span> <span class='ocrx_word' id='word_1_922' title='bbox 2495 4102 2507 4136; x_wconf 89' lang='lat'><strong>:</strong></span> <span class='ocrx_word' id='word_1_923' title='bbox 2538 4086 2790 4137; x_wconf 84' lang='lat' dir='ltr'><strong>neminem</strong></span> <span class='ocrx_word' id='word_1_924' title='bbox 2817 4079 3003 4154; x_wconf 71' lang='lat' dir='ltr'><strong>odisse.</strong></span> 
     </span>
    </p>
   </div>
   <div class='ocr_carea' id='block_1_127' title="bbox 2206 4147 3718 4213">
    <p class='ocr_par' dir='ltr' id='par_1_127' title="bbox 2206 4147 3718 4213">
     <span class='ocr_line' id='line_1_129' title="bbox 2206 4147 3718 4213; baseline 0.005 -8"><span class='ocrx_word' id='word_1_925' title='bbox 2206 4165 2245 4191; x_wconf 80' lang='grc' dir='ltr'>ω</span> <span class='ocrx_word' id='word_1_926' title='bbox 2275 4147 2453 4205; x_wconf 71' lang='lat' dir='ltr'><strong>ZElum</strong></span> <span class='ocrx_word' id='word_1_927' title='bbox 2483 4170 2585 4206; x_wconf 83' lang='lat' dir='ltr'><strong>non</strong></span> <span class='ocrx_word' id='word_1_928' title='bbox 2605 4154 2811 4208; x_wconf 79' lang='lat' dir='ltr'><strong>habere.</strong></span> <span class='ocrx_word' id='word_1_929' title='bbox 2838 4147 3002 4209; x_wconf 74' lang='lat' dir='ltr'><strong>Recte</strong></span> <span class='ocrx_word' id='word_1_930' title='bbox 3031 4156 3132 4211; x_wconf 88' lang='lat' dir='ltr'><strong>hoc</strong></span> <span class='ocrx_word' id='word_1_931' title='bbox 3158 4158 3582 4213; x_wconf 87' lang='lat' dir='ltr'><strong>instrumentum</strong></span> <span class='ocrx_word' id='word_1_932' title='bbox 3610 4159 3718 4212; x_wconf 83' lang='lat' dir='ltr'><strong>dis-</strong></span> 
     </span>
    </p>
   </div>
   <div class='ocr_carea' id='block_1_128' title="bbox 2141 4224 3716 4294">
    <p class='ocr_par' dir='ltr' id='par_1_128' title="bbox 2141 4224 3716 4294">
     <span class='ocr_line' id='line_1_130' title="bbox 2141 4224 3716 4294; baseline 0.002 -18"><span class='ocrx_word' id='word_1_933' title='bbox 2141 4224 2465 4294; x_wconf 12' lang='lat' dir='ltr'><strong>tinguituria</strong></span> <span class='ocrx_word' id='word_1_934' title='bbox 2493 4225 2764 4291; x_wconf 79' lang='lat' dir='ltr'><strong>sequenti,</strong></span> <span class='ocrx_word' id='word_1_935' title='bbox 2791 4240 3001 4294; x_wconf 79' lang='lat' dir='ltr'><strong>nempe,</strong></span> <span class='ocrx_word' id='word_1_936' title='bbox 3034 4227 3281 4280; x_wconf 75' lang='lat' dir='ltr'><strong>invidiam</strong></span> <span class='ocrx_word' id='word_1_937' title='bbox 3306 4245 3411 4282; x_wconf 88' lang='lat' dir='ltr'><strong>non</strong></span> <span class='ocrx_word' id='word_1_938' title='bbox 3452 4245 3716 4282; x_wconf 75' lang='lat' dir='ltr'><strong>exercere.</strong></span> 
     </span>
    </p>
   </div>
   <div class='ocr_carea' id='block_1_129' title="bbox 2139 4291 3719 4366">
    <p class='ocr_par' dir='ltr' id='par_1_129' title="bbox 2139 4291 3719 4366">
     <span class='ocr_line' id='line_1_131' title="bbox 2139 4291 3719 4366; baseline 0.003 -22"><span class='ocrx_word' id='word_1_939' title='bbox 2139 4291 2285 4366; x_wconf 48' lang='lat' dir='ltr'><strong>{iam</strong></span> <span class='ocrx_word' id='word_1_940' title='bbox 2318 4293 2389 4345; x_wconf 91' lang='lat' dir='ltr'><strong>ita</strong></span> <span class='ocrx_word' id='word_1_941' title='bbox 2415 4293 2646 4366; x_wconf 79' lang='lat' dir='ltr'><strong>habetur</strong></span> <span class='ocrx_word' id='word_1_942' title='bbox 2678 4295 2743 4366; x_wconf 86' lang='lat' dir='ltr'><strong>in</strong></span> <span class='ocrx_word' id='word_1_943' title='bbox 2773 4291 2935 4366; x_wconf 34' lang='lat' dir='ltr'><strong>_cod.:</strong></span> <span class='ocrx_word' id='word_1_944' title='bbox 2959 4296 3353 4361; x_wconf 70' lang='lat' dir='ltr'><strong>Viuducinensi,</strong></span> <span class='ocrx_word' id='word_1_945' title='bbox 3402 4298 3456 4351; x_wconf 90' lang='lat' dir='ltr'><strong>in</strong></span> <span class='ocrx_word' id='word_1_946' title='bbox 3490 4299 3719 4366; x_wconf 84' lang='lat' dir='ltr'><strong>epistola</strong></span> 
     </span>
    </p>
   </div>
   <div class='ocr_carea' id='block_1_130' title="bbox 2140 4362 3718 4435">
    <p class='ocr_par' dir='ltr' id='par_1_130' title="bbox 2140 4362 3718 4435">
     <span class='ocr_line' id='line_1_132' title="bbox 2140 4362 3718 4435; baseline 0.004 -21"><span class='ocrx_word' id='word_1_947' title='bbox 2140 4362 2198 4415; x_wconf 92' lang='grc'><strong>8.</strong></span> <span class='ocrx_word' id='word_1_948' title='bbox 2229 4362 2547 4435; x_wconf 78' lang='lat' dir='ltr'><strong>Clementis,</strong></span> <span class='ocrx_word' id='word_1_949' title='bbox 2580 4371 2634 4435; x_wconf 86' lang='lat' dir='ltr'><strong>et</strong></span> <span class='ocrx_word' id='word_1_950' title='bbox 2675 4364 2727 4435; x_wconf 90' lang='lat' dir='ltr'><strong>in</strong></span> <span class='ocrx_word' id='word_1_951' title='bbox 2771 4363 2970 4434; x_wconf 78' lang='lat' dir='ltr'><strong>Regula</strong></span> <span class='ocrx_word' id='word_1_952' title='bbox 3005 4366 3262 4435; x_wconf 82' lang='lat' dir='ltr'><strong>Magistri.</strong></span> <span class='ocrx_word' id='word_1_953' title='bbox 3295 4367 3462 4435; x_wconf 76' lang='lat' dir='ltr'><strong>Vulgo</strong></span> <span class='ocrx_word' id='word_1_954' title='bbox 3516 4362 3718 4432; x_wconf 75' lang='lat' dir='ltr'><strong>tamen,</strong></span> 
     </span>
    </p>
   </div>
   <div class='ocr_carea' id='block_1_131' title="bbox 2140 4431 3717 4502">
    <p class='ocr_par' dir='ltr' id='par_1_131' title="bbox 2140 4431 3717 4502">
     <span class='ocr_line' id='line_1_133' title="bbox 2140 4431 3717 4502; baseline 0.003 -17"><span class='ocrx_word' id='word_1_955' title='bbox 2140 4441 2200 4486; x_wconf 91' lang='lat' dir='ltr'><strong>ut</strong></span> <span class='ocrx_word' id='word_1_956' title='bbox 2243 4432 2294 4485; x_wconf 91' lang='lat' dir='ltr'><strong>in</strong></span> <span class='ocrx_word' id='word_1_957' title='bbox 2341 4431 2636 4502; x_wconf 84' lang='lat' dir='ltr'><strong>Capitulari</strong></span> <span class='ocrx_word' id='word_1_958' title='bbox 2676 4431 3027 4502; x_wconf 52' lang='lat' dir='ltr'><strong>Theodulphi,</strong></span> <span class='ocrx_word' id='word_1_959' title='bbox 3077 4431 3142 4489; x_wconf 63' lang='lat' dir='ltr'><strong>ex</strong></span> <span class='ocrx_word' id='word_1_960' title='bbox 3186 4437 3269 4491; x_wconf 90' lang='lat' dir='ltr'><strong>his</strong></span> <span class='ocrx_word' id='word_1_961' title='bbox 3309 4431 3523 4493; x_wconf 79' lang='lat' dir='ltr'><strong>duobus</strong></span> <span class='ocrx_word' id='word_1_962' title='bbox 3552 4431 3717 4491; x_wconf 87' lang='lat' dir='ltr'><strong>unum</strong></span> 
     </span>
    </p>
   </div>
   <div class='ocr_carea' id='block_1_132' title="bbox 2136 4500 3722 4569">
    <p class='ocr_par' dir='ltr' id='par_1_132' title="bbox 2136 4500 3722 4569">
     <span class='ocr_line' id='line_1_134' title="bbox 2136 4500 3722 4569; baseline 0.003 -13"><span class='ocrx_word' id='word_1_963' title='bbox 2136 4501 2436 4556; x_wconf 82' lang='lat' dir='ltr'><strong>conﬂatur:</strong></span> <span class='ocrx_word' id='word_1_964' title='bbox 2472 4500 2651 4555; x_wconf 85' lang='lat' dir='ltr'><strong>Zelum</strong></span> <span class='ocrx_word' id='word_1_965' title='bbox 2691 4513 2737 4555; x_wconf 82' lang='lat' dir='ltr'><strong>et</strong></span> <span class='ocrx_word' id='word_1_966' title='bbox 2766 4500 3011 4556; x_wconf 75' lang='lat' dir='ltr'><strong>invidiam</strong></span> <span class='ocrx_word' id='word_1_967' title='bbox 3058 4522 3159 4559; x_wconf 89' lang='lat' dir='ltr'><strong>non</strong></span> <span class='ocrx_word' id='word_1_968' title='bbox 3186 4508 3393 4560; x_wconf 81' lang='lat' dir='ltr'><strong>habere.</strong></span> <span class='ocrx_word' id='word_1_969' title='bbox 3438 4508 3506 4560; x_wconf 83' lang='lat' dir='ltr'><strong>Et</strong></span> <span class='ocrx_word' id='word_1_970' title='bbox 3538 4509 3593 4562; x_wconf 87' lang='lat' dir='ltr'><strong>in</strong></span> <span class='ocrx_word' id='word_1_971' title='bbox 3624 4510 3722 4569; x_wconf 67' lang='lat' dir='ltr'><strong>Ca;-</strong></span> 
     </span>
    </p>
   </div>
   <div class='ocr_carea' id='block_1_133' title="bbox 2138 4572 3719 4658">
    <p class='ocr_par' dir='ltr' id='par_1_133' title="bbox 2138 4572 3719 4658">
     <span class='ocr_line' id='line_1_135' title="bbox 2138 4572 3719 4658; baseline 0.004 -33"><span class='ocrx_word' id='word_1_972' title='bbox 2138 4572 2598 4658; x_wconf 39' lang='grc' dir='ltr'><strong>ιιοιιιὶτιιθυιιυιείἸ</strong></span> <span class='ocrx_word' id='word_1_973' title='bbox 2643 4573 2732 4658; x_wconf 74' lang='lat' dir='ltr'><strong>ubi</strong></span> <span class='ocrx_word' id='word_1_974' title='bbox 2778 4572 3115 4658; x_wconf 39' lang='lat' dir='ltr'><strong>sicnlegiturc</strong></span> <span class='ocrx_word' id='word_1_975' title='bbox 3152 4574 3333 4658; x_wconf 62' lang='lat' dir='ltr'><strong>Zeluin</strong></span> <span class='ocrx_word' id='word_1_976' title='bbox 3362 4578 3719 4658; x_wconf 43' lang='lat' dir='ltr'><strong>injustumft</strong></span> 
     </span>
    </p>
   </div>
   <div class='ocr_carea' id='block_1_134' title="bbox 2136 4641 3718 4706">
    <p class='ocr_par' dir='ltr' id='par_1_134' title="bbox 2136 4641 3718 4706">
     <span class='ocr_line' id='line_1_136' title="bbox 2136 4641 3718 4706; baseline 0.004 -12"><span class='ocrx_word' id='word_1_977' title='bbox 2136 4641 2387 4695; x_wconf 76' lang='lat' dir='ltr'><strong>inuidiam</strong></span> <span class='ocrx_word' id='word_1_978' title='bbox 2428 4659 2528 4694; x_wconf 87' lang='lat' dir='ltr'><strong>non</strong></span> <span class='ocrx_word' id='word_1_979' title='bbox 2578 4643 2805 4706; x_wconf 69' lang='lat' dir='ltr'><strong>habere,</strong></span> <span class='ocrx_word' id='word_1_980' title='bbox 2852 4641 3161 4699; x_wconf 72' lang='lat' dir='ltr'><strong>Ruthardus</strong></span> <span class='ocrx_word' id='word_1_981' title='bbox 3214 4646 3360 4699; x_wconf 79' lang='lat' dir='ltr'><strong>addit</strong></span> <span class='ocrx_word' id='word_1_982' title='bbox 3406 4641 3718 4701; x_wconf 77' lang='lat' dir='ltr'><strong>inimicitias</strong></span> 
     </span>
    </p>
   </div>
   <div class='ocr_carea' id='block_1_135' title="bbox 2139 4712 3721 4783">
    <p class='ocr_par' dir='ltr' id='par_1_135' title="bbox 2139 4712 3721 4783">
     <span class='ocr_line' id='line_1_137' title="bbox 2139 4712 3721 4783; baseline 0.005 -20"><span class='ocrx_word' id='word_1_983' title='bbox 2139 4728 2242 4764; x_wconf 90' lang='lat' dir='ltr'><strong>non</strong></span> <span class='ocrx_word' id='word_1_984' title='bbox 2270 4727 2524 4783; x_wconf 73' lang='lat' dir='ltr'><strong>exercere.</strong></span> <span class='ocrx_word' id='word_1_985' title='bbox 2573 4712 2722 4777; x_wconf 81' lang='lat' dir='ltr'><strong>Quod</strong></span> <span class='ocrx_word' id='word_1_986' title='bbox 2766 4722 2911 4783; x_wconf 86' lang='lat' dir='ltr'><strong>certe</strong></span> <span class='ocrx_word' id='word_1_987' title='bbox 2940 4714 3027 4767; x_wconf 76' lang='lat' dir='ltr'><strong>vix</strong></span> <span class='ocrx_word' id='word_1_988' title='bbox 3056 4714 3180 4768; x_wconf 88' lang='lat' dir='ltr'><strong>alibi</strong></span> <span class='ocrx_word' id='word_1_989' title='bbox 3226 4716 3517 4783; x_wconf 83' lang='lat' dir='ltr'><strong>rcpcreris.</strong></span> <span class='ocrx_word' id='word_1_990' title='bbox 3562 4718 3721 4771; x_wconf 73' lang='lat' dir='ltr'><strong>Zelus</strong></span> 
     </span>
    </p>
   </div>
   <div class='ocr_carea' id='block_1_136' title="bbox 2140 4780 3719 4903">
    <p class='ocr_par' dir='ltr' id='par_1_136' title="bbox 2140 4780 3719 4903">
     <span class='ocr_line' id='line_1_138' title="bbox 2140 4780 3719 4903; baseline 0.003 -69"><span class='ocrx_word' id='word_1_991' title='bbox 2140 4790 2317 4903; x_wconf 58' lang='lat' dir='ltr'><strong>auftem</strong></span> <span class='ocrx_word' id='word_1_992' title='bbox 2360 4784 2459 4835; x_wconf 88' lang='lat' dir='ltr'><strong>hoc</strong></span> <span class='ocrx_word' id='word_1_993' title='bbox 2509 4780 2627 4835; x_wconf 84' lang='lat' dir='ltr'><strong>loco</strong></span> <span class='ocrx_word' id='word_1_994' title='bbox 2676 4798 2773 4851; x_wconf 87' lang='lat' dir='ltr'><strong>pro</strong></span> <span class='ocrx_word' id='word_1_995' title='bbox 2828 4782 2943 4836; x_wconf 78' lang='lat' dir='ltr'><strong>zelo</strong></span> <span class='ocrx_word' id='word_1_996' title='bbox 2996 4784 3134 4838; x_wconf 87' lang='lat' dir='ltr'><strong>malo</strong></span> <span class='ocrx_word' id='word_1_997' title='bbox 3167 4780 3439 4843; x_wconf 81' lang='lat' dir='ltr'><strong>sumitur.</strong></span> <span class='ocrx_word' id='word_1_998' title='bbox 3491 4787 3561 4840; x_wconf 76' lang='lat' dir='ltr'><strong>dc</strong></span> <span class='ocrx_word' id='word_1_999' title='bbox 3615 4803 3719 4855; x_wconf 85' lang='lat' dir='ltr'><strong>quo</strong></span> 
     </span>
     <span class='ocr_line' id='line_1_139' title="bbox 2140 4867 2298 4903; baseline 0 0"><span class='ocrx_word' id='word_1_1000' title='bbox 2140 4868 2192 4903; x_wconf 86' lang='grc' dir='ltr'><strong>ιιι</strong></span> <span class='ocrx_word' id='word_1_1001' title='bbox 2223 4867 2298 4903; x_wconf 90' lang='lat' dir='ltr'><strong>ra.</strong></span> 
     </span>
    </p>
   </div>
   <div class='ocr_carea' id='block_1_137' title="bbox 2139 4867 2298 4904">
    <p class='ocr_par' dir='ltr' id='par_1_137' title="bbox 2139 4867 2298 4904">
     <span class='ocr_line' id='line_1_140' title="bbox 2139 4867 2298 4904; baseline 0 -1"><span class='ocrx_word' id='word_1_1002' title='bbox 2139 4867 2298 4904; x_wconf 71' lang='lat' dir='ltr'><strong>lllll&#39;a.</strong></span> 
     </span>
    </p>
   </div>
   <div class='ocr_carea' id='block_1_138' title="bbox 2211 4917 3721 4990">
    <p class='ocr_par' dir='ltr' id='par_1_138' title="bbox 2211 4917 3721 4990">
     <span class='ocr_line' id='line_1_141' title="bbox 2211 4917 3721 4990; baseline 0.005 -17"><span class='ocrx_word' id='word_1_1003' title='bbox 2211 4929 2238 4958; x_wconf 73' lang='grc' dir='ltr'>ι’</span> <span class='ocrx_word' id='word_1_1004' title='bbox 2266 4919 2334 4974; x_wconf 86' lang='grc' dir='ltr'><strong>1η</strong></span> <span class='ocrx_word' id='word_1_1005' title='bbox 2362 4917 2555 4990; x_wconf 75' lang='lat' dir='ltr'><strong>Cltristi</strong></span> <span class='ocrx_word' id='word_1_1006' title='bbox 2580 4939 2776 4986; x_wconf 84' lang='lat' dir='ltr'><strong>amore,</strong></span> <span class='ocrx_word' id='word_1_1007' title='bbox 2803 4931 2910 4977; x_wconf 88' lang='lat' dir='ltr'><strong>etc.</strong></span> <span class='ocrx_word' id='word_1_1008' title='bbox 2949 4921 3004 4975; x_wconf 93' lang='lat' dir='ltr'><strong>ln</strong></span> <span class='ocrx_word' id='word_1_1009' title='bbox 3027 4921 3182 4990; x_wconf 86' lang='lat' dir='ltr'><strong>epist.</strong></span> <span class='ocrx_word' id='word_1_1010' title='bbox 3224 4922 3282 4976; x_wconf 90' lang='lat' dir='ltr'><strong>S.</strong></span> <span class='ocrx_word' id='word_1_1011' title='bbox 3311 4924 3613 4980; x_wconf 86' lang='lat' dir='ltr'><strong>Clementis</strong></span> <span class='ocrx_word' id='word_1_1012' title='bbox 3648 4927 3721 4980; x_wconf 85' lang='lat' dir='ltr'><strong>le-</strong></span> 
     </span>
    </p>
   </div>
   <div class='ocr_carea' id='block_1_139' title="bbox 2139 4988 3721 5059">
    <p class='ocr_par' dir='ltr' id='par_1_139' title="bbox 2139 4988 3721 5059">
     <span class='ocr_line' id='line_1_142' title="bbox 2139 4988 3721 5059; baseline 0.004 -16"><span class='ocrx_word' id='word_1_1013' title='bbox 2139 4990 2286 5059; x_wconf 88' lang='lat' dir='ltr'><strong>gitur</strong></span> <span class='ocrx_word' id='word_1_1014' title='bbox 2305 4992 2360 5042; x_wconf 88' lang='lat' dir='ltr'><strong>in</strong></span> <span class='ocrx_word' id='word_1_1015' title='bbox 2389 4988 2583 5043; x_wconf 75' lang='lat' dir='ltr'><strong>Christi</strong></span> <span class='ocrx_word' id='word_1_1016' title='bbox 2610 4993 2834 5058; x_wconf 88' lang='lat' dir='ltr'><strong>nomine,</strong></span> <span class='ocrx_word' id='word_1_1017' title='bbox 2882 5001 2941 5045; x_wconf 88' lang='lat' dir='ltr'><strong>ut</strong></span> <span class='ocrx_word' id='word_1_1018' title='bbox 2962 4992 3016 5044; x_wconf 88' lang='lat' dir='ltr'><strong>in</strong></span> <span class='ocrx_word' id='word_1_1019' title='bbox 3042 4988 3161 5045; x_wconf 76' lang='lat' dir='ltr'><strong>ean.</strong></span> <span class='ocrx_word' id='word_1_1020' title='bbox 3194 4992 3485 5049; x_wconf 85' lang='lat' dir='ltr'><strong>Theodori.</strong></span> <span class='ocrx_word' id='word_1_1021' title='bbox 3517 4994 3633 5050; x_wconf 81' lang='lat' dir='ltr'><strong>Hoc</strong></span> <span class='ocrx_word' id='word_1_1022' title='bbox 3652 4997 3721 5049; x_wconf 91' lang='lat' dir='ltr'><strong>in-</strong></span> 
     </span>
    </p>
   </div>
   <div class='ocr_carea' id='block_1_140' title="bbox 2140 5061 3448 5133">
    <p class='ocr_par' dir='ltr' id='par_1_140' title="bbox 2140 5061 3448 5133">
     <span class='ocr_line' id='line_1_143' title="bbox 2140 5061 3448 5133; baseline 0.002 -19"><span class='ocrx_word' id='word_1_1023' title='bbox 2140 5068 2506 5133; x_wconf 71' lang='lat' dir='ltr'><strong>strumentum</strong></span> <span class='ocrx_word' id='word_1_1024' title='bbox 2532 5076 2636 5133; x_wconf 81' lang='lat' dir='ltr'><strong>non</strong></span> <span class='ocrx_word' id='word_1_1025' title='bbox 2663 5071 2839 5133; x_wconf 68' lang='lat' dir='ltr'><strong>exstat</strong></span> <span class='ocrx_word' id='word_1_1026' title='bbox 2869 5063 2921 5133; x_wconf 89' lang='lat' dir='ltr'><strong>in</strong></span> <span class='ocrx_word' id='word_1_1027' title='bbox 2955 5061 3153 5133; x_wconf 60' lang='lat' dir='ltr'><strong>Regula</strong></span> <span class='ocrx_word' id='word_1_1028' title='bbox 3186 5061 3448 5133; x_wconf 81' lang='lat' dir='ltr'><strong>Magistri.</strong></span> 
     </span>
    </p>
   </div>
   <div class='ocr_carea' id='block_1_141' title="bbox 2216 5126 3311 5192">
    <p class='ocr_par' dir='ltr' id='par_1_141' title="bbox 2216 5126 3311 5192">
     <span class='ocr_line' id='line_1_144' title="bbox 2216 5126 3311 5192; baseline 0.005 -12"><span class='ocrx_word' id='word_1_1029' title='bbox 2216 5136 2238 5163; x_wconf 73' lang='grc'>³</span> <span class='ocrx_word' id='word_1_1030' title='bbox 2268 5126 2454 5181; x_wconf 86' lang='lat' dir='ltr'><strong>Orare.</strong></span> <span class='ocrx_word' id='word_1_1031' title='bbox 2489 5128 2545 5181; x_wconf 91' lang='lat' dir='ltr'><strong>In</strong></span> <span class='ocrx_word' id='word_1_1032' title='bbox 2570 5129 2701 5183; x_wconf 86' lang='lat' dir='ltr'><strong>Can.</strong></span> <span class='ocrx_word' id='word_1_1033' title='bbox 2730 5130 3018 5192; x_wconf 88' lang='lat' dir='ltr'><strong>Theodori,</strong></span> <span class='ocrx_word' id='word_1_1034' title='bbox 3039 5126 3311 5186; x_wconf 66' lang='lat' dir='ltr'><strong>Exorare.</strong></span> 
     </span>
    </p>
   </div>
   <div class='ocr_carea' id='block_1_142' title="bbox 2211 5198 3715 5272">
    <p class='ocr_par' dir='ltr' id='par_1_142' title="bbox 2211 5198 3715 5272">
     <span class='ocr_line' id='line_1_145' title="bbox 2211 5198 3715 5272; baseline 0.005 -24"><span class='ocrx_word' id='word_1_1035' title='bbox 2211 5198 2407 5272; x_wconf 48' lang='lat' dir='ltr'><strong>[Cum</strong></span> <span class='ocrx_word' id='word_1_1036' title='bbox 2436 5198 2785 5272; x_wconf 72' lang='lat' dir='ltr'><strong>discordante.</strong></span> <span class='ocrx_word' id='word_1_1037' title='bbox 2829 5200 2907 5272; x_wconf 69' lang='lat' dir='ltr'><strong>lla</strong></span> <span class='ocrx_word' id='word_1_1038' title='bbox 2950 5198 3086 5272; x_wconf 85' lang='lat' dir='ltr'><strong>apud</strong></span> <span class='ocrx_word' id='word_1_1039' title='bbox 3125 5199 3412 5272; x_wconf 78' lang='lat' dir='ltr'><strong>Keronem.</strong></span> <span class='ocrx_word' id='word_1_1040' title='bbox 3463 5200 3527 5255; x_wconf 88' lang='lat' dir='ltr'><strong>In</strong></span> <span class='ocrx_word' id='word_1_1041' title='bbox 3562 5201 3715 5272; x_wconf 87' lang='lat' dir='ltr'><strong>epist.</strong></span> 
     </span>
    </p>
   </div>
   <div class='ocr_carea' id='block_1_143' title="bbox 2142 5267 3722 5336">
    <p class='ocr_par' dir='ltr' id='par_1_143' title="bbox 2142 5267 3722 5336">
     <span class='ocr_line' id='line_1_146' title="bbox 2142 5267 3722 5336; baseline 0.001 -13"><span class='ocrx_word' id='word_1_1042' title='bbox 2142 5267 2198 5323; x_wconf 90' lang='lat' dir='ltr'><strong>S.</strong></span> <span class='ocrx_word' id='word_1_1043' title='bbox 2227 5267 2538 5327; x_wconf 78' lang='lat' dir='ltr'><strong>Clementis,</strong></span> <span class='ocrx_word' id='word_1_1044' title='bbox 2566 5268 2776 5336; x_wconf 80' lang='lat' dir='ltr'><strong>legitur.</strong></span> <span class='ocrx_word' id='word_1_1045' title='bbox 2815 5267 2947 5322; x_wconf 85' lang='lat' dir='ltr'><strong>Cum</strong></span> <span class='ocrx_word' id='word_1_1046' title='bbox 2983 5270 3428 5335; x_wconf 72' lang='lat' dir='ltr'><strong>discordantibus,</strong></span> <span class='ocrx_word' id='word_1_1047' title='bbox 3479 5267 3618 5336; x_wconf 44' lang='lat' dir='ltr'><strong>etcf,</strong></span> <span class='ocrx_word' id='word_1_1048' title='bbox 3666 5280 3722 5325; x_wconf 86' lang='lat' dir='ltr'><strong>ut</strong></span> 
     </span>
    </p>
   </div>
   <div class='ocr_carea' id='block_1_144' title="bbox 2140 5336 3723 5408">
    <p class='ocr_par' dir='ltr' id='par_1_144' title="bbox 2140 5336 3723 5408">
     <span class='ocr_line' id='line_1_147' title="bbox 2140 5336 3723 5408; baseline 0.002 -18"><span class='ocrx_word' id='word_1_1049' title='bbox 2140 5339 2321 5408; x_wconf 77' lang='lat' dir='ltr'><strong>vulgo.</strong></span> <span class='ocrx_word' id='word_1_1050' title='bbox 2355 5336 2410 5390; x_wconf 91' lang='lat' dir='ltr'><strong>In</strong></span> <span class='ocrx_word' id='word_1_1051' title='bbox 2443 5336 2645 5408; x_wconf 73' lang='lat' dir='ltr'><strong>Regula</strong></span> <span class='ocrx_word' id='word_1_1052' title='bbox 2682 5338 2919 5407; x_wconf 81' lang='lat' dir='ltr'><strong>Magistri</strong></span> <span class='ocrx_word' id='word_1_1053' title='bbox 2956 5338 3219 5393; x_wconf 86' lang='lat' dir='ltr'><strong>habetur:</strong></span> <span class='ocrx_word' id='word_1_1054' title='bbox 3257 5340 3392 5394; x_wconf 80' lang='lat' dir='ltr'><strong>Ante</strong></span> <span class='ocrx_word' id='word_1_1055' title='bbox 3420 5341 3550 5395; x_wconf 85' lang='lat' dir='ltr'><strong>solis</strong></span> <span class='ocrx_word' id='word_1_1056' title='bbox 3574 5358 3723 5395; x_wconf 81' lang='lat' dir='ltr'><strong>occa-</strong></span> 
     </span>
    </p>
   </div>
   <div class='ocr_carea' id='block_1_145' title="bbox 2140 5406 3722 5477">
    <p class='ocr_par' dir='ltr' id='par_1_145' title="bbox 2140 5406 3722 5477">
     <span class='ocr_line' id='line_1_148' title="bbox 2140 5406 3722 5477; baseline 0.001 -16"><span class='ocrx_word' id='word_1_1057' title='bbox 2140 5406 2255 5461; x_wconf 81' lang='lat' dir='ltr'><strong>sum</strong></span> <span class='ocrx_word' id='word_1_1058' title='bbox 2283 5423 2401 5459; x_wconf 88' lang='lat' dir='ltr'><strong>cum</strong></span> <span class='ocrx_word' id='word_1_1059' title='bbox 2449 5406 2674 5460; x_wconf 83' lang='lat' dir='ltr'><strong>inimicis</strong></span> <span class='ocrx_word' id='word_1_1060' title='bbox 2709 5410 2878 5477; x_wconf 84' lang='lat' dir='ltr'><strong>redire</strong></span> <span class='ocrx_word' id='word_1_1061' title='bbox 2920 5424 2974 5462; x_wconf 77' lang='lat' dir='ltr'><strong>in</strong></span> <span class='ocrx_word' id='word_1_1062' title='bbox 3001 5410 3245 5477; x_wconf 86' lang='lat' dir='ltr'><strong>gratiam.</strong></span> <span class='ocrx_word' id='word_1_1063' title='bbox 3300 5408 3401 5465; x_wconf 89' lang='lat' dir='ltr'><strong>Ubi</strong></span> <span class='ocrx_word' id='word_1_1064' title='bbox 3424 5418 3483 5464; x_wconf 84' lang='lat' dir='ltr'><strong>ct</strong></span> <span class='ocrx_word' id='word_1_1065' title='bbox 3506 5411 3616 5466; x_wconf 87' lang='lat' dir='ltr'><strong>hoc</strong></span> <span class='ocrx_word' id='word_1_1066' title='bbox 3644 5412 3722 5463; x_wconf 86' lang='lat' dir='ltr'><strong>in—</strong></span> 
     </span>
    </p>
   </div>
   <div class='ocr_carea' id='block_1_146' title="bbox 2142 5476 3722 5533">
    <p class='ocr_par' dir='ltr' id='par_1_146' title="bbox 2142 5476 3722 5533">
     <span class='ocr_line' id='line_1_149' title="bbox 2142 5476 3722 5533; baseline 0 -2"><span class='ocrx_word' id='word_1_1067' title='bbox 2142 5485 2499 5531; x_wconf 85' lang='lat' dir='ltr'><strong>strumentum</strong></span> <span class='ocrx_word' id='word_1_1068' title='bbox 2549 5477 2802 5531; x_wconf 60' lang='lat' dir='ltr'><strong>additur:</strong></span> <span class='ocrx_word' id='word_1_1069' title='bbox 2837 5476 3091 5531; x_wconf 81' lang='lat' dir='ltr'><strong>Omnibus</strong></span> <span class='ocrx_word' id='word_1_1070' title='bbox 3142 5479 3287 5533; x_wconf 82' lang='lat' dir='ltr'><strong>bonis</strong></span> <span class='ocrx_word' id='word_1_1071' title='bbox 3330 5492 3396 5532; x_wconf 74' lang='lat' dir='ltr'><strong>ea:</strong></span> <span class='ocrx_word' id='word_1_1072' title='bbox 3431 5489 3542 5533; x_wconf 90' lang='lat' dir='ltr'><strong>toto</strong></span> <span class='ocrx_word' id='word_1_1073' title='bbox 3572 5480 3722 5533; x_wconf 83' lang='lat' dir='ltr'><strong>corde</strong></span> 
     </span>
    </p>
   </div>
   <div class='ocr_carea' id='block_1_147' title="bbox 2142 5546 2369 5600">
    <p class='ocr_par' dir='ltr' id='par_1_147' title="bbox 2142 5546 2369 5600">
     <span class='ocr_line' id='line_1_150' title="bbox 2142 5546 2369 5600; baseline -0.013 0"><span class='ocrx_word' id='word_1_1074' title='bbox 2142 5546 2369 5600; x_wconf 74' lang='lat' dir='ltr'><strong>obedire.</strong></span> 
     </span>
    </p>
   </div>
   <div class='ocr_carea' id='block_1_148' title="bbox 2211 5613 3724 5687">
    <p class='ocr_par' dir='ltr' id='par_1_148' title="bbox 2211 5613 3724 5687">
     <span class='ocr_line' id='line_1_151' title="bbox 2211 5613 3724 5687; baseline 0.005 -23"><span class='ocrx_word' id='word_1_1075' title='bbox 2211 5626 2238 5664; x_wconf 72' lang='grc' dir='ltr'>ει</span> <span class='ocrx_word' id='word_1_1076' title='bbox 2270 5614 2338 5687; x_wconf 68' lang='grc' dir='ltr'><strong>ΕΙ</strong></span> <span class='ocrx_word' id='word_1_1077' title='bbox 2376 5613 2443 5687; x_wconf 70' lang='lat' dir='ltr'><strong>de</strong></span> <span class='ocrx_word' id='word_1_1078' title='bbox 2471 5614 2563 5668; x_wconf 88' lang='lat' dir='ltr'><strong>Dei</strong></span> <span class='ocrx_word' id='word_1_1079' title='bbox 2591 5616 2952 5687; x_wconf 84' lang='lat' dir='ltr'><strong>misericordia</strong></span> <span class='ocrx_word' id='word_1_1080' title='bbox 3004 5633 3268 5687; x_wconf 83' lang='lat' dir='ltr'><strong>nunquam</strong></span> <span class='ocrx_word' id='word_1_1081' title='bbox 3317 5618 3621 5687; x_wconf 81' lang='lat' dir='ltr'><strong>desperare.</strong></span> <span class='ocrx_word' id='word_1_1082' title='bbox 3670 5618 3724 5672; x_wconf 81' lang='lat' dir='ltr'><strong>In</strong></span> 
     </span>
    </p>
   </div>
   <div class='ocr_carea' id='block_1_149' title="bbox 2145 5684 3589 5757">
    <p class='ocr_par' dir='ltr' id='par_1_149' title="bbox 2145 5684 3589 5757">
     <span class='ocr_line' id='line_1_152' title="bbox 2145 5684 3589 5757; baseline 0.001 -18"><span class='ocrx_word' id='word_1_1083' title='bbox 2145 5684 2345 5754; x_wconf 73' lang='lat' dir='ltr'><strong>Regula</strong></span> <span class='ocrx_word' id='word_1_1084' title='bbox 2376 5684 2611 5753; x_wconf 80' lang='lat' dir='ltr'><strong>Magistri</strong></span> <span class='ocrx_word' id='word_1_1085' title='bbox 2640 5703 2651 5737; x_wconf 88' lang='lat'><strong>:</strong></span> <span class='ocrx_word' id='word_1_1086' title='bbox 2683 5697 2729 5739; x_wconf 85' lang='lat' dir='ltr'><strong>ct</strong></span> <span class='ocrx_word' id='word_1_1087' title='bbox 2768 5685 2831 5738; x_wconf 88' lang='lat' dir='ltr'><strong>dc</strong></span> <span class='ocrx_word' id='word_1_1088' title='bbox 2869 5686 2973 5740; x_wconf 73' lang='lat' dir='ltr'><strong>Deo</strong></span> <span class='ocrx_word' id='word_1_1089' title='bbox 2998 5684 3258 5755; x_wconf 78' lang='lat' dir='ltr'><strong>nunquam</strong></span> <span class='ocrx_word' id='word_1_1090' title='bbox 3287 5684 3589 5757; x_wconf 68' lang='lat' dir='ltr'><strong>desperare.</strong></span> 
     </span>
    </p>
   </div>
  </div>
