3958 6198
301 264 409 330 805

1260 269 1648 330 CONCORDIA
1686 267 2144 325 REGULARUM.
2182 301 2254 314 -—
2289 271 2437 328 CAP.
2485 272 2590 331 Vll.

3436 279 3545 339 906

300 396 437 458 gunt
479 398 622 440 eum.
666 380 893 439 Ollicina
919 396 1053 438 vero
1079 381 1172 438 ubi
1196 380 1313 437 hac
1357 381 1541 437 omnia
1593 380 1877 450 diligenter
1902 380 1955 439 Α
1979 375 2081 443 Qui
2123 395 2252 435 vero
2272 385 2469 453 saepius
2494 399 2655 440 orare
2676 385 2928 451 voluerit,
2972 387 3277 444 uberiorem
3311 388 3550 448 inveniet

300 490 609 545 operemur,
648 473 884 530 claustra
920 480 1048 529 sunt
1086 472 1400 530 monasterii
1447 479 1504 527 et
1531 471 1797 527 stabilitas
1820 470 1878 524 in

301 564 736 637 congregatione.

550 698 664 772 δη.
692 727 765 739 --
800 696 879 751 Ex
908 696 1126 753 Recens
1155 712 1342 752 SANC'H
1372 695 1626 750 chxnu.

389 847 413 875 ι
431 830 627 885 Milites
652 843 782 899 ergo
809 827 1011 883 Christi
1051 829 1132 884 sic
1160 828 1339 882 taliter
1365 842 1491 884 suos
1516 814 1715 883 debent
1734 842 1881 883 eom-

301 936 502 991 pouere
524 934 761 990 gressus,
793 917 1111 973 charitatem
1133 916 1189 971 in
1211 931 1269 971 se
1287 914 1735 986 perfectissimam
1760 931 1882 973 con-

303 1015 537 1069 tinentes
585 1011 753 1065 Deum
784 1025 849 1065 ex
894 1015 1008 1063 tota
1054 1007 1233 1062 anima
1267 1007 1527 1076 diligere,
1574 1015 1632 1061 et
1669 1021 1733 1061 ex
1768 1013 1881 1060 tota

305 1111 506 1167 mente,
554 1110 608 1156 et
631 1116 697 1157 ex
725 1107 837 1155 toto
861 1099 1046 1165 corde,
1094 1106 1150 1153 et
1174 1113 1241 1153 ex
1285 1105 1397 1153 tota
1423 1097 1622 1152 virtute
1646 1113 1764 1161 sua,
1795 1097 1880 1151 in-

300 1195 479 1249 vicem
534 1192 676 1246 inter
728 1205 788 1246 se
830 1188 1283 1261 perfectissimam
1325 1196 1599 1244 sectantes
1627 1188 1883 1243 obedien-

304 1286 459 1340 tiam.
505 1282 749 1348 Paciﬁci,
790 1282 968 1348 mites,
1014 1280 1316 1346 moderati;
1354 1294 1459 1334 non
1489 1280 1726 1350 superbi,
1774 1295 1882 1334 non

304 1374 572 1444 iniuriosi,
622 1387 732 1427 non
775 1384 1115 1436 susurrones,
1166 1384 1275 1425 non
1317 1369 1589 1434 irrisores,
1626 1383 1731 1423 non
1760 1383 1882 1423 ver-

303 1467 445 1531 bosi,
496 1481 603 1521 non
639 1462 1052 1535 praesumptuosi
1076 1503 1092 1529 ,
1137 1476 1247 1517 non
1296 1462 1398 1517 sibi
1443 1459 1738 1531 placentes,
1787 1460 1883 1515 sed

308 1559 440 1623 l)e0,
483 1556 572 1612 cui
603 1556 876 1621 militant,
921 1553 1157 1610 Christo.
1216 1553 1333 1608 Non
1378 1552 1770 1623 blasphemiam
1798 1566 1883 1607 se-

306 1655 539 1712 ctantes,
583 1661 686 1701 nec
732 1645 914 1701 dicere
954 1645 1246 1714 quidquam
1291 1653 1489 1714 praeter
1515 1645 1659 1713 quod
1685 1643 1883 1697 bonum

1982 469 2405 528 misericordiam
2433 474 2656 531 Christi.

2052 560 2080 633 δ
2116 561 2201 616 ΙΙΙ.
2235 592 2306 603 -
2342 564 2419 618 Ex
2456 564 2676 621 Recunx
2711 582 2899 623 ssucn
2947 566 3149 623 BASILII
3189 569 3325 641 (cap.
3364 570 3479 637 ιι).

2057 650 2317 723 Interrog.
2354 656 2379 694 ε
2403 654 2542 722 Quid
2570 665 2654 711 est
2683 657 2994 721 maledicus,
3028 659 3082 713 id
3113 668 3196 714 est
3216 660 3461 732 λοίδορος.
3482 691 3555 706 --

1986 739 2141 811 Resp.
2172 742 2360 799 Omnis
2383 760 2561 799 sermo
2583 747 2674 815 qui
2702 748 2771 802 ob
2812 749 2915 803 hoc
2938 749 3214 818 profertur
3239 759 3300 806 ut
3330 752 3556 810 infamet

1980 830 2234 899 aliquem,
2264 833 2485 904 deroget
2510 835 2591 888 vel
2619 836 2758 891 male
2783 840 3157 906 commendet,
3197 841 3223 880 ιι
3262 841 3555 900 maledicus

1980 929 2084 985 est,
2115 924 2325 978 etiamsi
2353 941 2460 981 non
2483 927 2730 981 videatur
2749 943 2872 982 esse
2894 928 3204 998 injuriosus.
3228 933 3295 987 Et
3315 934 3420 990 hoc
3440 952 3556 991 ma—
3582 920 3599 927 Ἠ

1979 1008 2235 1065 nifestum
2256 1021 2428 1067 estex
2455 1015 2719 1068 sententia
2741 1004 3037 1085 Evangelii,
3064 1034 3185 1072 cum
3214 1020 3344 1075 dicit
3369 1023 3435 1076 de
3458 1023 3554 1077 Ju-

1981 1100 2111 1155 dteis
2135 1119 2148 1154 :
2182 1099 2320 1166 Quia
2350 1102 2732 1158 maledixerunt
2755 1122 2871 1160 eum
2896 1107 3121 1162 dicentes
3151 1122 3170 1159 :
3188 1109 3264 1162 Tu
3291 1112 3363 1164 sis
3387 1129 3451 1165 ex
3477 1116 3532 1167 di
3542 1146 3557 1155 ς

1980 1188 2194 1260 scipulis
2223 1190 2339 1260 ejus
2372 1190 2554 1263 (Joan.
2588 1192 2686 1264 lx).

2273 1277 2301 1349 δ
2333 1278 2420 1333 IV.
2458 1310 2528 1320 —
2559 1280 2695 1335 Item
2722 1283 2954 1352 ejusdem
2984 1284 3121 1355 (cap.
3150 1287 3261 1358 42).

2052 1365 2313 1439 Inlerrog.
2360 1371 2377 1409 i
2420 1369 2559 1437 Quid
2599 1381 2683 1425 est
2729 1373 2993 1429 detractio
3030 1376 3113 1430 vel
3147 1376 3457 1451 derogatio?
3492 1414 3559 1421 —

1982 1457 2137 1529 Resp.
2182 1460 2326 1517 Duas
2352 1463 2544 1533 opinor
2578 1476 2698 1518 esse
2737 1480 2965 1532 causas,
2998 1467 3053 1521 in
3078 1469 3275 1537 quibus
3309 1472 3437 1527 licet
3464 1474 3561 1527 ali-

1982 1553 2070 1606 cui
2108 1553 2287 1609 dicere
2328 1563 2383 1610 et
2416 1563 2715 1612 retractare
2752 1558 2925 1612 aliena
2967 1560 3106 1615 mala
3141 1580 3153 1614 :
3194 1561 3208 1612 i
3258 1563 3304 1618 si
3345 1569 3561 1634 quando

1986 1644 2270 1699 consilium
2296 1646 2494 1701 habere
2520 1663 2741 1702 necesse
2767 1658 2848 1704 est
2870 1665 2991 1704 eum
3014 1653 3246 1718 caeteris,
3267 1656 3359 1723 qui
3383 1656 3434 1709 in
3461 1658 3561 1711 hoc

306 1747 410 1794 est.
437 1737 521 1793 Ad
562 1737 877 1806 obsequium
904 1751 1010 1790 non
1039 1734 1196 1806 pigri,
1249 1734 1315 1788 ad
1341 1734 1641 1788 orationem
1684 1733 1878 1802 parati,
1912 1721 1957 1779 Β
1985 1734 2158 1804 ipsum
2200 1735 2449 1789 videntur
2485 1737 2719 1801 assumi,
2756 1739 3026 1807 quomodo
3061 1721 3364 1812 corrigatur
3399 1744 3447 1799 is
3469 1746 3561 1814 qui

286 1831 365 1884 -in
393 1827 693 1884 humilitate
716 1825 970 1896 perfecti,
1017 1826 1072 1880 in
1108 1824 1421 1902 .obedientia
1444 1823 1473 1863 ι)
1505 1822 1799 1892 praecincti,
1829 1822 1883 1875 in
1983 1824 2248 1892 peccavit,
2274 1825 2359 1878 vel
2382 1825 2522 1880 male
2543 1826 2746 1896 aliquid
2780 1830 2906 1899 egit.
2934 1829 3002 1884 Et
3023 1846 3234 1885 rursum
3268 1834 3313 1887 si
3348 1837 3564 1904 quando

307 1919 506 1992 vigiliis
538 1920 830 1984 instantes,
860 1917 915 1972 in
959 1916 1163 1987 jejunio
1211 1917 1430 1971 hilares.
1468 1915 1654 1970 Nullus
1694 1912 1883 1984 se[abj
1984 1926 2207 1967 necesse
2253 1921 2337 1968 est
2375 1916 2675 1983 praevenire
2719 1916 2954 1987 aliquem
3000 1927 3057 1973 et
3101 1935 3447 1978 commonere
3496 1941 3565 1979 ne

308 2012 416 2066 alio
436 2011 724 2083 justiorem
765 2009 1095 2074 arbitretur;
1150 2019 1173 2047 ο
1213 2007 1309 2062 sed
1362 2006 1733 2076 unusquisque
1770 2018 1888 2058 om-
1984 1999 2125 2056 forte
2151 2002 2394 2057 incurrat
2421 2005 2476 2058 in
2506 2006 2835 2060 consortium
2859 2008 3085 2077 alicujus
3111 2012 3260 2077 mali,
3288 2013 3414 2067 dum
3439 2029 3565 2069 eum

310 2098 469 2157 nibus
496 2115 557 2156 se
584 2099 893 2155 inferiorem
920 2105 1250 2155 contemnat.
1298 2097 1399 2165 Qui
1430 2112 1489 2152 se
1529 2095 1752 2159 cxaltat,
1787 2096 1888 2149 hu—
1983 2100 2140 2162 putat
2179 2107 2300 2148 esse
2348 2094 2550 2149 bonum
2598 2113 2613 2149 :
2657 2098 2782 2166 quia
2822 2098 3110 2168 Apostolus
3153 2100 3284 2157 dicit
3327 2120 3342 2156 :
3386 2103 3569 2159 Nolite

309 2192 641 2257 miliabitur;
671 2199 729 2246 et
762 2191 856 2261 qui
895 2205 955 2246 se
978 2189 1244 2255 humiliat,
1287 2186 1633 2243 exaltabitur.
1673 2185 1886 2240 Praece-
1985 2185 2308 2239 commisceri
2337 2202 2455 2240 cum
2485 2187 2790 2255 hujusmodi
2816 2188 2903 2261 (II
2943 2191 3121 2247 Thess.
3153 2192 3260 2265 ιιι).
3295 2194 3322 2234 ι
3352 2194 3486 2250 Item
3512 2198 3566 2252 in

309 2292 462 2353 ptum
488 2281 719 2338 senioris
746 2288 848 2346 est,
892 2288 954 2335 ut
980 2280 1206 2335 salutem
1248 2278 1550 2348 suscipias;
1591 2292 1695 2331 non
1739 2290 1890 2329 mur-

308 2373 576 2431 murando
608 2371 771 2426 ullam
811 2384 1029 2441 operam
1071 2367 1275 2434 facias;
1326 2383 1436 2423 non
1481 2364 1885 2436 responsionem

204 2456 207 2459 ’
309 2471 499 2518 contra
522 2468 850 2532 praeceptum
876 2473 1123 2528 usurpes,
1148 2472 1257 2513 non
1287 2465 1341 2512 te
1366 2455 1594 2512 extollas
1611 2495 1625 2520 ,
1659 2462 1752 2508 aut
1773 2470 1890 2508 ma-

309 2552 533 2625 gnificas
558 2550 744 2606 utilem
768 2562 987 2620 operam
1020 2548 1254 2617 aliquam
1293 2546 1502 2602 fecisse.
1552 2544 1667 2599 Non
1703 2544 1888 2614 acqui-

310 2646 480 2702 rendo
503 2644 707 2714 aliquid
745 2642 879 2698 lucri
907 2642 1263 2712 congaudeas,
1310 2647 1404 2694 aut
1432 2639 1487 2694 in
1532 2636 1729 2692 damno
1752 2651 1886 2693 cou-

311 2735 569 2792 tristeris.
627 2732 744 2789 Non
780 2744 831 2789 te
868 2731 1205 2788 familiaritas
1236 2730 1415 2801 aliqua
1459 2727 1736 2785 saecularis
1777 2735 1892 2782 tra—

310 2827 407 2881 hat
428 2865 446 2891 ,
494 2825 590 2881 sed
644 2832 756 2880 tota
803 2823 1019 2879 dilectio
1071 2832 1163 2878 tua
1215 2822 1268 2878 in
1319 2819 1512 2876 cellula
1557 2819 1885 2875 demoretur.

307 2916 335 2956 δ
363 2916 564 2972 Cellam
595 2923 657 2971 ut
678 2915 990 2986 paradisum
1013 2914 1234 2970 habeas;
1277 2912 1497 2967 Fratres
1522 2917 1644 2966 tuos
1672 2908 1891 2978 spirita-

1988 2274 2275 2332 Salomone
2305 2296 2319 2331 :
2354 2277 2481 2332 Noli
2523 2294 2733 2334 manere
2773 2296 2894 2335 cum
2931 2282 3140 2338 homine
3178 2285 3463 2353 iracundo,
3505 2304 3568 2342 ne

1987 2364 2121 2434 forte
2153 2367 2261 2420 vias
2300 2367 2416 2436 ejus
2448 2369 2622 2422 discas
2661 2379 2710 2423 et
2751 2386 2930 2426 sumas
2959 2372 3201 2443 laqueum
3235 2377 3430 2431 anima:
3460 2388 3567 2433 tua:

1988 2452 2170 2526 (Prov.
2204 2455 2361 2528 xxn).
2399 2455 2552 2523 Quod
2572 2467 2628 2512 et
2657 2458 2833 2528 ipsum
2858 2459 3173 2530 Apostolum
3195 2462 3388 2522 fecisse
3417 2467 3568 2522 inve-

1987 2547 2166 2603 nimus
2195 2562 2293 2616 per
2321 2549 2425 2603 hoc
2453 2548 2597 2618 quod
2624 2550 2815 2604 scribit
2854 2551 2922 2604 ad
2959 2552 3303 2609 Timotheum
3331 2557 3516 2613 dicens
3550 2576 3563 2611 :
3651 2562 3656 2567 ’

1989 2637 2287 2693 Alexander
2318 2639 2541 2693 azrarius
2561 2638 2727 2694 multa
2749 2639 2892 2695 mala
2911 2642 3040 2696 mihi
3066 2644 3311 2711 ostendit;
3330 2663 3481 2716 quem
3511 2660 3569 2702 tu

1986 2747 2191 2803 quoque
2215 2730 2385 2786 devita
2411 2744 2431 2782 :
2460 2729 2610 2785 valde
2636 2732 2774 2785 enim
2801 2727 2985 2786 restitit
3021 2736 3212 2789 nostris
3244 2737 3569 2793 semionibus

1990 2821 2077 2897 (I-I
2111 2823 2245 2879 Tim.
2286 2820 2383 2894 tv).
2418 2821 2623 2877 Praeter
2661 2822 2967 2893 hujusmodi
3002 2834 3183 2881 autem
3218 2829 3570 2884 necessitates

1991 2912 2300 2983 quicunque
2324 2911 2456 2967 dicit
2476 2911 2682 2981 aliquid
2710 2912 2969 2968 adversus
2994 2913 3249 2985 aliquem,
3277 2924 3338 2970 ut
3366 2916 3447 2971 vel
3474 2917 3569 2969 de—

303 3007 392 3062 les
427 3013 490 3059 ut
535 3014 765 3061 aeternos
796 3004 1035 3061 confidas
1077 3003 1279 3059 habere
1314 3007 1585 3072 parentes.
1625 2996 1892 3066 Praeposi-
1927 3065 1962 3075 _
1993 3011 2148 3075 roget
2171 3003 2223 3059 ei
2253 3003 2335 3058 vel
2369 3004 2668 3071 obtrectet,
2708 3004 2853 3060 istud
2890 3014 2974 3060 est
3011 3005 3325 3071 detrahere,
3355 3007 3568 3063 etiamsi

308 3107 429 3153 tum
453 3097 767 3153 monasterii
797 3096 988 3151 timeas
1008 3103 1069 3149 ut
1089 3092 1388 3157 dominum,
1410 3089 1601 3160 diligas
1615 3095 1675 3142 ut
1697 3065 1893 3158 paren-
1918 3065 1963 3127 Ο
1993 3065 2123 3149 vei-3
2156 3107 2276 3150 esse
2306 3094 2594 3149 videantur
2619 3065 2740 3164 (lim
2764 3094 2913 3149 dicit,

308 3200 444 3244 tem.
487 3186 751 3243 Similiter
777 3200 989 3256 quoque
1018 3173 1074 3240 et
1096 3199 1285 3241 omnes
1308 3188 1522 3253 oportet
1547 3178 1769 3251 diligere
1790 3176 1895 3233 fra-

307 3291 447 3345 tres,
485 3294 609 3335 cum
632 3278 828 3349 quibus
854 3277 1021 3333 etiam
1049 3284 1103 3331 te
1129 3274 1369 3332 confidas
1402 3284 1426 3312 ε
1453 3272 1637 3328 videre
1666 3270 1894 3341 gloriam

308 3371 537 3427 Christi.
576 3369 695 3424 Non
723 3368 904 3425 oderis
929 3367 1251 3423 laboriosam
1275 3380 1517 3437 operam,
1563 3362 1730 3419 etium
1768 3374 1897 3430 quo-

307 3476 421 3533 que
468 3474 537 3515 ne
581 3458 912 3524 sectaveris,
960 3458 1014 3512 in
1041 3456 1238 3526 vigiliis
1268 3453 1546 3512 confectus
1570 3491 1586 3519 ,
1635 3451 1689 3506 in
1731 3464 1896 3519 opere

308 3551 459 3621 justo
482 3548 728 3614 affectus,
757 3547 1039 3604 ambulans
1070 3546 1227 3617 quasi
1255 3545 1576 3609 dormitans,
1620 3544 1796 3597 lassus
1828 3540 1897 3596 ad

309 3650 546 3698 stratum
576 3651 724 3696 tuum
759 3641 981 3697 venias:
1014 3654 1137 3694 cum
1167 3638 1381 3694 Christo
1413 3636 1757 3705 requiescere
1783 3648 1895 3689 cre-

313 3736 435 3790 das.
479 3733 497 3771 ῐ
532 3733 867 3802 Cursumque
895 3729 1206 3786 monasterii
1252 3742 1415 3799 super
1458 3726 1639 3782 omnia
1683 3724 1892 3796 diligas.

391 3882 419 3910 ι
463 3867 654 3924 Milites
676 3867 903 3932 Christi,
932 3876 1037 3923 etc.
1065 3866 1193 3922 Hinc
1227 3881 1335 3921 non
1365 3871 1580 3919 exstant
1612 3863 1663 3918 in
1696 3862 1897 3932 Regula

317 3940 655 4008 Serapionis,
681 3939 920 3994 Macariii
951 3945 1004 3994 et
1033 3937 1261 3993 aliorum
1292 3935 1411 4008 cod.
1440 3934 1589 4008 Flor.
1614 3933 1895 4008 Quaedam,

315 4003 556 4065 maxime
594 4010 740 4065 circa
780 4009 976 4074 finem,
1017 4008 1285 4065 habentur
1323 4005 1574 4077 innepist.
1609 4003 1667 4059 8.
1709 4003 1900 4059 Hiero-

317 4080 571 4151 nymi_ad
596 4079 875 4151 Rusticum
906 4079 973 4134 de
997 4076 1170 4133 forma
1193 4075 1429 4151 vivendi.

395 4150 423 4190 δ
464 4148 763 4202 Ρναόἑηειί.
792 4148 850 4202 Id
880 4157 983 4214 est,
1010 4146 1265 4217 prompti.

395 4222 421 4252 °
464 4216 567 4272 Sed
596 4218 965 4299 unusquisque,
997 4215 1102 4298 etc.
1135 4215 1313 4299 Lege,
1330 4215 1435 4270 Sed
1464 4215 1817 4299 unusquisque
1845 4230 1901 4268 se

318 4298 575 4355 tanquam
605 4287 843 4341 omnibus
871 4287 1171 4409 irjeriorem
1198 4294 1511 4341 contemnat.

394 4358 423 4395 ά
463 4354 663 4410 Cellam
689 4367 743 4410 ut
773 4372 903 4426 para
944 4358 1078 4411 isum
1112 4357 1322 4426 habeas.
1351 4353 1582 4409 Consule
1612 4352 1669 4426 8ζ
1712 4352 1901 4407 Hiero-

319 4409 575 4498 nymum,
627 4409 1212 4498 S._DiirolheumLS.‘
1244 4425 1595 4498 Antiochum,
1637 4422 1899 4498 Severum
1926 4409 1978 4468 Ῐ)

321 4491 646 4566 sulpitium,
698 4496 1055 4560 Cassianum,
1105 4495 1396 4550 Palladium
1424 4533 1439 4558 ,
1482 4491 1741 4566 Joannem
1792 4491 1903 4547 Mo-

322 4560 551 4629 schum,
588 4560 641 4621 et
675 4575 932 4632 caeteros,
972 4567 1065 4636 qui
1101 4566 1168 4620 de
1212 4566 1324 4619 vita
1370 4565 1634 4627 ascetiea,
1678 4560 1903 4636 ejusque

322 4637 626 4707 cultoribus
660 4634 1021 4707 scripserunt,
1055 4644 1110 4690 et
1133 4635 1369 4697 videbis,
1401 4640 1662 4703 quantum
1688 4634 1759 4686 sit
1787 4646 1817 4686 e
1844 4647 1903 4687 re

323 4706 627 4762 monastica
653 4706 894 4762 custodia
925 4706 1092 4760 cellas.

402 4789 428 4816 ο
477 4774 679 4831 Videre.
705 4776 830 4842 Pro,
866 4775 1127 4829 Visurum.
1156 4773 1228 4830 Ut
1258 4787 1398 4843 saepe
1419 4771 1676 4827 occurrit.

406 4846 424 4885 ί
468 4844 695 4900 Cursum
733 4839 1052 4912 monasterii.
1095 4844 1297 4900 Cursus
1334 4839 1449 4897 'est‘
1474 4857 1700 4912 pensum
1734 4839 1900 4895 divini

325 4915 514 4979 ofﬁcii,
538 4916 680 4985 quod
701 4910 938 4985 quotidie
960 4915 1287 4979 excurritur,
1304 4929 1357 4968 et
1380 4910 1704 4982 persolvitur
1729 4925 1758 4964 a
1788 4926 1900 4966 mo-

327 4983 645 5041 nachisIDe
666 4983 774 5054 quo
798 4983 956 5054 infra.

406 5058 432 5096 ε
472 5055 614 5120 Quid
653 5050 726 5109 eit
758 5053 1065 5118 maledicus,
1094 5060 1200 5109 etc.
1232 5052 1469 5123 llabetur
1495 5052 1633 5123 apud
1662 5051 1719 5106 S.
1751 5050 1903 5105 Basi-

330 5126 489 5189 lium,
517 5126 708 5181 interr.
734 5123 805 5178 24
826 5124 1044 5193 Regulae
1068 5123 1216 5193 brev.
1242 5130 1293 5178 et
1318 5122 1456 5190 apud
1480 5122 1754 5185 Rufinum,
1780 5136 1899 5191 cap.

329 5196 425 5258 53,
459 5194 552 5248 ubi
579 5195 649 5249 ita
684 5196 847 5250 etiam
877 5192 1090 5262 legitur.
1121 5192 1191 5246 At
1232 5193 1284 5246 in
1326 5200 1471 5246 textu
1500 5192 1688 5247 Grmco
1715 5197 1765 5248 τί
1792 5194 1904 5247 ἐστι

330 5262 589 5346 lodopia;
621 5265 674 5319 id
707 5274 811 5329 est,
836 5266 965 5346 quid
990 5271 1075 5346 est
1101 5262 1481 5346 maledictum?
1507 5263 1700 5346 quibus
1726 5263 1905 5346 verbis

332 5330 616 5402 responsio
643 5330 891 5389 convenit
938 5351 951 5387 :
989 5330 1171 5387 Omnis
1202 5349 1370 5387 sermo
1391 5374 1405 5396 ,
1432 5330 1538 5386 etc;
1571 5332 1695 5402 Haec
1727 5339 1905 5402 autem

334 5402 398 5459 S.
428 5400 632 5459 Basilii
668 5405 846 5473 capita
885 5404 1124 5458 citantur
1164 5403 1233 5457 ob
1269 5402 1384 5457 hinc
1421 5403 1593 5456 sancti
1634 5400 1910 5455 Benedicti

333 5473 503 5528 verba
531 5492 544 5527 :
574 5491 676 5528 non
701 5475 1064 5528 detractorem.

410 5543 441 5614 1}
465 5542 755 5598 Maledictis
777 5552 872 5599 est.
898 5543 1060 5614 Lege,
1076 5541 1411 5598 maledictum
1432 5549 1530 5603 est,
1547 5540 1679 5594 utin
1700 5539 1909 5595 Graeco.

335 5610 573 5686 λαδορέα-

425 5684 440 5722 ί
469 5678 627 5745 ’ρυὶά
653 5692 729 5737 est
759 5684 1029 5737 detractio.
1067 5682 1253 5737 Exstat
1285 5681 1422 5752 apud
1459 5679 1517 5734 8.
1550 5678 1800 5735 Basilium
1832 5680 1913 5735 in-

2276 3186 2304 3259 ς
2341 3186 2408 3242 ν.
2442 3217 2515 3227 —
2551 3184 2687 3241 Item
2723 3186 2956 3257 ejusdem
2995 3185 3133 3258 (cap.
3170 3186 3283 3259 45).

2063 3277 2328 3348 Interrog.
2362 3275 2382 3316 1
2409 3275 2513 3344 Qui
2537 3276 2775 3332 detrahit
2802 3275 2978 3341 fratri,
3002 3276 3151 3332 audit
3175 3277 3570 3341 detrahentem,

1993 3375 2049 3423 et
2081 3367 2308 3438 patitur,
2348 3366 2479 3436 quid
2519 3366 2711 3434 dignus
2751 3366 2871 3421 est?
2901 3394 2972 3404 —
3004 3365 3159 3434 Resp.
3180 3365 3603 3433 .Εκςοωιηιιιιὶ-,

1994 3457 2109 3511 cari
2148 3456 2326 3511 debet.
2375 3455 2774 3525 Detrahentem,
2824 3453 3027 3523 inquit,
3078 3452 3277 3506 occulte
3325 3454 3573 3508 adversus

1992 3548 2291 3617 proximum
2329 3562 2483 3600 suum
2502 3584 2518 3611 ,
2551 3545 2691 3599 hunc
2729 3543 3071 3613 persequebar
3099 3540 3215 3613 (Ps.
3244 3541 3316 3609 c).
3353 3543 3419 3596 Et
3444 3544 3571 3599 alibi

1994 3638 2199 3690 dictum
2229 3645 2312 3690 est
2342 3653 2355 3688 :
2384 3634 2570 3689 ιιιΝοΙὶ
2607 3634 2827 3687 libenter
2857 3632 3044 3686 audire
3085 3632 3466 3697 detrahentem,
3511 3651 3574 3688 ne

1995 3728 2129 3798 forte
2149 3727 2434 3782 eradiceris
2460 3723 2641 3797 (Prov.
2666 3723 2781 3793 xx).

1997 3872 2127 3918 terr.
2152 3875 2277 3929 seq.
2310 3867 2366 3913 et
2395 3857 2535 3928 apud
2561 3856 2685 3929 Ruf.
2715 3857 2835 3910 eod.
2865 3872 2982 3926 cap.

2070 3941 2084 3980 l
2134 3928 2193 3984 Si
2240 3925 2457 4000 quando
2511 3927 2810 4000 consilium,
2859 3925 2970 4000 etc.
3025 3925 3322 4000 Videndum
3373 3936 3455 3981 est
3491 3935 3572 3978 ta-

1996 4017 2119 4057 men
2157 4002 2203 4054 si
2246 3996 2292 4055 is
2321 4000 2538 4068 quicum
2580 3998 2686 4053 inis
2723 3996 3010 4052 consilium
3040 3996 3118 4068 Ade
3144 3996 3319 4068 alieno
3348 4009 3572 4066 peccato

1996 4064 2364 4133 emendando}
2396 4068 2468 4123 sit
2499 4068 2585 4122 vir
2620 4069 2854 4137 prudens
2877 4074 2981 4137 ,ut
3005 4064 3266 4137 ejusmodi
3293 4064 3575 4137 peccatum

1999 4141 2151 4196 alteri
2176 4156 2281 4195 non
2311 4140 2380 4193 sit
2405 4136 2791 4196 patefacturus.
2816 4136 2880 4189 Et
2905 4136 2977 4190 ita
3006 4137 3093 4190 hic
3118 4136 3295 4191 Basilii
3323 4137 3473 4192 locus
3493 4146 3578 4191 est

1997 4210 2365 4281 explicandus.
2406 4205 2484 4262 De
2522 4207 2853 4281 «tetraetione
2885 4205 3045 4281 plura
3081 4206 3202 4261 vide
3236 4208 3375 4281 apud
3417 4206 3575 4262 Tole-

2001 4276 2132 4341 tum,
2168 4280 2262 4334 lib.
2294 4296 2348 4344 v,
2376 4293 2496 4348 cap.
2529 4277 2597 4331 65
2625 4286 2843 4348 οιβεη..
2871 4277 3130 4348 Angelum
3164 4276 3400 4348 etgalios.

2076 4351 2103 4390 ¹ί
2134 4350 2265 4403 Item
2287 4350 2342 4403 in
2357 4344 2657 4403 Salomone.
2675 4347 2729 4400 In
2755 4344 2903 4400 textu
2925 4344 3111 4400 Graeco
3130 4345 3273 4398 nulla
3297 4345 3498 4400 mentio
3521 4344 3580 4399 ﬁt

2006 4419 2329 4483 Salomonis,
2356 4419 2452 4472 sed
2472 4425 2680 4471 tantum
2701 4416 3015 4486 producitur
3040 4415 3339 4486 linisrhujus
3363 4424 3578 4469 senten-

2003 4492 2091 4547 tia:
2115 4531 2129 4551 ,
2177 4498 2383 4543 mutata
2429 4487 2665 4542 secunda
2705 4485 2937 4555 persona
2979 4487 3031 4539 in
3059 4485 3272 4555 tertiam
3300 4499 3315 4538 :
3344 4489 3429 4543 Μή
3455 4506 3576 4540 non

2001 4562 2128 4635 λάϐῃ
2153 4560 2387 4635 βρόχους
2496 4557 2682 4635 inurat")
2703 4552 2879 4635 ψυχῇ,
2908 4557 2960 4613 id
2989 4564 3090 4635 est,
3119 4552 3433 4635 Nequando
3458 4556 3579 4623 quis

2003 4613 2427 4754 capga't'la'queos
2448 4613 2646 4682 anima:
2671 4613 3025 4681 suteTL'ocum
3054 4613 3219 4679 textui
3238 4613 3342 4679 suo
3367 4613 3581 4679 accom-

2004 4716 2092 4754 mo
2132 4708 2204 4753 at.

2004 4708 2204 4756 modat.

2082 4769 2099 4809 ι
2144 4768 2249 4834 Qui
2287 4767 2514 4821 detrahit
2551 4767 2725 4836 fratri.
2769 4764 3020 4836 Invenire
3038 4771 3121 4818 est
3154 4762 3293 4832 apud
3330 4761 3400 4836 S._
3431 4761 3581 4836 [iasi-

2007 4832 2178 4903 lium,
2198 4839 2404 4960 ἱῐιῐθνὲλ
2417 4837 2488 4892 26
2518 4832 2844 4907 Regularum
2875 4834 3116 4889 brevium
3136 4875 3150 4899 ,
3180 4842 3236 4886 et
3264 4833 3406 4903 apud
3441 4832 3584 4886 Ruti-

2010 4924 2164 4960 num.
2188 4922 2308 4960 can.
2409 4944 2424 4960 .
3455 4956 3461 4960 .

2010 4924 2164 4973 num,
2188 4923 2308 4973 cap.
2334 4923 2424 4960 eo.
2924 4972 2927 4973 ν
3160 4970 3177 4973 _
3455 4956 3461 4961 .

2083 4922 2525 5032 givctiliiliirznter
2548 4974 2733 5029 audire
2759 4972 3131 5027 detrahentem.
3160 4970 3238 5025 lta
3265 4973 3404 5041 apud
3436 4956 3584 5026 Rufi-

2012 5064 2161 5103 num.
2187 5047 2257 5101 Et
2274 5046 2340 5100 ad
2360 5048 2585 5100 verbum
2613 5044 2854 5113 redditur
2876 5049 3052 5113 textus
3080 5055 3248 5113 sacrae
3270 5040 3581 5113 scripturae,

2011 5126 2172 5190 prout
2206 5132 2239 5190 ει
2275 5116 2335 5171 8.
2366 5116 2570 5190 Basilio
2586 5111 2878 5184 profertur,
2913 5111 3017 5190 qui_
3039 5120 3122 5190 est
3146 5111 3449 5190 hujusmodi
3477 5119 3584 5170 :Mrj

2013 5181 2170 5249 ἧδεώς
2196 5185 2340 5243 ἄκουε
2366 5181 2794 5248 κατωλαλόῦντος,
2820 5191 2960 5246 etc.;
3003 5181 3055 5234 id
3084 5188 3165 5234 est
3190 5221 3204 5244 ,
3224 5181 3313 5235 Ne
3356 5182 3585 5238 libenter

2013 5259 2203 5313 audias
2253 5256 2631 5311 detractorem.
2679 5253 2854 5307 Aliter
2887 5258 3068 5304 tamen
3113 5249 3273 5304 Prov.
3310 5266 3428 5320 cap.
3479 5266 3582 5313 xx,

2013 5342 2172 5382 versu
2210 5325 2277 5380 15
2314 5325 2406 5379 ubi
2446 5324 2535 5377 hic
2576 5322 2725 5376 locus
2766 5328 2978 5382 exstat,
3023 5320 3220 5390 legitur
3245 5321 3299 5374 in
3342 5321 3587 5374 versione

2016 5398 2285 5466 Septuag.
2301 5394 2666 5466 interpretum
2677 5399 2819 5466 LM?)
2864 5391 3366 5466 ayané'txa‘ralalsiu
3398 5392 3480 5466 ira
3520 5395 3588 5466 ξιὴ

2018 5459 2248 5539 teipse;
2355 5459 2610 5539 e_st,_Noli
2633 5461 2849 5530 diligere
2880 5459 3173 5539 detrahere,
3201 5475 3262 5539 ne
3284 5460 3586 5539 eradiceris.

2015 5515 2252 5592 iiuiéiid
2277 5515 2555 5586 illeliraico
2587 5542 2703 5590 rem
2730 5515 3002 5593 Enn-'71s,
3040 5527 3093 5580 al
3129 5515 3307 5583 the/reb
3357 5529 3588 5591 schana,
3647 5562 3651 5566 -

2021 5607 2072 5662 id
2098 5615 2198 5665 est,
2226 5602 2333 5656 noli
2357 5601 2571 5671 diligere
2591 5616 2850 5661 somnum,
2872 5609 2932 5652 ut
2953 5599 3007 5651 in
3028 5598 3273 5671 versione
3296 5597 3587 5671 communi.

2020 5677 2125 5730 Sed
2154 5676 2197 5727 si
2238 5666 2698 5739 nmtatis'punctis
2723 5671 2865 5739 legas
2890 5675 3010 5727 τω
3053 5669 3265 5731 schoue,
3307 5666 3504 5722 cllieies
3533 5668 3590 5721 τὸ
