3958 6198
182 394 300 450 .909

1158 389 1549 449 CONCORDIA
1586 388 2042 448 REGULARUM.
2082 418 2151 429 —
2188 387 2341 444 CAP.
2382 385 2495 442 V'Il.

3350 388 3459 445 810

201 507 501 561 morientes
552 518 691 558 unus
728 500 882 558 locus
920 501 1306 573 amplectatur.
1348 503 1460 558 Pro
1497 504 1778 573 spiritibus
1805 508 1855 565 Α
1882 512 2063 557 autem
2094 502 2443 571 omnipotens
2472 500 2745 555 custodiat
2765 515 2867 556 vos
2896 500 2949 555 in
2979 499 3229 556 omnibus
3262 500 3463 561 bonis:

192 596 587 653 defunctorum
632 606 656 633 ιι
700 592 872 646 altera
913 592 1000 647 die
1034 602 1156 661 post
1189 592 1543 647 Pentecosten
1579 592 1784 647 saerifi—
1883 602 1939 647 et
1971 594 2246 662 quomodo
2279 590 2448 662 coepit
2489 590 2569 645 sic
2614 589 2900 646 conﬁrmet
2932 590 3160 663 gratiam
3206 607 3357 646 suam
3409 593 3465 647 in

200 690 351 745 cium
402 687 515 741 Deo
546 684 829 750 olI'eratur,
865 692 928 738 ut
960 685 1133 739 beata:
1170 684 1294 738 vita:
1327 684 1622 753 participes
1654 682 1785 738 facti
1884 684 2058 739 vobis.
2088 684 2284 738 Amen.

202 778 553 849 purgatiores
587 791 818 847 corpora
854 790 951 831 sua
990 776 1044 829 in
1076 776 1163 831 die
1198 775 1615 830 resurrectionis
1649 775 1789 830 reci-

197 873 380 941 piant.
413 868 542 923 Haec
570 868 751 939 igitur,
780 882 816 922 ο
844 868 987 922 servi
1017 866 1143 930 Dei,
1175 866 1375 921 milites
1398 865 1601 920 Christi
1620 906 1635 929 ,
1659 882 1789 921 con-

200 968 507 1028 temptores
543 957 764 1021 mundi,
813 958 886 1011 ita
922 957 1077 1011 vobis
1108 955 1464 1012 custodienda
1509 955 1786 1020 volumus,

206 1061 268 1104 ut
301 1051 570 1119 majorum
603 1055 873 1117 prmcepta
912 1045 924 1117 1
962 1046 989 1086 ι’
1021 1054 1239 1117 patrum
1266 1042 1287 1116 ]
1322 1059 1420 1114 per
1451 1045 1628 1099 omnia
1656 1059 1793 1098 con—

206 1142 459 1195 servetis.
493 1137 766 1207 Suscipite
800 1137 967 1207 igitur
994 1136 1139 1190 inter
1160 1136 1255 1190 illa
1284 1145 1341 1192 et
1369 1135 1511 1189 hanc
1541 1135 1785 1189 admoui-

208 1231 419 1283 tionem
450 1235 691 1281 nostram
710 1267 726 1290 ,
756 1225 949 1280 humili
977 1225 1139 1280 corde
1168 1224 1540 1280 custodientes
1564 1237 1684 1293 qua:
1712 1223 1793 1276 di-

209 1327 423 1387 cimus,
462 1322 693 1377 libenter
726 1327 1006 1374 sumentes
1038 1333 1161 1388 qua:
1199 1318 1616 1389 dispensamus:
1660 1332 1794 1385 qua-

204 1426 377 1470 tenus
401 1412 557 1467 vobis
582 1411 649 1466 de
675 1409 874 1464 effectu
902 1409 1082 1478 operis
1110 1408 1181 1463 sit
1207 1407 1377 1478 gloria
1394 1446 1409 1472 ,
1433 1414 1488 1459 et
1515 1405 1670 1459 nobis
1695 1420 1794 1473 pro

210 1507 332 1575 ipsa
380 1502 751 1560 admonitione
792 1500 1067 1573 postulata
1109 1500 1397 1571 proveniat
1439 1498 1619 1552 venia.
1652 1499 1796 1552 Deus

210 1653 338 1707 cap.
375 1634 446 1707 57:
477 1651 496 1684 ‹
523 1632 604 1687 Ab
635 1632 704 1707 iis
729 1630 822 1707 qui
851 1631 967 1707 ejns
992 1630 1460 1707 compatiebantur
1486 1629 1795 1707 exitio,_vix

206 1724 247 1760 a
285 1700 614 1776 presbytero
657 1700 854 1776 abbate
882 1700 1204 1772 Paphnutio
1242 1702 1419 1776 potuit
1458 1700 1691 1776 obtineri
1738 1708 1796 1753 ut

214 1770 326 1831 non
365 1770 507 1829 inter
542 1774 889 1827 biothanatos
912 1770 1210 1842 ire—putatus
1242 1772 1408 1842 etiam
1444 1770 1704 1842 memoria
1737 1779 1794 1842 et

1922 793 1950 866 ᾗ
1979 793 2092 847 XII.
2121 824 2194 833 —
2220 793 2297 847 Ex
2325 792 2543 849 Rscuu
2571 808 2758 850 SANC‘I’I
2791 793 3052 850 PACIIOMII
3100 794 3248 867 (cap.
3284 796 3438 879 127).

1963 916 1984 943 ε
2028 902 2085 959 Si
2123 903 2293 958 frater
2340 904 2655 970 dormierit,
2694 903 2721 943 δ
2761 906 2938 960 omnis
2986 919 3108 960 eum
3154 905 3471 964 fraternitas

1886 1004 2276 1066 prosequatur.
2315 1004 2339 1033 ε
2368 993 2539 1049 Nemo
2570 1004 2846 1049 remaneat
2873 995 3075 1063 absque
3110 996 3330 1066 majoris
3362 998 3469 1052 im-

1888 1085 2072 1156 perio,
2107 1084 2125 1123 ί
2157 1100 2256 1139 nec
2281 1084 2506 1154 psallat,
2535 1085 2637 1139 nisi
2666 1086 2713 1139 ei
2734 1085 2945 1155 jussum
2972 1084 3163 1151 fuerit;
3218 1103 3317 1142 nec
3345 1098 3472 1158 post

1893 1176 2124 1230 alterum
2154 1175 2421 1244 psalmum
2440 1173 2637 1246 jungat
2664 1174 2894 1229 alterum
2924 1174 3043 1229 sine
3068 1177 3341 1245 praepositi
3373 1194 3468 1233 vo-

1894 1270 2121 1323 luutate.

1923 1385 1952 1457 §
1982 1384 2115 1439 XIII.
2146 1414 2218 1424 —
2247 1384 2326 1438 Ex
2356 1383 2577 1438 Rasum
2604 1398 2795 1438 ssnon
2825 1382 3098 1439 annsou
3132 1384 3283 1457 (cap.
3317 1386 3443 1457 23).

1964 1501 1996 1539 δ
2030 1498 2099 1554 Ut
2121 1497 2341 1567 jurandi
2368 1495 2703 1553 consuetudo
2732 1496 2797 1551 ad
2830 1496 3130 1567 integrum,
3161 1498 3205 1554 si
3234 1498 3347 1554 fieri
3377 1516 3474 1570 po-

1896 1631 2313 1689 resurrectionis
2343 1630 2457 1687 suis
2496 1629 2776 1700 discipulis
2814 1630 2994 1686 denuo
3031 1633 3309 1701 apparuit,
3338 1650 3473 1701 qua-

1898 1704 2260 1774 dragesimam
2319 1709 2443 1774 post
2506 1702 2960 1774 resurrectionem
3015 1702 3101 1756 die
3133 1704 3231 1774 _ad
3278 1702 3471 1758 cadum

1898 1770 2160 1829 ascendit.
2203 1770 2434 1844 Nec'his
2477 1771 2796 1844 adversatur
2844 1779 3063 1844 sanctus
3115 1772 3471 1844 Augustinus,

214 1845 495 1901 oblatione
524 1843 873 1911 pausantium
901 1839 1242 1911 judicaretur
1280 1841 1551 1911 indignus.
1587 1860 1606 1892 ι
1636 1840 1701 1911 Et
1736 1839 1793 1893 in
1824 1850 1870 1909 Β
1897 1859 2024 1898 cum
2074 1844 2149 1897 ita
2198 1842 2277 1911 ait
2310 1841 2423 1911 sub
2471 1839 2635 1893 ﬁnem
2678 1840 3046 1911 Qumstionum
3098 1839 3260 1911 supér
3300 1843 3475 1900 Cenc—

213 1915 454 1971 conciiio
500 1910 823 1967 Bracarensi
863 1910 915 1978 t,
965 1926 1087 1978 cap.
1138 1911 1250 1974 24;
1297 1910 1674 1965 Aurelianensi
1721 1924 1792 1972 ιι,

215 2002 349 2040 can.
380 1983 487 2046 I4;
523 1983 747 2038 Vasensi
774 1998 791 2036 ι
815 2022 831 2046 ,
862 1997 989 2037 can.
1018 1979 1093 2046 2;
1137 1980 1362 2036 Vasensi
1392 1997 1462 2044 ιι,
1494 1994 1615 2034 can.
1646 1979 1710 2043 '5,
1744 1988 1800 2033 et

215 2057 344 2110 aliis
371 2052 683 2107 auctoribus
708 2051 846 2105 infra
875 2051 1127 2106 citandis.
1160 2049 1391 2105 Sanctus
1416 2049 1653 2104 Isidorus
1682 2058 1800 2103 tan-

216 2135 336 2180 tum
368 2123 526 2177 unius
552 2121 657 2176 diei
678 2161 693 2186 ,
722 2136 830 2190 quo
864 2121 920 2174 in
946 2120 1219 2191 exsequiis
1256 2120 1627 2191 defunctorum
1655 2120 1801 2173 salu-

216 2196 360 2249 taris
386 2191 611 2248 offertur
638 2189 843 2254 hostia,
867 2189 1144 2257 meminit;
1178 2193 1298 2259 qua:
1326 2200 1507 2244 tamen
1536 2189 1800 2244 ofiereba-

217 2276 315 2343 tnr
344 2264 510 2343 etiam
537 2260 1009 2343 quibusdam_aliis
1031 2260 1324 2343 diebnsﬂab
1356 2260 1523 2330 ipsius
1546 2259 1799 2343 gefnncti

208 2337 395 2391 obitu.
420 2328 698 2397 Alcuinus,
727 2330 821 2401 lib.
850 2330 916 2385 de
939 2330 1135 2386 divinis
1150 2328 1516 2401 Officiis—cap.
1535 2329 1607 2401 ‘5;
1637 2329 1801 2383 Ama-

217 2404 394 2459 larius
412 2402 761 2466 Fortunatus,
786 2400 880 2455 lib.
907 2416 961 2455 tv
984 2401 1049 2455 de
1075 2399 1653 2462 ecclesiasticis’Ollic"
1676 2414 1796 2468 cap.

215 2475 328 2539 42,
363 2472 693 2527 mentionem
725 2471 929 2526 faciunt
971 2471 1145 2534 tertii,
1181 2471 1392 2541 septimi
1437 2478 1493 2526 et
1534 2469 1798 2541 trigesimi

214 2546 435 2599 dierum
458 2583 473 2606 ,
502 2555 640 2612 quos
680 2542 858 2596 adhuc
887 2541 1151 2612 robservat
1188 2538 1375 2612 sancta
1394 2538 1655 2612 Βοιωηέ
1692 2538 1798 2594 Ec-

210 2615 411 2670 clesia.
445 2609 552 2668 Sed
577 2611 706 2666 olim
736 2626 854 2665 mos
881 2611 985 2666 iste
1008 2612 1195 2667 varius
1234 2610 1354 2665 fuit.
1394 2609 1528 2665 Nam
1558 2618 1803 2678 tempore

217 2685 401 2742 sancti
447 2682 720 2737 Ambrosii
768 2681 859 2736 alii
905 2682 1129 2736 tertium
1177 2682 1420 2752 diemet
1463 2680 1800 2752 trigesimum

217 2755 615 2817 observabant,
647 2753 736 2806 alii
782 2752 1072 2821 septimum
1110 2760 1165 2806 et
1201 2751 1673 2822 quadragesimum
1695 2789 1711 2809 .
1741 2756 1803 2804 ut

218 2826 416 2879 videre
471 2830 554 2877 est
602 2824 656 2877 in
704 2823 822 2893 ejus
869 2822 1117 2893 oratione
1161 2821 1235 2876 de
1266 2821 1561 2893 Theodosii
1609 2823 1798 2875 obitu:

220 2914 251 2947 ε
281 2896 411 2965 Ejus
464 2909 593 2963 ergo
635 2892 899 2963 principis
944 2892 1401 2965 conclamavimus
1450 2892 1690 2955 obitum,
1745 2898 1802 2965 et

217 2960 375 3021 nunc
411 2960 886 3035 quadragesimum
921 2961 1256 3035 celebramus
1296 2962 1586 3035 assistente
1629 2960 1802 3035 sacris

219 3029 494 3090 altaribus
531 3029 783 3104 Honorio"
808 3032 1053 3104 principe
1081 3031 1254 3104 ;_qui_a
1286 3030 1427 3104 sicut
1455 3038 1676 3104 sanctns
1703 3029 1794 3084 ιο-

214 3106 365 3175 sepb
420 3104 562 3175 patri
614 3118 711 3158 suo
757 3099 924 3175 Iacob
973 3099 1330 3175 quadraginta
1372 3100 1567 3175 diebus
1615 3099 1805 3175 hnmaq

214 3171 397 3257 tionis
424 3171 973 3264 oﬂici‘a_delt‘nlit,.ita
991 3171 1059 3264 "et
1078 3171 1507 3264 .Tbenldosio
1532 3171 1673 3264 patri
1701 3186 1800 3253 suo
1829 3202 1872 3264 Ο

208 3245 375 3315 justa
402 3243 679 3315 persolvit.
707 3244 776 3315 Et
803 3243 930 3313 quia
957 3241 1049 3297 alii
1078 3240 1470 3315 te_rtium_diem
1499 3247 1562 3315 et_
1585 3240 1802 3311 trigesi-

223 3311 419 3379 rnum,’
460 3313 554 3367 alii
584 3311 873 3393 septimum
893 3319 967 3393 .et
1005 3311 1476 3393 quadragesimum
1498 3311 1805 3393 ‘observare

222 3381 666 3449 consueverunt,
708 3383 837 3452 quid
875 3381 1067 3437 doceat
1105 3381 1298 3448 lectio,
1328 3381 1747 3452 consideremus.
1781 3401 1798 3433 ι

219 3456 308 3509 Ita
337 3454 391 3507 in
420 3453 649 3509 vetustis
672 3451 1028 3517 editionibus;
1051 3467 1177 3507 nam
1205 3452 1259 3505 in
1272 3451 1593 3521 quibusdam
1621 3465 1809 3521 recen-

223 3524 468 3579 tioribus
492 3533 746 3593 corrupte
769 3522 965 3592 legitur
990 3540 1003 3576 :
1036 3522 1130 3593 alii
1154 3519 1367 3593 tertium
1397 3520 1563 3593 diem,
1591 3519 1684 3593 alii
1712 3521 1808 3574 tri-

223 3595 516 3665 gesimum,
553 3590 981 3665 alii'septiruyrn,
1012 3592 1109 3646 alii
1136 3591 1595 3665 quadragesimum
1626 3590 1806 3665 obser-r

223 3659 354 3742 {vare
404 3671 801 3742 consueverunt.
850 3659 1367 3742 Dierumntfrtiiet
1405 3659 1806 3742 quadragesimi

223 3733 671 3789 observationem
710 3738 1098 3786 commemorat
1124 3730 1395 3785 Palladius
1422 3729 1477 3784 in
1508 3729 1770 3784 Lausiaca
1788 3771 1802 3793 ,

225 3805 411 3874 capite
439 3803 506 3856 de
532 3801 757 3871 Eulogio
785 3818 798 3854 :
830 3804 922 3857 Kal
947 3802 1134 3874 συνέϐη
1170 3807 1262 3856 τοῦ
1299 3804 1389 3873 μέν
1417 3804 1673 3874 μακαρίον
1706 3802 1806 3874 εὖ·

223 3870 402 3946 λυᾷἱον
428 3874 497 3928 τὰ
523 3870 918 3946 «recuperauerit
953 3870 1318 3946 annnam},
1359 3878 1448 3946 τοῦ
1489 3870 1806 3946 δὲ’)ειῇωϐη·

275 3940 383 3998 Fama
410 3947 646 4017 regina
673 3940 737 4017 ιὲᾀ
760 3943 911 4017 τρίτα
937 3945 1080 4017 παρά
1102 3950 1195 4017 fi:
1216 3940 1563 4017 ἀδσᾎφότητος·
1599 3940 1766 4017 id_es_t
1789 3956 1802 3992 :

221 3965 383 4068 ἔνου
410 3965 469 3999 το
493 3965 646 4013 σωμα
673 3965 737 3997 τα
760 3965 911 4011 τριτα
937 3965 1080 4017 παρα
1102 3965 1195 4002 της
1216 3965 1563 4014 αοελφοτητος·
1600 3965 1652 3994 lu
1682 3965 1766 3994 υδι
1790 3965 1802 3992 ἰ

255 4016 297 4066 ‘t
329 4012 534 4067 accidit
563 4019 622 4065 ut
646 4010 1011 4065 celebraretur
1036 4026 1067 4065 a
1098 4010 1442 4066 fraternitate
1474 4010 1616 4065 beati
1646 4011 1811 4065 Eulo-

225 4084 302 4153 gii
348 4080 799 4154 quadragesimus
831 4081 973 4144 dies,
1004 4081 1236 4154 mutilati
1264 4095 1396 4154 vero
1437 4094 1665 4154 gorpore
1692 4082 1810 4154 dies

224 4149 445 4207 iertius.
492 4149 632 4206 Ecce
671 4159 733 4222 ut
772 4159 984 4222 veteres
1020 4151 1097 4205 illi
1136 4151 1384 4222 monachi
1413 4149 1652 4222 Egyptii
1681 4152 1810 4222 dies

223 4223 555 4292 tertiumet
596 4220 1070 4292 quadragesimum
1111 4220 1475 4292 celebrabant.
1490 4220 1604 4292 r‘A’n
1645 4221 1809 4275 alium

223 4290 576 4361 addiderint,
616 4291 718 4345 etsi
756 4290 825 4344 id
854 4306 961 4345 non
1001 4298 1184 4361 pateat
1224 4306 1291 4345 ex
1318 4290 1588 4357 Palladio,
1617 4299 1701 4361 est
1729 4300 1811 4345 ta-

223 4378 355 4417 men
387 4359 569 4416 simile
598 4375 728 4415 vero
755 4374 849 4415 eos
878 4359 1149 4415 addidisse
1177 4376 1397 4416 nonum.
1430 4361 1565 4415 Nam
1594 4360 1723 4415 olim
1756 4363 1809 4416 in

221 4430 493 4487 Orientali
538 4430 777 4485 Ecclesia
816 4431 1115 4500 agebantur
1151 4437 1263 4485 tres
1298 4432 1353 4485 hi
1391 4430 1509 4486 dies
1538 4445 1637 4501 pro
1666 4447 1812 4486 mor-

226 4502 338 4557 tuis
367 4501 586 4565 tertius,
612 4515 789 4571 nonus
816 4509 871 4555 et
897 4501 1360 4571 quadragesimus.
1383 4501 1809 4556 Constitutiones

1900 1914 2003 1969 sim
2032 1931 2045 1967 :
2076 1931 2094 1963 ε
2125 1911 2191 1966 Ει
2218 1909 2349 1965 fecit
2372 1910 2573 1981 luctum
2598 1910 2742 1981 patri
2766 1925 2863 1964 suo
2889 1919 3096 1981 septem
3119 1909 3253 1967 dies.
3279 1913 3476 1969 Nescio

1898 1992 2082 2037 utrum
2114 1982 2422 2036 inveniatur
2450 1979 2609 2034 alicui
2641 1979 2965 2034 sanctorum
2996 1980 3325 2037 celebratum
3353 1999 3476 2038 esse

1899 2053 2106 2108 luctum
2133 2065 2325 2121 novem
2363 2050 2510 2121 dies,
2528 2050 2686 2121 quod
2730 2049 3134 2121 apudLatinos
3175 2054 3477 2108 novemdial

1901 2120 2380 2193 appellant._‘Unde
2408 2119 2552 2193 mihi
2569 2119 2822 2193 videntur
2846 2120 2916 2174 ab
2943 2120 3047 2193 hac
3084 2125 3475 2193 consuetudine

1900 2189 2223 2265 prohibendi
2244 2231 2259 2256 ,
2296 2190 2341 2245 si
2371 2190 2462 2265 qui
2494 2189 3133 2265 Christianorumistum
3162 2191 3218 2247 in
3249 2196 3478 2265 mortuis

1901 2260 2015 2319 suis
2041 2276 2325 2333 numerum
2351 2260 2671 2333 observant,
2698 2260 2993 2333 quimagis
3010 2269 3096 2317 est
3116 2261 3174 2317 in
3199 2263 3478 2333 gentilium

1900 2332 2309 2388 consuetudine.
2333 2350 2351 2383 ι
2372 2328 2506 2400 Nam
2529 2329 2675 2383 aliud
2689 2335 2773 2400 est
2795 2328 2937 2400 loqui
2962 2330 3026 2385 de
3041 2346 3184 2386 nono
3197 2328 3303 2398 die,
3331 2334 3477 2388 aliud

1900 2403 1968 2457 de
1993 2418 2187 2458 novem
2213 2400 2424 2456 diebus.
2450 2398 2654 2455 Novem
2683 2399 2800 2453 dies
2827 2398 2934 2454 non
2956 2401 3304 2456 celebrabant
3327 2404 3479 2459 Chri-

1900 2473 2065 2528 stiani
2087 2513 2101 2538 ,
2134 2471 2228 2527 sed
2259 2486 2461 2526 nonum
2489 2470 2633 2524 diem
2661 2469 2941 2524 duntaxat.
2974 2469 3337 2528 Novemdialis
3367 2490 3479 2527 me-

1902 2544 2180 2598 minerunt
2226 2540 2418 2611 glossa:
2465 2548 2723 2611 veteres:
2764 2538 3127 2611 ΔΝουρξηιίιὶαι,
3171 2540 3349 2598 (me:
3393 2544 3479 2597 ini

1898 2618 2080 2688 νεκροῇ
2108 2608 2329 2688 ᾁτὸμὶενα
2347 2650 2362 2675 ,
2395 2624 2531 2688 quos
2560 2608 2676 2688 dies
2704 2608 2873 2688 etiam
2897 2608 3258 2688 Athenienses
3291 2611 3481 2668 ἰννατα

1901 2677 2281 2753 appellabant,
2305 2689 2368 2735 ut
2386 2677 2542 2735 docet
2569 2677 2743 2734 Julius
2760 2677 2949 2733 Pollux
2970 2678 3064 2735 lib.
3089 2696 3150 2734 tu
3173 2678 3477 2746 Onomast.,

1901 2753 2215 2904 aedilem.
2229 2822 2313 2876 die
2331 2831 2445 2904 p93}
2474 2818 2810 2904 Pentecosten
2827 2860 2845 2885 ,
2871 2826 2976 2902 etc.
3006 2818 3120 2876 Mos
3141 2819 3270 2904 olim
3296 2819 3396 2903 fuit
3424 2822 3477 2877 in

1902 2892 2248 2949 monasteriis
2282 2892 2466 2946 multis
2499 2899 2559 2945 ut
2592 2892 2975 2945 anniversarim
3002 2904 3192 2960 preces
3214 2898 3273 2960 et
3302 2892 3483 2947 missa:

1902 2973 2046 3019 stato
2061 2963 2148 3018 die
2167 2976 2265 3031 pro
2278 2961 2544 3032 defunctis
2566 2960 2823 3032 fratribus
2842 2958 3149 3032 agerentur.
3172 2958 3228 3015 Id
3248 2961 3482 3032 instituit

1901 3035 2095 3090 beatus
2121 3033 2458 3105 [Egilabbas
2488 3031 2769 3105 Fuldensis
2796 3031 2850 3085 in
2880 3031 2980 3085 Suo
3008 3031 3363 3105 monasterio,
3393 3033 3480 3088 die

1904 3101 2295 3186 sanctiOIg‘na‘tii
2322 3101 2578 3186 martyris
2604 3102 2669 3156 ad
2691 3102 3176 3186 hann‘memoriam
3203 3102 3480 3186 deputato,

1903 3183 1967 3228 ut
1989 3170 2181 3229 scribit
2200 3170 2478 3229 Candidus
2497 3173 2794 3227 monachus
2812 3171 3094 3227 Fuldensis
3115 3170 3174 3226 in
3198 3170 3317 3240 ejus
3338 3171 3480 3228 Vita.

1909 3244 2144 3300 Sanctus
2170 3243 2331 3314 Ilugo
2352 3242 2518 3314 abbas
2544 3240 2933 3314 Cluniacensis_
2957 3243 3100 3297 idem
3142 3243 3335 3314 statuit
3363 3242 3482 3299 ﬁeri

1906 3314 2198 3384 quotannis
2240 3311 2373 3368 feria
2402 3313 2435 3368 5
2452 3353 2467 3377 ,
2507 3320 2630 3382 post
2653 3321 2878 3384 octavas
2903 3311 3255 3384 Pentecostes
3284 3313 3339 3367 in
3367 3328 3483 3368 om-

1907 3382 2070 3440 nibus
2117 3384 2464 3439 monasteriis
2508 3384 2614 3437 sibi
2660 3382 2925 3445 subditis,
2968 3392 3028 3436 ut
3072 3383 3257 3437 videre
3297 3391 3382 3437 est
3426 3386 3482 3438 in

1906 3456 2094 3524 charta
2140 3455 2371 3524 quadam
2401 3454 2467 3507 de
2497 3452 2819 3522 quibusdam
2848 3451 2992 3505 illius
3020 3452 3254 3507 decretis
3299 3451 3478 3524 (Bibl.

1908 3523 2064 3578 Clun.
2095 3522 2237 3578 in’S.
2272 3522 2493 3591 Hugone
2522 3530 2559 3588 ).

1979 3595 2008 3633 ι’
2044 3593 2287 3647 Patrum.
2324 3589 2464 3661 Lege
2491 3591 2694 3661 potius,
2725 3591 2868 3661 utin
2898 3589 3104 3660 Regula
3135 3605 3355 3645 excusa.

1979 3674 2003 3702 ε
2045 3661 2103 3717 Si
2133 3662 2297 3730 frater
2320 3660 2617 3724 dormierit,
2645 3668 2751 3716 etc.
2782 3660 2898 3716 IIoc
2923 3669 3084 3729 caput
3110 3661 3292 3716 videre
3317 3669 3400 3716 est
3427 3663 3479 3718 in

1908 3733 2111 3804 Regula
2134 3729 2316 3804 sancti
2342 3729 2622 3804 Pachomii
2648 3744 2881 3795 excusa,
2915 3739 3022 3783 art.
3055 3730 3142 3804 7i=

1977 3799 2017 3842 (ῖ
2044 3801 2229 3856 Omnis
2256 3816 2373 3872 eum
2402 3800 2705 3872 [raternitas
2732 3809 3097 3872 prosequatur.
3130 3799 3185 3855 Id
3211 3807 3327 3866 est,
3360 3815 3478 3855 om-

1907 3886 2005 3927 nes
2035 3872 2231 3926 fratres
2257 3870 2373 3939 ejus
2403 3870 2565 3925 funus
2593 3870 3007 3939 prosequantur.

1983 3954 2007 3982 ο
2049 3940 2218 3996 Nemo
2252 3950 2536 3994 remaneat.
2582 3940 2660 3995 Ex
2691 3948 2796 3993 art.
2839 3954 2957 4009 seq.
2991 3941 3135 4009 santi
3167 3940 3438 3996 Pacbomii
3460 3983 3475 4005 .

1907 4014 1963 4069 in
2004 4027 2113 4083 quo
2150 4012 2222 4066 ita
2256 4011 2485 4067 habetur
2512 4027 2524 4063 :
2559 4027 2577 4059 ι
2606 4009 2774 4064 Nemo
2811 4008 2970 4065 exeat
3000 4008 3188 4083 foras,
3218 4025 3374 4083 neruo
3405 4013 3483 4064 ln-

1906 4080 2135 4155 qnaiur;
2166 4095 2326 4136 nemo
2356 4088 2632 4135 remaneat
2654 4089 2881 4150 excepto
2909 4080 3128 4150 majoris
3157 4081 3402 4151 imperio.
3435 4104 3454 4134 ι

1986 4153 2007 4193 ί
2046 4151 2159 4206 Nec
2193 4149 2407 4208 psallat.
2449 4149 2529 4205 Ex
2570 4159 2674 4205 art.
2712 4149 2781 4205 75
2821 4149 3059 4208 eiusdem
3105 4151 3354 4208 Reauhe.
3387 4155 3480 4208 se.l

1986 4165 2002 4193 ι
2046 4165 2159 4206 Nec
2193 4165 2407 4222 psauat.
2449 4165 2529 4205 IS!
2570 4165 2674 4205 art.
2714 4165 2781 4205 to
2821 4165 3059 4218 ejusuem
3107 4165 3354 4222 “egone,
3387 4165 3478 4208 se.I

1951 4222 2073 4279 aulo
2114 4221 2309 4277 aliter-z
2343 4238 2362 4271 ι
2392 4219 2560 4292 Nemo
2597 4229 2723 4292 ante
2761 4222 2960 4292 psallat
2982 4261 2999 4285 ,
3039 4222 3145 4277 nisi
3183 4231 3238 4276 et
3268 4221 3478 4292 iussum

1933 4294 2073 4365 ’uerit
2090 4334 2105 4359 ,
2133 4307 2236 4347 nec
2264 4290 2533 4365 completo
2568 4290 2778 4365 psalmo
2803 4292 3035 4347 alterum
3063 4293 3180 4348 sine
3204 4290 3479 4365 praepositi

1903 4357 2643 4435 jussioneaudeat'jungere.
2681 4381 2700 4435 ι
2736 4357 2749 4373 ⁸

1984 4437 2009 4475 ε
2041 4432 2108 4488 Ut
2142 4433 2367 4504 jurandi
2408 4430 2748 4496 consuetudo,
2780 4439 2891 4504 etc.
2926 4430 3297 4504 Perfectionis;
3321 4432 3485 4504 Chri-

1913 4506 2105 4560 stianae
2129 4501 2417 4566 studiosis,
2448 4511 2507 4557 ut
2535 4511 2663 4557 sunt
2689 4503 2970 4567 monachi,
3004 4502 3073 4556 ab
3100 4502 3248 4557 omni
3270 4501 3483 4571 jureju-

223 4551 939 4646 aposmlicte§_'En¢1risie9oti
967 4551 1802 4646 τριέέᾖξῖῖἷέι”ιέοἷρὶγὶιῖέζρἶοζὲἱρῖζ

1914 4551 2103 4646 ἓὶιίἶὲἱξ
2120 4551 2421 4646 ἑᾷἓξεὲἷιῖιὶῖιί
2441 4551 3248 4646 -ἓὲιῖ“ῥξιόᾇ’ᾗῖεὲἕὶἆνᾷίάόὲεέξξ
3263 4551 3484 4627 saetis

224 4638 279 4712 id
320 4651 411 4697 est
431 4680 471 4712 ,ί
490 4640 683 4694 tertius
724 4638 1101 4712 defunctorum
1128 4640 1246 4695 dies
1274 4640 1369 4696 flat
1394 4638 1518 4712 cum
1547 4641 1769 4712 psalmis
1789 4681 1803 4704 ,

224 4711 561 4766 lectionibus
586 4718 642 4765 et
669 4710 920 4779 precibus
946 4719 1166 4780 propter
1200 4724 1324 4764 eum
1351 4711 1444 4779 qui
1470 4710 1631 4765 tertio
1657 4712 1744 4766 die
1774 4727 1804 4765 a

223 4780 466 4835 mortuis
491 4780 818 4845 resurrexit;
847 4780 962 4834 dies
984 4795 1181 4844 nonus,
1198 4780 1251 4835 in
1277 4781 1594 4835 memoriam
1616 4795 1804 4836 eorum

222 4852 317 4920 qui
341 4852 667 4920 superstites
688 4858 833 4914 sunt,
848 4858 904 4903 et
923 4863 1111 4906 eorum
1131 4850 1224 4919 qui
1247 4849 1483 4905 defuncti
1506 4859 1659 4915 sunt;
1691 4852 1807 4905 dies

222 4920 698 4989 quadragesimus,
711 4920 862 4991 juxta
876 4920 1152 4991 antiquam
1166 4920 1520 4991 formam.Ubi
1540 4920 1676 4991 male
1690 4936 1809 4974 ver-

224 4992 366 5044 titur
381 5008 395 5042 :
410 4992 669 5061 egsequite
689 4989 807 5061 vero
827 4989 1192 5061 defunctorum
1212 4990 1343 5059 ﬁant
1363 4991 1515 5044 tertio
1533 4991 1636 5044 die.
1651 4989 1813 5046 Justi-

224 5062 427 5115 nianus
442 5058 660 5115 Novella
677 5059 799 5126 153,
813 5058 929 5128 cap.
952 5061 1015 5114 ὗε
1037 5080 1054 5104 ι
1077 5059 1180 5115 Sed
1207 5075 1382 5129 neque
1403 5061 1637 5129 aliquam
1651 5075 1811 5115 exco—

222 5132 406 5201 gitent
439 5130 783 5185 occasionem
810 5139 907 5201 aut
934 5130 1041 5184 vim
1074 5130 1142 5186 ad
1170 5132 1497 5185 monasteria
1526 5132 1807 5185 muliebria

223 5199 590 5269 ingrediendi,
606 5209 700 5254 aut
716 5199 967 5255 mulieres
992 5201 1124 5256 viris
1137 5201 1391 5269 deputata
1415 5202 1702 5256 occasione
1721 5202 1811 5255 ho-

224 5268 352 5325 min
372 5268 393 5335 ,⁷
420 5284 543 5339 quae
572 5270 718 5325 circa
747 5268 908 5326 funus
933 5279 1164 5341 aguntur
1192 5268 1223 5341 (
1231 5286 1366 5340 quas
1396 5271 1579 5341 utique
1608 5287 1811 5326 memo—

223 5340 340 5394 rias
366 5346 601 5411 vocant)
623 5348 680 5395 et
703 5340 915 5394 tertiam
937 5340 991 5395 et
1009 5340 1211 5396 nonam
1227 5340 1612 5397 convenientes
1631 5342 1772 5397 diem
1790 5383 1804 5406 ,

224 5420 281 5465 et
312 5412 445 5465 dum
475 5411 829 5481 quadraginta
872 5411 1264 5481 compleantur.
1297 5431 1316 5463 ι
1341 5411 1487 5468 Idem
1517 5412 1675 5466 docet
1703 5412 1808 5465 Eu-
1835 5434 1839 5441 ε

225 5482 463 5535 stratius
492 5480 773 5551 presbyter
800 5495 1008 5551 magna:
1038 5480 1323 5551 Ecclesiae,
1365 5491 1600 5536 tractatu
1640 5482 1703 5544 3,
1738 5483 1803 5535 de

225 5548 613 5622 defunctorum
644 5548 840 5622 animis
870 5548 1134 5619 ('Photius
1159 5551 1213 5604 in
1237 5549 1373 5605 Bibl.
1400 5569 1453 5605 η.
1482 5552 1576 5604 171
1603 5552 1655 5622 );
1692 5551 1804 5620 ipse

226 5621 378 5693 enim
403 5620 598 5675 scribit
622 5620 835 5693 tertiam
851 5660 866 5683 ,
895 5634 1090 5693 nonam
1116 5628 1172 5673 et
1196 5620 1665 5693 quadragesimam
1690 5623 1804 5693 dies

227 5690 317 5760 agi
358 5705 484 5744 cum
522 5689 774 5760 precibus
810 5699 868 5743 et
903 5688 1262 5760 eleemosynis
1288 5692 1343 5744 in
1373 5688 1688 5745 memoriam
1715 5691 1808 5745 de-

227 5758 543 5814 functorum
564 5775 579 5821 ;
606 5758 817 5812 tertiam
834 5798 849 5824 ,
868 5759 939 5813 ob
956 5758 1160 5815 Christi
1182 5760 1631 5815 resurrectionem
1650 5798 1665 5823 ,
1688 5775 1807 5828 qua:

232 5830 399 5884 tertia
429 5829 519 5885 die
547 5828 810 5897 contigit;
843 5842 1070 5894 nonam,
1098 5829 1224 5898 quia
1251 5839 1374 5899 post
1400 5839 1523 5886 octo
1551 5830 1666 5885 dies
1695 5846 1806 5886 sua:

615 5924 895 5985 ΡΑτιιοι..
934 5922 1099 5984 CIII.

1909 4644 2179 4709 Leander,
2209 4643 2301 4697 lib.
2336 4645 2402 4697 de
2440 4642 2572 4697 Inst.
2603 4641 2831 4713 virginl.
2863 4658 2982 4712 cap.
3016 4642 3084 4697 19
3107 4660 3170 4713 :7:
3198 4641 3487 4712 Nunquam

1904 4714 2116 4784 jurar_e_,
2152 4713 2251 4784 sed
2278 4726 2494 4780 semper
2520 4712 2707 4784 verum
2738 4712 2920 4768 dicere
2948 4713 3065 4782 pari
3086 4712 3326 4784 _observa
3364 4722 3482 4766 stu-

1908 4780 2019 4839 dio.
2051 4781 2185 4838 Nam
2214 4783 2352 4837 sicut
2380 4782 2688 4837 carnalibus
2716 4797 2815 4852 pro
2843 4780 3050 4837 terrore
3077 4782 3279 4838 fraudis
3296 4780 3487 4850 jurare

1909 4854 2235 4925 permissum
2282 4859 2406 4925 est;
2456 4852 2535 4907 sic
2585 4852 2856 4925 prohibita
2906 4861 3033 4925 sunt
3081 4853 3484 4925 spiritualibus,

1909 4921 2074 4978 etiam
2116 4923 2242 4977 dum
2282 4921 2420 4976 bene
2456 4921 2661 4976 conscii
2698 4931 2825 4976 sunt
2861 4921 3220 4977 sacramenta.
3255 4922 3373 4987 Sit,
3403 4924 3481 4976 in-

1913 4994 2067 5062 quit,
2098 5008 2268 5047 serma
2299 5002 2477 5056 vester,
2511 4999 2719 5062 estest,
2755 5008 2860 5046 non
2898 5009 3023 5046 nou.
3070 4991 3223 5059 Quod
3264 5000 3446 5048 autem
3468 5033 3484 5056 ,

1913 5060 2035 5132 plus
2076 5071 2189 5127 est,
2237 5076 2269 5132 a
2315 5062 2601 5132 maloiest.
2630 5060 2772 5116 Cave
2802 5063 2984 5132 itaque
3005 5062 3194 5129 jurare
3225 5063 3277 5117 in
3307 5063 3481 5127 bono,

1914 5131 2040 5203 quia
2070 5134 2135 5203 de
2166 5131 2308 5203 malo
2334 5139 2435 5186 est.
2467 5131 2759 5201 Propterea
2787 5131 3128 5203 dicituresse
3156 5147 3187 5185 a
3220 5131 3389 5197 malo,
3421 5148 3489 5187 eo

1914 5200 2059 5271 quod
2092 5202 2310 5270 jurandi
2352 5200 2649 5271 necessitas
2691 5216 2758 5255 ex
2796 5200 2996 5255 infideli
3029 5203 3101 5256 sit
3127 5203 3483 5258 conscientia.

1915 5270 2044 5344 Ejus
2072 5273 2218 5344 enim
2247 5270 2481 5344 hominis
2505 5271 2724 5344 jurandi
2763 5279 3117 5344 extorquetur
3155 5273 3449 5328 necessitas
3470 5314 3484 5338 ,

1915 5339 2232 5414 cujusnfides
2261 5348 2443 5414 manet
2467 5339 2522 5396 in
2553 5341 2735 5414 dubio.
2769 5361 2786 5393 ι
2817 5339 2953 5414 cuni
2981 5349 3157 5397 autem
3187 5344 3485 5398 monacho-

1917 5410 2036 5468 rum
2066 5412 2200 5467 ﬁdes
2229 5411 2540 5480 neutiquam
2568 5410 2821 5466 vacillare
2851 5411 3074 5477 debeat,
3108 5427 3215 5466 non
3241 5427 3377 5482 opus
3402 5421 3488 5467 est

1915 5485 1995 5539 eis
2013 5483 2346 5552 iuramento,
2378 5496 2487 5551 quo
2512 5482 2779 5536 dictorum
2809 5496 3031 5552 suorum
3056 5482 3259 5552 veritas
3288 5482 3487 5537 confir-

1916 5549 2112 5609 metur.
2165 5552 2309 5606 Bona
2358 5549 2705 5617 conscientia
2737 5565 2846 5605 non
2892 5551 3119 5622 indiget,
3133 5549 3484 5622 iuramento;

1916 5632 2099 5678 tantus
2138 5630 2222 5677 est
2264 5622 2320 5675 in
2362 5636 2426 5675 ea
2468 5623 2715 5677 veritatis
2757 5636 2912 5676 amor
2947 5620 3295 5690 ut'quidquid
3321 5620 3489 5686 dicit,

1909 5694 2149 5764 juratum
2172 5699 2342 5764 putet.
2369 5690 2536 5745 Recte
2555 5692 2682 5764 olim
2706 5690 2870 5746 Solon
2885 5731 2900 5756 ,
2926 5689 3064 5764 teste
3085 5689 3305 5764 Laertio
3320 5691 3413 5764 lib.
3447 5706 3486 5754 ι,

1915 5759 2128 5816 dicebat
2157 5759 2563 5833 ιἰῐαλοκαγαθίαν
2605 5763 2632 5817 ὃ
2673 5782 2757 5816 κου
2788 5762 3095 5835 πιστοτέραν
3124 5759 3153 5815 i'
3203 5782 3224 5815 s
3247 5800 3261 5822 ,
3294 5761 3348 5814 id
3375 5769 3480 5814 est.

1919 5832 2245 5885 Probitatem
2272 5830 2580 5885 iuramento
2609 5782 2901 5885 fideliorem
2931 5844 3089 5885 cense
3112 5831 3128 5885 l
3239 5828 3480 5885 "ieram.

1919 5832 2245 5887 Probitatem
2268 5828 2580 5900 jurainento
2609 5828 2901 5887 fideliorem
2931 5828 3089 5887 cense
3112 5831 3130 5900 (
3155 5828 3213 5884 Β.
3239 5828 3488 5893 "ieram,

3051 5923 3131 5985 26
