3958 6198
483 393 512 445 9
528 393 573 447 SI
1504 377 1560 431 S.
1604 371 1962 430 BENEDICTI
2001 370 2087 423 AI}

2207 365 2289 418 Γις
2329 358 2736 416 Λῗὲξθιῗὲῖῖξξὲἷδ

424 574 427 577 ν
487 518 620 569 test,
664 505 733 559 de
765 500 1151 558 monachorum
1193 491 1611 551 interlocutione
1658 487 1913 541 tollatur:
1960 489 2050 544 ut,
2085 483 2129 540 Α

484 599 589 653 etsi
617 593 907 651 secundum
935 590 1229 644 humanam
1257 582 1605 655 fragilitatem
1633 577 1811 633 minus
1837 573 2060 630 forsitan

486 695 711 760 possunt
750 681 1013 738 mendacii
1054 693 1246 735 cavere
1284 683 1598 748 peccatum,
1628 669 1841 740 possint
1871 665 2061 760 saltem

488 755 849 833 damnandum
889 773 1061 827 vitare
1100 766 1418 841 periurium.
1451 764 1597 832 Quos
1627 775 1759 831 rogo
1787 755 1948 813 simul
1975 762 2064 808 al-
2088 758 2101 765 ’

488 883 595 939 que
621 878 937 921 commoneo
975 870 1036 917 ut
1072 861 1322 916 studeant
1362 858 1418 911 in
1460 869 1619 910 usum
1656 852 1859 905 habere
1900 846 2062 900 verba

3634 348 3736 408 illi

2440 476 2468 546 ᾗ
2500 475 2611 529 XV.
2646 486 2716 514 -‘—-
2746 473 2878 527 Item
2908 458 3141 543 ejusdem
3173 468 3309 542 (cap.
3340 468 3450 537 Ili).

2229 568 2254 605 (1
2287 567 2400 619 Non
2450 565 2807 625 ntaletlicatis,
2838 563 2965 632 quia
3011 562 3271 630 scriptum
3322 570 3453 615 est:
3492 558 3739 613 Μαιεάίςὶ

2165 674 2376 727 regnum
2414 656 2506 709 Dei
2533 671 2639 708 non
2667 652 3003 724 possidebunt
3028 650 3080 722 (1
3111 648 3233 705 Cor.
3262 648 3362 721 γι).

2436 746 2463 817 §
2489 746 2625 801 XVI.
2657 774 2728 785 ——
2751 742 2884 798 Item
2915 742 3148 813 ejusdem
3175 741 3449 813 (capsll).

2241 848 2264 874 ε
2282 835 2495 891 Mentiri
2523 835 2743 889 omnino
2755 849 2861 888 non
2883 833 3063 898 liceat,
3093 832 3219 901 quia
3241 849 3298 885 os
3313 832 3450 903 quod
3476 831 3746 893 mentitur,

491 920 667 1022 saera,
691 970 759 1011 ne
780 944 1018 1024 unquam
1037 948 1345 1007 necessaria
1372 947 1480 1003 sint
1503 948 1861 1000 sacramenta.
1892 936 2064 1005 Quam
2166 926 2354 1024 occidit
2395 924 2806 1024 animam‘(S'ap.
2953 923 3020 1024 Et
3048 922 3178 1024 illud
3211 940 3223 975 :
3252 921 3437 993 perdes
3489 921 3509 958 τ
3551 936 3640 973 eos
3664 920 3750 990 qui

489 1051 635 1106 enim
681 1046 840 1116 hujus
876 1044 993 1099 vitii
1043 1042 1272 1097 debeant
1316 1052 1505 1093 omnes
1547 1034 1722 1089 vitare
1770 1029 2065 1100 ﬂagitium,

491 1143 653 1196 beato
680 1135 921 1208 apostolo
947 1140 1219 1194 monente,
1243 1127 1549 1183 didicimus.
1571 1123 1745 1177 Nolite
1765 1123 1951 1190 jurare
1981 1132 2070 1208 ne-

494 1247 593 1302 que
616 1206 943 1301 pervcmlum,
974 1238 1133 1292 neque
1158 1235 1249 1289 per
1277 1227 1470 1271 terram
1492 1255 1506 1279 ,
1540 1229 1700 1282 neque
1728 1210 1875 1264 aliud
1903 1206 2070 1302 quo-d-

2167 1015 2456 1086 loquuntur
2488 1012 2819 1067 mendacium
2850 1010 3022 1082 (Psal.
3052 1011 3129 1081 γ).

2431 1105 2459 1177 ς
2484 1104 2643 1160 XVII.
2679 1134 2750 1144 —
2776 1102 2910 1157 Item
2937 1102 3173 1173 ejusdem
3198 1103 3335 1174 (cap.
3370 1100 3478 1171 12).

2238 1194 2573 1249 Iracundiam
2604 1192 2781 1248 nullus
2803 1206 2974 1262 usque
2989 1193 3056 1248 ad
3077 1191 3238 1246 aliam
3261 1192 3402 1246 diem
3430 1191 3752 1261 protrahere

494 1283 697 1390 cumiue
716 1283 1093 1386 iuramentum.
1129 1283 1211 1364 Sit
1244 1316 1420 1360 autem
1452 1303 1660 1358 verbum
1696 1309 1942 1362 vestrum,
1977 1296 2069 1349 Est
2169 1284 2666 1390 pmsurnat..Qu.od
2718 1285 2787 1390 si:
2836 1293 2896 1338 ut
2937 1283 3101 1337 habet
3154 1284 3399 1390 humana.
3446 1283 3750 1390 fragilitas,

495 1386 751 1473 est,‘Non
780 1421 882 1458 non
908 1419 925 1467 ;
956 1410 1010 1454 ut
1035 1416 1139 1453 non
1173 1397 1267 1452 sub
1287 1395 1495 1466 judicio
1524 1391 1781 1446 decidatis
1813 1388 1965 1461 (Luc.
1990 1386 2067 1457 ι’).

2172 1392 2350 1432 sermo
2374 1376 2559 1431 durior
2588 1375 2729 1430 inter
2756 1373 2955 1431 fratres
2976 1383 3131 1428 ortus
3167 1373 3351 1439 fuerit,
3385 1374 3625 1430 invicem
3656 1375 3753 1430 sibi

497 1467 724 1554 Et'iilud
753 1493 1011 1549 similiter
1038 1488 1233 1544 divina:
1252 1486 1547 1555 Scriptum
1576 1502 1590 1537 :
1615 1482 1710 1536 Vir
1737 1479 1960 1535 multum
1980 1479 2073 1548 ju—
2173 1468 2382 1523 veniam
2408 1477 2593 1539 petere
2635 1476 2687 1522 et
2723 1468 2903 1522 debita
2937 1467 3187 1523 relaxare
3228 1468 3507 1523 debebunt
3537 1476 3756 1539 propter

501 1606 624 1643 rans
665 1585 940 1657 replebitur
975 1580 1279 1651 iniquitate,
1316 1587 1361 1630 et
1401 1592 1501 1630 non
1539 1572 1768 1628 discedet
1808 1571 1871 1625 de
1917 1570 2072 1624 domo

499 1679 643 1734 illius
688 1675 844 1749 plaga
892 1670 1111 1746 (Eccli.
1159 1666 1365 1739 χχιιι).
1408 1665 1505 1721 llis
1562 1677 1795 1733 namque
1863 1660 2075 1731 magnis

500 1779 660 1839 atque
680 1762 1100 1823 evidentissimis
1138 1758 1475 1816 documentis
1512 1755 1676 1809 etiam
1707 1752 1867 1811 lectio
1895 1751 2074 1806 Evan-

2176 1557 2389 1612 Domini
2443 1557 2789 1621 mandatum,
2831 1556 2919 1610 ubi
2952 1556 3119 1612 dicit:
3155 1555 3216 1612 Si
3243 1558 3552 1612 recordatus
3599 1558 3757 1627 fueris

2177 1650 2300 1719 quia
2341 1648 2508 1718 frater
2535 1658 2657 1701 tuus
2704 1647 2857 1702 habet
2886 1646 3087 1718 aliquid
3112 1648 3361 1703 adversus
3412 1658 3485 1714 te,
3529 1649 3760 1721 relinque

2178 1757 2369 1795 munus
2420 1748 2568 1792 tuum
2621 1746 2743 1791 ante
2771 1737 2959 1803 altare,
2985 1745 3035 1791 et
3071 1737 3198 1791 vade
3232 1739 3378 1808 prius
3428 1739 3762 1794 reconciliari

504 1827 659 1931 gelii,
708 1871 827 1927 quae
877 1852 1111 1909 maxima
1154 1858 1240 1905 est
1280 1846 1590 1918 plenitudo,
1640 1845 1892 1900 similiter
1938 1849 2079 1897 atte-
2105 1835 2151 1893 Β
2178 1832 2334 1896 Ῑναενί
2363 1840 2472 1892 ιιιοο
2583 1837 2705 1882 ωηο
2726 1827 3521 1931 tn‘enlfnsﬂllere‘mufu‘“mm
3543 1827 3758 1900 (Ποιητ-

504 1958 702 2013 statur,
734 1946 944 2000 dicente
972 1940 1202 1998 Domino
1228 1939 1297 1993 ad
1325 1935 1617 2007 discipulos
1644 1952 1657 1988 :
1693 1932 1923 1989 Audistis
1952 1933 2077 2004 quia

503 2044 700 2096 dictum
750 2047 823 2091 est
874 2034 1103 2105 antiquis
1151 2028 1327 2087 :Non
1377 2027 1696 2100 perjurabis,
1745 2027 1929 2082 reddes
1977 2042 2077 2081 au-

506 2144 608 2188 tem
650 2130 874 2184 Domino
910 2126 1218 2197 jurameuta
1258 2132 1372 2177 tua.
1413 2119 1527 2191 Ego
1568 2128 1744 2174 autem
1781 2118 1900 2173 dico
1939 2118 2080 2172 vobis

506 2239 610 2277 non
639 2220 828 2291 jurare
856 2216 1067 2271 omnino
1094 2230 1112 2268 .'
1147 2229 1309 2286 neque
1332 2228 1423 2284 per
1452 2210 1635 2266 coelum
1655 2252 1670 2276 ,
1705 2211 1829 2281 quia
1861 2210 2079 2263 thronus

508 2312 603 2366 Dei
645 2318 722 2365 est
746 2322 773 2375 ξ
810 2322 973 2378 neque
1014 2320 1107 2377 per
1151 2313 1381 2369 terram,
1413 2304 1537 2375 quia
1565 2300 1851 2357 scabellum
1889 2300 2079 2372 pedum

507 2404 622 2475 ejus
661 2410 736 2457 cst
757 2417 776 2467 ;
815 2415 979 2471 neque
1014 2413 1106 2469 per
1144 2393 1600 2465 Hierosolymam,
1637 2392 1763 2463 quia
1801 2392 1983 2446 civitas
2007 2399 2083 2445 est

507 2494 684 2564 magni
721 2492 897 2562 regis;
938 2503 1102 2559 neque
1140 2502 1233 2558 per
1271 2493 1426 2554 caput
1462 2493 1608 2539 tuum
1628 2482 1931 2553 jurareris,
1958 2480 2084 2552 quia

509 2600 615 2639 non
642 2593 783 2655 potes
819 2596 981 2634 unum
1011 2575 1257 2648 capillum
1289 2574 1465 2629 album
1496 2574 1668 2644 facere
1687 2614 1702 2639 ,
1732 2581 1823 2626 aut
1854 2572 2080 2642 nigrum.

512 2672 593 2727 Sit
623 2682 795 2726 autem
824 2684 992 2724 sermo
1022 2676 1203 2727 vester,
1226 2665 1320 2720 Est
1345 2674 1442 2729 cst,
1472 2663 1589 2719 Non
1620 2680 1725 2717 non
1752 2661 1967 2733 (Matth.
1995 2660 2081 2732 ν).

512 2765 753 2820 Sulliciat
778 2779 905 2835 ergo
931 2776 1030 2815 nos
1058 2759 1273 2830 propria
1305 2756 1591 2812 inserenda
1622 2755 1827 2809 monita
1857 2766 1880 2794 ι
1910 2767 2089 2809 exem-

511 2856 614 2927 plis
643 2855 890 2911 docuisse
918 2850 1159 2906 vitanda.

655 2989 681 3061 ξ
718 2988 857 3044 XIV.
895 3016 966 3027 -—
1005 2985 1083 3039 Ex
1118 2984 1336 3039 Recens
1375 2982 1670 3037 Aunsusm
1703 2983 1840 3053 (cap.
1865 2982 1943 3053 9).

583 3124 612 3161 ι»
634 3119 748 3175 Νοιι
772 3117 989 3187 juretis,
1015 3115 1141 3185 quia
1167 3114 1425 3169 Dominus
1445 3113 1617 3168 dixit:
1656 3122 1678 3151 ε
1709 3111 1887 3166 Nolite
1902 3111 2089 3181 jurare

2184 1924 2258 1991 γ).
2286 1922 2351 1976 Et
2381 1939 2392 1974 :
2428 1923 2453 1961 ⁸
2490 1918 2545 1975 Si
2582 1937 2686 1975 non
2715 1918 3019 1974 dimiseritis
3059 1918 3359 1974 hominibus
3399 1927 3621 1989 peccata
3676 1936 3759 1974 eo-

2182 2032 2320 2079 rum,
2359 2030 2450 2068 nec
2478 2011 2640 2067 Pater
2666 2020 2833 2067 vester
2857 2010 3076 2065 caelestis
3117 2010 3341 2066 dimittet
3365 2010 3510 2066 vobis
3551 2021 3761 2082 peccata

2183 2117 2351 2162 vestra
2386 2104 2602 2177 (Matth.
2651 2103 2747 2172 γι).
2773 2103 2906 2157 Item
2933 2120 2945 2156 :
2979 2104 3004 2142 ιι
3037 2100 3099 2158 Si
3124 2104 3311 2172 septies
3336 2103 3391 2157 in
3415 2103 3504 2157 die
3526 2120 3765 2173 peccave-

2184 2200 2249 2252 rit
2285 2199 2337 2251 in
2374 2207 2441 2261 te,
2483 2205 2530 2249 et
2575 2210 2856 2249 conversus
2884 2192 3074 2248 dixerit
3105 2208 3123 2245 :
3153 2192 3373 2250 Ptemtct
3419 2209 3525 2255 me,
3567 2195 3764 2247 dimitte

2183 2287 2261 2343 illi
2287 2285 2437 2357 (Luc.
2470 2282 2625 2354 ml).
2652 2283 2720 2336 Et
2749 2300 2763 2337 :
2813 2281 2935 2336 Non
2981 2282 3099 2337 dico
3137 2281 3230 2336 tibi
3259 2298 3422 2352 usque
3447 2282 3644 2353 septies
3682 2284 3764 2338 sed

2184 2397 2348 2453 usque
2373 2379 2664 2451 septuagies
2691 2378 2875 2448 septies
2906 2375 3122 2447 (Matth.
3171 2375 3348 2448 xvm).
3378 2375 3445 2430 Et
3486 2375 3595 2430 alia
3626 2374 3765 2431 Scri-

2183 2480 2340 2543 ptura
2374 2489 2387 2523 :
2421 2470 2515 2525 Ira
2562 2470 2699 2525 enim
2746 2468 2846 2523 viri
2890 2467 3159 2537 justitiam
3210 2466 3307 2521 Dei
3365 2483 3471 2520 non
3518 2476 3769 2538 aperatur

2189 2560 2328 2632 (Jac.
2360 2558 2423 2630 l).
2472 2559 2538 2613 Et
2575 2556 2866 2628 Apostolus
2910 2574 2922 2608 :
2964 2554 3057 2610 Sol
3090 2572 3195 2611 non
3226 2556 3430 2609 occidat
3456 2572 3622 2626 super
3665 2555 3768 2609 ira-

2187 2652 2432 2708 cundiam
2481 2658 2706 2705 restram
2745 2647 2907 2718 (Eph.
2956 2645 3054 2717 tv).
3108 2644 3261 2713 Quod
3310 2645 3377 2710 si,
3428 2646 3576 2714 quod
3631 2644 3771 2702 Deus

2189 2748 2419 2803 avertat,
2455 2739 2699 2794 diabolo‘
2722 2738 3037 2808 instigante,
3086 2736 3161 2790 ita
3208 2734 3371 2790 fuerit
3416 2735 3542 2806 quis
3590 2734 3771 2789 furore

2191 2832 2443 2902 repletus,
2473 2840 2531 2886 ut
2556 2831 2657 2886 ista
2684 2831 2937 2885 mandata
2961 2828 3227 2900 pertinaci
3248 2828 3409 2882 corde
3429 2834 3769 2890 contemnat,

2193 2934 2246 2979 et
2272 2939 2410 2979 unus
2445 2923 2511 2978 de
2541 2922 2647 2977 illis
2688 2921 2782 2991 qui
2820 2921 3194 2976 discordantes
3235 2927 3396 2984 sunt,
3446 2920 3774 2989 praevenerit

2189 3014 2354 3068 alium
2385 3014 2597 3087 yeniam
2625 3012 2675 3066 ei
2701 3019 2929 3082 petens;
2962 3011 3007 3066 si
3031 3011 3121 3065 ille
3140 3010 3226 3066 cui
3251 3011 3385 3082 petit
3409 3027 3518 3065 non
3547 3010 3773 3067 dimisev

2191 3104 2282 3167 rit,
2309 3105 2322 3142 ί
2344 3102 2639 3173 legitimam
2658 3100 2996 3172 disciplinam
3016 3100 3272 3170 accipiat,
3288 3110 3347 3155 ut
3367 3101 3432 3156 ad
3448 3102 3775 3158 charitatem

516 3208 731 3282 (Matth.
754 3185 915 3276 r).Et
938 3205 1041 3259 alia
1066 3203 1348 3273 Scriptura
1379 3219 1393 3254 :
1436 3198 1529 3255 Vir
1543 3200 1765 3256 multum
1774 3201 1969 3271 jurans
1991 3201 2089 3254 im-
2116 3185 2161 3245 C
2193 3211 2252 3250 se
2277 3196 2532 3265 corrigat.
2565 3194 2720 3261 Quod
2772 3195 2817 3249 si
2869 3193 3029 3249 ambo
3073 3195 3443 3263 despexerint,
3488 3196 3704 3265 pariter
3745 3210 3776 3253 δ

514 3300 738 3371 plebitur
764 3297 1061 3368 iniquitate,
1114 3310 1205 3348 nec
1251 3292 1475 3347 discedet
1517 3292 1581 3347 de
1604 3290 1760 3347 domo
1790 3291 1906 3362 ejus
1933 3290 2089 3361 plaga

518 3391 707 3467 (εἰει-[ἱ.
739 3388 915 3457 χχιιι).

520 3771 670 3848 ςμὶιις.
696 3769 765 3823 ad
788 3765 1078 3848 Celantiﬂn
1100 3766 1139 3838 ).
1166 3763 1526 3848 Quamobrem
1550 3763 1706 3847 ιίιικιι
1732 3762 1868 3848 legis
1884 3763 2096 3848 Longo-

519 3834 811 3917 Iiardorum
828 3877 842 3903 ,
871 3837 955 3892 tit.
1085 3834 1402 3917 prohibetur
1424 3834 1711 3917 episcopis,
1725 3834 2060 3917 presbyteris
2078 3875 2094 3901 ,

520 3911 756 3973 clericis,
784 3907 1061 3963 monachis
1087 3905 1143 3961 et
1169 3905 1691 3968 sanctimonialibus,
1718 3905 1905 3974 jurare
1930 3906 2096 3960 etiam

522 3982 578 4037 in
616 3980 877 4047 judicium
924 3978 1133 4041 citatis,
1162 3974 1835 4047 dilatataglegeMarcianj
1866 3976 2098 4047 impera-

524 4043 657 4106 toris
674 4091 690 4113 ,
719 4062 840 4118 quae
884 4055 1109 4118 tantum,
1133 4043 1509 4118 complectitur
1532 4045 1764 4118 clericos
1790 4043 2098 4118 constanti-

523 4113 866 4188 nopolitanos
886 4156 900 4181 ,
930 4123 989 4188 ut
1027 4113 1427 4188 habetur
1457 4114 1495 4188 I.
1526 4114 1633 4188 25,
1664 4114 1743 4167 De
1769 4115 2022 4188 episcopis
2049 4123 2096 4168 et

525 4131 866 4188 nopontanos
886 4156 900 4181 ,
930 4131 989 4169 ut
1028 4131 1259 4170 nanetur
1293 4131 1427 4169 non.
1459 4131 1495 4168 ι.
1526 4131 1629 4178 za,
1664 4131 1743 4167 ue
1854 4131 2022 4184 scopis
2049 4131 2096 4168 et

525 4189 760 4250 clericis,
789 4194 894 4240 etc.
941 4184 1120 4254 Quare
1157 4186 1211 4238 in
1254 4184 1418 4254 citata
1457 4184 1574 4254 lege
1619 4131 2099 4254 Longinjardorum

526 4257 669 4327 male
707 4256 924 4327 legitur,
968 4252 1153 4308 Marco
1192 4268 1291 4323 pro
1325 4251 1646 4327 AMarciano,
1687 4251 1759 4308 et'
1787 4251 1959 4307 Marci
1997 4269 2100 4327 pro

526 4323 809 4382 Marciani.
854 4323 1223 4393 Juramentum
1266 4323 1431 4377 etiam
1474 4323 1793 4393 prohibetur
1821 4323 2101 4380 monachis

434 4439 441 4444 .
526 4398 697 4468 prima
729 4393 1059 4468 add.‘_Capi_t.
1089 4392 1225 4448 Lud.
1259 4393 1427 4468 imps,
1461 4390 1600 4468 titul.
1632 4390 1722 4448 45.

598 4479 625 4508 δ
658 4464 941 4535 Exemplis.
964 4462 1030 4535 {Id
1062 4470 1166 4535 est,
1198 4462 1631 4535 auctoritatibus.

599 4538 628 4577 δ
657 4535 782 4590 Non
819 4530 1031 4605 juretis.
1061 4533 1210 4605 Idem
1260 4532 1518 4605 statuitur
1559 4532 1612 4586 in
1642 4530 1872 4605 Regula_
1896 4531 2099 4605 Teridii
2125 4535 2178 4594 D

528 4623 622 4663 seu
651 4601 886 4660 Tetradii
906 4644 921 4668 ,
946 4619 1067 4673 cap.
1103 4602 1139 4656 4
1171 4620 1186 4656 :
1230 4619 1250 4654 ι
1292 4601 1408 4673 Non
1431 4601 1639 4671 jurent,
1684 4601 1811 4673 quia
1843 4601 2102 4673 Dominus

528 4677 694 4732 dixit:
721 4673 900 4729 Nolite
917 4672 1105 4744 jurare
1117 4689 1137 4739 ;
1153 4673 1243 4727 sed
1271 4672 1337 4727 sit
1357 4687 1527 4727 sermo
1549 4672 1731 4741 vester,
1751 4672 1847 4731 Est
1863 4682 1961 4739 est,
1979 4672 2103 4727 Non

526 4764 653 4802 non.
701 4765 720 4798 ι

599 4828 623 4855 ο
665 4813 845 4870 Nolite
875 4813 1085 4883 jurare,
1114 4810 1322 4883 profert
1348 4827 1588 4883 sensum,
1613 4829 1723 4867 non
1750 4812 1938 4871 verba.
2040 4817 2047 4824 '

594 4886 622 4926 ἀ
656 4884 781 4955 Non
811 4882 1155 4955 maledicatis.
1190 4882 1391 4955 Eadem
1431 4882 1592 4938 habet
1620 4883 1931 4955 Tetradius,
1978 4900 2097 4955 cap.

529 4954 803 5027 GVchulaa
828 4969 979 5027 sum:
1003 4970 1023 5027 ι
1044 4950 1161 5007 Non
1179 4950 1522 5027 maledicam,
1546 4952 1671 5027 quia
1684 4950 2062 5027 scriptum‘esf
2084 4972 2097 5008 :

529 5021 713 5097 Nequ'e
778 5023 1022 5079 maledici
1065 5038 1279 5093 regnum
1319 5021 1417 5077 Dei
1503 5021 1821 5078 assidebunt'.
1878 5044 1897 5075 ι
1953 5024 2097 5080 Idem

529 5096 692 5148 etiam
722 5095 910 5148 statuit
926 5093 1212 5148 Caesarius.
1233 5106 1354 5148 can.
1383 5091 1418 5146 2
1443 5039 1661 5148 Ifeaulae
1687 5111 1699 5146 :
1724 5092 2097 5148 Juramentum

527 5091 692 5151 etiam
722 5095 910 5150 statuit
926 5091 1212 5159 Caesarius,
1233 5106 1354 5162 cap.
1383 5091 1418 5146 2
1443 5091 1661 5163 Regulae
1687 5092 2100 5163 :_.Iuramentum

528 5175 587 5221 et
610 5165 955 5221 maledictum
997 5163 1143 5218 velut
1169 5161 1439 5219 venenum
1466 5161 1663 5217 diaboli
1693 5161 1878 5234 fugere
1924 5172 1979 5218 et
2023 5164 2103 5221 vi—

530 5246 646 5291 tare
673 5235 982 5290 contendat.
1014 5252 1035 5287 ι

603 5318 627 5345 ε
656 5303 891 5365 Mcntiri,
935 5312 1041 5359 etc.
1071 5301 1228 5359 Circa
1256 5301 1597 5359 mendacium
1637 5302 1751 5357 haec
1780 5302 1972 5358 statuit
2001 5301 2104 5359 Te-

531 5375 761 5445 tradius
788 5375 843 5429 in
874 5372 1295 5445 Reg.monach_._
1339 5388 1461 5445 cap.
1495 5372 1531 5427 5
1560 5389 1572 5425 :
1609 5389 1627 5423 ι
1664 5371 1877 5445 Mentiri
1906 5374 1998 5445 qui
2025 5374 2106 5429 in-

530 5452 722 5500 ventus
746 5443 912 5498 fuerit
931 5443 1224 5514 legitimam
1248 5443 1589 5514 disciplinam
1617 5443 1870 5514 accipiat,
1895 5443 2021 5512 quia
2038 5460 2102 5514 os

530 5515 669 5583 quod
695 5514 943 5569 mentitur
963 5512 1150 5568 occidit
1191 5512 1445 5581 animum,
1470 5522 1525 5568 et
1552 5531 1565 5567 :
1594 5512 1778 5584 perdes
1802 5530 1889 5569 eos
1908 5515 1998 5584 qui
2028 5512 2105 5567 lo-

533 5595 762 5653 quuntur
782 5584 1129 5653 mendacium.
1161 5600 1181 5635 ι

609 5651 627 5689 ί
657 5652 763 5733 libs
790 5653 881 5722 qui
904 5652 1211 5732 loquuntur.
1240 5648 1402 5705 Juxta
1435 5658 1643 5708 textum
1674 5650 2019 5709 Hebraicum.
2046 5651 2104 5707 In

536 5735 780 5775 ι’ρτειοιιθ
807 5736 1097 5780 communi,
1127 5734 1327 5775 omnes.

606 5792 631 5832 ⁸
662 5789 721 5848 Si
750 5807 851 5845 non
876 5790 1200 5855 dimiseritis,
1231 5797 1335 5845 etc.
1379 5788 1503 5847 Ilaec
1527 5792 1767 5848 citantur
1806 5808 1875 5850 ex
1902 5808 2105 5850 memo-

2192 3284 2616 3342 communionei
2660 3284 2746 3341 vel
2793 3284 2918 3340 cibo
2959 3285 3377 3356 suspendantur,
3422 3285 3599 3342 donec
3644 3286 3778 3342 inri-

2193 3391 2311 3431 cem
2335 3377 2436 3431 sibi
2469 3375 2906 3432 reconcilientur.

2194 3466 2223 3539 δ
2277 3466 2458 3524 XVIII.
2493 3497 2566 3507 -—
2606 3466 2879 3522 lucremur
2939 3482 3104 3525 casn
3147 3487 3177 3522 Α
3219 3481 3391 3522 anno
3427 3466 3775 3531 Ancvs'nxo,

2486 3553 2696 3601 ρυλκυο
2730 3553 2828 3594 SIBI
2864 3552 3226 3593 SUCCESSOREI
3258 3551 3473 3592 ELEGIT.

2266 3628 2294 3669 ιι
2318 3626 2721 3684 Gloriosissimo
2748 3627 3052 3684 Theodosio
3075 3626 3365 3684 duodecies
3393 3637 3449 3682 et
3488 3628 3503 3665 ι
3537 3627 3780 3683 Valenti-

2194 3769 2300 3833 ria,
2333 3782 2443 3822 non
2470 3782 2538 3822 ex
2573 3766 2777 3822 codice.

2267 3841 2292 3879 δ
2326 3836 2388 3907 Si
2411 3839 2597 3907 septies
2616 3836 2677 3889 in
2706 3836 2810 3907 die,
2834 3845 2939 3907 etc.
2965 3836 3092 3892 11ωο
3124 3836 3363 3907 citantur
3387 3849 3455 3889 ex
3479 3835 3778 3907 memoria.

2274 3912 2290 3951 ί
2342 3905 2655 3976 Legitimam
2679 3905 3012 3976 disciplinam
3055 3905 3295 3976 accipiat.
3346 3905 3649 3974 Disciplina
3701 3914 3784 3965 est

2195 3974 2852 4056 uerberdmsupplieiupi.
2876 3974 2996 4031 Lib.
3022 3992 3060 4030 ιι
3108 3974 3240 4056 legis
3272 3976 3779 4056 hoiigohardorum,

2198 4051 2286 4109 tit.
2311 4048 2398 4111 15,
2429 4047 2467 4100 Ι.
2489 4047 2524 4100 5
2554 4045 2589 4100 ί
2607 4064 2626 4097 ι
2654 4045 3020 4117 Ληρίιιιιίνθιο
3044 4060 3143 4117 pro
3168 4045 3281 4115 ipsa
3294 4046 3489 4117 illicita
3517 4060 3785 4117 praesum-

2200 4120 2346 4175 tione
2373 4117 2607 4186 accipiat
2633 4116 2795 4187 talem
2826 4116 3166 4187 disciplinam
3193 4130 3228 4187 _a
3273 4116 3494 4171 domino
3544 4116 3600 4169 in
3646 4130 3784 4187 prse-

2199 4188 2373 4244 sentia
2406 4185 2569 4251 servi,
2610 4194 2673 4256 ut
2697 4185 2796 4240 alia
2826 4185 3018 4240 ancilla
3050 4187 3151 4241 hoc
3185 4185 3515 4256 facerenon
3569 4185 3782 4256 ιιι-ὠδυ-

2200 4267 2330 4313 mat.
2371 4276 2390 4309 ι
2427 4256 2587 4326 Legis
2607 4255 2859 4311 Boiorum
2889 4257 2972 4309 tit.
2998 4257 3053 4321 9,
3081 4270 3202 4325 cap.
3235 4254 3340 4380 4,85
3374 4255 3429 4319 3,
3459 4254 3608 4337 apud
3637 4255 3781 4310 Mar-

2200 4327 2475 4380 culnhum.
2520 4326 2750 4380 formula
2804 4325 2926 4380 175.
2970 4326 3026 4379 In
3056 4325 3259 4380 “ecula
3336 4365 3349 4379 .
3381 4326 3611 4380 Ctesam
3659 4341 3781 4380 can.

2200 4327 2475 4397 culphum,
2516 4325 2750 4380 formula
2804 4325 2926 4397 175.
2970 4326 3026 4379 In
3056 4325 3259 4396 Regula
3282 4325 3611 4397 Ssctesarii
3659 4341 3781 4395 cap.

2199 4395 2314 4452 ΞΗ
2353 4414 2371 4446 ι
2416 4395 2645 4466 ³118111111
2671 4405 2756 4451 est
2799 4404 2862 4449 ut
2898 4395 3191 4466 legitimam
3241 4395 3588 4466 disciplinam
3634 4397 3783 4451 acci-v

2200 4468 2383 4537 piant;
2407 4486 2424 4518 ι
2442 4475 2501 4538 et
2529 4465 2687 4536 paulo
2715 4473 2881 4538 post:
2911 4465 3287 4538 «disciplinam
3318 4465 3498 4538 tamen
3524 4466 3701 4538 ipsam
3730 4466 3782 4538 in

2202 4535 2489 4662 praesentia
2544 4535 2983 4606 congregationis
3030 4536 3330 4609 accipiant;
3377 4545 3433 4591 et
3484 4536 3542 4589 in
3579 4535 3783 4608 Regula

2253 4607 2475 4662 etrartlu
2509 4620 2694 4662 supra.
2725 4621 2847 4662 can.
2871 4621 2926 4660 ν.

2253 4606 2475 4676 θιιιιιοιιίἱ
2509 4620 2694 4676 supra,
2725 4621 2847 4675 cap.
2871 4621 2926 4660 ν.

2283 4687 2297 4727 ι
2345 4674 2433 4728 Vel
2453 4673 2999 4746 cibo—suspendantur.
3032 4673 3302 4746 Particulo
3332 4674 3412 4729 vel
3432 4674 3674 4746 sumitur
3696 4690 3785 4730 co—

2204 4746 2462 4818 pulative.
2494 4743 2759 4815 Suspendi
2789 4761 2836 4818 a_
2862 4746 2984 4818 cibo
3026 4754 3109 4800 est
3123 4743 3331 4818 jejunio
3359 4744 3605 4818 multari,
3656 4746 3783 4815 quia

2207 4814 2459 4872 inonachi
2500 4814 2949 4872 excommunicati
2975 4830 3099 4869 cum
3124 4816 3336 4870 czeteris
3364 4814 3631 4869 fratribus
3675 4814 3782 4868 non

2207 4885 2543 4951 reﬁciebant,
2569 4886 2663 4941 sed
2689 4885 2894 4955 aliquot
2932 4886 3081 4940 horis
3127 4885 3352 4955 tardius,
3405 4899 3506 4955 nec
3537 4882 3784 4953 ejusdem

2204 4957 2373 5027 cibis,
2390 4964 2630 5027 utpatet
2656 4969 2726 5010 ex
2756 4954 2938 5027 multis
2959 4954 3116 5024 hujus
3147 4954 3458 5027 Concordia:
3480 4954 3663 5009 locis.-

2277 5025 2303 5064 ι
2332 5024 2723 5082 Gloriosissimo
2751 5024 3070 5090 Theodosio,
3092 5033 3203 5080 etc.
3235 5024 3362 5079 Haec
3409 5040 3520 5079 non
3563 5032 3784 5080 exstant

2205 5098 2262 5153 in
2289 5096 2595 5175 concordia
2620 5095 2973 5175 Floriacensi,
3004 5097 3098 5150 sed
3138 5094 3380 5175 suppleri
3409 5110 3477 5175 es
3499 5092 3783 5175 .V_i.ndoci-

2206 5166 2361 5222 nensi
2393 5182 2406 5219 :
2446 5180 2555 5236 quo
2584 5174 2767 5223 tamen
2786 5174 3033 5235 spectent
3064 5181 3172 5220 non
3200 5163 3375 5230 'video,
3408 5164 3513 5236 nisi
3540 5163 3785 5236 dicamus

2208 5251 2332 5292 esse
2374 5232 2706 5304 transposita
2748 5232 3088 5307 aspectare
3106 5236 3173 5289 ad
3200 5243 3365 5307 caput
3391 5235 3457 5290 de
3480 5232 3785 5307 ordinando

2210 5307 2424 5370 abbate,
2448 5303 2543 5360 aut
2571 5315 2720 5361 certe
2748 5303 2938 5359 referri
2967 5306 3037 5361 ad
3077 5303 3518 5371 instrumentum,
3560 5303 3785 5358 Comm

2211 5377 2404 5430 tionem
2433 5391 2538 5429 non
2574 5391 2773 5431 amare.
2815 5374 2941 5430 Haec
2971 5383 3152 5430 autem
3186 5376 3322 5431 Acta
3344 5375 3618 5431 habentur
3647 5375 3785 5429 inter

2205 5461 2237 5501 e
2275 5445 2464 5501 iszolas
2514 5445 2688 5500 sancti
2718 5445 3001 5516 Augustini
3024 5452 3147 5516 post
3180 5447 3531 5501 centesimam
3561 5458 3781 5503 nonam,

2207 5461 2308 5569 IIIo
2336 5514 2669 5569 Theodosius
2718 5514 2901 5569 iunior
2944 5523 3051 5569 est.
3088 5516 3179 5569 aui
3216 5513 3319 5568 fuit
3365 5513 3586 5569 Arcadii
3641 5513 3781 5567 filius

2260 5516 2308 5570 ic
2336 5514 2669 5570 Theodosius
2713 5513 2901 5585 junior-
2944 5513 3051 5579 est,
3088 5516 3179 5585 qui
3216 5513 3319 5585 fuit
3365 5513 3598 5585 Arcadii
3641 5513 3784 5567 filius

2206 5594 2264 5639 et
2283 5584 2573 5640 duodecies
2602 5583 2789 5639 consul
2823 5599 2945 5639 cum
2975 5583 3352 5642 Valentiniano
3389 5584 3551 5638 tertio
3587 5584 3784 5639 iterum

2208 5654 2453 5716 consule,
2486 5662 2548 5708 ut
2576 5664 2763 5710 notum
2787 5663 2874 5709 est
2901 5669 2969 5709 ex
2997 5655 3254 5710 chronica
3278 5653 3610 5709 Cassiodori.

2287 5723 2303 5763 ι
2351 5720 2736 5778 Valentiniano.
2769 5723 2819 5778 Is
2841 5734 2927 5779 est
2950 5724 3355 5780 Valentinianus
3378 5722 3783 5786 tertius,1'heo-

2208 5794 2345 5851 desii
2363 5792 2737 5860 consobrinus,
2756 5792 2897 5850 ﬁlius
2908 5792 3230 5861 Constantii,
3251 5808 3410 5871 quem
3435 5791 3707 5852 Hortarius
3730 5792 3779 5844 ia
