3958 6198
251 428 362 486 815

1217 423 1606 481 CONCORDIA
1648 424 2102 481 REGlTLARUM.
2146 456 2215 465 -—-
2252 426 2404 481 CAP.
2448 427 2552 483 Vll.

3368 431 3513 507 ἐιι

255 541 421 593 niano
442 533 681 603 Augusto
712 533 905 588 iterum
934 531 1179 598 consule,
1208 549 1331 588 cum
1365 532 1697 604 Augustinus
1720 534 1834 603 epi-
1864 541 1909 599 Α
1938 549 2179 602 scopum,
2205 550 2362 603 quem
2396 537 2549 591 vivus
2580 537 2953 607 designavei‘at
2987 544 3274 615 episcopus
3302 563 3511 606 eorum.

253 642 453 697 scopus
479 640 585 679 una
611 640 732 680 cum
760 624 1044 696 Regiliano
1068 633 1124 680 et
1144 623 1470 679 Martiniano
1498 623 1835 692 coepiscopis

257 719 371 773 suis
388 713 719 770 consedisset
746 726 771 753 η
800 715 854 768 in
880 714 1110 770 ecclesia
1129 713 1287 769 Pacis
1312 713 1675 784 lponiensium
1703 713 1729 753 ξι
1753 726 1838 766 re—

256 807 499 880 gionum,
540 805 898 876 praesentibus
940 804 1257 870 Saturnino,
1291 815 1313 843 ο
1352 802 1664 873 Leporio,‘d
1706 801 1838 857 Bar—
1872 834 1879 841 ~

257 897 420 962 naba,
456 895 871 969 Fortunatiano,
912 894 1159 959 Rustico,
1188 906 1212 934 ο
1244 893 1451 948 Lazaro
1476 902 1532 949 et
1565 893 1585 933 ί
1626 894 1840 949 Eraclio

251 986 613 1060 presbyteris,
662 986 861 1040 astanti
899 985 1044 1040 clero
1074 993 1130 1040 et
1158 984 1429 1054 frequenti
1477 984 1693 1057 pOpulo,
1729 988 1839 1047 Au-

257 1078 510 1150 gustinus
525 1076 812 1147 episc0pus
838 1076 975 1130 dixit
1001 1093 1014 1130 :
1049 1075 1203 1142 Quod
1233 1076 1488 1131 hesterno
1507 1077 1593 1131 die
1616 1076 1841 1147 promisi

259 1167 516 1223 charitati
545 1176 744 1222 vestrae
768 1173 990 1241 propter
1016 1166 1160 1236 quod
1189 1166 1332 1221 volui
1361 1165 1701 1236 frequentius
1718 1183 1842 1223 con-

260 1259 469 1324 venire,
508 1269 565 1313 et
585 1258 740 1313 video
766 1257 1109 1327 frequentius
1144 1259 1481 1325 convenisse,
1510 1273 1661 1317 mora
1692 1260 1840 1315 omni

256 1348 580 1419 postposita,
612 1348 714 1402 hoc
758 1346 1025 1419 agendum
1068 1355 1169 1401 est.
1200 1346 1258 1402 Si
1304 1348 1452 1403 enim
1483 1349 1630 1407 aliud
1680 1350 1840 1405 velim

258 1441 432 1511 loqui,
466 1439 522 1494 in
547 1440 678 1495 illud
710 1441 736 1478 ⁸
759 1437 1005 1510 suspensi
1032 1453 1240 1494 sumus.
1264 1440 1528 1506 Audistis,
1567 1458 1757 1498 omnes
1788 1444 1841 1498 in

261 1533 370 1589 hac
408 1532 520 1588 vita
567 1530 822 1586 mortales
855 1546 1062 1596 sumus,
1093 1538 1150 1586 et
1177 1532 1294 1587 dies
1319 1533 1443 1588 vita:
1472 1542 1673 1590 nostrae
1720 1536 1846 1590 ulti-

262 1637 388 1685 mus
415 1620 560 1676 omni
613 1620 817 1675 homini
862 1629 948 1675 est
977 1636 1193 1691 semper
1239 1623 1500 1678 incertus.
1538 1625 1735 1680 Verum
1766 1634 1844 1680 ta-

265 1728 390 1769 men
418 1715 471 1768 in
494 1710 718 1767 infantia
749 1719 1002 1782 speratur
1022 1713 1276 1782 pueritia,
1312 1714 1368 1769 in
1399 1715 1630 1786 pueritia
1659 1732 1845 1786 spera-

266 1813 359 1859 tur
383 1802 764 1865 adolescentia,
797 1802 853 1857 in
882 1801 1250 1859 adolescentia
1284 1814 1535 1874 speratur
1553 1804 1840 1874 juventus,

1944 623 2057 677 lloc
2083 624 2225 678 enim
2274 625 2354 680 cis
2375 642 2497 681 cum
2552 629 2900 697 innotuisset,
2950 633 3322 692 voluntatemi
3384 655 3521 711 prie-

1945 713 2185 769 cedentis
2210 714 2447 785 episcopi
2489 718 2572 771 sui
2619 717 2848 773 libenter
2872 722 3102 793 amplexi
3149 735 3294 781 sunt.
3345 729 3516 793 Minus

1946 809 2126 856 tamen
2149 801 2349 871 aliquid
2380 803 2580 860 factum
2606 816 2742 861 erat.
2774 808 2924 865 Unde
2953 815 3194 881 nonnulli
3228 821 3519 874 contrista-

1944 889 2162 956 bantur,
2184 893 2310 961 quia
2342 891 2511 949 frater
2538 894 2772 953 Severus
2803 902 3033 957 credidit
3053 921 3208 974 posse
3230 907 3475 965 suilicere
3502 951 3517 975 ,

1944 988 2005 1041 ut
2028 995 2395 1038 successorem
2439 1000 2595 1039 suum
2626 988 2765 1054 apud
2806 988 3029 1044 clericos
3079 994 3423 1065 designaret:
3453 1001 3521 1055 ad

1945 1070 2198 1139 populum
2228 1071 2352 1125 inde
2379 1088 2485 1127 non
2525 1083 2607 1129 est
2632 1073 2861 1131 locutus.
2909 1078 2969 1132 Et
3001 1092 3117 1135 erat
3150 1085 3269 1140 inde
3313 1087 3522 1157 aliquo—

1948 1174 2068 1212 rum
2097 1159 2351 1215 nonnulla
2380 1162 2620 1223 tristitia.
2667 1164 2805 1230 Quid
2826 1166 3013 1235 plura?
3047 1171 3153 1226 Deo
3178 1173 3412 1243 placuit,
3440 1177 3523 1231 fu-

1948 1258 2071 1318 gata
2098 1258 2182 1305 est
2214 1249 2454 1313 tristitia,
2485 1253 2737 1321 gaudium
2775 1258 3055 1321 successit,
3107 1262 3388 1323 ordinatus
3437 1278 3523 1328 est

1948 1343 2231 1414 episcopus
2280 1358 2440 1413 quem
2465 1345 2778 1413 praecedens
2814 1349 3098 1419 episcopus
3122 1352 3515 1427 designaverat.

1947 1430 2107 1501 Ergo,
2142 1447 2208 1487 ne
2237 1433 2437 1502 aliquid
2466 1436 2532 1488 de
2579 1451 2663 1490 me
2704 1447 2980 1505 quaeratur
3005 1442 3296 1501 voluntatis
3347 1463 3479 1504 mea:
3501 1491 3516 1516 ,

1949 1535 2108 1590 quam
2139 1522 2301 1576 credo
2330 1523 2422 1577 Dei
2451 1540 2591 1588 esse,
2622 1526 2674 1579 in
2716 1529 2957 1584 omnium
2985 1542 3226 1587 vestrum
3273 1538 3519 1595 notitiam

1952 1611 1979 1651 ιι
2008 1613 2240 1681 profero.
2268 1613 2646 1685 Presbyterum
2680 1618 2950 1675 Emclium
2973 1623 3105 1678 mihi
3153 1641 3515 1699 successorem

1949 1700 2094 1757 volo.
2128 1702 2176 1756 A
2225 1704 2422 1774 populo
2469 1706 2823 1762 acclamatum
2875 1720 2959 1765 est
2993 1712 3101 1768 Deo
3134 1713 3335 1783 laudes,
3369 1720 3518 1777 Chri-

1950 1801 2031 1847 sto
2056 1793 2256 1848 laudes.
2291 1795 2503 1851 Dictum
2533 1806 2616 1854 est
2653 1799 2819 1856 vicies
2848 1805 3064 1862 tercies.
3111 1806 3341 1876 Exaudi,
3369 1798 3515 1871 Chri-

263 1899 322 1955 in
352 1896 636 1968 juventute
672 1904 923 1967 speratur
954 1898 1215 1969 gravitas,
1266 1898 1321 1953 in
1365 1899 1635 1970 gravitate
1662 1915 1846 1971 spera—
1878 1899 1924 1958 B
1951 1894 2047 1949 δίεν
2094 1884 2384 1956 Antimum
2412 1889 2590 1943 υίιαηι·
2645 1891 2855 1947 Βίοιυηὶ
2884 1906 2967 1951 est
3012 1900 3187 1956 sexies
3234 1905 3416 1961 vicies.
3454 1909 3523 1964 ’l'e

271 1997 364 2042 tur
395 1997 663 2043 senectus.
700 1985 887 2047 Utrum
917 1986 1225 2056 contingat,
1259 1988 1527 2043 incertum
1551 1997 1653 2045 est.
1682 1990 1849 2046 Sene—

262 2088 392 2137 ctus
440 2086 621 2133 autem
675 2075 837 2132 aliam
879 2082 1094 2131 aitatem
1122 2092 1284 2148 quam
1306 2086 1505 2147 speret,
1532 2093 1638 2133 non
1662 2078 1845 2137 habet.

266 2170 542 2227 Incertum
564 2177 645 2225 est
669 2169 811 2231 enim
838 2168 953 2240 ipsa
976 2177 1227 2224 senectus
1247 2170 1486 2240 quandiu
1509 2170 1580 2225 sit
1605 2171 1847 2227 homini:

266 2261 404 2325 illud
450 2269 627 2316 tamen
680 2267 891 2316 certum
933 2267 1019 2315 est
1055 2259 1255 2314 nullam
1306 2275 1590 2317 remanere
1636 2269 1851 2322 aetatem

268 2368 395 2422 quae
421 2351 595 2422 possit
613 2350 901 2406 succedere
928 2350 1213 2405 senectuti.
1235 2349 1374 2417 Quia
1399 2351 1572 2406 voluit
1596 2351 1759 2417 Deus,
1784 2352 1854 2407 ad

269 2444 437 2498 istam
481 2441 755 2497 civitatem
787 2455 909 2496 cum
940 2440 1124 2512 vigore
1160 2440 1339 2495 (etatis
1375 2439 1568 2496 adveni
1599 2455 1614 2494 :
1643 2441 1737 2496 sed
1769 2451 1851 2496 ta-

270 2548 400 2591 men
417 2532 634 2604 juvenis
660 2530 740 2586 fui
764 2538 822 2586 et
848 2531 1023 2586 senui.
1054 2529 1181 2586 Scio
1209 2545 1309 2599 per
1341 2530 1549 2585 obitum
1571 2530 1852 2601 episeopo-

273 2644 398 2684 rum
430 2642 527 2698 per
559 2624 952 2690 contentiosos,
984 2623 1302 2681 ambitiosos
1331 2630 1421 2676 aut
1441 2622 1726 2678 seditiosos
1760 2637 1854 2679 so-

273 2720 389 2774 lere
414 2717 684 2773 Ecclesias
707 2714 1051 2786 perturbari;
1080 2723 1157 2781 ct,
1183 2713 1328 2783 quod
1351 2729 1493 2784 saepe
1520 2729 1641 2770 sum
1662 2729 1856 2785 exper-

242 2840 247 2843 -
270 2820 367 2867 tus
388 2818 444 2865 et
471 2809 637 2875 dolui,
664 2808 855 2874 debeo,
879 2814 1141 2877 quantum
1172 2806 1240 2862 ad
1264 2820 1350 2861 me
1384 2806 1596 2870 attinet,
1631 2822 1700 2861 ne
1728 2821 1857 2864 con-

270 2904 468 2974 tingat,
504 2900 628 2956 huic
653 2898 961 2969 prospicere
989 2897 1216 2953 civitati.
1259 2895 1412 2953 Sicut
1441 2898 1589 2952 novit
1617 2898 1857 2954 charitas

274 3002 481 3057 vestra,
511 2991 565 3045 in
606 2989 915 3051 Milevitana
954 2987 1194 3045 Ecclesia
1236 2988 1395 3044 modo
1435 2988 1528 3042 fui.
1579 2987 1858 3044 Petierunt

268 3087 424 3145 enim
452 3101 537 3140 me
562 3083 777 3149 fratres,
805 3092 860 3138 et
885 3083 1127 3140 maxime
1156 3083 1298 3138 servi
1330 3082 1445 3148 Dei,
1474 3083 1563 3153 qui
1596 3083 1667 3137 ibi
1694 3093 1854 3150 sunt,

274 3185 341 3239 ut
369 3175 629 3232 venirem.
676 3174 810 3243 Quia
836 3183 959 3245 post
984 3174 1191 3231 obitum
1224 3176 1399 3230 beata:
1437 3177 1712 3232 memoria:
1750 3176 1857 3232 fra-

277 3268 385 3322 tris
407 3246 710 3336 coepiscopi
741 3266 846 3321 mei
869 3266 895 3305 ιι
923 3264 1132 3330 Severi,
1176 3265 1431 3330 nonnulla
1462 3266 1535 3320 ibi
1574 3267 1859 3337 perturba-
1884 3261 1928 3323 Ο

280 3359 358 3412 tio
385 3356 695 3411 timebatur.
728 3355 888 3421 Veni,
918 3363 974 3410 et
1008 3356 1279 3426 quomodo
1312 3357 1504 3424 voluit,
1540 3360 1556 3398 ί
1590 3358 1732 3413 Deus
1766 3359 1861 3413 ad-

271 3451 418 3529 juvit
439 3464 538 3506 nos
561 3464 659 3519 per
689 3464 844 3505 suam
875 3449 1326 3505 misericordiam.
1358 3449 1702 3523 Acceperunt
1747 3454 1862 3523 epi-

275 3589 591 3653 consortem
618 3580 830 3653 imperii
878 3590 1271 3653 assumpserat,
1303 3590 1360 3637 et
1399 3581 1653 3641 Placidia:
1683 3587 1863 3641 amitae

278 3652 575 3727 Theodosii
608 3652 783 3727 (ilius,
798 3651 890 3727 qui
937 3651 1069 3727 cum
1098 3652 1315 3727 triginta
1371 3668 1561 3727 annos
1593 3656 1859 3727 imperas-

276 3731 389 3797 set,
420 3722 691 3797 a_'_l‘ra_sila
719 3721 872 3797 {Etii_
880 3722 1048 3797 milite
1075 3721 1360 3797 confossus
1387 3724 1619 3797 interiit.
1650 3721 1728 3782 De
1755 3742 1863 3797 quo

278 3794 412 3867 vide
449 3792 682 3867 ldacium
728 3792 1097 3867 in_§hron._._
1130 3792 1542 3867 Cassiodorum,
1590 3792 1863 3867 Olympio-

281 3864 507 3928 dorum,
539 3861 763 3917 Paulum
791 3861 1193 3918 Warnefridum
1228 3872 1283 3917 et
1318 3863 1472 3919 alios.

359 3932 484 4007 {In
504 3931 721 4007 ecclesia
756 3931 933 3987 Pacis.
963 3932 1043 3987 ita
1072 3933 1702 4007 appellabaturrecclesia
1736 3933 1865 4007 Hip-

280 4004 446 4074 ponis
472 4004 725 4074 civitatis,
753 4013 814 4074 ut
841 4011 1028 4074 notum
1071 4003 1157 4059 est
1200 4019 1266 4074 ex
1317 4005 1545 4060 concilio
1584 4003 1861 4069 Africano.

279 4071 434 4129 anno
472 4071 691 4146 AChristi
714 4072 839 4146 59ΞὶΔ
872 4073 962 4146 ubi
992 4074 1065 4127 ita
1106 4073 1304 4146 legitur
1350 4093 1363 4128 :
1396 4075 1657 4146 Hippone,
1702 4076 1757 4130 in
1787 4093 1867 4131 se-

280 4143 514 4200 cretaria
543 4142 771 4197 basilica:
802 4142 980 4198 Pacis.

362 4214 392 4252 δ
426 4212 889 4284 Regionum.Lege
901 4212 1197 4284 Regiorum.
1224 4214 1358 4270 Nam
1382 4214 1499 4269 hinc
1521 4216 1652 4271 urbs
1667 4216 1868 4271 dicitur

284 4283 712 4354 llippoiltegius,
736 4292 796 4337 ut
818 4283 1004 4354 notum
1031 4294 1116 4338 est
1145 4301 1211 4339 ex
1236 4286 1390 4350 Mela,
1433 4284 1525 4339 lib.
1555 4301 1571 4340 ι
1597 4326 1614 4351 ,
1642 4294 1696 4339 et
1724 4287 1863 4342 aliis.

364 4352 405 4393 δ
430 4352 671 4428 Lepor‘io.
701 4355 751 4409 ιε
775 4362 859 4409 est
895 4353 1157 4428 Leporius
1183 4359 1490 4428 presbyter,
1516 4355 1591 4428 de
1613 4371 1719 4428 quo
1741 4372 1867 4428 san-

284 4434 413 4480 ctus
434 4423 789 4493 Augustinus,
822 4438 986 4479 scrm.
1013 4440 1051 4479 ιι
1082 4425 1149 4480 de
1185 4423 1306 4480 Vita
1340 4423 1395 4482 et
1442 4423 1680 4480 Moribus
1706 4427 1869 4482 cleri-

286 4509 483 4567 corum
515 4513 526 4545 :
559 4512 577 4545 ι
631 4494 1018 4567 Presbyterum
1046 4493 1356 4567 Leporium,
1395 4497 1645 4567 quamvis
1686 4496 1868 4553 seculi

286 4564 591 4628 natalibus,
618 4572 673 4620 et
703 4564 844 4634 apud
882 4579 1011 4619 suos
1054 4564 1438 4627 honestissimo
1485 4566 1604 4621 loco
1653 4576 1866 4631 natum,

289 4646 478 4691 tamen
520 4635 634 4705 jam
678 4634 789 4690 Deo
834 4635 1178 4705 servientem,
1228 4636 1437 4692 cunctis
1480 4652 1602 4705 quae
1631 4637 1868 4701 habebat

292 4677 541 4777 relictis,J
559 4705 772 4777 inopem
810 4677 1101 4777 suscepi.)
1144 4677 1294 4761 Alius
1320 4714 1404 4777 est
1426 4722 1458 4777 a
1485 4677 1719 4777 Leporio
1746 4698 1865 4761 mo?-

293 4774 477 4849 nacho
500 4783 556 4849 et
580 4775 894 4849 presbytero
937 4774 1113 4849 Gallo,
1146 4779 1237 4849 qui
1257 4777 1346 4849 Ain_
1370 4774 1580 4849 Pelagii
1617 4777 1869 4849 hgeresim

292 4847 484 4921 lapsus
516 4846 586 4921 _in
615 4844 855 4921 Africam
894 4846 1135 4921 trajecit;
1162 4844 1369 4921 'ubihab
1395 4844 1615 4921 Aurelio
1644 4845 1871 4921 cartha-

292 4915 554 4987 giniensi,
597 4926 784 4971 sancto
806 4915 1108 4986 Augustino
1150 4926 1205 4972 et
1234 4917 1353 4987 aliis
1380 4916 1872 4987 Africaerepiscopis

292 4985 589 5055 Susceptus
615 4994 672 5041 et
698 4985 937 5051 sanatus,
979 4987 1124 5042 edito
1164 4985 1560 5042 emendationis
1582 4985 1780 5051 libello,
1805 4989 1873 5042 ab

292 5056 505 5127 eisdem
530 5056 583 5109 in
607 5055 809 5111 Gallias
833 5056 1091 5111 remissus
1117 5067 1216 5115 est.
1251 5057 1325 5111 De
1345 5073 1454 5127 quo
1482 5058 1791 5112 Gennadius
1819 5058 1873 5111 in

293 5126 581 5197 (lataloga,
609 5143 728 5197 cap.
762 5128 849 5197 59,
874 5136 926 5181 et
950 5127 1234 5183 Facundos
1265 5126 1710 5193 lliermianensis,
1738 5127 1830 5182 lib.
1857 5144 1874 5189 ι

294 5196 369 5250 de
394 5197 575 5267 tribus
602 5196 882 5267 Capitulis.

374 5265 404 5303 εί
432 5265 701 5338 Βανηαῡαζ
748 5265 798 5321 ls
846 5276 930 5323 est
956 5268 1229 5325 Barnabas
1257 5267 1324 5322 de
1355 5284 1461 5338 quo
1502 5277 1719 5324 sanctus
1763 5266 1876 5338 Au—

296 5337 557 5461 ggstinus
588 5353 753 5392 serm.
791 5338 957 5395 citato
990 5356 1002 5391 ε
1035 5356 1052 5389 ι
1091 5338 1209 5393 Dixi
1231 5336 1431 5408 aliquid
1453 5354 1610 5393 suum
1640 5354 1748 5392 non
1781 5336 1879 5391 ha-

374 5421 438 5461 re
461 5408 804 5461 nresbvteros
828 5410 1225 5461 cohabitatores
1249 5423 1397 5461 meos
1425 5428 1436 5461 :
1468 5409 1608 5461 inter
1627 5422 1763 5461 auos
1796 5418 1879 5461 est

374 5421 438 5461 re
461 5408 804 5481 presbyteros
828 5410 1225 5469 cohabitatores
1249 5423 1397 5465 meos
1425 5428 1436 5461 :
1468 5409 1608 5463 inter
1627 5422 1763 5481 quos
1796 5418 1882 5465 est

298 5486 359 5531 et
388 5478 674 5549 presbyter
698 5478 975 5534 Barnabas
993 5520 1006 5541 ,
1040 5498 1058 5531 ι
1085 5486 1189 5533 etc.
1645 5478 1653 5481 '

385 5556 412 5584 ε
437 5544 668 5601 Lazaro.
703 5549 753 5604 ls
778 5559 862 5605 est
896 5548 1132 5604 Lazarus
1156 5549 1416 5603 diaconus
1456 5548 1611 5616 cujus
1638 5548 1884 5602 meminit

301 5625 533 5689 sanctus
546 5618 879 5689 Augustinus
893 5620 1080 5674 eodem
1093 5634 1254 5675 serui.
1267 5659 1281 5683 ,
1296 5620 1384 5688 qui
1402 5628 1585 5688 postea
1602 5618 1884 5686 presbyter

301 5687 592 5743 ordinatus
616 5687 718 5743 est.

389 5756 408 5793 ί
443 5756 681 5832 Eradio.
715 5759 763 5815 ls
784 5768 867 5815 est
889 5761 979 5831 qui
1007 5760 1093 5815 hic
1114 5760 1429 5832 designatur
1449 5758 1735 5832 episcopus
1756 5757 1886 5824 Ηίιι·

304 5829 589 5899 ptmetisis,
622 5831 689 5882 de
710 5846 819 5898 quo
845 5829 1064 5886 sanctus
1108 5829 1436 5899 Augustinus
1485 5844 1646 5883 serm.
1682 5829 1881 5899 citato:

310 5898 427 5962 ubi,
476 5901 929 5973 quemadmodum
974 5913 1024 5954 ct
1077 5902 1128 5954 in
1178 5898 1260 5954 his
1288 5901 1451 5972 gestis
1488 5899 1718 5966 excusis,
1748 5898 1886 5951 male

1892 4608 1946 4668 D

1951 1974 2188 2041 Patrem,
2210 1987 2260 2030 te
2280 1980 2595 2051 episcopum.
2622 1983 2831 2039 Dictum
2858 1996 2941 2042 est
2966 1991 3151 2046 octies.
3179 1993 3418 2067 Cumque
3442 2015 3525 2054 re-

1951 2070 2229 2141 ticeretur,
2258 2071 2592 2141 Augustinus
2629 2075 2912 2153 episcopus
2938 2080 3093 2147 dixit,
3143 2083 3256 2140 Non
3285 2099 3369 2143 est
3390 2107 3525 2163 opus

1951 2175 2039 2215 me
2070 2162 2134 2216 de
2161 2162 2554 2261 laudibus-ejus
2579 2166 2785 2237 aliquid
2810 2170 3018 2238 dicere;
3049 2172 3204 2233 faveo
3224 2180 3523 2261 sapientiw,
3583 2170 3587 2175 “

1950 2264 2115 2318 parco
2142 2254 2499 2308 verecundius.

2131 2363 2158 2435 §
2188 2364 2326 2431 XlX.
2349 2396 2421 2405 ——
2442 2367 2519 2422 Ex
2558 2383 2826 2427 necuim
2854 2387 3042 2439 saxcn
3076 2376 3333 2437 Onsuzsit.

2033 2475 2049 2514 ι
2083 2475 2198 2531 Νοη
2230 2478 2531 2535 irascamur
2574 2479 2826 2536 invicem.
2864 2483 3086 2542 Etiamsi
3119 2488 3199 2545 ira
3243 2508 3345 2550 nos
3385 2496 3529 2556 vice:

1954 2567 2057 2634 rit,
2103 2580 2143 2607 ιιι
2187 2584 2295 2623 non
2352 2584 2640 2638 peccamus
2698 2574 2821 2638 irati
2883 2575 3011 2633 solis
3058 2583 3366 2640 occubitum
3404 2603 3529 2658 pce-

1956 2660 2182 2715 nitentia
2247 2663 2642 2731 prievenientes
2709 2663 2889 2736 (Eph.
2948 2669 3061 2741 tv).
3128 2660 3530 2741 Meminerimus

1956 2768 2076 2809 esse
2103 2762 2430 2824 princeptum
2478 2758 2691 2826 quoties
2728 2762 2973 2830 peccanti
3014 2762 3068 2818 in
3118 2781 3218 2823 nos
3249 2767 3530 2839 ignoscere

1957 2844 2233 2908 debemus,
2261 2852 2317 2899 et
2343 2860 2538 2901 munus
2567 2856 2815 2908 nostrum
2853 2851 3162 2924 relinquere
3183 2868 3308 2915 ante
3334 2861 3528 2938 altare,

1958 2936 2101 3007 quod
2137 2951 2477 3007 nequaquam
2505 2941 2822 3011 suscipitur,
2864 2943 2968 3000 nisi
3013 2945 3179 3003 fuerit
3212 2936 3531 3009 reconciliai-

1961 3030 2105 3084 tione
2131 3029 2391 3099 placabile
2426 3030 2577 3102 (Luc.
2610 3034 2742 3107 vlt);
2777 3044 2837 3090 ut
2858 3037 3133 3106 possimus
3161 3040 3343 3099 dicere
3376 3062 3389 3100 :
3438 3046 3531 3099 Di-

1959 3121 2106 3175 mitte
2132 3120 2277 3176 nobis
2303 3121 2473 3177 debita
2511 3134 2714 3191 nostra,
2736 3125 2872 3181 sicut
2906 3138 2955 3183 et
2979 3146 3071 3185 nos
3096 3131 3407 3191 dimittimus
3436 3137 3532 3193 de?

1961 3209 2213 3265 bitoribus
2241 3213 2433 3266 nostris
2460 3211 2609 3281 (Luc.
2661 3214 2763 3288 ιι).
2812 3216 2880 3271 Et
2923 3217 3214 3289 Apostolus
3257 3224 3435 3281 dicit:
3471 3226 3533 3297 Si

1960 3305 2078 3376 quis
2117 3303 2270 3358 habet
2307 3305 2555 3360 adversus
2604 3306 2828 3379 aliquem
2870 3319 2901 3348 η
2940 3314 3344 3382 querimoniam,
3399 3319 3537 3374 sicut

1959 3404 2007 3448 et
2046 3401 2070 3429 ο
2101 3390 2341 3448 Christus
2380 3406 2407 3445 P
2456 3395 2669 3451 donavit
2700 3397 2868 3464 nobis,
2897 3409 2926 3451 ει
2957 3402 3032 3461 sic
3057 3401 3217 3470 facite
3246 3404 3385 3475 (Col.
3426 3408 3533 3479 in).

1962 3583 2260 3663 appellatur
2293 3583 2537 3663 Eradius.
2571 3583 3072 3663 _i\'ain.lmjusmo.l_i
3111 3605 3305 3663 nomen
3339 3596 3424 3663 vix
3473 3596 3533 3663 in

1963 3669 2062 3707 usu
2117 3654 2219 3707 fuit
2265 3653 2537 3719 antiquis,
2571 3652 2853 3709 lleraclius'
2889 3656 3319 3719 usitatissimum.
3367 3652 3538 3721 Error

1962 3724 2204 3805 manavit
2231 3738 2315 3805 es
2335 3723 2690 3805 coiiiiuissut'a
2740 3724 3066 3805 litterarum,
3097 3744 3125 3781 c
3150 3736 3205 3783 et
3232 3729 3281 3794 ι,
3310 3746 3376 3805 es
3425 3750 3531 3805 qua

1963 3793 2206 3863 exsurgit
2233 3792 2416 3874 littera
2527 3792 2877 3874 "Apponenda
2907 3803 2991 3874 est
3035 3805 3213 3853 tamen
3255 3792 3535 3874 aspiratio,

1964 3877 2085 3930 quae
2109 3861 2251 3931 siepe
2280 3862 2334 3917 in
2365 3861 2646 3917 codicibus
2676 3877 2801 3917 mss.
2826 3863 3180 3921 desideratur.

2038 3935 2063 3973 ε
2095 3931 2363 4014 suspensi.
2396 3947 2595 4014 suptus:
2637 3932 2889 3986 Audistis.
2940 3934 2996 3988 ln
3042 3937 3245 3993 editis:
3280 3939 3536 4014 Suspensi

1964 4003 2138 4057 minus
2167 4002 2409 4057 audistis.
2440 4001 2679 4057 Rectius.

2035 4073 2065 4113 ii
2101 4070 2298 4127 Severi.
2343 4072 2419 4141 De
2458 4086 2566 4141 quo
2611 4086 2772 4127 serm.
2809 4075 2899 4128 cit.
2938 4093 2951 4129 :
2989 4093 3009 4128 ι
3048 4075 3426 4139 Subdiaconus
3460 4095 3542 4140 est

1966 4158 2091 4219 cum
2117 4140 2501 4219 sanctofratre
2528 4157 2647 4196 meo
2675 4153 2728 4198 et
2756 4146 3074 4219 coepiscopo
3099 4146 3301 4211 Severo
3344 4151 3399 4207 in
3435 4154 3541 4210 Ec-

1967 4213 2132 4270 etesia
2156 4212 2482 4268 Milevitana.
2522 4231 2541 4264 ι

2046 4284 2063 4324 ί
2095 4283 2352 4363 Dominus
2381 4283 2583 4363 adjuvit
2606 4299 2720 4337 nos.
2753 4284 2807 4339 In
2840 4286 3029 4345 editis:
3058 4286 3315 4363 Dominus
3339 4293 3541 4363 adjuvit

1969 4370 2064 4429 nos
2097 4370 2191 4423 pro
2219 4353 2576 4407 misericordia
2597 4369 2720 4421 sua,
2749 4364 2803 4408 ut
2832 4372 2949 4410 cum
2974 4373 3102 4427 pace
3121 4353 3420 4429 episcopatu
3448 4381 3542 4418 ac-

1971 4425 2217 4477 cinerem.

2020 4440 2474 4553 liergtiecedentis.
2514 4494 2569 4548 ln
2620 4494 2836 4549 excusis
2876 4494 3110 4561 additur,
3138 4503 3188 4549 et
3228 4498 3541 4556 decedentis.

2044 4565 2071 4633 If
2104 4562 2347 4632 Profero.
2381 4563 2437 4617 In
2465 4564 2897 4633 editis,iperfero.

2050 4632 2069 4673 ι
2105 4633 2231 4701 Non
2256 4633 2571 4687 irascamur.
2626 4632 2751 4687 Haec
2796 4635 3062 4701 habentur
3113 4636 3164 4689 in
3206 4637 3366 4693 editis
3400 4638 3547 4697 circa

1973 4704 2157 4760 finem.
2197 4700 2557 4767 Proferuntur
2598 4703 2667 4757 ab
2695 4711 2916 4766 auctore
2964 4713 3149 4762 nostro
3199 4707 3268 4762 ob
3298 4707 3383 4761 illa
3423 4724 3549 4764 san-

1974 4776 2051 4830 cti
2109 4773 2386 4829 Benedicti
2425 4790 2438 4826 :
2475 4769 2608 4826 Cum
2662 4772 2996 4829 discordante
3048 4786 3168 4830 ante
3214 4777 3338 4832 solis
3391 4796 3544 4833 orca-

1974 4860 2091 4909 sum
2111 4884 2127 4907 ,
2162 4851 2267 4897 etc.

2045 4926 2086 4953 ιιι
2111 4913 2232 4987 Νρῃ
2270 4929 2543 4987 peccamus
2570 4911 2958 4987 irati._Nei_npe
2976 4924 3172 4987 contra
3208 4928 3550 4987 praeceptum

1974 4984 2214 5059 Apostoli
2236 5024 2250 5047 ,
2271 4981 2338 5059 si
2366 4981 2682 5059 paenitentia
2713 4983 2857 5059 ducti
2895 4981 3042 5059 solis
3071 4981 3379 5059 accubitum
3401 4981 3551 5059 ’βε-ω-

1976 5052 2244 5111 venimus.
2278 5054 2378 5109 llic
2404 5054 2556 5109 locus
2584 5061 2741 5132 caute
2772 5052 3028 5132 lcgendus
3065 5062 3170 5120 est,
3198 5072 3321 5132 nam
3348 5052 3432 5112 ira
3454 5075 3549 5132 ρο-

1979 5134 2086 5180 test
2122 5140 2243 5179 esse
2271 5134 2572 5193 peccatum,
2601 5122 2816 5178 etiamsi
2839 5123 2960 5192 quis
2993 5132 3117 5179 ante
3144 5126 3275 5182 solis
3300 5122 3551 5185 occas'um

1980 5194 2385 5255 reconcilietur.

2054 5275 2081 5304 ιι
2110 5263 2524 5338 querirnoniarn.
2565 5261 2623 5316 In
2672 5260 2897 5338 Vulgata
2946 5264 3215 5338 versione,
3266 5268 3552 5338 querelam.

1983 5406 2034 5460 υ
2056 5343 2080 5370 ο
2109 5330 2461 5416 ῼΙινὶειιιε.,υι
2485 5334 2536 5387 ἰη
2558 5340 2707 5395 textu
2732 5330 2942 5391 Graeco.
2968 5332 3027 5388 In
3046 5330 3296 5393 versione
3312 5336 3555 5411 Vulgata,

2036 5420 2262 5460 animus.

2036 5420 2262 5464 ominus.

2056 5487 2082 5524 ι’
2119 5475 2338 5547 Donavit
2373 5473 2538 5526 nobis.
2573 5472 2648 5527 lta
2693 5473 2745 5527 in
2790 5474 2915 5547 cod.
2946 5475 3142 5547 AVind.,
3165 5476 3321 5547 juxta
3353 5485 3558 5537 textum

1984 5544 2255 5617 Grecam,
2284 5546 2571 5617 ἐχαρίσατο
2594 5547 2708 5617 ἡμῖν
2742 5545 2882 5617 quod
2906 5545 3046 5600 idem
3074 5544 3249 5617 sonat.
3276 5549 3347 5604 At
3368 5548 3421 5604 in
3442 5552 3561 5606 edi-

1989 5600 2131 5694 tione
2162 5600 2405 5694 Yulgfta',
2436 5600 2653 5694 donavit
2693 5600 2831 5693 cobis
2856 5654 2868 5675 ,
2901 5600 3561 5694 quemaduiodumfet:

1988 5689 2052 5761 ad
2080 5685 2215 5753 Eph.
2268 5683 2810 5761 h1eadem_vers_ione
2847 5683 3215 5761 z-Condonavit
3262 5688 3425 5761 vobis.
3460 5689 3560 5761 Ubi

1988 5756 2040 5809 in
2061 5763 2233 5877 btextu
2265 5753 2453 5807 Grmco
2485 5771 2497 5805 :
2543 5754 2829 5828 ἐχαρίσατο
2857 5757 2970 5829 ἡμῖν
3019 5756 3073 5810 id
3095 5765 3199 5821 est,
3240 5753 3563 5830 condonavi}

1989 5840 2057 5877 no
2099 5842 2159 5877 is.

1989 5840 2159 5877 llODlS.

2058 5906 2083 5943 σι
2101 5895 2190 5947 Sir
2216 5894 2391 5963 facite.
2417 5894 2494 5949 lta
2512 5894 2564 5949 in
2586 5892 2868 5951 cod.\’ind.
2892 5896 3024 5961 et'in
3047 5894 3205 5951 editis
3227 5896 3469 5973 Orsiesii.
3496 5895 3562 5962 At
