3958 6198
279 448 383 508 817

1240 440 1630 502 CONCORDIA
1670 439 2128 499 REGULARUM.
2159 473 2227 481 —
2265 440 2416 499 CAP.
2453 438 2582 497 Vill.

3444 437 3549 497 818

278 576 410 616 mox
438 572 466 600 ι
494 553 1195 626 exoccupatisbmentibus,
1224 563 1279 609 et
1314 555 1458 624 quod
1495 555 1727 624 agebant
1768 553 1864 607 im-
1892 562 1943 619 Α
1967 560 2050 605 est
2085 566 2297 621 quoque
2344 550 2414 605 ab
2459 550 2544 605 his
2569 548 2661 620 qui
2692 564 2751 605 se
2781 547 2876 603 tali
2906 562 3069 619 opere
3097 547 3383 604 unanimes
3427 563 3553 606 esse

276 650 585 724 perfectum
630 647 1018 716 relinquentes,
1053 647 1232 703 vicino
1263 647 1583 703 obedientia:
1616 646 1751 716 pede
1780 645 1870 715 ju-

274 745 458 801 bentis
499 757 688 798 vocem
736 740 896 795 factis
926 750 1272 810 sequuntur:
1305 748 1360 793 et
1402 738 1564 793 veluti
1605 753 1713 793 uno
1749 752 1871 792 mo-

276 839 464 887 mento
483 843 503 869 ε
522 830 784 901 praedicta
803 828 1049 900 magistri
1062 828 1255 899 jussio,
1279 840 1335 883 et
1353 827 1596 898 perfecta
1620 826 1868 897 discipuli

273 938 443 992 opera
473 922 529 976 in
551 920 839 977 velocitate
862 919 1072 974 timoris
1098 918 1195 974 Dei
1226 918 1251 958 ἀ
1270 922 1443 974 ambae
1475 935 1563 975 res
1590 931 1614 959 ε
1630 934 1870 975 commu-

274 1011 423 1065 niuer
448 1011 615 1065 citius
646 1008 666 1048 τ
693 1007 1057 1079 explicantur,
1086 1007 1282 1077 quibus
1310 1007 1378 1061 ad
1406 1006 1568 1061 vitam
1606 1016 1868 1063 aeternam

272 1101 560 1173 gradiendi
586 1116 743 1156 amor
769 1100 1053 1155 incumbit.
1079 1100 1205 1155 ldeo
1230 1109 1521 1171 angustam
1544 1100 1688 1155 viain
1728 1100 1868 1155 arri-

271 1192 451 1262 piunt.
476 1191 629 1247 Unde
650 1190 910 1246 Dominus
929 1190 1091 1245 dicit:
1123 1189 1361 1262 Angusta
1388 1192 1471 1245 via
1496 1202 1570 1247 est
1589 1209 1707 1263 qute
1722 1193 1866 1246 ducit

272 1281 345 1335 ad
368 1281 528 1335 vitam
570 1279 785 1352 (Matth.
809 1279 932 1353 vn).
967 1283 994 1323 ⁸
1013 1280 1081 1337 Ut
1101 1297 1211 1337 non
1232 1296 1331 1337 suo
1349 1282 1573 1336 arbitrio
1602 1283 1863 1349 viventes,

270 1370 362 1425 vel
396 1370 683 1426 desideriis
741 1372 856 1427 suis
909 1380 965 1427 et
993 1371 1358 1442 voluptatibus
1405 1372 1738 1438 obedientes,
1770 1372 1863 1428 sed

272 1457 622 1514 ambulantes
665 1459 844 1514 alieno
882 1460 1090 1531 judicio
1120 1470 1177 1516 et
1204 1461 1467 1532 imperio,
1515 1463 1568 1516 in
1601 1463 1864 1518 ce'uobiis

272 1549 527 1604 abbatem
551 1548 654 1604 sibi
679 1536 912 1618 praeesse
933 1550 1265 1605 desiderant.
1297 1550 1426 1606 Siue
1448 1550 1612 1605 dubio
1642 1550 1695 1604 bi
1730 1550 1864 1606 tales

272 1639 423 1694 illam
465 1639 679 1693 Domini
724 1641 754 1680 ιι
797 1640 1084 1695 imitantur
1131 1641 1490 1706 sententiam,
1534 1656 1642 1710 qua
1696 1641 1859 1696 dicit:

272 1730 401 1785 Non
425 1732 542 1785 veni
568 1731 741 1801 facere
770 1731 1087 1785 voluntatem
1116 1748 1308 1798 meam,
1335 1732 1427 1786 sed
1457 1733 1575 1802 ejus
1604 1733 1694 1804 qui
1721 1734 1862 1787 misit

268 1837 355 1874 me
379 1820 562 1892 (Joan.
592 1821 669 1892 v).
701 1820 806 1877 Sed
832 1820 949 1877 haec
977 1822 1093 1892 ipsa
1123 1822 1429 1878 obedientia
1460 1831 1590 1878 tunc
1616 1833 1861 1893 accepta-

1973 644 2191 713 cnpient
2219 643 2345 713 quia
2385 657 2486 713 per
2521 640 2884 697 obedientiam
2909 638 3183 694 Abraham
3209 639 3410 709 placuit
3439 640 3552 696 Deo

1971 741 2025 787 et
2050 731 2147 787 Dei
2176 733 2385 788 amicus
2428 730 2728 802 appellatus
2755 737 2870 797 est;
2914 746 3013 801 per
3039 728 3405 784 obedientiam
3447 730 3552 802 ipsi

1969 823 2198 893 apostoli
2246 831 2565 878 meruerunt
2606 829 2775 877 testes
2819 821 3050 876 Domino
3099 820 3154 875 in
3203 820 3449 877 tribubus
3493 829 3552 877 et

1966 914 2179 986 populis
2206 929 2346 970 esse.
2386 913 2506 984 Ipse
2531 927 2748 983 quoque
2788 912 3051 967 Dominus
3096 910 3240 966 Deus
3269 920 3456 967 noster
3483 912 3551 967 de

1967 1008 2219 1078 supernis
2256 1006 2324 1061 ad
2361 1006 2618 1061 inferiora
2648 1003 2980 1061 descendens
3009 1003 3125 1057 ait:
3154 1002 3278 1057 Non
3309 1004 3423 1058 ueni
3459 1003 3548 1073 fa-

1966 1112 2082 1151 cere
2108 1094 2423 1151 voluntatem
2453 1110 2642 1158 meam,
2670 1091 2761 1147 sed
2798 1090 2912 1161 ejus
2950 1091 3041 1162 qui
3075 1107 3156 1144 me
3185 1089 3326 1145 misit
3359 1089 3544 1163 (Joan.

1965 1187 2064 1257 vi).
2116 1185 2212 1241 llis
2260 1199 2389 1256 ergo
2435 1184 2602 1239 tantis
2636 1181 2929 1237 virtutibus
2974 1179 3188 1235 ﬁrmata
3236 1178 3547 1237 obedientia

1965 1295 2314 1352 magnopere,
2348 1293 2545 1350 magno
2568 1277 2747 1333 studio
2780 1283 3047 1330 teneatur.

2035 1370 2062 1443 §
2101 1369 2184 1425 lll.
2206 1402 2276 1411 ——
2299 1370 2377 1425 Ex
2408 1369 2627 1424 Rasum
2666 1383 2853 1422 sane"
2890 1365 3200 1422 COLUIBANI
3231 1363 3367 1437 (cap.
3396 1364 3472 1435 l).

2041 1460 2058 1500 ι
2092 1460 2273 1516 Primo
2311 1461 2551 1516 omnium
2579 1460 2837 1514 docemur
2869 1456 3038 1512 Deum
3069 1456 3292 1526 diligere
3332 1469 3399 1510 ex
3430 1465 3545 1510 toto

1962 1554 2146 1619 corde,
2175 1561 2229 1607 et
2258 1560 2369 1607 tota
2399 1559 2598 1616 mente,
2640 1558 2696 1606 et
2726 1565 2794 1605 ex
2841 1548 2969 1604 totis
2994 1546 3231 1614 viribus;
3276 1554 3332 1602 et
3367 1547 3545 1616 proxi-

1961 1659 2108 1699 mum
2160 1651 2420 1713 tanquam
2476 1640 2854 1710 nosmetipsos.
2886 1649 2924 1677 ω
2951 1637 3158 1692 Deinde
3200 1637 3269 1692 ad
3306 1637 3542 1707 primum

1962 1745 1989 1773 ιι
2029 1735 2253 1791 verbum
2293 1732 2525 1789 senioris
2557 1747 2748 1787 omnes
2774 1731 2841 1785 ad
2871 1730 3229 1785 obedientium
3263 1729 3545 1785 audientes

1960 1843 2182 1897 surgere
2227 1833 2459 1896 oportet.
2511 1824 2648 1891 Quia
2701 1822 3006 1879 obedientia
3062 1822 3173 1877 Deo
3228 1820 3538 1887 exhibetur,

268 1909 400 1964 bilis
432 1910 536 1963 erit
559 1909 671 1965 Deo
699 1918 753 1964 et
781 1910 953 1966 dulcis
990 1910 1320 1977 hominibus,
1356 1910 1399 1966 si
1436 1912 1579 1982 quod
1610 1911 1853 1982 jubetur,
1885 1903 1930 1961 Β
1958 1919 2169 1973 dicente
2200 1916 2430 1972 Domino
2460 1924 2648 1971 nostro
2677 1912 2805 1969 Jesu
2833 1911 3051 1968 Christo
3071 1929 3084 1964 :
3107 1911 3214 1981 Qui
3244 1928 3331 1967 vos
3360 1911 3540 1975 audit,

269 2016 383 2053 non
414 1999 639 2069 trepide,
668 2014 776 2055 non
812 2000 988 2066 tarde,
1014 2016 1122 2055 non
1154 2001 1352 2070 tepide,
1379 2008 1471 2055 aut
1503 2003 1519 2042 ί
1552 2017 1674 2057 cum
1703 2018 1852 2057 mur-

269 2090 468 2154 murio,
515 2089 600 2144 vel
638 2105 764 2145 eum
809 2106 1067 2162 responso
1109 2091 1343 2147 nolentis
1384 2091 1668 2148 ellieiatur.
1716 2092 1854 2161 Quia

267 2196 302 2235 ο
340 2180 578 2235 edientia
607 2195 728 2250 quae
762 2180 1059 2251 majoribus
1082 2183 1374 2252 praebetur,
1407 2181 1518 2238 Deo
1545 2183 1849 2239 exhibetur.

268 2269 389 2339 Ipse
416 2271 562 2325 enim
590 2272 731 2327 dixit
758 2291 770 2325 :
799 2271 901 2337 Qui
926 2289 1011 2326 vos
1039 2273 1212 2339 audit,
1246 2290 1329 2329 me
1353 2274 1501 2327 audit
1525 2273 1740 2346 (Matth.
1770 2273 1849 2345 x).

267 2361 495 2415 Etcum
532 2362 675 2417 bono
721 2362 902 2417 animo
947 2378 978 2417 a
1016 2363 1292 2432 discipulis
1338 2365 1570 2433 praeberi
1617 2372 1850 2435 oportet,

266 2454 394 2523 quia
443 2472 456 2507 :
507 2451 744 2509 Hilarem
795 2454 1031 2509 datorem
1071 2455 1242 2526 diligit
1282 2456 1424 2510 Deus
1468 2456 1554 2528 (Il
1594 2455 1716 2511 Cor.
1748 2456 1847 2528 ix).

265 2545 404 2599 Nam
442 2561 566 2600 cum
607 2546 747 2601 malo
790 2546 969 2601 animo
1006 2547 1050 2602 si
1079 2548 1295 2602 obediat
1324 2547 1636 2617 discipulus,
1664 2557 1850 2603 etnon

264 2636 441 2691 solum
482 2652 599 2701 ore,
642 2637 736 2692 sed
779 2636 945 2691 etiam
1000 2636 1053 2690 in
1097 2638 1259 2692 corde
1310 2637 1355 2692 si
1409 2639 1849 2705 murmuraverit,

261 2727 481 2782 etiamsi
539 2726 1114 2798 impleatjussionem,
1173 2737 1349 2783 tamen
1410 2736 1692 2800 acceptum
1734 2727 1850 2799 jam

262 2835 377 2874 non
412 2820 520 2874 erit
546 2819 675 2885 Deo,
707 2822 798 2889 qui
832 2836 927 2876 cor
969 2820 1129 2893 [ejus]
1169 2821 1390 2890 respicit
1438 2822 1846 2877 murmurantis.

262 2908 337 2961 Et
364 2924 460 2978 pro
497 2907 588 2963 tali
631 2908 775 2966 facto
817 2910 1019 2965 nullam
1058 2911 1408 2979 consequitur
1435 2911 1687 2981 gratiam.
1738 2910 1849 2967 imo

262 3013 487 3067 paruam
529 3002 982 3055 murmurantium
1024 3001 1277 3068 incurrit,
1323 3000 1370 3056 si
1405 3017 1512 3057 non
1542 3018 1665 3057 cum
1690 3002 1850 3059 satis—

260 3090 504 3147 factione
530 3094 920 3149 emendaverit.
1576 3082 1581 3086 ’

500 3183 527 3257 §
563 3184 714 3239 ll.—
736 3186 812 3240 Ex
852 3186 1068 3242 REGULA
1108 3187 1334 3244 PATRUI
1373 3186 1511 3261 (cap.
1539 3188 1616 3263 4).

1957 2021 2039 2058 me
2063 2004 2212 2058 audit
2243 2002 2459 2075 (Matth.
2500 2003 2578 2075 x).
2611 2002 2668 2057 Si
2697 2001 2821 2072 quis
2855 2000 3021 2072 igitur
3056 2001 3281 2055 verbum
3312 2000 3542 2055 audiens

1955 2115 2062 2153 non
2103 2098 2284 2153 statim
2329 2096 2659 2161 surrexerit,
2703 2092 3022 2149 inobediens
3054 2091 3381 2162 judicaudus
3420 2101 3536 2157 est;

1954 2188 2047 2259 qui
2088 2195 2270 2242 autem
2317 2184 2712 2242 contradixerit
2737 2223 2753 2250 ,
2806 2182 3163 2239 contumacia:
3202 2181 3407 2237 crimen
3459 2181 3541 2235 iu-

1953 2279 2143 2335 currit.
2192 2277 2262 2332 Et
2300 2276 2421 2333 ideo
2460 2291 2567 2332 non
2615 2275 2790 2330 solum
2838 2273 3218 2329 inobedienth
3264 2287 3393 2327 reus
3432 2280 3536 2337 est,

1952 2369 2047 2423 sed
2091 2368 2254 2423 etiam
2291 2366 2740 2423 contradictionis
2782 2366 2987 2420 aditum
3034 2364 3219 2419 multis
3265 2363 3536 2435 aperiens,

1952 2459 2247 2515 multorum
2283 2459 2593 2513 destructor
2623 2456 2973 2511 aestimandus
3009 2464 3113 2511 est.
3161 2454 3219 2511 Si
3249 2455 3373 2525 quis
3410 2470 3539 2511 vero

1951 2548 2472 2613 murmuraverit,et
2515 2547 2632 2615 ipse
2674 2554 2929 2616 tauquam
2980 2561 3087 2601 non
3125 2562 3191 2601 ex
3235 2554 3362 2601 voto
3408 2547 3538 2602 obe-

1950 2642 2124 2707 diens,
2165 2640 2479 2697 inobediens
2527 2639 2798 2710 putandus
2834 2646 2937 2694 est.
2990 2638 3198 2695 ideirco
3242 2654 3381 2709 opus
3419 2637 3537 2707 ejus

1950 2732 2256 2803 abjiciatur,
2294 2732 2464 2787 donec
2500 2729 2647 2785 illius
2684 2731 2824 2785 bona
2863 2729 3113 2785 voluntas
3154 2739 3532 2801 cognoscatur.

1949 2823 2267 2881 Obedientia
2309 2830 2492 2877 autem
2527 2834 2701 2891 usque
2739 2820 2805 2875 ad
2843 2834 3005 2891 quem
3043 2818 3203 2874 linem
3245 2818 3539 2875 deﬁnitur?

1951 2914 2134 2984 Usque
2156 2913 2219 2970 ad
2251 2918 2482 2967 mortem
2509 2918 2657 2967 certe
2686 2917 2958 2980 pneeepta
2987 2916 3090 2965 est.
3119 2907 3255 2975 Quia
3282 2908 3532 2967 Christus

1948 3019 2120 3075 usque
2171 3003 2241 3057 ad
2285 3010 2516 3058 mortem
2559 3000 2800 3057 obedivit
2842 3000 2990 3056 Patri
3033 3016 3132 3072 pro
3174 3000 3351 3067 nobis,
3401 3015 3527 3057 cum

1949 3096 2063 3166 ipse
2105 3093 2260 3150 nobis
2304 3108 2404 3165 per
2448 3091 2765 3164 Apostolum
2823 3091 3061 3146 insinuat
3132 3091 3366 3149 dicens:
3411 3090 3526 3147 Hoc

1949 3186 2133 3240 sentite
2171 3186 2225 3239 in
2251 3184 2416 3250 vobis,
2448 3182 2588 3256 quod
2620 3191 2668 3237 et
2700 3183 2757 3236 in
2778 3180 2983 3237 Christo
3004 3179 3134 3237 Iesu
3155 3198 3173 3237 :
3197 3182 3287 3254 qui
3316 3198 3441 3237 cum
3473 3183 3536 3236 in

337 3274 600 3330 Volumus
653 3290 782 3346 ergo
836 3293 1003 3331 unum
1063 3292 1295 3348 praeesse
1348 3248 1617 3334 seniorem
1681 3294 1844 3349 super
1872 3248 1916 3311 (δ
1947 3276 2120 3348 [arma
2156 3275 2254 3331 Dei
2285 3285 2439 3342 esset,
2475 3290 2580 3329 non
2620 3274 2862 3346 rapinam
2897 3274 3184 3330 arbi:ratus
3217 3283 3291 3328 est
3328 3290 3439 3329 esse
3474 3289 3527 3328 se

259 3382 460 3423 omnes
510 3365 749 3432 fratres,
797 3383 898 3423 nec
945 3368 1014 3423 ab
1059 3366 1175 3436 ejus
1218 3368 1443 3424 consilio
1485 3368 1568 3424 vel
1616 3369 1843 3439 imperio

260 3457 560 3528 quidquam
603 3457 882 3535 sinistrum
929 3458 1232 3524 declinare;
1286 3460 1381 3514 sed
1426 3458 1567 3513 sicut
1613 3458 1841 3528 imperio

264 3549 479 3604 Domini
515 3548 661 3603 omni
708 3548 892 3605 lmtitia
940 3550 1181 3615 obedire,
1225 3550 1439 3605 dicente
1466 3548 1724 3619 Apostolo
1771 3547 1839 3603 ad

261 3637 604 3693 Hebraeos”
645 3636 861 3693 Obedite
899 3640 1191 3710 prwpositis
1239 3641 1443 3705 vestris,
1464 3640 1589 3710 quia
1629 3639 1727 3709 ipsi
1768 3639 1843 3694 vi-

262 3729 436 3802 gilant
479 3747 574 3800 pro
627 3731 766 3785 vobis
807 3730 993 3804 (Hebr.
1038 3730 1183 3803 xui).
1247 3730 1315 3786 Et
1358 3730 1619 3785 Dominus
1667 3730 1837 3785 dixit:

266 3820 294 3860 Ιι
325 3819 465 3875 Nolo
490 3821 830 3890 sacriﬁcium,
871 3823 960 3878 sed
987 3823 1351 3877 obedientiam.
1379 3822 1841 3878 Considerandum

340 3944 364 3971 ι
384 4002 387 4003 ν
408 3930 778 4003 Ezoccupatis.
832 3934 952 3990 Uno
978 3936 1164 3999 verbo,
1194 3935 1248 3990 id
1281 3943 1384 4001 est,
1419 3935 1722 4001 evacuatis,
1766 3935 1844 3991 ait

262 4000 708 4076 Rutbardusms.
736 4005 793 4076 in
818 4006 1110 4075 hoc-caput
1130 4005 1367 4076 Regula;

337 4071 365 4158 ξ
406 4069 689 4158 gentilium
731 4074 859 4158 με.
888 4069 1151 4158 manibus,
1179 4069 1424 4158 ui‘vulgo
1451 4075 1697 4158 habetur.

337 4151 360 4179 ε
405 4137 693 4228 Prwdicta.
742 4137 1305 4228 ld'est,hante'dieta
1356 4137 1694 4228 impe‘ratama
1716 4161 1842 4228 nam

259 4210 448 4284 dicere
476 4218 559 4264 est
593 4212 889 4284 imperare;
935 4214 1055 4278 Dic,
1083 4225 1138 4269 ut
1160 4217 1371 4269 sedeant
1395 4210 1449 4269 hi
1470 4215 1574 4269 duo
1594 4215 1694 4284 ﬁlii
1716 4217 1837 4271 mei.

260 4279 456 4361 Matth:
486 4296 578 4361 xx.
601 4279 871 4361 l_n_'regula
900 4300 999 4339 ms.
1025 4284 1262 4361 Magistri
1285 4286 1406 4361 cod.
1431 4279 1604 4341 Corbi
1624 4286 1840 4356 legitur,

261 4348 592 4421 Pra’dicata,
620 4352 672 4408 id
705 4348 789 4409 es't
821 4348 1160 4421 annuntiata,
1193 4355 1557 4410 manifestata.

334 4419 372 4501 ιι.
403 4419 596 4501 Λιιιιιιε⁸
614 4438 714 4477 res.
754 4423 850 4478 Est
894 4419 1259 4501 pleonasmus.
1299 4424 1735 4501 Siesupracap.
1763 4426 1837 4481 2:

263 4488 405 4554 Quia
428 4491 681 4546 doctrina:
701 4508 833 4559 sum,
855 4488 931 4548 uel
951 4493 1325 4563 discipulorum
1357 4488 1664 4550 obedientia:
1683 4488 1842 4551 "utra-

262 4575 483 4628 rumque
513 4575 708 4627 rerum,
736 4571 866 4627 etc.,
890 4562 1110 4632 majoris
1138 4564 1510 4634 explicationis
1537 4566 1732 4635 gratia.

335 4639 360 4667 α
401 4626 779 4686 Communiter.
816 4633 874 4688 ld
909 4642 1011 4694 est,
1040 4634 1218 4687 simul.
1248 4633 1408 4688 Caius
1429 4633 1706 4691 Gracchus
1742 4652 1842 4694 ιιι-ο

765 4672 779 4686 ο
816 4663 874 4688 ιιι
909 4663 1011 4695 ῦθι,
1041 4663 1218 4687 θιιιιυι.
1248 4663 1408 4688 υιιιυθ
1429 4663 1471 4688 υ

335 4652 359 4667 -ι
401 4652 779 4686 communiter.
816 4652 874 4688 iu
909 4652 1011 4695 est,
1040 4652 1218 4687 suum.
1248 4652 1408 4688 catus
1429 4652 1706 4691 uraccnus
1742 4652 1837 4707 pro

260 4695 378 4780 lege
421 4696 837 4780 Papyria_apud
882 4702 1218 4780 Sosipatrum
1267 4702 1592 4780 Charisium,
1640 4705 1734 4761 lib.
1769 4725 1837 4780 ii:

267 4786 307 4849 ι.
333 4768 434 4849 Qui
472 4768 808 4828 et'vobis'et
848 4774 982 4844 reip.
1005 4768 1067 4827 et
1113 4773 1214 4827 sibi
1246 4775 1604 4829 communiter
1634 4779 1846 4848 prospi-

258 4847 390 4892 ctat.
432 4857 451 4889 ι

337 4906 359 4946 ί
393 4906 762 4983 Explicantur.
792 4912 1075 4983 Explicare
1102 4920 1185 4967 est
1212 4928 1490 4978 exercere,
1522 4913 1678 4968 docet
1703 4914 1846 4971 Non-

258 4977 399 5100 ἲὶιιῧ.
427 4977 549 5047 cap.
594 4981 647 5034 4.
697 4980 793 5036 Est
839 4977 1004 5037 eiiam
1049 4983 1323 5052 expedire,
1375 4983 1656 5039 absolvere
1702 4987 1843 5056 apud

308 5063 339 5100 ιι
387 5063 518 5100 tum.

308 5063 518 5100 ιιιιιιιιιι.

335 5119 361 5157 ⁸
403 5113 471 5171 Ut
499 5135 750 5192 _non_suo
793 5121 1033 5175 arbitrio.
1089 5119 1179 5185 Ut,
1225 5122 1326 5176 boc
1367 5121 1485 5175 loco
1523 5137 1643 5191 pro,
1681 5124 1836 5192 sicut,

261 5184 366 5266 hoc
391 5188 553 5241 modo
574 5189 745 5266 g-Ideo
782 5201 1059 5266 angustam
1095 5192 1233 5244 viam
1270 5184 1553 5263 arripiunt,
1589 5184 1722 5247 sicut
1749 5184 1839 5249 de;

198 5312 205 5319 ,
258 5256 506 5330 siderant
531 5258 768 5313 abbatem
796 5256 895 5314 δίιῐὶ
928 5277 1167 5330 ριάνεδεε.

333 5326 361 5400 ξι
400 5324 706 5400 imitantur.
746 5330 799 5385 ld
837 5324 940 5395 est,
979 5339 1299 5400 sequuntur.

338 5397 352 5435 ί
387 5395 534 5469 Cum
557 5400 874 5469 Anturmurio.
918 5395 1082 5455 Recta
1120 5400 1299 5463 lectio,
1326 5416 1446 5469 quin
1478 5402 1641 5456 etiam
1673 5403 1838 5459 habe-

262 5470 350 5540 tur
383 5466 438 5540 in
470 5467 747 5540 codicibus
792 5470 1100 5540 mss.r\r’ict.
1128 5485 1207 5540 p.,
1244 5466 1399 5540 Vind.
1432 5480 1487 5524 et
1514 5473 1731 5536 Ebrul.;
1780 5475 1834 5528 in

262 5534 468 5616 Regula
501 5536 761 5661 Magistri,
793 5547 904 5594 tum
935 5539 1044 5603 hic,
1078 5534 1190 5594 tum
1227 5540 1278 5594 in
1305 5539 1425 5594 cod.
1458 5540 1643 5606 Corb.,
1676 5534 1838 5613 atque

262 5615 427 5659 etiam
478 5621 581 5661 anu
663 5607 950 5661 Keronem.
998 5610 1317 5661 discipulum
1371 5610 1428 5661 S.
1455 5609 1728 5661 Othmari.
1782 5613 1835 5661 in

261 5607 427 5676 etiam
454 5607 618 5676 apud
663 5607 950 5675 Keronem,
998 5610 1317 5676 discipulum
1371 5610 1428 5662 S.
1455 5607 1835 5676 Othmariﬂin

264 5674 613 5750 Expositiope
635 5676 981 5750 Alamannica
1002 5674 1384 5750 vocabulorum
1409 5678 1621 5750 Regulus
1660 5674 1722 5735 S.
1746 5683 1840 5736 Be-

267 5745 497 5809 nedicti;
531 5743 886 5818 Smaragdum
913 5758 967 5802 ct
996 5749 1352 5804 Tritliemium
1388 5766 1400 5802 :
1442 5743 1549 5818 quo
1578 5752 1836 5807 vocabulo

266 5826 409 5895 sape
426 5821 660 5895 utuntur
683 5816 879 5895 Patres
917 5818 969 5872 in
999 5820 1100 5895 hac
1132 5818 1426 5874 Concordia
1464 5816 1640 5875 citati.
1685 5820 1838 5878 Unde

270 5881 594 5951 adjectivum
621 5889 1023 5956 murmuriosus,
1052 5889 1115 5953 de
1142 5905 1247 5959 quo
1281 5906 1464 5960 supra.

1939 3363 2191 3438 azqualem
2235 3363 2345 3419 Deo
2390 3382 2408 3421 :
2446 3362 2539 3419 sed
2588 3363 2922 3434 semetipsum
2963 3364 3246 3419 exiuanivit
3304 3363 3527 3435 formam

1939 3457 2073 3511 servi
2117 3456 2397 3526 accipiens,
2445 3461 2470 3490 °
2511 3462 2560 3509 et
2598 3454 2767 3525 specie
2810 3454 3049 3509 inuentus
3093 3463 3148 3507 ut
3188 3455 3364 3508 homo.
3409 3453 3523 3509 Ilu-

1940 3548 2161 3603 miliavit
2190 3548 2521 3617 semetipsum
2553 3545 2728 3616 factus
2751 3556 2779 3595 P
2801 3544 3044 3599 obediens
3074 3541 3230 3598 Patri
3254 3558 3418 3616 usque
3458 3546 3525 3598 atl

1941 3648 2181 3705 mortem,
2215 3647 2434 3692 mortem
2475 3646 2650 3691 autem
2682 3636 2855 3691 crucis
2896 3632 3066 3707 (Phil.
3102 3634 3187 3706 ιι).
3229 3634 3374 3690 Nihil
3418 3636 3521 3691 ita-

1938 3744 2046 3798 que
2086 3727 2445 3784 recusandum
2488 3734 2571 3783 est
2612 3726 2990 3783 obedientibus
3027 3726 3170 3781 veris
3207 3724 3409 3783 Christi
3448 3728 3528 3783 di-

1943 3820 2187 3892 scipulis,
2219 3821 2468 3891 quamvis
2494 3819 2691 3875 durum
2726 3827 2783 3873 et
2818 3817 3048 3874 arduum
3076 3819 3177 3885 sit;
3218 3820 3313 3875 sed
3339 3830 3368 3871 ιι
3400 3835 3520 3876 cum

2016 3934 2030 3986 i
2067 3935 2306 4001 Obedite,
2330 3943 2436 3991 etc.
2480 3933 2562 3990 Ad
2584 3934 2748 3990 Hebr.
2778 3949 2908 4001 xui;
2939 3947 3158 3989 sensum
3182 3932 3364 4005 potius
3401 3949 3512 4004 pro

1942 4005 2066 4061 tulit
2108 4021 2269 4076 quam
2308 4006 2494 4061 verba.
2592 4073 2638 4076 __
2728 4075 2736 4076 ί
2940 4072 2995 4076 μ
3032 4014 3035 4017 ’

2015 4076 2041 4116 II
2068 4072 2209 4130 Nolo
2224 4076 2562 4145 sacrificium.
2591 4073 2780 4128 Matth.
2808 4090 2859 4145 Ix
2889 4092 2902 4127 :
2934 4072 3126 4145 Discite
3144 4073 3272 4145 quid
3297 4083 3393 4141 est,
3420 4075 3522 4129 mi-

1943 4146 2285 4201 sericordiam
2331 4143 2471 4213 volo,
2512 4161 2617 4199 non
2660 4144 3003 4213 sacrificium.
3052 4143 3131 4197 Ex
3158 4143 3321 4200 ‘Osee
3368 4156 3525 4201 sexto

1943 4218 2140 4287 capite.
2180 4214 2288 4270 Sed
2326 4231 2510 4287 neque
2537 4216 2654 4287 inec
2681 4214 2847 4287 verba
2887 4218 2939 4287 in
2983 4223 3095 4269 tota
3124 4213 3406 4287 Scriptura
3437 4232 3524 4273 re-

1942 4284 2122 4357 perire
2148 4294 2234 4342 est
2275 4284 2435 4355 prout
2464 4285 2533 4357 ab
2565 4286 2669 4341 hoc
2697 4284 2860 4357 Patre
2890 4284 3414 4357 citantur-.7AVidetur
3446 4302 3525 4341 re-

1942 4354 2153 4427 spicere
2190 4354 2448 4411 adhunc
2493 4355 2670 4411 locum
2702 4356 2722 4409 ι
2761 4354 2892 4427 Reg.
2920 4354 3251 4427 xvaMelior
3287 4365 3362 4409 est
3404 4357 3523 4410 obe-

1942 4424 2141 4498 dientia
2182 4442 2340 4498 quam
2385 4427 2640 4492 victimis;
2689 4424 2783 4481 sed
2819 4424 2886 4481 ne
2929 4426 3145 4496 quidem
3197 4426 3311 4494 ipsa
3357 4426 3520 4480 verba

1943 4497 2309 4569 protulit,sed
2337 4512 2576 4569 sensum.

1866 4598 1919 4658 D
1943 4563 1960 4569 ’
2023 4566 2041 4606 ι
2079 4565 2260 4649 Primo
2290 4568 2543 4630 omnium,
2586 4574 2694 4650 etc.
2744 4564 2924 4648 Ex.S.
2964 4563 3276 4632 Benedicto,
3302 4578 3421 4635 cap.
3455 4564 3508 4619 ι.

1946 4637 2003 4693 lu
2029 4638 2265 4693 editione
2301 4636 2493 4691 insula:
2520 4637 2739 4693 legitur.
2768 4652 3016 4693 primum.

2029 4638 2265 4693 editione
2301 4636 2493 4691 insula:
2520 4637 2739 4706 legitur,
2768 4636 3016 4706 primum.

2018 4720 2059 4747 ω
2091 4707 2383 4777 Οεὶηάείαά
2408 4703 2654 4777 primum.
2691 4706 2748 4777 lu
2769 4703 2979 4775 Regula
3002 4719 3102 4777 ms.
3135 4705 3254 4777 cod.
3288 4703 3430 4777 Flor.
3458 4711 3514 4777 et

1948 4778 2001 4831 iu
2031 4778 2265 4832 editione
2293 4773 2483 4830 Insula:
2524 4776 2663 4845 apud
2706 4773 3024 4831 Goldastum
3056 4775 3271 4846 legitur,
3314 4773 3517 4846 Deinde

1946 4863 2123 4916 opera,
2155 4862 2274 4914 qua:
2309 4846 2473 4916 verba
2508 4846 2612 4899 hac
2646 4846 3078 4915 interpunctione
3113 4844 3143 4899 ξι
3170 4844 3518 4916 sequentibus

1948 4912 2325 4986 disjunguntur
2348 4914 2601 4986 :_Deinde
2621 4912 2805 4986 opera.—
2838 4916 2921 4969 Ad
2943 4917 3169 4986 primum
3196 4912 3405 4986 uerbum
3434 4929 3516 4967 se.

1948 4982 2152 5049 nioris,
2196 4994 2300 5039 etc.
2356 4984 2486 5051 Qua:
2515 4982 2729 5053 quidem
2762 4982 2991 5038 iunuunt
3021 4991 3143 5054 post
3168 4982 3510 5054 dilectionem

1946 5055 2040 5127 Dei
2068 5064 2122 5110 et
2148 5055 2377 5127 proximi
2424 5054 2591 5127 sequi
2620 5055 2760 5127 bona
2798 5068 2982 5127 opera,
3022 5052 3225 5127 nempe
3262 5052 3517 5108 obedien-

1948 5124 2104 5194 tiam,
2122 5123 2186 5194 et
2215 5125 2320 5179 alia
2354 5140 2473 5194 qua:
2502 5125 2553 5179 in
2578 5125 2677 5179 hac
2706 5124 2906 5193 Regula
2936 5123 3292 5194 explicantur.

2016 5204 2052 5266 n_
2094 5192 2334 5266 Verbum.
2374 5191 2430 5249 id
2476 5205 2589 5259 est,
2634 5191 3177 5266 mandatum,’juxta
3225 5192 3394 5249 illud:
3442 5191 3511 5247 In

1945 5264 2096 5320 verba
2125 5275 2215 5317 tuo
2244 5265 2434 5319 (amabo
2470 5274 2589 5318 rete.

2018 5342 2044 5369 ο
2084 5334 2152 5387 Et
2199 5336 2384 5405 specie.
2438 5334 2515 5405 lta
2562 5333 2703 5405 apud
2746 5332 3099 5401 Goldastum;
3165 5333 3227 5392 in
3263 5332 3514 5389 versione

1943 5404 2233 5467 communi,
2263 5404 2331 5458 Et
2358 5404 2559 5458 habitu.

2017 5483 2045 5522 p
2085 5472 2340 5544 chdiens
2364 5474 2523 5544 patri.
2562 5473 2639 5527 lta
2668 5473 2720 5527 in
2750 5472 2952 5544 Regula
2975 5488 3078 5527 ms.
3112 5474 3231 5529 cod.
3253 5472 3423 5538 Flor.,
3454 5474 3507 5527 in

1943 5544 2064 5597 cod.
2095 5542 2511 5615 Vindociuensi,
2533 5552 2589 5615 et
2621 5546 2759 5615 apud
2795 5542 3143 5615 Goldastum;
3173 5559 3280 5605 non
3312 5552 3507 5615 estta-

1943 5628 2064 5666 men
2092 5617 2149 5668 τὸ
2186 5612 2334 5667 Patri
2377 5614 2516 5682 apud
2544 5611 2857 5684 Apostolum
2886 5655 2901 5679 ,
2945 5614 3040 5670 sed
3080 5614 3282 5669 addidit
3312 5611 3370 5669 S.
3400 5612 3511 5669 Co-

1941 5683 2226 5760 lumbanus
2246 5683 2844 5760 explicationisgratia.

2012 5762 2038 5801 τι
2077 5750 2451 5824 Cumfereore,
2478 5770 2594 5824 cum
2622 5750 2827 5824 latitia.
2861 5752 3103 5824 Sumpsit
3139 5768 3207 5808 ex
3233 5751 3292 5807 S.
3332 5753 3504 5807 Bene-

1940 5822 2103 5875 dicto.
2159 5821 2355 5877 Hilaris
2387 5830 2441 5875 et
2475 5822 2595 5876 laeta
2620 5822 2781 5878 debet
2825 5840 2944 5880 esse
2982 5821 3309 5887 obedientia,
3339 5834 3501 5891 quam

1942 5892 2061 5947 ideo
2112 5893 2182 5947 ita
2231 5892 2419 5948 deficit
2458 5892 2515 5948 S.
2566 5893 2897 5964 Antiochus,
2927 5894 3110 5950 homil.
3142 5894 3249 5951 59:
3286 5893 3502 5949 ’ῖπακιὶ
