3958 6198
233 391 328 456 821

1198 394 1587 453 CONCORDIA
1625 384 2085 450 unumunum.
2121 427 2190 436 —
2223 388 2372 453 est).
2418 386 2543 475 vin.

3334 446 3347 453 -
3393 399 3497 454 823

230 515 383 588 quod
404 512 636 584 ageb‘ant
667 509 1043 581 imperfectum
1078 511 1467 579 relinquentes,
1493 511 1672 564 vicino
1695 509 1821 563 obe—
1850 511 1900 569 Α
1926 526 2084 579 quam
2113 511 2427 566 monachos.
2465 510 2520 565 ln
2547 511 2648 567 hoc
2680 527 2821 566 enim
2854 512 2938 566 via
2969 511 3075 566 lata
3103 527 3132 565 a
3165 510 3360 568 talibus
3382 530 3500 570 cre-

235 608 458 664 dientia:
481 603 617 675 pede
628 600 874 670 jubentis
897 618 1085 658 vocem
1113 602 1271 657 factis
1293 612 1625 671 sequuntur:
1648 610 1703 654 et
1731 617 1821 654 ve-

235 698 340 752 luti
364 710 475 751 uno
499 702 773 747 momento
806 692 1063 762 prmdicta
1097 692 1341 762 magistri
1359 692 1554 762 jussio,
1580 690 1821 761 perfecta

235 786 496 856 discipuli
531 799 696 854 opera
730 784 784 838 in
822 783 1108 839 velocitate
1146 783 1358 838 timoris
1400 784 1495 837 Dei
1536 783 1708 836 ambae
1738 797 1823 836 res

233 876 601 934 communiter
627 876 785 930 citius
818 874 1177 944 explicantur.
1205 870 1313 928 Sed
1346 873 1463 927 haec
1489 885 1784 942 paucorum
1808 911 1822 935 ,

234 967 712 1039 perfectorumque
727 963 897 1019 forma
914 963 1252 1018 inﬁrmorum
1266 970 1322 1017 et
1333 964 1604 1032 pigrorum
1619 961 1827 1016 animos

236 1060 295 1115 in
332 1058 710 1129 desperatione
749 1070 844 1110 sua
873 1055 1142 1130 satis’non
1175 1055 1365 1109 reddat
1410 1054 1701 1118 attonitos;
1732 1052 1827 1107 sed

235 1158 463 1205 moneat
485 1161 510 1189 α
540 1147 847 1202 imitandos.
879 1143 1015 1197 Nam
1042 1143 1450 1199 considerantes
1478 1143 1533 1197 in
1568 1143 1723 1197 nobis
1751 1142 1831 1197 di—

236 1250 400 1297 versa
432 1255 551 1296 esse
598 1254 725 1292 vasa
752 1236 779 1276 b
806 1236 1022 1302 llevilia,
1067 1251 1189 1290 cum
1239 1236 1466 1290 multum
1498 1236 1552 1290 in
1602 1235 1831 1291 diversis

239 1330 474 1401 pigritia:
501 1327 728 1383 contulit
753 1326 907 1380 tarda
936 1334 1126 1378 natura
1162 1326 1312 1396 (nam
1342 1326 1702 1394 quorumdam
1739 1342 1834 1381 au-

241 1418 392 1473 ditus
430 1425 728 1471 noscuntur
761 1414 927 1469 surdo
977 1421 1202 1484 stupore
1231 1425 1253 1453 ο
1283 1413 1543 1480 eviscere,
1576 1430 1834 1485 quorum-

242 1510 369 1564 dam
403 1509 567 1563 etinn
598 1506 810 1561 animos
846 1504 1057 1561 fusione
1091 1506 1267 1559 subita
1298 1506 1350 1560 in
1375 1505 1404 1546 ἀ
1441 1506 1655 1562 silvosis
1685 1509 1835 1578 cogi-

240 1597 542 1652 tationibus
584 1595 857 1650 cernimus
898 1594 1212 1667 aberrare),
1254 1595 1376 1651 ideo
1418 1597 1700 1652 remissius
1746 1597 1832 1652 di-

240 1687 587 1743 strictionem
617 1683 942 1742 obedientia:
972 1686 1026 1739 in
1066 1686 1378 1741 doctoribus
1418 1688 1744 1755 relaxamus,
1775 1698 1836 1744 ut

244 1777 555 1832 combinata
579 1776 941 1845 praeceptione
966 1776 1263 1845 discipulis,
1288 1786 1343 1833 et
1360 1776 1658 1847 iussionem
1681 1795 1835 1836 suam

1922 602 2068 657 ditur
2099 603 2387 663 ambulari.
2420 619 2542 658 cum
2578 603 2630 657 in
2678 604 2895 658 nomine
2940 604 3189 658 monachi
3227 606 3498 661 communi

1924 706 2072 746 more
2121 692 2392 758 viventes,
2425 692 2595 764 [cum]
2644 708 2674 747 a
2705 693 2861 748 laicis
2890 693 3004 749 solo
3051 700 3286 748 tonsura:
3314 694 3501 751 habitu

1924 783 2158 851 separati
2181 822 2195 841 .
2237 783 2576 838 obedientias
2626 798 2751 838 suas
2781 785 2952 854 magis
2985 785 3267 840 desideriis
3299 786 3504 841 submi-

1924 870 2161 925 nistrant
2187 883 2350 940 quam
2388 872 2518 926 Deo.
2548 872 2616 925 Et
2644 887 2741 926 suo
2763 872 2967 942 judicio
2996 881 3186 943 putant
3211 873 3314 928 sibi
3341 873 3504 930 licere

1927 977 2047 1032 qua:
2089 962 2229 1015 mala
2260 969 2425 1016 sunt:
2459 970 2513 1015 et
2542 963 2801 1031 quidquid
2846 963 3137 1028 noluerint,
3173 964 3276 1019 hoc
3315 972 3507 1033 putant

1928 1068 2034 1106 non
2081 1053 2265 1108 licere.
2308 1053 2374 1106 Et
2402 1062 2680 1122 acceptum
2709 1054 2987 1119 ducentes,
3023 1057 3036 1093 ί
3073 1065 3132 1108 ut
3159 1057 3505 1128 cogitationi-

1929 1146 2031 1199 bus
2076 1144 2189 1199 suis
2235 1145 2449 1214 corpori
2499 1160 2686 1200 eorum
2737 1145 2911 1215 magis
2954 1147 3301 1214 providentur
3344 1162 3507 1217 quam

1932 1234 2145 1299 animm,
2183 1233 2238 1288 id
2266 1243 2383 1300 est,
2422 1234 2619 1301 victus,
2659 1235 3062 1301 vestimentum,
3084 1245 3140 1291 et
3168 1236 3503 1304 ealciarium,

1932 1326 2106 1394 magis
2143 1323 2246 1378 sibi
2282 1323 2475 1379 melius
2506 1323 2607 1395 ipsi
2651 1338 2811 1393 posse
2840 1324 3079 1396 cogit-are
3122 1340 3286 1396 quam
3322 1325 3508 1380 alium.

1932 1412 2071 1467 Nam
2099 1413 2167 1468 de
2196 1412 2396 1468 futuris
2422 1413 2726 1469 ratiociniis
2753 1414 2950 1469 animae
2976 1414 3296 1487 negligendo
3340 1416 3416 1470 ita
3454 1430 3514 1470 se

1935 1504 2166 1560 reddunt
2192 1520 2435 1570 securos,
2463 1512 2525 1559 ut
2550 1505 2667 1560 sine
2691 1503 2953 1573 majorum
2978 1506 3389 1576 probationibus
3412 1506 3514 1561 sub

1933 1596 2155 1668 proprio
2183 1597 2412 1652 arbitrio
2440 1596 2735 1651 militantes
2758 1596 2985 1651 credant
3007 1611 3065 1652 se
3095 1611 3309 1652 omnem
3341 1597 3514 1668 legem

1935 1695 1991 1742 et
2011 1687 2276 1758 justitiam
2311 1686 2407 1741 Dei
2444 1685 2681 1755 perfecte
2709 1686 2763 1740 in
2792 1686 2984 1742 cellula
3023 1688 3258 1757 operari.
3291 1687 3426 1742 Nam
3464 1688 3511 1743 si

1938 1778 2075 1834 forte
2094 1777 2585 1847 supervenientium
2611 1779 2971 1846 quorumdam
2997 1779 3262 1849 majorum
3284 1776 3325 1851 [ἱ
3364 1777 3514 1851 cum]

244 1868 568 1937 magistrum
610 1880 714 1919 non
746 1865 927 1936 pigeat
962 1876 1208 1936 repetere
1251 1870 1546 1924 secundum
1584 1872 1824 1927 testimo-
1864 1875 1909 1933 Β
1936 1868 2371 1924 emendationum
2397 1866 2645 1936 quaadam
2669 1868 2750 1923 eis
2793 1868 2995 1923 monita
3034 1868 3430 1934 ministrantur,
3460 1875 3516 1924 et

244 1959 397 2012 nium
427 1958 660 2022 Domini,
689 1958 782 2027 qui
810 1972 1032 2024 vocans,
1062 1959 1351 2027 Abraham,
1381 1961 1649 2017 Abraham
1678 1961 1829 2035 (Gen.

242 2050 407 2118 xxii).
433 2047 564 2114 Quae
586 2063 717 2119 ergo
746 2048 997 2119 repetitio
1024 2049 1335 2107 manifestat
1361 2054 1519 2109 nobis
1547 2054 1832 2109 Dominum

242 2139 550 2192 ostendisse
577 2153 682 2191 non
717 2153 876 2208 posse
911 2139 1157 2195 sufficere
1183 2156 1347 2196 unam
1384 2158 1573 2199 vocem
1601 2146 1830 2200 auditui.

244 2227 383 2281 Nam
410 2227 464 2281 in
493 2227 623 2296 ipsis
652 2212 1169 2298 interrogationibus
1200 2232 1426 2301 repetita
1457 2233 1702 2304 magistri
1729 2250 1834 2290 vox

244 2319 603 2388 repraebetur.
629 2318 916 2388 Discipulis
936 2321 1170 2375 secunda
1195 2322 1317 2379 ideo
1350 2324 1704 2398 interrogatio
1726 2341 1833 2382 non

243 2409 703 2479 respondentibus
745 2409 892 2479 juste
936 2411 1275 2483 indulgetur,
1323 2423 1384 2470 ut
1429 2416 1605 2486 prima
1658 2417 1835 2472 adhuc

244 2499 501 2568 discipuli
540 2500 887 2557 taciturnitas
922 2517 1029 2557 non
1060 2505 1256 2571 reatui,
1284 2507 1379 2562 sed
1410 2516 1698 2563 reservata;
1726 2523 1839 2562 mae-

246 2590 423 2660 gistro
455 2591 776 2646 reverentia:
812 2590 859 2663 [ε
886 2592 1154 2666 custodia]
1191 2594 1496 2666 deputetur.
1525 2596 1584 2652 In
1614 2613 1720 2668 qua
1749 2614 1834 2654 re-

245 2680 497 2736 verentia
544 2680 691 2736 utilis
746 2681 1041 2752 discipulus
1086 2685 1242 2740 tarde
1287 2687 1528 2742 creditur
1585 2688 1835 2760 frangere

242 2768 700 2838 taciturnitatem,
730 2787 894 2842 quam
922 2774 1185 2839 continet,
1218 2783 1277 2830 ut
1305 2792 1412 2832 non
1437 2779 1504 2833 ad
1534 2779 1835 2851 interroga-

247 2861 456 2916 tionem
484 2869 632 2916 tuam
659 2878 782 2918 mox
825 2879 1066 2934 praeceps
1096 2864 1277 2938 lingua
1306 2869 1421 2924 suis
1462 2877 1516 2925 te
1558 2871 1835 2941 responsis

241 2961 482 3022 occupet
509 2953 675 3021 prius.
710 2953 766 3008 ln
803 2956 1257 3026 pmceptionibus
1283 2973 1413 3014 vero
1440 2960 1559 3014 ideo
1587 2960 1833 3031 magistri

241 3041 422 3112 iussio
462 3042 741 3111 repetitur,
781 3053 841 3098 ut
887 3048 1133 3115 quamvis
1179 3048 1316 3103 tardi
1362 3057 1457 3104 aut
1503 3051 1833 3122 negligentes

248 3133 363 3187 sint
385 3133 681 3200 auditores,
703 3151 826 3190 cum
856 3139 1093 3194 secundo
1124 3140 1207 3195 eis
1226 3141 1371 3197 dicta
1400 3143 1650 3213 primitus
1677 3159 1832 3215 repe-

1937 1959 2146 2016 inutilis
2190 1959 2274 2014 eis
2320 1959 2546 2015 docetur
2590 1957 2716 2013 talis
2752 1957 2993 2014 solitaria
3039 1959 3320 2029 dispositio
3363 1959 3517 2015 habi-

1938 2050 2108 2115 tandi,
2144 2065 2268 2105 mox
2298 2049 2379 2104 eis
2409 2049 2657 2120 displicet
2681 2065 2804 2104 cum
2849 2049 2965 2120 ipsa
3004 2050 3240 2106 doctoris
3283 2064 3514 2121 persona

1934 2140 2249 2203 consilium;
2294 2147 2348 2193 et
2388 2138 2573 2193 statim
2603 2154 2713 2194 non
2740 2138 2795 2192 in
2830 2138 3218 2193 consentiendo
3254 2138 3303 2194 ei
3335 2138 3417 2194 vel
3463 2140 3516 2194 in

1935 2229 2209 2299 sequendo
2239 2244 2362 2284 eum
2417 2229 2850 2284 emendationem
2899 2229 3253 2299 promittunt,
3286 2229 3382 2284 sed
3428 2245 3516 2284 ree

1934 2320 2200 2390 spondent
2246 2334 2305 2376 se
2356 2320 2551 2375 debere
2589 2319 2776 2375 vivere
2825 2318 3161 2388 simpliciter,
3211 2319 3518 2375 nescientes

1934 2409 2063 2464 illud
2089 2410 2232 2480 quod
2274 2410 2410 2465 dixit
2437 2409 2707 2480 Propheta
2734 2428 2747 2463 :
2777 2407 3027 2479 Corrupti
3071 2418 3212 2473 sunt,
3240 2418 3290 2464 et
3318 2410 3518 2465 abomi-

1935 2500 2130 2554 nabiles
2167 2499 2294 2569 facti
2318 2509 2437 2554 sunt
2476 2501 2529 2554 in
2557 2499 2909 2554 voluntatibus
2934 2500 3045 2553 suis
3075 2494 3249 2571 (Psul.
3279 2500 3421 2573 xm).
3453 2501 3519 2556 Et

1934 2590 2066 2645 illud
2099 2591 2465 2645 testimonium
2502 2588 2809 2645 Salomonis
2841 2591 3077 2646 dicitur:
3108 2589 3244 2646 Sunt
3275 2594 3372 2646 uia:
3397 2608 3514 2662 qua

1933 2679 2171 2734 videntur
2194 2679 2490 2734 hominibus
2516 2688 2694 2745 rectae,
2719 2696 2946 2751 quarum
2970 2680 3093 2749 ﬁnis
3118 2697 3280 2752 usque
3306 2683 3375 2736 ad
3402 2699 3522 2753 pro-

1935 2768 2156 2839 fundum
2191 2769 2388 2839 inferni
2431 2769 2679 2841 demergit
2725 2769 2906 2842 (Prov.
2935 2770 3033 2842 tv).
3080 2770 3204 2827 Ideo
3244 2773 3389 2827 enim
3430 2774 3520 2829 via

1935 2863 2041 2917 lata
2070 2878 2101 2917 a
2134 2862 2331 2918 talibus
2361 2860 2670 2915 ambulatur
2696 2881 2708 2916 :
2741 2863 2866 2932 quia
2896 2878 3219 2935 quocunque
3260 2879 3356 2921 eos
3380 2865 3521 2923 desi-

1934 2954 2206 3009 deriorum
2235 2952 2451 3006 duxerit
2477 2967 2595 3021 pes,
2638 2966 2763 3007 mox
2808 2966 3036 3008 assensu
3082 2964 3422 3024 sequuntur;
3467 2962 3524 3012 et

1933 3041 2196 3113 quidquid
2225 3041 2603 3112 concupierint
2652 3042 3106 3112 concupiscentia:
3135 3057 3343 3110 eorum,
3372 3043 3526 3101 illico

1933 3144 1991 3192 et
2014 3150 2190 3190 novos
2218 3134 2321 3189 sibi
2348 3133 2583 3189 licentiae
2612 3134 2796 3201 calles,
2827 3134 2912 3189 vel
2937 3134 3093 3190 liberi
3118 3136 3236 3191 sine
3265 3136 3525 3208 magistro

249 3232 463 3289 tuntur,
496 3221 690 3295 [usque
718 3225 854 3280 adeo
889 3228 1108 3298 dignum
1155 3231 1264 3305 est]
1297 3230 1415 3301 jam
1458 3234 1833 3291 obedientibus
1858 3223 1902 3284 C
1935 3227 2144 3283 arbitrii
2174 3225 2437 3281 facientes
2461 3226 2604 3280 viam
2650 3225 2776 3280 vitae
2800 3241 2914 3281 suae
2942 3222 3144 3282 illicitis
3189 3227 3523 3297 voluptatum

246 3311 416 3367 factis
447 3329 597 3367 mora
629 3324 927 3385 rumpatur.
961 3317 1019 3372 Si
1050 3334 1182 3375 vero
1212 3322 1372 3377 tertio
1402 3323 1567 3395 (quod
1610 3324 1752 3379 absit
1777 3331 1838 3379 ut

247 3403 580 3474 contingat),
610 3406 781 3459 reatui
807 3406 1111 3476 deputetur.
1136 3408 1272 3465 Nam
1297 3421 1354 3466 et
1380 3411 1509 3466 illud
1533 3412 1602 3467 de
1628 3412 1837 3468 duabus

250 3494 360 3547 viis
386 3507 627 3565 congrue
654 3495 740 3550 hic
773 3507 827 3550 et
856 3500 1240 3556 convenienter
1272 3501 1293 3540 ι
1328 3502 1620 3557 taxandum
1648 3513 1753 3571 est,
1783 3503 1838 3560 id

244 3594 359 3648 est,
398 3588 425 3626 ε
453 3585 637 3651 latam,
666 3602 787 3658 quas
819 3588 970 3644 ducit
997 3592 1064 3645 ad
1096 3600 1362 3648 mortem:
1404 3595 1458 3648 in
1497 3595 1695 3663 quibus
1733 3595 1837 3650 viis

248 3676 599 3731 diversorum
634 3678 910 3733 hominum
941 3681 1623 3756 obedientizegradiuntur,
1649 3686 1706 3742 id
1732 3694 1834 3753 est,

249 3782 357 3836 per
390 3766 557 3821 latam
592 3769 735 3823 viam
764 3771 1125 3839 saecularium,
1153 3781 1209 3829 et
1235 3776 1628 3830 sarabaitarum
1657 3785 1712 3831 et
1746 3792 1839 3848 gy-

251 3873 585 3928 rovagorum
631 3861 1043 3928 monachorum,
1088 3865 1179 3934 qui
1211 3873 1307 3919 aut
1334 3866 1553 3937 singuli,
1582 3868 1713 3932 bini,
1746 3874 1841 3922 aut

253 3947 401 4001 terni
447 3946 730 4016 aequaliter
765 3950 1024 4016 viventes,
1056 3963 1110 4007 et
1140 3952 1441 4009 voluntarie
1477 3955 1837 4024 ambulantes,

255 4043 315 4090 et
341 4050 445 4106 pro
485 4037 695 4093 alterno
726 4039 952 4109 imperio
995 4042 1257 4114 quidquid
1300 4046 1495 4115 cuique
1542 4047 1838 4116 placuerit,

258 4125 366 4180 sibi
396 4126 604 4182 vicibus
634 4128 863 4184 invicem
898 4131 1249 4201 imperantes,
1279 4149 1399 4204 qua:
1429 4135 1718 4203 noluerint,
1749 4152 1841 4206 pe-

252 4216 539 4273 culiariter
568 4220 621 4273 in
666 4236 723 4275 se
765 4221 1136 4292 defendentes,
1164 4242 1285 4281 cum
1313 4228 1369 4282 in
1414 4229 1633 4299 proprio
1669 4245 1839 4285 unus-

256 4309 489 4378 quisque
514 4310 740 4366 consilio
764 4328 871 4368 non
900 4314 1013 4368 vult
1041 4332 1099 4371 se
1135 4317 1297 4382 vinci,
1327 4320 1583 4376 scandala
1618 4319 1718 4375 sibi
1755 4329 1839 4376 ta—

256 4398 342 4455 les
384 4415 659 4470 nunquam
705 4403 912 4459 faciunt
936 4419 1059 4461 esse
1092 4409 1370 4476 absentia;
1403 4426 1529 4466 mox
1569 4420 1693 4482 post
1727 4421 1842 4467 stu-

256 4490 471 4547 diosam
497 4491 646 4548 litem
681 4495 820 4551 male
854 4500 1161 4570 congregati
1201 4516 1263 4555 ac
1309 4516 1367 4557 se
1413 4503 1641 4558 invicem
1673 4519 1829 4575 Sepa-

1939 3318 2347 3375 diversitatibus
2392 3316 2684 3383 delectant,
2730 3325 2785 3373 et
2833 3332 3152 3389 quacunque
3191 3319 3355 3375 etiam
3383 3320 3527 3375 dele-

1937 3409 2201 3463 ctationes
2223 3407 2496 3463 voluerint
2537 3407 2788 3480 progredi
2820 3407 3065 3476 licentes,
3094 3418 3150 3465 et
3177 3410 3389 3479 patulos
3419 3413 3525 3467 sibi

1938 3499 2182 3568 prmbent
2214 3513 2456 3569 gressus,
2502 3497 2635 3552 illud
2665 3512 2882 3569 semper
2925 3500 3068 3555 scire
3101 3499 3364 3565 nolentes,
3396 3501 3523 3569 quia

1938 3589 2142 3644 homini
2189 3597 2414 3654 creato,
2458 3586 2604 3642 Mors
2644 3589 2806 3658 juxta
2852 3589 3125 3643 introitum
3167 3586 3525 3643 delectationis

1936 3681 2105 3751 posita
2126 3682 2194 3734 sit
2226 3680 2394 3752 (Eccl.
2424 3678 2604 3747 xvm).
2632 3680 2699 3735 Et
2727 3681 2872 3750 quod
2901 3682 2982 3737 eis
3004 3681 3209 3738 dictum
3237 3690 3321 3736 est
3347 3701 3359 3736 :
3395 3679 3524 3736 Post

1938 3773 2382 3842 concupiscentiae
2427 3781 2548 3826 tuas
2576 3789 2679 3827 non
2706 3789 2816 3838 eas,
2842 3783 2890 3827 et
2920 3774 2947 3814 ¹ι
2973 3791 3007 3828 a
3032 3772 3385 3828 voluntatibus
3418 3775 3529 3828 tuis

1938 3869 2168 3914 avertere
2216 3858 2428 3934 (Ibid.),
2463 3861 2629 3916 surdo
2666 3862 2854 3917 auditu
2883 3871 3288 3932 pertranseunt.
3318 3864 3359 3918 E
3390 3878 3523 3920 con-

1940 3951 2110 4003 trario
2148 3951 2347 4021 quibus
2384 3950 2453 4005 ad
2505 3952 2670 4006 vitam
2715 3961 2975 4008 aeternam
3016 3954 3325 4009 ambulandi
3372 3970 3537 4010 amor

1939 4040 2221 4107 incumbit,
2254 4041 2375 4097 ideo
2399 4051 2682 4114 angustam
2713 4044 2853 4099 viam
2880 4045 3171 4116 arripiunt,
3198 4054 3259 4101 ut
3282 4042 3393 4102 non
3426 4062 3526 4103 suo

1941 4132 2165 4189 arbitrio
2198 4134 2458 4201 viventes,
2492 4134 2576 4189 vel
2603 4136 2888 4191 desideriis
2914 4137 3049 4202 suis,
3077 4144 3132 4193 et
3160 4137 3533 4194 voluntatibus

1938 4223 2271 4290 obedientes,
2286 4224 2382 4280 sed
2406 4223 2744 4280 ambulantes
2767 4225 2943 4282 alieno
2967 4226 3173 4298 iudicio
3193 4237 3247 4284 et
3276 4229 3520 4301 imperio,

1938 4329 2044 4369 non
2071 4314 2244 4369 solum
2274 4314 2328 4369 in
2369 4314 2696 4386 supradictis
2728 4315 3011 4374 desideriis
3042 4319 3156 4374 suis
3189 4328 3247 4375 et
3282 4320 3526 4376 volunta-

1942 4404 2085 4462 tibus
2125 4413 2495 4473 coarctantur,
2519 4415 2576 4461 et
2616 4405 2797 4463 facere
2824 4407 3013 4463 nolunt
3041 4424 3166 4463 cum
3195 4410 3407 4478 possint
3433 4422 3525 4464 aro

1939 4494 2189 4561 bitrium;
2220 4495 2316 4551 sed
2344 4495 2508 4551 etiam
2538 4496 2714 4552 alieno
2738 4511 2798 4553 se
2835 4498 3061 4568 imperio
3089 4496 3349 4561 subdunt,
3380 4505 3437 4553 et
3471 4500 3525 4553 in

260 4592 468 4650 rantes,
496 4595 553 4641 et
580 4586 721 4641 sicut
746 4604 875 4659 grex
907 4566 1024 4646 sine
1058 4566 1277 4661 pastore
1311 4594 1576 4652 oberrans
1619 4566 1841 4667 pel-lli.
1866 4566 1918 4625 Ῑ)
1945 4585 2211 4640 manubiis
2239 4585 2499 4654 degentes
2526 4585 2773 4641 abbatem
2798 4566 3164 4658 sibi—praeesse
3194 4587 3525 4644 desiderant.

258 4688 419 4729 versa
443 4675 720 4745 dispersus
739 4681 857 4734 sine
877 4679 1040 4736 dubio
1064 4681 1177 4752 lupi
1200 4682 1448 4741 faucibus
1471 4701 1799 4743 occursurus
1825 4706 1837 4741 :

258 4765 607 4832 providentes
631 4768 735 4822 sibi
764 4784 870 4823 non
901 4770 1029 4836 Deo,
1055 4773 1150 4827 sed
1181 4775 1398 4843 proprio
1425 4777 1649 4831 arbitrio
1677 4792 1845 4831 novas

263 4856 462 4911 iterato
492 4857 677 4923 cellas,
721 4869 777 4913 et
804 4860 830 4900 δ
862 4861 929 4916 de
965 4878 1024 4917 se
1061 4863 1175 4917 solo
1205 4866 1304 4919 sibi
1354 4867 1451 4921 soli
1497 4868 1708 4925 abbatis
1742 4888 1841 4925 no-

258 4948 408 5001 mina
450 4947 811 5018 imponentcs,
855 4955 1180 5014 nioiiasteria
1228 4957 1411 5012 videas
1451 4974 1572 5013 esse
1606 4959 1846 5029 pluriora

335 5094 363 5158 ξ
406 5082 949 5158 Latitandos._Supple
973 5103 988 5141 :
1016 5104 1137 5144 esse
1167 5088 1453 5157 perfectos.

333 5151 656 5228 ‘?__Fl¢rili_q._
694 5151 1023 5212 Voca-bulum
1070 5151 1379 5224 barbarum,
1412 5161 1465 5228 id
1493 5172 1578 5217 est
1624 5163 1841 5218 debilia.

262 5223 495 5293 Gallice,
526 5223 728 5293 faibles.

337 5303 361 5331 ε
390 5291 655 5372 βυίεέεζς.
673 5295 1188 5372 Dege_:_Evirescere,
1217 5301 1267 5354 id
1292 5300 1673 5372 estglanguere,
1697 5305 1843 5360 vires

265 5362 568 5439 retinuere.
585 5362 792 5439 _Noniu's
814 5367 1116 5433 Marcellus,
1140 5362 1256 5439 cap.
1274 5371 1335 5424 εὶς
1363 5362 1843 5431 Ευὶνὲεεαιίνξιιτο

264 5431 708 5511 in_Prometheo,
729 5437 822 5492 lib.
852 5454 917 5511 xv
946 5458 955 5491 :
997 5459 1013 5489 ς
1044 5431 1221 5508 Atque
1256 5444 1615 5511 exsanguibus
1659 5443 1843 5500 delere

266 5506 535 5579 eviregcat
563 5506 739 5579 colos;
766 5529 786 5561 ι
820 5510 932 5573 ubi,
957 5512 1094 5579 colos
1126 5506 1221 5579 pro
1252 5514 1413 5565 color.

337 5574 361 5613 «³
407 5572 642 5645 silvosis.
669 5572 734 5633 id
753 5589 857 5645 est,
886 5572 1328 5636 redundantibus.

344 5657 364 5681 ο
404 5643 656 5702 Custodin
684 5643 964 5705 redundat.

346 5718 362 5754 τ
410 5716 742 5772 Taxandum.
785 5720 839 5774 ld
868 5727 983 5784 est,
1018 5719 1400 5775 deliniendam.
1450 5720 1652 5778 Glossze
1700 5736 1846 5781 vete-

277 5800 395 5842 res;
428 5785 713 5856 Taxamus,
752 5790 996 5862 ὁρῖζομεν,
1031 5791 1081 5845 id
1122 5799 1227 5857 est,
1258 5791 1562 5850 deﬁnimus.
1615 5788 1841 5855 Festusi

1948 4676 2012 4730 Et
2044 4676 2162 4730 sine
2192 4676 2355 4731 dubio
2400 4677 2454 4731 hi
2491 4676 2625 4732 tales
2652 4678 2798 4733 illam
2828 4679 3041 4734 Domini
3085 4678 3373 4733 imitantur
3406 4693 3528 4734 sen-

1948 4771 2206 4835 tentiam,
2237 4785 2359 4839 qua:
2407 4770 2540 4824 dicit
2583 4790 2596 4824 :
2650 4771 2774 4827 Non
2821 4773 2935 4828 veni
2982 4774 3156 4843 facere
3207 4772 3525 4827 voluntatem

1948 4875 2147 4922 meum,
2178 4859 2267 4913 sed
2299 4858 2413 4929 ejus
2465 4860 2553 4931 qui
2594 4877 2674 4914 me
2720 4863 2861 4916 misit
2921 4862 3103 4934 (Joan.
3134 4862 3241 4932 νι).
3288 4862 3357 4917 Et
3396 4878 3527 4934 pro-

1949 4948 2126 5017 prium
2162 4961 2268 5002 non
2306 4945 2569 5004 facientes
2602 4950 2913 5019 arbitrium,
2943 4954 3273 5024 abnegantes
3304 4964 3527 5024 propter

1956 5117 1973 5150 ι
1998 5097 2165 5172 Tarat
2196 5099 2419 5154 verbum
2448 5100 2666 5172 ponitur
2686 5117 2790 5172 pro
2818 5102 2901 5158 his
2928 5117 3048 5172 qua:
3069 5102 3348 5169 finiuntur,
3370 5114 3474 5161 etc.
3502 5127 3521 5159 ι

2027 5168 2274 5249 8_Latam
2301 5186 2418 5240 quia
2445 5168 2588 5249 ducit
2624 5168 2962 5249 att—mortem:
2981 5172 3154 5249 _Lege,
3183 5182 3244 5229 ut
3290 5168 3346 5229 in
3390 5175 3521 5230 Cod.

1951 5236 2112 5294 Corb.
2142 5256 2154 5291 :
2184 5236 2370 5292 Lata‘m
2397 5255 2515 5309 quae
2543 5239 2688 5294 ducit
2722 5240 2791 5294 ad
2837 5236 3125 5309 interitum,
3169 5252 3217 5298 et
3245 5255 3524 5317 angustam

1952 5324 2069 5363 qua?
2096 5308 2239 5361 ducit
2265 5309 2333 5362 ad
2363 5310 2520 5363 viam.

1952 5324 2069 5380 qua?
2096 5324 2239 5361 aucu
2265 5324 2333 5362 aa
2363 5325 2520 5363 vtam.

2023 5377 2051 5417 ιι
2090 5376 2169 5431 De
2193 5394 2248 5431 se
2273 5377 2403 5431 solo.
2432 5378 2591 5455 bege,
2620 5379 2684 5432 de
2711 5397 2764 5433 se
2787 5380 2941 5455 solis,
2979 5381 3032 5434 id
3070 5391 3173 5455 est,
3199 5382 3267 5455 de
3296 5399 3392 5438 sua
3423 5386 3527 5455 pri-

1949 5456 2072 5526 vata
2106 5456 2374 5517 potestate
2402 5448 2534 5514 sibi,
2567 5464 2689 5503 cum
2720 5450 2862 5504 soliti
2898 5451 3042 5516 sint,
3085 5453 3296 5509 abbatis
3326 5448 3525 5510 nomen

1952 5526 2306 5598 Inqionentes.
2435 5587 2445 5596 .
2526 5588 2538 5600 .

2021 5602 2041 5669 ξ
2108 5586 2174 5669 Ut
2236 5588 2635 5658 cogitationibus
2703 5590 2830 5644 suis.
2891 5590 3058 5665 Lege,
3126 5594 3523 5665 cogitationibus

1951 5667 2059 5711 suis
2109 5667 2184 5711 ut.

2025 5726 2037 5775 i
2064 5700 2209 5781 ,(Ium
2240 5728 2677 5783 emendationum.
2706 5731 2774 5785 Τὸ
2795 5746 2910 5785 cum
2940 5733 3225 5790 redundat.

2025 5798 2045 5835 ιε
2085 5797 2146 5852 In
2178 5799 2528 5855 voluntatibus
2555 5801 2682 5856 suis.
2709 5800 2787 5857 lta
2814 5801 2867 5857 in
2897 5802 3151 5874 psalterio
3181 5804 3444 5860 Romano.
